2852 4152
234 1937 322 1965 m,de

263 2075 299 2091 ιο.

195 2085 320 2123 lacunar

40 2215 42 2218 ,
106 2204 198 2229 *stus
230 2212 237 2226 .,

107 2239 261 2306 figmata»,
275 2257 320 2279 loc.

1035 221 1299 267 QUAESTIO
1328 221 1396 267 v1‚
1427 220 1720 256 ARTICULUS
1749 220 1798 256 v1
2107 197 2109 199 ’
2472 221 2517 255 61

1163 355 1477 398 ARTICULUS
1507 354 1714 397 SEXTUS

840 447 994 479 UTRUM
1016 447 1162 479 METUS
1185 447 1355 479 CAUSET
1378 446 1740 479 INVOLUNTARIUM
1762 446 2031 477 SIMPLICITER

635 525 669 550 1v
688 525 770 555 Sent„
791 526 849 550 dist.
868 533 933 555 mx,
953 534 997 558 qu.
1015 534 1032 556 1,
1052 531 1099 552 art.
1116 534 1140 557 1;
1162 526 1258 557 Quodl.
1277 526 1308 555 V,
1328 533 1374 558 qu.
1392 533 1416 555 v,
1436 530 1482 550 art.
1503 525 1517 550 3
1524 533 1532 556 ;
1552 526 1571 550 11
1593 525 1662 555 Cor„
1682 515 1738 558 cap.
1757 533 1790 556 rx,
1810 525 1867 550 lect.
1886 533 1907 556 1;
1927 525 1958 550 111
1979 525 2073 554 Ethic„
2093 525 2150 551 lect.
2169 534 2185 556 1,
2204 534 2231 551 ιι.

491 652 495 655 ,
563 627 586 652 ι)
606 626 747 651 seierum
770 626 823 651 sic
842 625 1070 652 PROCEDl‘rUR
1083 614 1113 651 ²¹³.
1130 614 1288 652 Videtur
1305 614 1412 662 quod

423 666 429 673 ⁴
449 686 461 709 =
564 675 688 727 metus
712 674 840 704 causet
862 667 1160 704 involuntarium
1184 666 1409 715 simpliciter.

351 827 429 875 tati,
449 827 499 864 ita
518 834 642 863 metus
661 833 718 862 est
736 833 909 873 respectu
926 825 1016 863 mali
1034 825 1147 862 futuri
1146 772 1284 873 quod
1302 837 1412 873 repu-

352 887 442 928 gnat
457 879 654 917 voluntati.
675 878 752 915 Sed
769 877 949 915 violentia
968 885 1098 915 causat
1114 877 1408 915 involuntarium

352 932 581 981 simpliciter.
611 933 712 980 Ergo
742 938 778 968 et
804 939 927 968 metus
955 930 1249 967 involuntarium
1269 929 1410 978 simpli-

353 985 443 1022 citer
471 992 609 1022 causat.

407 1050 441 1076 2.
463 1039 694 1083 Palmam,
716 1035 821 1085 quod
841 1043 896 1073 est
918 1035 1130 1073 secundum
1149 1047 1190 1073 se
1209 1035 1294 1082 tale,
1315 1047 1409 1083 quo-

352 1091 443 1128 libet
470 1091 598 1128 addito
628 1096 798 1128 remanet
824 1089 915 1126 tale:
945 1088 1040 1125 sicut
1068 1087 1172 1136 quod
1195 1088 1407 1126 secundum

352 1155 392 1181 se
412 1151 469 1181 est
491 1143 668 1190 calidum,
691 1142 918 1189 cuicumque
940 1141 1201 1188 coniungatur,
1221 1141 1408 1178 nihilomi-

351 1209 424 1234 nus
453 1204 508 1233 est
535 1195 713 1241 calidum,
741 1195 825 1243 ipso
853 1201 1043 1231 manente.
1073 1193 1151 1231 Sed
1178 1193 1268 1230 illud
1303 1194 1407 1242 quod

351 1261 421 1298 per
447 1257 592 1286 metum
619 1246 761 1298 largitur,
791 1246 1003 1284 secundum
1037 1258 1077 1283 se
1107 1254 1162 1283 est
1197 1246 1407 1284 involunta-

351 1301 462 1339 rium.
483 1302 586 1349 Ergo
611 1301 723 1338 etiam
744 1298 969 1337 adveniente
998 1305 1103 1335 metu
1123 1306 1178 1335 est
1195 1298 1407 1336 involonta—

350 1365 462 1391 rium.

405 1407 440 1443 3.
474 1406 708 1450 PwmA,
741 1402 847 1451 quod
879 1402 950 1439 sub
983 1402 1200 1439 conditione
1237 1410 1292 1439 est
1323 1403 1407 1449 tale,

321 1465 335 1469 ²
350 1452 562 1495 secundum
583 1455 682 1504 quid
700 1461 758 1492 est
774 1455 863 1499 tale;
883 1455 988 1502 quod
1007 1462 1136 1493 autem
1155 1455 1300 1513 absque
1320 1468 1408 1493 con-

351 1509 492 1548 ditione
520 1516 576 1562 est
602 1509 693 1554 tale,
723 1507 942 1556 simpliciter
975 1515 1030 1544 est
1056 1508 1146 1545 tale:
1177 1507 1272 1545 sicut
1303 1508 1407 1556 quod

349 1570 407 1602 est
437 1557 694 1600 necessarium
727 1572 772 1597 ex
801 1559 1034 1607 conditione,
1065 1567 1120 1597 est
1151 1560 1407 1598 necessarium

349 1616 561 1655 secundum
587 1614 696 1662 quid3
721 1613 826 1662 quod
845 1620 974 1650 autem
994 1621 1049 1651 est
1067 1613 1324 1651 necessarium
1343 1614 1408 1651 ab·

349 1669 484 1715 solute,
513 1674 570 1705 est
595 1666 853 1706 necessarium
881 1665 1108 1714 simpliciter.
1139 1666 1215 1702 Sed
1241 1665 1279 1703 id
1303 1666 1408 1715 quod

347 1733 418 1770 per
431 1728 577 1759 metum
591 1719 722 1767 agitur,
739 1726 794 1756 est
808 1718 1106 1756 involuntarium
1121 1719 1308 1756 absolute:
1329 1731 1407 1757 non

349 1782 406 1811 est
418 1781 547 1811 autem
564 1771 822 1812 voluntarium
842 1771 912 1808 nisi
931 1772 1002 1808 sub
1022 1770 1250 1818 conditione,
1270 1772 1410 1809 scilicet

346 1833 390 1869 ut
404 1826 543 1865 vitetur
559 1826 704 1864 malurn
724 1824 829 1873 quod
847 1824 1010 1861 timetur.
1037 1825 1138 1872 Ergo
1157 1823 1197 1861 id
1216 1824 1322 1872 quod
1338 1837 1408 1876 per

348 1886 495 1919 metum
523 1877 655 1926 agitur,
683 1885 739 1915 est
763 1877 981 1926 simpliciter
1007 1877 1315 1915 involuntarium.

401 1932 477 1973 SED
497 1943 643 1969 CONTRA
660 1942 727 1968 EST
754 1930 859 1979 quod
879 1929 1085 1977 Gregorius
1105 1930 1336 1978 Nyssenus*
1354 1930 1408 1968 di-

312 1979 320 2017 J
348 1985 408 2032 cit,
427 1991 464 2023 et
482 1984 595 2022 etiam
616 1983 871 2032 Philosophus
884 1982 916 2030 *,
945 1983 1052 2030 quod
1070 1982 1290 2020 huiusmodi
1309 1995 1407 2031 quae

309 2058 320 2085 .’
347 2050 417 2087 per
434 2044 582 2076 metum
601 2043 774 2084 aguntur,
803 2043 891 2073 sunt
917 2036 1042 2084 magis
1059 2035 1274 2072 voluntaria
1293 2047 1407 2084 quam

348 2090 613 2130 involuntaria.

402 2144 627 2183 Rssspounzo
660 2153 844 2179 nicentium
877 2140 998 2189 quod,
1028 2139 1124 2176 sicut
1152 2139 1407 2188 Philosophus

349 2195 439 2239 dicit
465 2195 503 2234 in
523 2195 573 2232 111
591 2194 712 2234 Ethic.
727 2193 758 2240 ²²,
789 2201 825 2233 et
853 2193 954 2230 idem
979 2192 1066 2230 dicit
1084 2192 1289 2240 Gregorius
1308 2194 1408 2241 Nys-

349 2260 462 2286 senus
480 2248 518 2284 in
537 2247 632 2284 libro
659 2258 728 2283 suo
755 2246 801 2283 de
818 2246 988 2282 Homine
1006 2245 1027 2266 ’¹‘
1033 2245 1281 2291 ,huiusmodi
1308 2257 1407 2293 quae

347 2313 418 2351 per
435 2307 583 2337 metum
603 2306 775 2347 aguntur,
804 2298 924 2334 mixta
951 2303 1036 2334 sunt
1063 2309 1112 2333 ex
1129 2297 1341 2334 voluntario
1374 2304 1410 2334 et

349 2353 613 2391 involuntario.
643 2351 686 2388 Id
714 2350 816 2387 enim
842 2350 947 2398 quod
965 2362 1034 2398 per
1053 2357 1198 2386 metum
1218 2350 1348 2398 agitur,
1368 2350 1406 2386 in

349 2418 390 2443 se
409 2405 699 2463 consideratum,
720 2415 798 2440 non
818 2411 874 2439 est
890 2402 1164 2439 voluntarium:
1192 2403 1260 2440 sed
1278 2403 1321 2439 fit
1338 2415 1407 2439 vo—

348 2458 550 2496 luntarium
585 2457 623 2493 in
652 2469 758 2504 casu,
789 2455 928 2492 scilicet
959 2455 1008 2492 ad
1035 2455 1234 2494 vitandum
1261 2455 1406 2499 malum

349 2511 453 2561 quod
481 2510 645 2547 timetur.

404 2563 482 2601 Sed
510 2562 540 2599 si
560 2562 643 2611 quis
663 2568 761 2598 recte
789 2560 1013 2607 consideret,
1038 2559 1158 2608 magis
1178 2567 1264 2597 sunt
1281 2560 1407 2597 huius-

349 2616 455 2654 modi
487 2614 701 2652 voluntaria
733 2625 849 2662 quam
881 2613 1155 2650 involuntaria:
1189 2620 1275 2649 sunt
1307 2613 1407 2649 enim

349 2667 564 2706 voluntaria
591 2666 815 2715 simpliciter,
845 2665 1097 2703 involuntaria
1125 2672 1252 2702 autem
1277 2677 1409 2703 secun-

352 2722 446 2758 dum
473 2720 576 2769 quid.
607 2718 919 2767 Unumquodque
948 2717 1050 2754 enim
1077 2717 1294 2766 simpliciter
1327 2730 1408 2754 esse

351 2773 485 2811 dicitur
515 2772 727 2809 secundum
760 2772 865 2820 quod
899 2770 1028 2807 estin
1062 2778 1163 2806 actu:
1197 2771 1408 2807 secundum

353 2833 480 2862 autem
509 2823 615 2873 quod
644 2831 699 2860 est
725 2823 763 2860 in
791 2824 872 2860 sola
900 2822 1217 2872 apprehensione,
1247 2835 1325 2860 non
1355 2830 1410 2860 est

352 2877 578 2926 simpliciter,
608 2875 676 2913 sed
700 2876 911 2912 secundum
931 2875 1034 2924 quid.
1056 2876 1141 2912 Hoc
1161 2883 1286 2912 autem
1306 2877 1410 2924 quod

351 2942 421 2980 per
453 2937 599 2967 metum
632 2928 766 2976 agitur,
795 2928 1007 2965 secundum
1041 2929 1116 2964 hoc
1148 2935 1204 2964 est
1237 2928 1275 2965 in
1308 2936 1407 2976 actu,

353 2982 567 3020 seeundum
595 2981 700 3029 quod
718 2981 776 3017 fit:
806 2992 894 3017 cum
915 2981 1016 3017 enim
1035 2988 1141 3017 actus
1154 2980 1199 3017 in
1216 2980 1410 3028 singulari-

352 3037 425 3073 bus
444 3035 527 3082 sint,
548 3034 733 3082 singulare
752 3040 899 3079 autem,
929 3033 1153 3081 inquantum
1176 3033 1408 3082 huiusmodi,

353 3096 410 3126 est
436 3088 499 3125 hic
525 3095 561 3124 et
587 3099 704 3133 nunc3
734 3087 944 3123 secundum
972 3086 1046 3122 hoc
1080 3085 1119 3122 id
1145 3086 1250 3133 quod
1277 3086 1321 3122 fit
1356 3093 1411 3123 est

352 3141 390 3178 in
419 3148 515 3187 actu,
545 3140 755 3177 secundum
783 3139 888 3187 quod
917 3146 973 3174 est
998 3138 1060 3174 hic
1088 3145 1125 3174 et
1154 3150 1255 3175 nunc
1278 3146 1314 3175 et
1338 3139 1409 3176 sub

282 3202 291 3207 ‘
353 3194 434 3230 aliis
461 3192 740 3230 conditionibus
765 3191 1069 3228 individualibus.
1101 3190 1163 3227 Sic
1190 3198 1317 3228 autem
1336 3192 1411 3228 hoc

353 3246 459 3295 quod
486 3248 529 3283 fit
555 3258 624 3294 per
645 3252 802 3291 metum,
824 3252 879 3281 est
896 3243 1165 3290 voluntarium,
1187 3243 1412 3292 inquantum

406 3360 435 3392 α)
454 3359 597 3385 secundum
622 3356 870 3383 considerationem.
886 3372 906 3377 -
927 3358 1071 3382 secundum
1097 3357 1227 3382 rationem
1253 3357 1408 3389 FEHIstF

353 3401 380 3421 et
397 3402 423 3426 a.
441 3395 584 3420 secundum
604 3394 649 3426 pF.

409 3429 434 3462 β)
445 3430 492 3455 sed
502 3430 528 3454 in
539 3436 568 3453 eo
580 3429 708 3461 quodper
718 3430 814 3452 metum
827 3428 928 3461 agitur,
939 3428 1061 3453 voluntas
1071 3427 1174 3459 aliquid
1181 3427 1249 3460 agir.
1258 3441 1277 3446 —
1286 3427 1348 3452 Om.
1358 3427 1409 3457 Pa,-

354 3466 412 3491 loco
427 3472 479 3497 per
498 3468 603 3495 metum,
618 3471 671 3496 per
690 3463 740 3487 vim
761 3463 870 3487 codices.

1286 3522 1430 3531 ,Nm-„x
1435 3522 1493 3529 ma

1456 2309 1568 2345 passo
1579 2310 1591 2333 .-

1464 613 1604 650 scilicet
1631 621 1686 651 est
1704 613 1765 651 hic
1793 621 1829 651 et
1848 626 1960 660 nunc,
1989 621 2102 662 prout
2125 613 2264 651 scilicet
2281 614 2318 651 in
2337 615 2412 651 hoc
2430 627 2519 652 casu

1465 674 1521 703 est
1538 666 1856 716 impedimentum
1875 666 2029 703 maioris
2053 666 2144 703 mali
2175 667 2280 715 quod
2299 666 2518 705 timebatur:

1463 718 1560 756 sicut
1586 719 1767 768 proiectio
1796 719 1981 756 mercium
2008 719 2047 756 in
2069 731 2176 756 mare
2198 720 2242 756 fit
2263 720 2518 757 voluntarium

1397 793 1412 799 —
1462 779 1636 820 tempore
1668 772 1919 820 tempestatis,
1947 779 2103 821 propter
2137 772 2316 811 timorem
2351 773 2517 821 periculi.

1463 824 1574 862 Unde
1611 825 1852 862 manifestum
1886 833 1942 861 est
1973 825 2079 873 quod
2107 824 2321 874 simpHciter
2346 826 2520 863 volunta-

1464 877 1561 913 rium
1591 886 1656 914 est.
1686 877 1796 914 Unde
1829 885 1865 914 et
1897 878 2076 926 competit
2108 877 2141 914 ei
2175 878 2267 914 ratio
2295 878 2517 916 voluntarii:

1463 929 1552 977 quia
1566 930 1794 978 principium
1810 930 1889 967 eius
1909 938 1965 967 est
1982 930 2123 968 intra.-
2141 931 2216 968 Sed
2236 931 2340 980 quod
2359 931 2518 980 accipia-

1462 990 1522 1019 tur
1549 982 1587 1019 id
1615 982 1721 1030 quod
1747 994 1816 1030 per
1844 991 1990 1019 metum
2009 983 2061 1030 fit,
2081 990 2123 1020 ut
2141 990 2244 1020 extra
2264 984 2366 1021 hunc
2385 996 2517 1022 casum

1463 1034 1639 1082 existens,
1667 1043 1781 1084 prout
1807 1043 1990 1083 repugnat
2016 1036 2218 1083 voluntati,
2246 1037 2322 1073 hoc
2357 1049 2436 1074 non
2464 1044 2520 1074 est

1462 1087 1532 1124 nisi
1551 1089 1760 1125 secundum
1780 1088 2120 1125 considerationem
2136 1094 2154 1110 α
2172 1096 2330 1126 tantum.
2355 1091 2405 1127 Et
2430 1089 2517 1127 ideo

1462 1147 1518 1178 est
1552 1140 1849 1178 involuntarium
1881 1141 2092 1177 secundum
2130 1141 2242 1189 quid,
2275 1142 2371 1179 idest
2406 1150 2520 1191 prout

1461 1193 1719 1231 consideratur
1746 1200 1850 1230 extra
1874 1194 1977 1230 hunc
2005 1205 2135 1230 casum
2163 1194 2334 1231 existens.

1513 1247 1572 1283 An
1591 1258 1728 1283 ΡιιιΜυΜ
1755 1257 1854 1283 ERGO
1881 1257 2063 1283 meramnum
2091 1247 2196 1294 quod
2221 1259 2267 1283 ea
2286 1259 2382 1296 quae
2402 1259 2517 1295 agun-

1460 1306 1519 1335 tur
1545 1311 1614 1346 per
1642 1306 1788 1336 metum
1817 1306 1854 1335 et
1879 1311 1950 1347 per
1966 1298 2058 1346 vim,
2078 1311 2157 1336 non
2184 1300 2309 1336 solum
2338 1299 2516 1338 differunt

1461 1352 1672 1388 secundum
1691 1363 1869 1399 praesens
1887 1358 1924 1388 et
1950 1352 2133 1399 futurum,
2162 1352 2231 1389 sed
2251 1352 2363 1389 etiam
2384 1364 2517 1389 secun-

1463 1403 1554 1439 dum
1583 1404 1668 1450 hoc,
1698 1405 1801 1452 quod
1828 1404 1865 1440 in
1894 1416 1940 1440 eo
1969 1404 2072 1452 quod
2100 1404 2221 1452 agitur
2246 1417 2316 1453 per
2336 1405 2428 1452 vim,
2449 1417 2518 1443 vo-

1461 1456 1583 1492 luntas
1606 1467 1685 1492 non
1713 1456 1910 1503 consentit,
1939 1457 2007 1493 sed
2033 1457 2190 1494 omnino
2212 1464 2267 1494 eSt
2285 1465 2416 1494 contra
2433 1470 2518 1494 mo-

1461 1515 1542 1544 tum
1569 1508 1793 1545 voluntatis:
1823 1508 1890 1544 sed
1917 1508 1956 1545 id
1983 1509 2089 1556 quod
2115 1522 2183 1558 per
2209 1517 2355 1547 metum
2384 1510 2516 1558 agitur,

1460 1560 1503 1598 fit
1520 1560 1790 1607 voluntarium,
1818 1560 1905 1598 ideo
1926 1561 2015 1608 quia
2033 1569 2160 1599 motus
2177 1562 2380 1599 voluntatis
2399 1563 2515 1600 fertur

1461 1613 1499 1650 in
1518 1612 1568 1659 id,
1587 1613 1672 1651 licet
1686 1625 1765 1650 non
1778 1620 1934 1661 propter
1951 1613 2131 1661 seipsum,
2151 1615 2218 1651 sed
2236 1623 2390 1663 propter
2404 1615 2515 1662 aliud,

1461 1665 1599 1702 scilicet
1618 1665 1667 1703 ad
1685 1665 1944 1714 repellendum
1963 1667 2108 1703 malum
2124 1667 2229 1714 quod
2246 1667 2408 1704 timetur.
2431 1669 2516 1704 Suf-

1461 1718 1539 1755 ficit
1563 1717 1663 1755 enim
1688 1718 1736 1755 ad
1756 1718 1942 1756 rationem
1960 1719 2160 1756 voluntarii
2178 1719 2283 1768 quod
2306 1720 2351 1756 sit
2364 1728 2518 1768 propter

1460 1770 1562 1808 aliud
1597 1771 1879 1808 voluntarium:
1913 1772 2171 1808 voluntarium
2211 1772 2312 1808 enim
2349 1780 2404 1809 est
2440 1785 2518 1810 non

1462 1824 1586 1861 solum
1615 1823 1721 1871 quod
1746 1830 1903 1872 propter
1924 1824 2092 1872 seipsum
2119 1825 2298 1861 volumus
2326 1833 2368 1862 ut
2385 1826 2516 1872 finem,

1462 1876 1530 1914 sed
1550 1876 1660 1913 etiam
1681 1876 1787 1924 quod
1810 1883 1965 1925 propter
1983 1877 2084 1914 aliud
2107 1878 2287 1915 volumus
2305 1885 2347 1914 ut
2364 1885 2518 1926 propter

1461 1929 1590 1967 finem.
1613 1930 1720 1966 Patet
1739 1941 1828 1976 ergo
1848 1929 1953 1978 quod
1971 1929 2011 1966 in
2026 1941 2071 1966 eo
2088 1930 2191 1978 quod
2208 1942 2278 1978 per
2290 1930 2369 1967 vim
2385 1931 2516 1978 agitur,

1459 1982 1636 2020 voluntas
1663 1981 1817 2019 interior
1843 1981 1932 2020 nihil
1961 1982 2054 2029 agit:
2083 1983 2151 2020 sed
2178 1982 2216 2019 in
2245 1995 2291 2020 eo
2319 1984 2425 2031 quod·
2449 1995 2518 2031 per

1461 2042 1608 2072 metum
1636 2034 1768 2081 agitur,
1787 2034 1962 2071 voluntas
1981 2034 2119 2083 aliquid
2138 2035 2213 2084 agit
2230 2034 2257 2072 β.
2285 2036 2335 2072 Et
2352 2035 2452 2082 ideo,
2477 2043 2518 2072 ut

1462 2086 1665 2134 Gregorius
1694 2087 1893 2134 Nyssenus
1922 2087 2010 2123 dicit
2036 2087 2067 2134 ³⁸,
2093 2088 2141 2124 ad
2170 2088 2447 2125 excludendum
2472 2101 2518 2126 ea

1461 2151 1559 2188 quae
1586 2151 1654 2187 per
1675 2146 1821 2176 metum
1850 2147 2021 2187 aguntur,
2050 2139 2087 2176 in
2116 2140 2334 2178 definitione
2360 2141 2516 2178 violenti

1461 2205 1539 2229 non
1558 2193 1683 2229 solum
1711 2192 1846 2229 dicitur
1872 2192 1976 2240 quod
1999 2192 2201 2230 violentum
2221 2199 2275 2230 est
2291 2194 2395 2230 cuius
2409 2194 2516 2242 prin-

1461 2245 1598 2292 cipium
1617 2250 1671 2281 est
1687 2250 1808 2289 extra,
1827 2244 1896 2282 sed
1915 2244 2074 2290 additur,
2094 2245 2185 2282 nihil
2211 2247 2422 2294 conferente
2438 2246 2516 2283 vim

1619 2296 1708 2344 quia
1736 2296 1785 2333 ad
1811 2296 1851 2333 id
1879 2297 1983 2344 quod
2010 2297 2129 2344 agitur
2156 2310 2224 2346 per
2251 2305 2417 2345 metum,
2446 2311 2515 2335 vo-

1460 2351 1582 2386 luntas
1620 2349 1784 2385 timentis
1813 2349 1952 2396 aliquid
1981 2349 2136 2387 confert.

1513 2404 1572 2439 AD
1601 2413 1788 2438 SECUNDUM
1817 2413 1999 2439 melerinum
2027 2402 2131 2450 quod
2155 2414 2199 2439 ea
2221 2415 2319 2451 quae
2347 2404 2517 2440 absolute

1461 2454 1655 2502 dicuntur,
1685 2454 1853 2504 quolibet
1893 2454 2021 2491 addito
2059 2463 2258 2492 remanent
2292 2455 2393 2503 talia,
2423 2456 2518 2492 sicut

1462 2506 1624 2544 calidum
1644 2514 1681 2543 et
1699 2506 1845 2543 album:
1875 2506 1942 2544 sed
1962 2519 2005 2543 ea
2025 2519 2124 2554 quae
2151 2508 2305 2545 relative
2330 2508 2514 2556 dicuntur,

1461 2560 1653 2597 variantur
1679 2559 1890 2597 secundum
1925 2560 2247 2608 comparationem
2275 2561 2324 2597 ad
2351 2561 2514 2607 diversa;

1462 2613 1568 2661 quod
1601 2612 1703 2649 enim
1736 2619 1791 2648 est
1822 2624 2003 2660 magnum
2037 2620 2298 2660 comparatum
2332 2614 2431 2660 huic,
2461 2621 2517 2650 est

1461 2677 1624 2714 parvum
1654 2671 1916 2712 comparatum
1951 2665 2065 2701 alteri.
2093 2665 2359 2702 Voluntarium
2388 2674 2515 2703 autem

1463 2717 1596 2754 dicitur
1610 2717 1749 2765 aliquid
1765 2729 1843 2753 non
1863 2717 1986 2753 solum
2006 2725 2159 2766 propter
2178 2718 2344 2767 seipsum
2360 2724 2387 2766 Υ,
2409 2719 2517 2767 quasi

1462 2771 1645 2816 absolute,
1675 2769 1743 2806 sed
1771 2770 1884 2806 etiam
1912 2777 2067 2818 propter
2089 2770 2202 2818 aliud,
2223 2771 2332 2819 quasi
2351 2772 2512 2809 relative.

1463 2824 1512 2860 Et
1539 2823 1625 2860 ideo
1654 2822 1744 2859 nihil
1775 2822 1951 2870 prohibet
1978 2823 2118 2871 aliquid
2145 2824 2250 2872 quod
2271 2822 2286 2845 ὃ
2313 2836 2391 2863 ιιοιι
2419 2832 2517 2862 esset

1461 2875 1718 2913 voluntarium
1739 2875 1842 2912 alteri
1861 2883 2134 2923 comparatum,
2154 2876 2237 2913 fieri
2259 2877 2516 2915 voluntarium

1463 2941 1531 2978 per
1559 2928 1882 2977 comparationem
1912 2928 1961 2964 ad
1979 2927 2093 2965 aliud.

1516 2983 1574 3018 An
1602 2992 1761 3018 mamm
1779 2992 1962 3017 memnon
1985 2980 2091 3029 quod
2107 2980 2197 3018 illud
2220 2982 2326 3030 quod
2351 2994 2420 3031 per
2438 2995 2519 3020 me-

1462 3041 1543 3070 tum
1572 3033 1706 3081 agitur,
1736 3033 1878 3081 absque
1911 3033 2126 3070 conditione
2159 3042 2215 3071 est
2244 3035 2515 3083 voluntarium,

1463 3086 1560 3123 idest
1578 3087 1789 3123 secundum
1808 3085 1914 3133 quod
1932 3093 2018 3123 actu
2045 3086 2182 3134 agitur:
2209 3087 2520 3128 sedinvolunta-

1464 3139 1560 3175 rium
1581 3145 1635 3175 est
1663 3139 1733 3175 sub
1754 3138 1979 3185 conditione,
2009 3138 2105 3176 idest
2137 3139 2166 3175 si
2184 3140 2266 3176 talis
2294 3148 2418 3177 metus
2438 3153 2515 3178 non

1463 3190 1687 3228 immineret.
1708 3191 1819 3228 Unde
1839 3191 2052 3228 secundum
2070 3192 2173 3230 illam
2191 3193 2375 3230 rationem
2395 3194 2515 3242 magis

1463 3251 1588 3293 potest
1614 3243 1787 3280 concludi
1816 3243 2034 3292 oppositum
2053 3249 2078 3282 ⁸.

1515 3359 1542 3390 γ)
1560 3358 1683 3390 seipsum.
1701 3372 1720 3381 ·.-
1737 3365 1765 3383 se
1783 3359 1829 3383 Pa.

1516 3392 1540 3423 ὃ)
1560 3393 1638 3426 quod.
1660 3407 1675 3411 -
1694 3393 1764 3425 quad
1783 3393 1816 3418 de
1834 3400 1861 3418 se
1879 3393 1924 3418 Pa.

1463 3429 1538 3487 rimi)
1553 3429 1716 3487 ssgffiffgutn'
1733 3441 1751 3447 -
1768 3428 1840 3460 quod
1857 3429 1892 3453 sit
1915 3429 2092 3453 voluntarium
2115 3436 2193 3461 quam
2217 3429 2288 3461 quod
2310 3430 2345 3454 sit
2368 3429 2516 3455 involunta-
