<?xml version="1.0" encoding="UTF-8"?>
<!DOCTYPE html PUBLIC "-//W3C//DTD XHTML 1.0 Transitional//EN"
    "http://www.w3.org/TR/xhtml1/DTD/xhtml1-transitional.dtd">
<html xmlns="http://www.w3.org/1999/xhtml" xml:lang="en" lang="en">
 <head>
  <title>
</title>
<meta http-equiv="Content-Type" content="text/html;charset=utf-8" />
  <meta name='ocr-system' content='tesseract 3.04.00' />
  <meta name='ocr-capabilities' content='ocr_page ocr_carea ocr_par ocr_line ocrx_word'/>
</head>
<body>
  <div class='ocr_page' id='page_1' title='image "./operaomniaiussui06thom_0368.png"; bbox 0 0 2846 4146; ppageno 0'>
   <div class='ocr_carea' id='block_1_1' title="bbox 94 1404 304 1453">
    <p class='ocr_par' dir='ltr' id='par_1_1' title="bbox 94 1404 304 1453">
     <span class='ocr_line' id='line_1_1' title="bbox 94 1404 304 1453; baseline -0.005 0"><span class='ocrx_word' id='word_1_1' title='bbox 94 1404 286 1453; x_wconf 52' lang='lat' dir='ltr'>§tina-523:</span> <span class='ocrx_word' id='word_1_2' title='bbox 294 1416 304 1420; x_wconf 82' lang='lat'>&#39;</span> 
     </span>
    </p>
   </div>
   <div class='ocr_carea' id='block_1_2' title="bbox 95 1514 302 1562">
    <p class='ocr_par' dir='ltr' id='par_1_2' title="bbox 95 1514 302 1562">
     <span class='ocr_line' id='line_1_2' title="bbox 95 1514 302 1562; baseline 0.005 -1"><span class='ocrx_word' id='word_1_3' title='bbox 95 1515 104 1523; x_wconf 75' lang='grc'><strong>”</strong></span> <span class='ocrx_word' id='word_1_4' title='bbox 115 1514 260 1562; x_wconf 41' lang='lat' dir='ltr'>&amp;effigi</span> <span class='ocrx_word' id='word_1_5' title='bbox 271 1520 302 1561; x_wconf 54' lang='grc' dir='ltr'>ἵζ’</span> 
     </span>
    </p>
   </div>
   <div class='ocr_carea' id='block_1_3' title="bbox 90 3203 300 3279">
    <p class='ocr_par' dir='ltr' id='par_1_3' title="bbox 90 3203 300 3279">
     <span class='ocr_line' id='line_1_3' title="bbox 90 3203 300 3231; baseline 0.005 -6"><span class='ocrx_word' id='word_1_6' title='bbox 90 3205 100 3214; x_wconf 65' lang='grc'><em>“</em></span> <span class='ocrx_word' id='word_1_7' title='bbox 121 3203 196 3225; x_wconf 72' lang='lat' dir='ltr'>Ethic.</span> <span class='ocrx_word' id='word_1_8' title='bbox 217 3204 256 3226; x_wconf 76' lang='lat' dir='ltr'>nb.</span> <span class='ocrx_word' id='word_1_9' title='bbox 272 3204 300 3231; x_wconf 88' lang='lat'>11,</span> 
     </span>
     <span class='ocr_line' id='line_1_4' title="bbox 90 3236 300 3279; baseline 0 -1"><span class='ocrx_word' id='word_1_10' title='bbox 90 3236 182 3278; x_wconf 57' lang='lat' dir='ltr'>{fff’ffif’</span> <span class='ocrx_word' id='word_1_11' title='bbox 188 3236 247 3279; x_wconf 60' lang='lat'>{32:1²3</span> <span class='ocrx_word' id='word_1_12' title='bbox 255 3236 300 3278; x_wconf 60' lang='lat' dir='ltr'>iis</span> 
     </span>
    </p>
   </div>
   <div class='ocr_carea' id='block_1_4' title="bbox 345 191 418 227">
    <p class='ocr_par' dir='ltr' id='par_1_4' title="bbox 345 191 418 227">
     <span class='ocr_line' id='line_1_5' title="bbox 345 191 418 227; baseline -0.027 0"><span class='ocrx_word' id='word_1_13' title='bbox 345 191 418 227; x_wconf 85' lang='lat'>356</span> 
     </span>
    </p>
   </div>
   <div class='ocr_carea' id='block_1_5' title="bbox 991 192 1865 240">
    <p class='ocr_par' dir='ltr' id='par_1_5' title="bbox 991 192 1865 240">
     <span class='ocr_line' id='line_1_6' title="bbox 991 192 1865 240; baseline 0.002 -12"><span class='ocrx_word' id='word_1_14' title='bbox 991 192 1256 238; x_wconf 72' lang='lat' dir='ltr'>QUAEsrio</span> <span class='ocrx_word' id='word_1_15' title='bbox 1287 193 1386 239; x_wconf 84' lang='lat' dir='ltr'>LVI,</span> <span class='ocrx_word' id='word_1_16' title='bbox 1416 194 1712 231; x_wconf 80' lang='lat' dir='ltr'>ART1CULUs</span> <span class='ocrx_word' id='word_1_17' title='bbox 1742 196 1785 240; x_wconf 91' lang='lat'>11,</span> <span class='ocrx_word' id='word_1_18' title='bbox 1818 196 1865 230; x_wconf 92' lang='lat'>111</span> 
     </span>
    </p>
   </div>
   <div class='ocr_carea' id='block_1_6' title="bbox 782 351 2129 480">
    <p class='ocr_par' dir='ltr' id='par_1_6' title="bbox 782 351 2129 480">
     <span class='ocr_line' id='line_1_7' title="bbox 1103 351 1745 395; baseline 0.003 -3"><span class='ocrx_word' id='word_1_19' title='bbox 1103 351 1418 393; x_wconf 89' lang='lat' dir='ltr'><strong>ARTICULUS</strong></span> <span class='ocrx_word' id='word_1_20' title='bbox 1449 352 1745 395; x_wconf 90' lang='lat' dir='ltr'>SECUNDUS</span> 
     </span>
     <span class='ocr_line' id='line_1_8' title="bbox 782 443 2129 480; baseline 0.003 -5"><span class='ocrx_word' id='word_1_21' title='bbox 782 445 937 475; x_wconf 83' lang='lat' dir='ltr'>UTRUM</span> <span class='ocrx_word' id='word_1_22' title='bbox 961 444 1050 474; x_wconf 85' lang='lat' dir='ltr'>UNA</span> <span class='ocrx_word' id='word_1_23' title='bbox 1073 443 1229 474; x_wconf 77' lang='lat' dir='ltr'>vmros</span> <span class='ocrx_word' id='word_1_24' title='bbox 1252 443 1399 474; x_wconf 63' lang='lat' dir='ltr'>possm*</span> <span class='ocrx_word' id='word_1_25' title='bbox 1422 443 1522 478; x_wconf 78' lang='lat' dir='ltr'>ESSE</span> <span class='ocrx_word' id='word_1_26' title='bbox 1546 444 1589 474; x_wconf 76' lang='lat' dir='ltr'>m</span> <span class='ocrx_word' id='word_1_27' title='bbox 1611 444 1819 476; x_wconf 73' lang='lat' dir='ltr'>PLURissus</span> <span class='ocrx_word' id='word_1_28' title='bbox 1842 445 2069 480; x_wconf 68' lang='lat' dir='ltr'>pommus</span> <span class='ocrx_word' id='word_1_29' title='bbox 2126 467 2129 470; x_wconf 90' lang='lat'>-</span> 
     </span>
    </p>
   </div>
   <div class='ocr_carea' id='block_1_7' title="bbox 699 521 2150 560">
    <p class='ocr_par' dir='ltr' id='par_1_7' title="bbox 699 521 2150 560">
     <span class='ocr_line' id='line_1_9' title="bbox 699 521 2150 560; baseline 0.005 -14"><span class='ocrx_word' id='word_1_30' title='bbox 699 522 772 552; x_wconf 83' lang='lat' dir='ltr'>Infra,</span> <span class='ocrx_word' id='word_1_31' title='bbox 792 530 836 554; x_wconf 92' lang='lat' dir='ltr'>qu.</span> <span class='ocrx_word' id='word_1_32' title='bbox 856 530 899 551; x_wconf 76' lang='lat' dir='ltr'>Lx,</span> <span class='ocrx_word' id='word_1_33' title='bbox 920 526 965 546; x_wconf 86' lang='lat' dir='ltr'>art.</span> <span class='ocrx_word' id='word_1_34' title='bbox 986 521 1013 551; x_wconf 82' lang='lat'>53</span> <span class='ocrx_word' id='word_1_35' title='bbox 1033 521 1067 545; x_wconf 88' lang='lat' dir='ltr'>IV</span> <span class='ocrx_word' id='word_1_36' title='bbox 1086 521 1168 551; x_wconf 71' lang='lat' dir='ltr'>sent„</span> <span class='ocrx_word' id='word_1_37' title='bbox 1189 521 1245 547; x_wconf 91' lang='lat' dir='ltr'>dist.</span> <span class='ocrx_word' id='word_1_38' title='bbox 1265 528 1314 551; x_wconf 69' lang='grc' dir='ltr'>Χιν,</span> <span class='ocrx_word' id='word_1_39' title='bbox 1335 528 1380 553; x_wconf 86' lang='lat' dir='ltr'>qu.</span> <span class='ocrx_word' id='word_1_40' title='bbox 1398 528 1419 550; x_wconf 86' lang='lat'>1,</span> <span class='ocrx_word' id='word_1_41' title='bbox 1439 525 1485 546; x_wconf 86' lang='lat' dir='ltr'>art.</span> <span class='ocrx_word' id='word_1_42' title='bbox 1507 521 1536 552; x_wconf 86' lang='lat'>3,</span> <span class='ocrx_word' id='word_1_43' title='bbox 1555 524 1601 554; x_wconf 86' lang='lat' dir='ltr'>qu·</span> <span class='ocrx_word' id='word_1_44' title='bbox 1622 530 1630 546; x_wconf 87' lang='lat'><em>1</em></span> <span class='ocrx_word' id='word_1_45' title='bbox 1641 530 1648 553; x_wconf 81' lang='lat'><em>3</em></span> <span class='ocrx_word' id='word_1_46' title='bbox 1669 523 1710 547; x_wconf 86' lang='lat' dir='ltr'>De</span> <span class='ocrx_word' id='word_1_47' title='bbox 1733 523 1822 553; x_wconf 69' lang='lat' dir='ltr'>Veris„</span> <span class='ocrx_word' id='word_1_48' title='bbox 1841 531 1885 556; x_wconf 89' lang='lat' dir='ltr'>qu.</span> <span class='ocrx_word' id='word_1_49' title='bbox 1900 532 1949 556; x_wconf 67' lang='lat' dir='ltr'>xm,</span> <span class='ocrx_word' id='word_1_50' title='bbox 1968 531 2015 551; x_wconf 83' lang='lat' dir='ltr'>art.</span> <span class='ocrx_word' id='word_1_51' title='bbox 2027 534 2056 557; x_wconf 95' lang='lat'>4,</span> <span class='ocrx_word' id='word_1_52' title='bbox 2076 528 2107 552; x_wconf 84' lang='lat' dir='ltr'>ad</span> <span class='ocrx_word' id='word_1_53' title='bbox 2126 536 2150 560; x_wconf 91' lang='lat'>7.</span> 
     </span>
    </p>
   </div>
   <div class='ocr_carea' id='block_1_8' title="bbox 335 606 1396 1076">
    <p class='ocr_par' dir='ltr' id='par_1_8' title="bbox 360 606 1395 720">
     <span class='ocr_line' id='line_1_10' title="bbox 455 606 1395 655; baseline -0.001 -9.084"><span class='ocrx_word' id='word_1_54' title='bbox 455 629 507 655; x_wconf 58' lang='lat' dir='ltr'>a&lt;</span> <span class='ocrx_word' id='word_1_55' title='bbox 542 606 571 646; x_wconf 29' lang='lat' dir='ltr'>*D</span> <span class='ocrx_word' id='word_1_56' title='bbox 587 620 775 645; x_wconf 79' lang='lat' dir='ltr'>SECUNDUM</span> <span class='ocrx_word' id='word_1_57' title='bbox 791 620 843 644; x_wconf 72' lang='lat' dir='ltr'>sxc</span> <span class='ocrx_word' id='word_1_58' title='bbox 862 619 1101 644; x_wconf 85' lang='lat' dir='ltr'>PROCEDITUR.</span> <span class='ocrx_word' id='word_1_59' title='bbox 1117 607 1275 644; x_wconf 87' lang='lat' dir='ltr'>Videtur</span> <span class='ocrx_word' id='word_1_60' title='bbox 1289 608 1395 655; x_wconf 92' lang='lat' dir='ltr'>quod</span> 
     </span>
     <span class='ocr_line' id='line_1_11' title="bbox 360 629 1393 708; baseline 0 -11"><span class='ocrx_word' id='word_1_61' title='bbox 360 639 423 704; x_wconf 43' lang='grc' dir='ltr'>ἰ)</span> <span class='ocrx_word' id='word_1_62' title='bbox 462 629 525 706; x_wconf 38' lang='lat' dir='ltr'>iga&lt;</span> <span class='ocrx_word' id='word_1_63' title='bbox 549 674 626 697; x_wconf 90' lang='lat' dir='ltr'>una</span> <span class='ocrx_word' id='word_1_64' title='bbox 640 661 758 697; x_wconf 86' lang='lat' dir='ltr'>virtus</span> <span class='ocrx_word' id='word_1_65' title='bbox 772 660 890 708; x_wconf 90' lang='lat' dir='ltr'>possit</span> <span class='ocrx_word' id='word_1_66' title='bbox 906 672 987 696; x_wconf 91' lang='lat' dir='ltr'>esse</span> <span class='ocrx_word' id='word_1_67' title='bbox 997 660 1036 696; x_wconf 93' lang='lat' dir='ltr'>in</span> <span class='ocrx_word' id='word_1_68' title='bbox 1048 660 1196 696; x_wconf 91' lang='lat' dir='ltr'>duabus</span> <span class='ocrx_word' id='word_1_69' title='bbox 1206 660 1393 708; x_wconf 84' lang='lat' dir='ltr'>potentiis.</span> 
     </span>
     <span class='ocr_line' id='line_1_12' title="bbox 388 688 502 720; baseline 0.009 -1"><span class='ocrx_word' id='word_1_70' title='bbox 388 695 408 719; x_wconf 66' lang='grc' dir='ltr'>α</span> <span class='ocrx_word' id='word_1_71' title='bbox 473 688 502 720; x_wconf 49' lang='lat'>*²</span> 
     </span>
    </p>

    <p class='ocr_par' dir='ltr' id='par_1_9' title="bbox 335 701 1396 1076">
     <span class='ocr_line' id='line_1_13' title="bbox 354 701 1393 761; baseline 0.001 -12"><span class='ocrx_word' id='word_1_72' title='bbox 354 715 357 721; x_wconf 92' lang='lat'>&#39;</span> <span class='ocrx_word' id='word_1_73' title='bbox 398 728 474 757; x_wconf 56' lang='lat'>*⁷4</span> <span class='ocrx_word' id='word_1_74' title='bbox 488 701 709 750; x_wconf 90' lang='lat' dir='ltr'>-Habitus</span> <span class='ocrx_word' id='word_1_75' title='bbox 739 712 839 749; x_wconf 90' lang='lat' dir='ltr'>enim</span> <span class='ocrx_word' id='word_1_76' title='bbox 870 719 1149 759; x_wconf 86' lang='lat' dir='ltr'>cognoscuntur</span> <span class='ocrx_word' id='word_1_77' title='bbox 1181 725 1249 761; x_wconf 91' lang='lat' dir='ltr'>per</span> <span class='ocrx_word' id='word_1_78' title='bbox 1277 720 1393 750; x_wconf 87' lang='lat' dir='ltr'>actus.</span> 
     </span>
     <span class='ocr_line' id='line_1_14' title="bbox 392 740 1395 813; baseline 0.002 -12"><span class='ocrx_word' id='word_1_79' title='bbox 392 740 489 793; x_wconf 47' lang='lat' dir='ltr'>ss&#39;ffl</span> <span class='ocrx_word' id='word_1_80' title='bbox 504 756 537 800; x_wconf 41' lang='lat' dir='ltr'>K</span> <span class='ocrx_word' id='word_1_81' title='bbox 551 766 626 802; x_wconf 90' lang='lat' dir='ltr'>Sed</span> <span class='ocrx_word' id='word_1_82' title='bbox 640 777 739 801; x_wconf 89' lang='lat' dir='ltr'>unus</span> <span class='ocrx_word' id='word_1_83' title='bbox 759 772 863 801; x_wconf 89' lang='lat' dir='ltr'>actus</span> <span class='ocrx_word' id='word_1_84' title='bbox 882 765 1120 813; x_wconf 84' lang='lat' dir='ltr'>progreditur</span> <span class='ocrx_word' id='word_1_85' title='bbox 1139 765 1395 803; x_wconf 86' lang='lat' dir='ltr'>diversimode</span> 
     </span>
     <span class='ocr_line' id='line_1_15' title="bbox 338 817 1396 866; baseline 0.002 -12"><span class='ocrx_word' id='word_1_86' title='bbox 338 830 360 854; x_wconf 89' lang='lat' dir='ltr'>a</span> <span class='ocrx_word' id='word_1_87' title='bbox 381 817 538 855; x_wconf 88' lang='lat' dir='ltr'>diversis</span> <span class='ocrx_word' id='word_1_88' title='bbox 556 818 753 866; x_wconf 89' lang='lat' dir='ltr'>potentiis:</span> <span class='ocrx_word' id='word_1_89' title='bbox 775 817 869 854; x_wconf 90' lang='lat' dir='ltr'>sicut</span> <span class='ocrx_word' id='word_1_90' title='bbox 888 817 1096 854; x_wconf 84' lang='lat' dir='ltr'>ambulatio</span> <span class='ocrx_word' id='word_1_91' title='bbox 1111 818 1284 866; x_wconf 85' lang='lat' dir='ltr'>procedit</span> <span class='ocrx_word' id='word_1_92' title='bbox 1301 831 1324 855; x_wconf 92' lang='lat' dir='ltr'>a</span> <span class='ocrx_word' id='word_1_93' title='bbox 1340 832 1396 856; x_wconf 88' lang='lat' dir='ltr'>ra-</span> 
     </span>
     <span class='ocr_line' id='line_1_16' title="bbox 337 870 1393 919; baseline 0.003 -13"><span class='ocrx_word' id='word_1_94' title='bbox 337 870 438 907; x_wconf 85' lang='lat' dir='ltr'>tione</span> <span class='ocrx_word' id='word_1_95' title='bbox 458 878 499 907; x_wconf 90' lang='lat' dir='ltr'>ut</span> <span class='ocrx_word' id='word_1_96' title='bbox 517 882 539 906; x_wconf 92' lang='lat' dir='ltr'>a</span> <span class='ocrx_word' id='word_1_97' title='bbox 559 870 737 918; x_wconf 86' lang='lat' dir='ltr'>dirigente</span> <span class='ocrx_word' id='word_1_98' title='bbox 759 875 786 918; x_wconf 74' lang='lat'>⁶¹,</span> <span class='ocrx_word' id='word_1_99' title='bbox 804 882 826 907; x_wconf 90' lang='lat' dir='ltr'>a</span> <span class='ocrx_word' id='word_1_100' title='bbox 844 871 1040 907; x_wconf 81' lang='lat' dir='ltr'>voluntate</span> <span class='ocrx_word' id='word_1_101' title='bbox 1056 871 1151 908; x_wconf 86' lang='lat' dir='ltr'>sicut</span> <span class='ocrx_word' id='word_1_102' title='bbox 1166 884 1188 908; x_wconf 89' lang='lat' dir='ltr'>a</span> <span class='ocrx_word' id='word_1_103' title='bbox 1201 879 1393 919; x_wconf 86' lang='lat' dir='ltr'>movente,</span> 
     </span>
     <span class='ocr_line' id='line_1_17' title="bbox 339 922 1394 972; baseline 0.003 -13"><span class='ocrx_word' id='word_1_104' title='bbox 339 930 373 959; x_wconf 92' lang='lat' dir='ltr'>et</span> <span class='ocrx_word' id='word_1_105' title='bbox 401 935 422 959; x_wconf 88' lang='lat' dir='ltr'>a</span> <span class='ocrx_word' id='word_1_106' title='bbox 449 923 618 971; x_wconf 87' lang='lat' dir='ltr'>potentia</span> <span class='ocrx_word' id='word_1_107' title='bbox 652 922 798 960; x_wconf 88' lang='lat' dir='ltr'>motiva</span> <span class='ocrx_word' id='word_1_108' title='bbox 830 923 925 959; x_wconf 91' lang='lat' dir='ltr'>sicut</span> <span class='ocrx_word' id='word_1_109' title='bbox 959 923 1006 959; x_wconf 87' lang='lat' dir='ltr'>ab</span> <span class='ocrx_word' id='word_1_110' title='bbox 1037 931 1257 972; x_wconf 83' lang='lat' dir='ltr'>exequente.</span> <span class='ocrx_word' id='word_1_111' title='bbox 1293 925 1394 972; x_wconf 87' lang='lat' dir='ltr'>Ergo</span> 
     </span>
     <span class='ocr_line' id='line_1_18' title="bbox 337 975 1395 1026; baseline 0.003 -15"><span class='ocrx_word' id='word_1_112' title='bbox 337 976 450 1012; x_wconf 90' lang='lat' dir='ltr'>etiam</span> <span class='ocrx_word' id='word_1_113' title='bbox 469 988 568 1012; x_wconf 87' lang='lat' dir='ltr'>unus</span> <span class='ocrx_word' id='word_1_114' title='bbox 587 975 737 1012; x_wconf 88' lang='lat' dir='ltr'>habitus</span> <span class='ocrx_word' id='word_1_115' title='bbox 757 975 903 1012; x_wconf 89' lang='lat' dir='ltr'>virtutis</span> <span class='ocrx_word' id='word_1_116' title='bbox 922 983 1048 1024; x_wconf 89' lang='lat' dir='ltr'>potest</span> <span class='ocrx_word' id='word_1_117' title='bbox 1068 989 1150 1013; x_wconf 89' lang='lat' dir='ltr'>esse</span> <span class='ocrx_word' id='word_1_118' title='bbox 1170 977 1208 1014; x_wconf 92' lang='lat' dir='ltr'>in</span> <span class='ocrx_word' id='word_1_119' title='bbox 1226 977 1395 1026; x_wconf 85' lang='lat' dir='ltr'>pluribus</span> 
     </span>
     <span class='ocr_line' id='line_1_19' title="bbox 335 1035 523 1076; baseline 0 -12"><span class='ocrx_word' id='word_1_120' title='bbox 335 1035 523 1076; x_wconf 85' lang='lat' dir='ltr'>potentus.</span> 
     </span>
    </p>
   </div>
   <div class='ocr_carea' id='block_1_9' title="bbox 390 1080 1394 1130">
    <p class='ocr_par' dir='ltr' id='par_1_10' title="bbox 390 1080 1394 1130">
     <span class='ocr_line' id='line_1_20' title="bbox 390 1080 1394 1130; baseline 0.003 -14"><span class='ocrx_word' id='word_1_121' title='bbox 390 1092 423 1116; x_wconf 87' lang='lat'>2.</span> <span class='ocrx_word' id='word_1_122' title='bbox 446 1082 677 1127; x_wconf 76' lang='lat' dir='ltr'>PRAETEREA,</span> <span class='ocrx_word' id='word_1_123' title='bbox 703 1080 957 1129; x_wconf 84' lang='lat' dir='ltr'>Philosophus</span> <span class='ocrx_word' id='word_1_124' title='bbox 987 1081 1085 1128; x_wconf 90' lang='lat' dir='ltr'>dicit,</span> <span class='ocrx_word' id='word_1_125' title='bbox 1106 1082 1144 1118; x_wconf 91' lang='lat' dir='ltr'>in</span> <span class='ocrx_word' id='word_1_126' title='bbox 1173 1083 1204 1118; x_wconf 93' lang='lat' dir='ltr'>II</span> <span class='ocrx_word' id='word_1_127' title='bbox 1229 1083 1348 1120; x_wconf 89' lang='lat' dir='ltr'>Ethic.</span> <span class='ocrx_word' id='word_1_128' title='bbox 1363 1082 1394 1130; x_wconf 65' lang='lat'>²³⁶,</span> 
     </span>
    </p>
   </div>
   <div class='ocr_carea' id='block_1_10' title="bbox 368 622 430 645">
    <p class='ocr_par' dir='ltr' id='par_1_11' title="bbox 368 622 430 645">
     <span class='ocr_line' id='line_1_21' title="bbox 368 622 430 645; baseline 0 0"><span class='ocrx_word' id='word_1_129' title='bbox 368 622 430 645; x_wconf 65' lang='grc' dir='ltr'>)-ι</span> 
     </span>
    </p>
   </div>
   <div class='ocr_carea' id='block_1_11' title="bbox 337 614 545 810">
    <p class='ocr_par' dir='ltr' id='par_1_12' title="bbox 337 614 545 810">
     <span class='ocr_line' id='line_1_22' title="bbox 337 614 545 728; baseline 0 0"><span class='ocrx_word' id='word_1_130' title='bbox 337 614 545 728; x_wconf 95' lang='lat' dir='ltr'>  </span> 
     </span>
     <span class='ocr_line' id='line_1_23' title="bbox 337 728 443 810; baseline 0 3336"><span class='ocrx_word' id='word_1_131' title='bbox 337 728 443 810; x_wconf 95' lang='lat' dir='ltr'> </span> 
     </span>
    </p>
   </div>
   <div class='ocr_carea' id='block_1_12' title="bbox 257 1122 1393 1182">
    <p class='ocr_par' dir='ltr' id='par_1_13' title="bbox 257 1122 1393 1182">
     <span class='ocr_line' id='line_1_24' title="bbox 257 1122 1393 1182; baseline 0.004 -13"><span class='ocrx_word' id='word_1_132' title='bbox 257 1122 286 1137; x_wconf 53' lang='grc' dir='ltr'>’ν’</span> <span class='ocrx_word' id='word_1_133' title='bbox 336 1133 439 1181; x_wconf 91' lang='lat' dir='ltr'>quod</span> <span class='ocrx_word' id='word_1_134' title='bbox 467 1133 516 1170; x_wconf 88' lang='lat' dir='ltr'>ad</span> <span class='ocrx_word' id='word_1_135' title='bbox 534 1133 713 1170; x_wconf 89' lang='lat' dir='ltr'>virtutem</span> <span class='ocrx_word' id='word_1_136' title='bbox 733 1133 803 1170; x_wconf 89' lang='lat' dir='ltr'>tria</span> <span class='ocrx_word' id='word_1_137' title='bbox 827 1134 1079 1182; x_wconf 89' lang='lat' dir='ltr'>requiruntur,</span> <span class='ocrx_word' id='word_1_138' title='bbox 1101 1135 1240 1172; x_wconf 86' lang='lat' dir='ltr'>scilicet</span> <span class='ocrx_word' id='word_1_139' title='bbox 1255 1133 1269 1164; x_wconf 77' lang='grc' dir='ltr'><strong>β</strong></span> <span class='ocrx_word' id='word_1_140' title='bbox 1286 1136 1393 1182; x_wconf 79' lang='lat' dir='ltr'>seire,</span> 
     </span>
    </p>
   </div>
   <div class='ocr_carea' id='block_1_13' title="bbox 329 1186 1396 1979">
    <p class='ocr_par' dir='ltr' id='par_1_14' title="bbox 333 1186 1395 1340">
     <span class='ocr_line' id='line_1_25' title="bbox 333 1186 1395 1236; baseline 0.002 -13"><span class='ocrx_word' id='word_1_141' title='bbox 333 1186 426 1223; x_wconf 76' lang='lat' dir='ltr'>velle</span> <span class='ocrx_word' id='word_1_142' title='bbox 445 1192 479 1222; x_wconf 88' lang='lat' dir='ltr'>et</span> <span class='ocrx_word' id='word_1_143' title='bbox 501 1187 738 1223; x_wconf 86' lang='lat' dir='ltr'>immobiliter</span> <span class='ocrx_word' id='word_1_144' title='bbox 756 1186 918 1234; x_wconf 83' lang='lat' dir='ltr'>operari.</span> <span class='ocrx_word' id='word_1_145' title='bbox 950 1186 1026 1223; x_wconf 89' lang='lat' dir='ltr'>Sed</span> <span class='ocrx_word' id='word_1_146' title='bbox 1046 1187 1138 1224; x_wconf 91' lang='lat' dir='ltr'>scire</span> <span class='ocrx_word' id='word_1_147' title='bbox 1166 1187 1327 1236; x_wconf 87' lang='lat' dir='ltr'>pertinet</span> <span class='ocrx_word' id='word_1_148' title='bbox 1346 1188 1395 1225; x_wconf 89' lang='lat' dir='ltr'>ad</span> 
     </span>
     <span class='ocr_line' id='line_1_26' title="bbox 334 1238 1395 1290; baseline 0.003 -15"><span class='ocrx_word' id='word_1_149' title='bbox 334 1238 577 1286; x_wconf 87' lang='lat' dir='ltr'>intellectum,</span> <span class='ocrx_word' id='word_1_150' title='bbox 606 1239 703 1276; x_wconf 90' lang='lat' dir='ltr'>velle</span> <span class='ocrx_word' id='word_1_151' title='bbox 724 1239 773 1276; x_wconf 91' lang='lat' dir='ltr'>ad</span> <span class='ocrx_word' id='word_1_152' title='bbox 790 1239 1038 1276; x_wconf 86' lang='lat' dir='ltr'>voluntatem.</span> <span class='ocrx_word' id='word_1_153' title='bbox 1066 1240 1169 1287; x_wconf 90' lang='lat' dir='ltr'>Ergo</span> <span class='ocrx_word' id='word_1_154' title='bbox 1188 1240 1307 1277; x_wconf 90' lang='lat' dir='ltr'>virtus</span> <span class='ocrx_word' id='word_1_155' title='bbox 1325 1253 1395 1290; x_wconf 95' lang='lat' dir='ltr'>po-</span> 
     </span>
     <span class='ocr_line' id='line_1_27' title="bbox 334 1292 994 1340; baseline 0 -12"><span class='ocrx_word' id='word_1_156' title='bbox 334 1299 404 1328; x_wconf 89' lang='lat' dir='ltr'>test</span> <span class='ocrx_word' id='word_1_157' title='bbox 432 1304 515 1328; x_wconf 90' lang='lat' dir='ltr'>esse</span> <span class='ocrx_word' id='word_1_158' title='bbox 543 1292 581 1328; x_wconf 93' lang='lat' dir='ltr'>in</span> <span class='ocrx_word' id='word_1_159' title='bbox 609 1292 778 1340; x_wconf 89' lang='lat' dir='ltr'>pluribus</span> <span class='ocrx_word' id='word_1_160' title='bbox 806 1292 994 1340; x_wconf 90' lang='lat' dir='ltr'>potentiis.</span> 
     </span>
    </p>

    <p class='ocr_par' dir='ltr' id='par_1_15' title="bbox 331 1344 1396 1606">
     <span class='ocr_line' id='line_1_28' title="bbox 387 1344 1394 1393; baseline 0.003 -13"><span class='ocrx_word' id='word_1_161' title='bbox 387 1345 421 1381; x_wconf 83' lang='lat'>3.</span> <span class='ocrx_word' id='word_1_162' title='bbox 451 1345 691 1390; x_wconf 77' lang='lat' dir='ltr'>PRAETEREA,</span> <span class='ocrx_word' id='word_1_163' title='bbox 725 1345 926 1393; x_wconf 90' lang='lat' dir='ltr'>prudentia</span> <span class='ocrx_word' id='word_1_164' title='bbox 955 1352 1010 1382; x_wconf 91' lang='lat' dir='ltr'>est</span> <span class='ocrx_word' id='word_1_165' title='bbox 1038 1344 1077 1381; x_wconf 90' lang='lat' dir='ltr'>in</span> <span class='ocrx_word' id='word_1_166' title='bbox 1106 1345 1270 1383; x_wconf 88' lang='lat' dir='ltr'>ratione:</span> <span class='ocrx_word' id='word_1_167' title='bbox 1306 1359 1394 1383; x_wconf 89' lang='lat' dir='ltr'>cum</span> 
     </span>
     <span class='ocr_line' id='line_1_29' title="bbox 336 1397 1396 1447; baseline 0.004 -14"><span class='ocrx_word' id='word_1_168' title='bbox 336 1397 380 1433; x_wconf 91' lang='lat' dir='ltr'>sit</span> <span class='ocrx_word' id='word_1_169' title='bbox 409 1403 510 1438; x_wconf 82' lang='lat' dir='ltr'>recta</span> <span class='ocrx_word' id='word_1_170' title='bbox 538 1398 635 1435; x_wconf 86' lang='lat' dir='ltr'>ratio</span> <span class='ocrx_word' id='word_1_171' title='bbox 663 1397 873 1447; x_wconf 79' lang='lat' dir='ltr'>agibilium,</span> <span class='ocrx_word' id='word_1_172' title='bbox 893 1405 935 1434; x_wconf 91' lang='lat' dir='ltr'>ut</span> <span class='ocrx_word' id='word_1_173' title='bbox 958 1397 1093 1438; x_wconf 86' lang='lat' dir='ltr'>dicitur</span> <span class='ocrx_word' id='word_1_174' title='bbox 1112 1398 1151 1439; x_wconf 87' lang='lat' dir='ltr'>in</span> <span class='ocrx_word' id='word_1_175' title='bbox 1169 1399 1219 1435; x_wconf 90' lang='lat' dir='ltr'>VI</span> <span class='ocrx_word' id='word_1_176' title='bbox 1239 1400 1359 1439; x_wconf 87' lang='lat' dir='ltr'>Ethic.</span> <span class='ocrx_word' id='word_1_177' title='bbox 1376 1399 1396 1422; x_wconf 79' lang='lat'>’¹‘</span> 
     </span>
     <span class='ocr_line' id='line_1_30' title="bbox 332 1449 1395 1500; baseline 0.003 -13"><span class='ocrx_word' id='word_1_178' title='bbox 332 1450 400 1491; x_wconf 82' lang='lat' dir='ltr'>Est</span> <span class='ocrx_word' id='word_1_179' title='bbox 419 1449 532 1491; x_wconf 84' lang='lat' dir='ltr'>etiam</span> <span class='ocrx_word' id='word_1_180' title='bbox 559 1450 598 1488; x_wconf 87' lang='lat' dir='ltr'>in</span> <span class='ocrx_word' id='word_1_181' title='bbox 621 1450 835 1497; x_wconf 72' lang='lat' dir='ltr'>voluntate:</span> <span class='ocrx_word' id='word_1_182' title='bbox 858 1450 946 1499; x_wconf 88' lang='lat' dir='ltr'>quia</span> <span class='ocrx_word' id='word_1_183' title='bbox 959 1453 1045 1488; x_wconf 70' lang='lat' dir='ltr'>&#39;non</span> <span class='ocrx_word' id='word_1_184' title='bbox 1057 1458 1184 1500; x_wconf 89' lang='lat' dir='ltr'>potest</span> <span class='ocrx_word' id='word_1_185' title='bbox 1203 1464 1285 1489; x_wconf 89' lang='lat' dir='ltr'>esse</span> <span class='ocrx_word' id='word_1_186' title='bbox 1306 1465 1395 1491; x_wconf 89' lang='lat' dir='ltr'>cum</span> 
     </span>
     <span class='ocr_line' id='line_1_31' title="bbox 331 1503 1394 1553; baseline 0.001 -12"><span class='ocrx_word' id='word_1_187' title='bbox 331 1504 528 1544; x_wconf 84' lang='lat' dir='ltr'>voluntate</span> <span class='ocrx_word' id='word_1_188' title='bbox 553 1515 751 1553; x_wconf 83' lang='lat' dir='ltr'>perversa,</span> <span class='ocrx_word' id='word_1_189' title='bbox 780 1511 822 1541; x_wconf 93' lang='lat' dir='ltr'>ut</span> <span class='ocrx_word' id='word_1_190' title='bbox 848 1503 887 1545; x_wconf 72' lang='lat' dir='ltr'>in</span> <span class='ocrx_word' id='word_1_191' title='bbox 917 1504 1056 1546; x_wconf 84' lang='lat' dir='ltr'>eodem</span> <span class='ocrx_word' id='word_1_192' title='bbox 1084 1504 1177 1545; x_wconf 81' lang='lat' dir='ltr'>libro</span> <span class='ocrx_word' id='word_1_193' title='bbox 1198 1503 1218 1526; x_wconf 70' lang='lat'>’¹‘</span> <span class='ocrx_word' id='word_1_194' title='bbox 1247 1504 1394 1546; x_wconf 86' lang='lat' dir='ltr'>dicitur.</span> 
     </span>
     <span class='ocr_line' id='line_1_32' title="bbox 331 1556 1390 1606; baseline 0.003 -13"><span class='ocrx_word' id='word_1_195' title='bbox 331 1557 435 1604; x_wconf 82' lang='lat' dir='ltr'>Ergo</span> <span class='ocrx_word' id='word_1_196' title='bbox 461 1568 540 1595; x_wconf 88' lang='lat' dir='ltr'>una</span> <span class='ocrx_word' id='word_1_197' title='bbox 558 1556 676 1597; x_wconf 85' lang='lat' dir='ltr'>virtus</span> <span class='ocrx_word' id='word_1_198' title='bbox 696 1563 821 1605; x_wconf 85' lang='lat' dir='ltr'>potest</span> <span class='ocrx_word' id='word_1_199' title='bbox 840 1569 922 1595; x_wconf 88' lang='lat' dir='ltr'>esse</span> <span class='ocrx_word' id='word_1_200' title='bbox 942 1562 957 1584; x_wconf 76' lang='grc' dir='ltr'>Υ</span> <span class='ocrx_word' id='word_1_201' title='bbox 977 1557 1016 1595; x_wconf 89' lang='lat' dir='ltr'>in</span> <span class='ocrx_word' id='word_1_202' title='bbox 1037 1557 1184 1597; x_wconf 86' lang='lat' dir='ltr'>duabus</span> <span class='ocrx_word' id='word_1_203' title='bbox 1202 1558 1390 1606; x_wconf 80' lang='lat' dir='ltr'>potentiis.</span> 
     </span>
    </p>

    <p class='ocr_par' dir='ltr' id='par_1_16' title="bbox 331 1607 1395 1817">
     <span class='ocr_line' id='line_1_33' title="bbox 386 1607 1395 1659; baseline 0.002 -13"><span class='ocrx_word' id='word_1_204' title='bbox 386 1610 459 1646; x_wconf 84' lang='lat' dir='ltr'>SED</span> <span class='ocrx_word' id='word_1_205' title='bbox 480 1621 646 1657; x_wconf 81' lang='lat' dir='ltr'>CONTRA,</span> <span class='ocrx_word' id='word_1_206' title='bbox 663 1607 784 1647; x_wconf 79' lang='lat' dir='ltr'>&#39;virtus</span> <span class='ocrx_word' id='word_1_207' title='bbox 806 1617 860 1647; x_wconf 91' lang='lat' dir='ltr'>est</span> <span class='ocrx_word' id='word_1_208' title='bbox 878 1610 917 1647; x_wconf 91' lang='lat' dir='ltr'>in</span> <span class='ocrx_word' id='word_1_209' title='bbox 936 1609 1104 1659; x_wconf 86' lang='lat' dir='ltr'>potentia</span> <span class='ocrx_word' id='word_1_210' title='bbox 1124 1609 1273 1650; x_wconf 86' lang='lat' dir='ltr'>animae</span> <span class='ocrx_word' id='word_1_211' title='bbox 1299 1611 1395 1648; x_wconf 90' lang='lat' dir='ltr'>sicut</span> 
     </span>
     <span class='ocr_line' id='line_1_34' title="bbox 331 1661 1394 1711; baseline 0.003 -13"><span class='ocrx_word' id='word_1_212' title='bbox 331 1662 369 1699; x_wconf 89' lang='lat' dir='ltr'>in</span> <span class='ocrx_word' id='word_1_213' title='bbox 398 1662 579 1704; x_wconf 84' lang='lat' dir='ltr'>subiecto.</span> <span class='ocrx_word' id='word_1_214' title='bbox 611 1662 689 1703; x_wconf 84' lang='lat' dir='ltr'>Sed</span> <span class='ocrx_word' id='word_1_215' title='bbox 715 1661 820 1704; x_wconf 78' lang='lat' dir='ltr'>idem</span> <span class='ocrx_word' id='word_1_216' title='bbox 849 1662 1024 1703; x_wconf 82' lang='lat' dir='ltr'>accidens</span> <span class='ocrx_word' id='word_1_217' title='bbox 1051 1675 1131 1700; x_wconf 90' lang='lat' dir='ltr'>non</span> <span class='ocrx_word' id='word_1_218' title='bbox 1158 1671 1284 1711; x_wconf 91' lang='lat' dir='ltr'>potest</span> <span class='ocrx_word' id='word_1_219' title='bbox 1312 1677 1394 1701; x_wconf 89' lang='lat' dir='ltr'>esse</span> 
     </span>
     <span class='ocr_line' id='line_1_35' title="bbox 331 1715 1395 1765; baseline 0.003 -14"><span class='ocrx_word' id='word_1_220' title='bbox 331 1715 369 1751; x_wconf 91' lang='lat' dir='ltr'>in</span> <span class='ocrx_word' id='word_1_221' title='bbox 397 1715 569 1764; x_wconf 76' lang='lat' dir='ltr'>pluribus</span> <span class='ocrx_word' id='word_1_222' title='bbox 591 1715 785 1754; x_wconf 78' lang='lat' dir='ltr'>subiectis.</span> <span class='ocrx_word' id='word_1_223' title='bbox 816 1715 918 1765; x_wconf 85' lang='lat' dir='ltr'>Ergo</span> <span class='ocrx_word' id='word_1_224' title='bbox 938 1728 1016 1752; x_wconf 90' lang='lat' dir='ltr'>una</span> <span class='ocrx_word' id='word_1_225' title='bbox 1034 1715 1154 1753; x_wconf 89' lang='lat' dir='ltr'>virtus</span> <span class='ocrx_word' id='word_1_226' title='bbox 1173 1729 1252 1755; x_wconf 87' lang='lat' dir='ltr'>non</span> <span class='ocrx_word' id='word_1_227' title='bbox 1269 1724 1395 1765; x_wconf 89' lang='lat' dir='ltr'>potest</span> 
     </span>
     <span class='ocr_line' id='line_1_36' title="bbox 331 1766 1072 1817; baseline 0.001 -13"><span class='ocrx_word' id='word_1_228' title='bbox 331 1780 412 1807; x_wconf 85' lang='lat' dir='ltr'>esse</span> <span class='ocrx_word' id='word_1_229' title='bbox 439 1768 478 1805; x_wconf 92' lang='lat' dir='ltr'>in</span> <span class='ocrx_word' id='word_1_230' title='bbox 506 1768 676 1816; x_wconf 89' lang='lat' dir='ltr'>pluribus</span> <span class='ocrx_word' id='word_1_231' title='bbox 704 1766 881 1817; x_wconf 77' lang='lat' dir='ltr'>potentiis</span> <span class='ocrx_word' id='word_1_232' title='bbox 910 1768 1072 1805; x_wconf 90' lang='lat' dir='ltr'>animae.</span> 
     </span>
    </p>

    <p class='ocr_par' dir='ltr' id='par_1_17' title="bbox 329 1820 1393 1979">
     <span class='ocr_line' id='line_1_37' title="bbox 383 1820 1393 1870; baseline -0.002 -10"><span class='ocrx_word' id='word_1_233' title='bbox 383 1821 607 1862; x_wconf 74' lang='lat' dir='ltr'>RESPONDEO</span> <span class='ocrx_word' id='word_1_234' title='bbox 636 1832 819 1858; x_wconf 83' lang='lat' dir='ltr'>DICENDUM</span> <span class='ocrx_word' id='word_1_235' title='bbox 845 1821 951 1870; x_wconf 86' lang='lat' dir='ltr'>quod</span> <span class='ocrx_word' id='word_1_236' title='bbox 974 1820 1115 1869; x_wconf 86' lang='lat' dir='ltr'>aliquid</span> <span class='ocrx_word' id='word_1_237' title='bbox 1137 1833 1217 1861; x_wconf 88' lang='lat' dir='ltr'>esse</span> <span class='ocrx_word' id='word_1_238' title='bbox 1238 1821 1277 1858; x_wconf 91' lang='lat' dir='ltr'>in</span> <span class='ocrx_word' id='word_1_239' title='bbox 1297 1821 1393 1859; x_wconf 90' lang='lat' dir='ltr'>duo-</span> 
     </span>
     <span class='ocr_line' id='line_1_38' title="bbox 329 1870 1393 1923; baseline 0.001 -13"><span class='ocrx_word' id='word_1_240' title='bbox 329 1873 412 1921; x_wconf 90' lang='lat' dir='ltr'>bus,</span> <span class='ocrx_word' id='word_1_241' title='bbox 443 1870 623 1921; x_wconf 81' lang='lat' dir='ltr'>contingit</span> <span class='ocrx_word' id='word_1_242' title='bbox 652 1873 862 1923; x_wconf 84' lang='lat' dir='ltr'>dupliciter.</span> <span class='ocrx_word' id='word_1_243' title='bbox 887 1873 974 1913; x_wconf 91' lang='lat' dir='ltr'>Uno</span> <span class='ocrx_word' id='word_1_244' title='bbox 995 1874 1126 1920; x_wconf 84' lang='lat' dir='ltr'>modo,</span> <span class='ocrx_word' id='word_1_245' title='bbox 1149 1873 1201 1910; x_wconf 90' lang='lat' dir='ltr'>sic</span> <span class='ocrx_word' id='word_1_246' title='bbox 1221 1875 1327 1922; x_wconf 90' lang='lat' dir='ltr'>quod</span> <span class='ocrx_word' id='word_1_247' title='bbox 1348 1886 1393 1913; x_wconf 84' lang='lat' dir='ltr'>ex</span> 
     </span>
     <span class='ocr_line' id='line_1_39' title="bbox 329 1923 1392 1979; baseline 0.001 -16"><span class='ocrx_word' id='word_1_248' title='bbox 329 1923 452 1979; x_wconf 83' lang='lat' dir='ltr'>aequo</span> <span class='ocrx_word' id='word_1_249' title='bbox 473 1927 518 1964; x_wconf 87' lang='lat' dir='ltr'>sit</span> <span class='ocrx_word' id='word_1_250' title='bbox 545 1925 588 1965; x_wconf 48' lang='lat' dir='ltr'>in‘</span> <span class='ocrx_word' id='word_1_251' title='bbox 611 1934 784 1976; x_wconf 85' lang='lat' dir='ltr'>utroque.</span> <span class='ocrx_word' id='word_1_252' title='bbox 806 1927 855 1966; x_wconf 87' lang='lat' dir='ltr'>Et</span> <span class='ocrx_word' id='word_1_253' title='bbox 875 1925 927 1967; x_wconf 83' lang='lat' dir='ltr'>sic</span> <span class='ocrx_word' id='word_1_254' title='bbox 947 1926 1180 1976; x_wconf 85' lang='lat' dir='ltr'>impossibile</span> <span class='ocrx_word' id='word_1_255' title='bbox 1202 1935 1256 1965; x_wconf 89' lang='lat' dir='ltr'>est</span> <span class='ocrx_word' id='word_1_256' title='bbox 1274 1939 1392 1964; x_wconf 87' lang='lat' dir='ltr'>unam</span> 
     </span>
    </p>
   </div>
   <div class='ocr_carea' id='block_1_14' title="bbox 382 2040 1389 2110">
    <p class='ocr_par' dir='ltr' id='par_1_18' title="bbox 382 2040 1389 2110">
     <span class='ocr_line' id='line_1_40' title="bbox 382 2040 1138 2075; baseline -0.001 -9"><span class='ocrx_word' id='word_1_257' title='bbox 382 2043 408 2075; x_wconf 88' lang='grc' dir='ltr'>α)</span> <span class='ocrx_word' id='word_1_258' title='bbox 429 2046 458 2067; x_wconf 86' lang='lat' dir='ltr'>ut</span> <span class='ocrx_word' id='word_1_259' title='bbox 476 2049 492 2066; x_wconf 83' lang='lat' dir='ltr'>a</span> <span class='ocrx_word' id='word_1_260' title='bbox 513 2041 653 2075; x_wconf 54' lang='lat' dir='ltr'>dirigente.</span> <span class='ocrx_word' id='word_1_261' title='bbox 667 2055 685 2059; x_wconf 92' lang='lat'>-</span> <span class='ocrx_word' id='word_1_262' title='bbox 705 2040 837 2074; x_wconf 82' lang='lat' dir='ltr'>dirigente</span> <span class='ocrx_word' id='word_1_263' title='bbox 856 2041 888 2070; x_wconf 85' lang='lat' dir='ltr'>H,</span> <span class='ocrx_word' id='word_1_264' title='bbox 909 2043 938 2064; x_wconf 84' lang='lat' dir='ltr'>ut</span> <span class='ocrx_word' id='word_1_265' title='bbox 958 2040 1091 2072; x_wconf 80' lang='lat' dir='ltr'>dirigente</span> <span class='ocrx_word' id='word_1_266' title='bbox 1110 2041 1138 2065; x_wconf 90' lang='lat' dir='ltr'>P.</span> 
     </span>
     <span class='ocr_line' id='line_1_41' title="bbox 382 2076 1389 2110; baseline -0.001 -8"><span class='ocrx_word' id='word_1_267' title='bbox 382 2076 406 2110; x_wconf 83' lang='grc' dir='ltr'>β)</span> <span class='ocrx_word' id='word_1_268' title='bbox 427 2078 532 2102; x_wconf 79' lang='lat' dir='ltr'>scilicet.</span> <span class='ocrx_word' id='word_1_269' title='bbox 546 2091 563 2095; x_wconf 95' lang='lat'>—</span> <span class='ocrx_word' id='word_1_270' title='bbox 577 2077 637 2100; x_wconf 86' lang='lat' dir='ltr'>Om.</span> <span class='ocrx_word' id='word_1_271' title='bbox 657 2076 766 2100; x_wconf 78' lang='lat' dir='ltr'>codices.</span> <span class='ocrx_word' id='word_1_272' title='bbox 780 2089 798 2094; x_wconf 89' lang='lat'>-</span> <span class='ocrx_word' id='word_1_273' title='bbox 810 2076 888 2099; x_wconf 83' lang='lat' dir='ltr'>Iidem</span> <span class='ocrx_word' id='word_1_274' title='bbox 904 2080 965 2108; x_wconf 84' lang='lat' dir='ltr'>post</span> <span class='ocrx_word' id='word_1_275' title='bbox 978 2076 1085 2100; x_wconf 76' lang='lat' dir='ltr'>alterum</span> <span class='ocrx_word' id='word_1_276' title='bbox 1099 2076 1164 2100; x_wconf 83' lang='lat' dir='ltr'>velle</span> <span class='ocrx_word' id='word_1_277' title='bbox 1178 2076 1275 2100; x_wconf 84' lang='lat' dir='ltr'>addunt</span> <span class='ocrx_word' id='word_1_278' title='bbox 1289 2079 1389 2101; x_wconf 85' lang='lat' dir='ltr'>autem.</span> 
     </span>
    </p>
   </div>
   <div class='ocr_carea' id='block_1_15' title="bbox 1418 1520 1421 2097">
    <p class='ocr_par' dir='ltr' id='par_1_19' title="bbox 1418 1520 1421 2097">
     <span class='ocr_line' id='line_1_42' title="bbox 1418 1520 1421 2097; baseline 0 0"><span class='ocrx_word' id='word_1_279' title='bbox 1418 1520 1421 2097; x_wconf 95' lang='lat' dir='ltr'> </span> 
     </span>
    </p>
   </div>
   <div class='ocr_carea' id='block_1_16' title="bbox 1446 608 2552 1821">
    <p class='ocr_par' dir='ltr' id='par_1_20' title="bbox 1447 608 2552 910">
     <span class='ocr_line' id='line_1_43' title="bbox 1447 608 2509 664; baseline 0.008 -20"><span class='ocrx_word' id='word_1_280' title='bbox 1447 608 1627 646; x_wconf 88' lang='lat' dir='ltr'>virtutem</span> <span class='ocrx_word' id='word_1_281' title='bbox 1657 621 1739 646; x_wconf 90' lang='lat' dir='ltr'>esse</span> <span class='ocrx_word' id='word_1_282' title='bbox 1758 610 1796 646; x_wconf 89' lang='lat' dir='ltr'>in</span> <span class='ocrx_word' id='word_1_283' title='bbox 1817 610 1965 648; x_wconf 88' lang='lat' dir='ltr'>duabus</span> <span class='ocrx_word' id='word_1_284' title='bbox 1983 615 2178 661; x_wconf 90' lang='lat' dir='ltr'>potentiis:</span> <span class='ocrx_word' id='word_1_285' title='bbox 2205 616 2293 664; x_wconf 88' lang='lat' dir='ltr'>quia</span> <span class='ocrx_word' id='word_1_286' title='bbox 2313 616 2509 653; x_wconf 87' lang='lat' dir='ltr'>diversitas</span> 
     </span>
     <span class='ocr_line' id='line_1_44' title="bbox 1447 661 2510 715; baseline 0.009 -19"><span class='ocrx_word' id='word_1_287' title='bbox 1447 661 1703 710; x_wconf 89' lang='lat' dir='ltr'>potentiarum</span> <span class='ocrx_word' id='word_1_288' title='bbox 1733 664 1934 700; x_wconf 89' lang='lat' dir='ltr'>attenditur</span> <span class='ocrx_word' id='word_1_289' title='bbox 1961 666 2174 703; x_wconf 91' lang='lat' dir='ltr'>secundum</span> <span class='ocrx_word' id='word_1_290' title='bbox 2202 669 2398 715; x_wconf 87' lang='lat' dir='ltr'>generales</span> <span class='ocrx_word' id='word_1_291' title='bbox 2420 681 2510 706; x_wconf 90' lang='lat' dir='ltr'>con-</span> 
     </span>
     <span class='ocr_line' id='line_1_45' title="bbox 1449 713 2508 763; baseline 0.009 -14"><span class='ocrx_word' id='word_1_292' title='bbox 1449 713 1608 750; x_wconf 89' lang='lat' dir='ltr'>ditiones</span> <span class='ocrx_word' id='word_1_293' title='bbox 1638 715 1897 763; x_wconf 88' lang='lat' dir='ltr'>obiectorum,</span> <span class='ocrx_word' id='word_1_294' title='bbox 1928 716 2124 755; x_wconf 85' lang='lat' dir='ltr'>diversitas</span> <span class='ocrx_word' id='word_1_295' title='bbox 2152 727 2280 758; x_wconf 88' lang='lat' dir='ltr'>autem</span> <span class='ocrx_word' id='word_1_296' title='bbox 2308 721 2508 758; x_wconf 88' lang='lat' dir='ltr'>habituum</span> 
     </span>
     <span class='ocr_line' id='line_1_46' title="bbox 1448 767 2552 822; baseline 0.008 -20"><span class='ocrx_word' id='word_1_297' title='bbox 1448 767 1657 804; x_wconf 89' lang='lat' dir='ltr'>secundum</span> <span class='ocrx_word' id='word_1_298' title='bbox 1687 767 1886 816; x_wconf 89' lang='lat' dir='ltr'>speciales;</span> <span class='ocrx_word' id='word_1_299' title='bbox 1916 769 2019 806; x_wconf 84' lang='lat' dir='ltr'>unde</span> <span class='ocrx_word' id='word_1_300' title='bbox 2046 771 2280 822; x_wconf 86' lang='lat' dir='ltr'>ubicumque</span> <span class='ocrx_word' id='word_1_301' title='bbox 2307 781 2363 811; x_wconf 86' lang='lat' dir='ltr'>est</span> <span class='ocrx_word' id='word_1_302' title='bbox 2387 774 2509 814; x_wconf 80' lang='lat' dir='ltr'>diver·-</span> <span class='ocrx_word' id='word_1_303' title='bbox 2542 787 2552 792; x_wconf 62' lang='grc'><em>”</em></span> 
     </span>
     <span class='ocr_line' id='line_1_47' title="bbox 1448 819 2509 875; baseline 0.009 -20"><span class='ocrx_word' id='word_1_304' title='bbox 1448 819 1535 856; x_wconf 91' lang='lat' dir='ltr'>sitas</span> <span class='ocrx_word' id='word_1_305' title='bbox 1568 820 1843 868; x_wconf 88' lang='lat' dir='ltr'>potentiarum,</span> <span class='ocrx_word' id='word_1_306' title='bbox 1874 829 1930 859; x_wconf 92' lang='lat' dir='ltr'>est</span> <span class='ocrx_word' id='word_1_307' title='bbox 1962 822 2158 860; x_wconf 84' lang='lat' dir='ltr'>diversitas</span> <span class='ocrx_word' id='word_1_308' title='bbox 2191 825 2410 875; x_wconf 74' lang='lat' dir='ltr'>habituum,</span> <span class='ocrx_word' id='word_1_309' title='bbox 2441 827 2509 864; x_wconf 78' lang='lat' dir='ltr'>sed</span> 
     </span>
     <span class='ocr_line' id='line_1_48' title="bbox 1448 880 1800 910; baseline 0.006 -2"><span class='ocrx_word' id='word_1_310' title='bbox 1448 884 1526 909; x_wconf 90' lang='lat' dir='ltr'>non</span> <span class='ocrx_word' id='word_1_311' title='bbox 1557 880 1800 910; x_wconf 79' lang='lat' dir='ltr'>convertitur.</span> 
     </span>
    </p>

    <p class='ocr_par' dir='ltr' id='par_1_21' title="bbox 1446 925 2508 1342">
     <span class='ocr_line' id='line_1_49' title="bbox 1500 925 2507 976; baseline 0.009 -16"><span class='ocrx_word' id='word_1_312' title='bbox 1500 925 1587 961; x_wconf 90' lang='lat' dir='ltr'>Alio</span> <span class='ocrx_word' id='word_1_313' title='bbox 1617 926 1735 962; x_wconf 92' lang='lat' dir='ltr'>modo</span> <span class='ocrx_word' id='word_1_314' title='bbox 1764 934 1889 975; x_wconf 90' lang='lat' dir='ltr'>potest</span> <span class='ocrx_word' id='word_1_315' title='bbox 1923 939 2005 964; x_wconf 87' lang='lat' dir='ltr'>esse</span> <span class='ocrx_word' id='word_1_316' title='bbox 2038 928 2179 976; x_wconf 89' lang='lat' dir='ltr'>aliquid</span> <span class='ocrx_word' id='word_1_317' title='bbox 2207 929 2246 967; x_wconf 91' lang='lat' dir='ltr'>in</span> <span class='ocrx_word' id='word_1_318' title='bbox 2269 932 2421 969; x_wconf 91' lang='lat' dir='ltr'>duobus</span> <span class='ocrx_word' id='word_1_319' title='bbox 2445 933 2507 969; x_wconf 90' lang='lat' dir='ltr'>vel</span> 
     </span>
     <span class='ocr_line' id='line_1_50' title="bbox 1447 977 2508 1031; baseline 0.008 -18"><span class='ocrx_word' id='word_1_320' title='bbox 1447 977 1630 1025; x_wconf 85' lang='lat' dir='ltr'>pluribus,</span> <span class='ocrx_word' id='word_1_321' title='bbox 1652 990 1731 1014; x_wconf 92' lang='lat' dir='ltr'>non</span> <span class='ocrx_word' id='word_1_322' title='bbox 1751 991 1797 1015; x_wconf 84' lang='lat' dir='ltr'>ex</span> <span class='ocrx_word' id='word_1_323' title='bbox 1815 991 1953 1027; x_wconf 84' lang='lat' dir='ltr'>aequo,</span> <span class='ocrx_word' id='word_1_324' title='bbox 1975 981 2043 1018; x_wconf 91' lang='lat' dir='ltr'>sed</span> <span class='ocrx_word' id='word_1_325' title='bbox 2063 981 2196 1018; x_wconf 89' lang='lat' dir='ltr'>ordine</span> <span class='ocrx_word' id='word_1_326' title='bbox 2223 983 2393 1031; x_wconf 83' lang='lat' dir='ltr'>quodam</span> <span class='ocrx_word' id='word_1_327' title='bbox 2406 984 2437 1021; x_wconf 78' lang='lat'>¹¹⁸.</span> <span class='ocrx_word' id='word_1_328' title='bbox 2459 986 2508 1022; x_wconf 92' lang='lat' dir='ltr'>Et</span> 
     </span>
     <span class='ocr_line' id='line_1_51' title="bbox 1448 1029 2507 1086; baseline 0.009 -21"><span class='ocrx_word' id='word_1_329' title='bbox 1448 1029 1501 1066; x_wconf 92' lang='lat' dir='ltr'>sic</span> <span class='ocrx_word' id='word_1_330' title='bbox 1529 1042 1605 1066; x_wconf 90' lang='lat' dir='ltr'>una</span> <span class='ocrx_word' id='word_1_331' title='bbox 1632 1030 1751 1067; x_wconf 85' lang='lat' dir='ltr'>virtus</span> <span class='ocrx_word' id='word_1_332' title='bbox 1778 1032 1966 1079; x_wconf 90' lang='lat' dir='ltr'>pertinere</span> <span class='ocrx_word' id='word_1_333' title='bbox 1995 1040 2119 1081; x_wconf 89' lang='lat' dir='ltr'>potest</span> <span class='ocrx_word' id='word_1_334' title='bbox 2143 1035 2192 1071; x_wconf 86' lang='lat' dir='ltr'>ad</span> <span class='ocrx_word' id='word_1_335' title='bbox 2219 1036 2346 1084; x_wconf 87' lang='lat' dir='ltr'>plures</span> <span class='ocrx_word' id='word_1_336' title='bbox 2374 1045 2507 1086; x_wconf 92' lang='lat' dir='ltr'>poten-</span> 
     </span>
     <span class='ocr_line' id='line_1_52' title="bbox 1447 1082 2507 1135; baseline 0.008 -17"><span class='ocrx_word' id='word_1_337' title='bbox 1447 1082 1534 1128; x_wconf 90' lang='lat' dir='ltr'>tias;</span> <span class='ocrx_word' id='word_1_338' title='bbox 1564 1082 1614 1119; x_wconf 89' lang='lat' dir='ltr'>ita</span> <span class='ocrx_word' id='word_1_339' title='bbox 1640 1083 1745 1131; x_wconf 91' lang='lat' dir='ltr'>quod</span> <span class='ocrx_word' id='word_1_340' title='bbox 1764 1083 1803 1120; x_wconf 89' lang='lat' dir='ltr'>in</span> <span class='ocrx_word' id='word_1_341' title='bbox 1821 1096 1899 1121; x_wconf 91' lang='lat' dir='ltr'>una</span> <span class='ocrx_word' id='word_1_342' title='bbox 1918 1084 1963 1121; x_wconf 89' lang='lat' dir='ltr'>sit</span> <span class='ocrx_word' id='word_1_343' title='bbox 1983 1085 2246 1135; x_wconf 89' lang='lat' dir='ltr'>principaliter,</span> <span class='ocrx_word' id='word_1_344' title='bbox 2267 1096 2304 1125; x_wconf 91' lang='lat' dir='ltr'>et</span> <span class='ocrx_word' id='word_1_345' title='bbox 2322 1101 2362 1125; x_wconf 91' lang='lat' dir='ltr'>se</span> <span class='ocrx_word' id='word_1_346' title='bbox 2383 1097 2507 1127; x_wconf 83' lang='lat' dir='ltr'>exten-</span> 
     </span>
     <span class='ocr_line' id='line_1_53' title="bbox 1447 1134 2507 1189; baseline 0.008 -18"><span class='ocrx_word' id='word_1_347' title='bbox 1447 1134 1512 1172; x_wconf 90' lang='lat' dir='ltr'>dat</span> <span class='ocrx_word' id='word_1_348' title='bbox 1526 1135 1577 1173; x_wconf 90' lang='lat' dir='ltr'>ad</span> <span class='ocrx_word' id='word_1_349' title='bbox 1591 1135 1681 1175; x_wconf 82' lang='lat' dir='ltr'>alias</span> <span class='ocrx_word' id='word_1_350' title='bbox 1695 1147 1764 1184; x_wconf 90' lang='lat' dir='ltr'>per</span> <span class='ocrx_word' id='word_1_351' title='bbox 1779 1137 1940 1174; x_wconf 90' lang='lat' dir='ltr'>modum</span> <span class='ocrx_word' id='word_1_352' title='bbox 1957 1138 2179 1187; x_wconf 83' lang='lat' dir='ltr'>diffusionis,</span> <span class='ocrx_word' id='word_1_353' title='bbox 2190 1141 2253 1177; x_wconf 90' lang='lat' dir='ltr'>vel</span> <span class='ocrx_word' id='word_1_354' title='bbox 2261 1153 2331 1189; x_wconf 92' lang='lat' dir='ltr'>per</span> <span class='ocrx_word' id='word_1_355' title='bbox 2345 1142 2507 1179; x_wconf 87' lang='lat' dir='ltr'>modurn</span> 
     </span>
     <span class='ocr_line' id='line_1_54' title="bbox 1448 1187 2507 1242; baseline 0.008 -19"><span class='ocrx_word' id='word_1_356' title='bbox 1448 1187 1722 1237; x_wconf 85' lang='lat' dir='ltr'>dispositionis;</span> <span class='ocrx_word' id='word_1_357' title='bbox 1752 1190 1964 1227; x_wconf 87' lang='lat' dir='ltr'>secundum</span> <span class='ocrx_word' id='word_1_358' title='bbox 1994 1192 2100 1240; x_wconf 90' lang='lat' dir='ltr'>quod</span> <span class='ocrx_word' id='word_1_359' title='bbox 2127 1205 2203 1229; x_wconf 92' lang='lat' dir='ltr'>una</span> <span class='ocrx_word' id='word_1_360' title='bbox 2229 1193 2399 1242; x_wconf 88' lang='lat' dir='ltr'>potentia</span> <span class='ocrx_word' id='word_1_361' title='bbox 2425 1207 2507 1232; x_wconf 91' lang='lat' dir='ltr'>mo-</span> 
     </span>
     <span class='ocr_line' id='line_1_55' title="bbox 1446 1241 2508 1296; baseline 0.008 -20"><span class='ocrx_word' id='word_1_362' title='bbox 1446 1247 1557 1277; x_wconf 85' lang='lat' dir='ltr'>vetur</span> <span class='ocrx_word' id='word_1_363' title='bbox 1585 1241 1634 1277; x_wconf 85' lang='lat' dir='ltr'>ab</span> <span class='ocrx_word' id='word_1_364' title='bbox 1662 1241 1753 1289; x_wconf 88' lang='lat' dir='ltr'>alia,</span> <span class='ocrx_word' id='word_1_365' title='bbox 1784 1249 1820 1279; x_wconf 87' lang='lat' dir='ltr'>et</span> <span class='ocrx_word' id='word_1_366' title='bbox 1847 1243 2060 1290; x_wconf 82' lang='lat' dir='ltr'>secundum</span> <span class='ocrx_word' id='word_1_367' title='bbox 2093 1245 2197 1294; x_wconf 92' lang='lat' dir='ltr'>quod</span> <span class='ocrx_word' id='word_1_368' title='bbox 2229 1258 2306 1283; x_wconf 90' lang='lat' dir='ltr'>una</span> <span class='ocrx_word' id='word_1_369' title='bbox 2340 1248 2508 1296; x_wconf 89' lang='lat' dir='ltr'>potentia</span> 
     </span>
     <span class='ocr_line' id='line_1_56' title="bbox 1448 1293 2474 1342; baseline 0.008 -12"><span class='ocrx_word' id='word_1_370' title='bbox 1448 1293 1582 1342; x_wconf 91' lang='lat' dir='ltr'>accipit</span> <span class='ocrx_word' id='word_1_371' title='bbox 1610 1294 1658 1330; x_wconf 85' lang='lat' dir='ltr'>ab</span> <span class='ocrx_word' id='word_1_372' title='bbox 1687 1295 1770 1332; x_wconf 88' lang='lat' dir='ltr'>alia.</span> <span class='ocrx_word' id='word_1_373' title='bbox 2471 1299 2474 1302; x_wconf 80' lang='grc'><strong>’</strong></span> 
     </span>
    </p>

    <p class='ocr_par' dir='ltr' id='par_1_22' title="bbox 1446 1347 2507 1556">
     <span class='ocr_line' id='line_1_57' title="bbox 1500 1347 2507 1399; baseline 0.008 -17"><span class='ocrx_word' id='word_1_374' title='bbox 1500 1347 1559 1383; x_wconf 82' lang='lat' dir='ltr'>An</span> <span class='ocrx_word' id='word_1_375' title='bbox 1579 1358 1716 1384; x_wconf 76' lang='lat' dir='ltr'>PRIMUM</span> <span class='ocrx_word' id='word_1_376' title='bbox 1736 1359 1834 1384; x_wconf 76' lang='lat' dir='ltr'>ERoo</span> <span class='ocrx_word' id='word_1_377' title='bbox 1853 1360 2038 1386; x_wconf 83' lang='lat' dir='ltr'>mcENDuM</span> <span class='ocrx_word' id='word_1_378' title='bbox 2058 1351 2162 1399; x_wconf 92' lang='lat' dir='ltr'>quod</span> <span class='ocrx_word' id='word_1_379' title='bbox 2181 1351 2285 1388; x_wconf 91' lang='lat' dir='ltr'>idem</span> <span class='ocrx_word' id='word_1_380' title='bbox 2305 1359 2409 1389; x_wconf 90' lang='lat' dir='ltr'>actus</span> <span class='ocrx_word' id='word_1_381' title='bbox 2428 1365 2507 1390; x_wconf 91' lang='lat' dir='ltr'>non</span> 
     </span>
     <span class='ocr_line' id='line_1_58' title="bbox 1447 1400 2507 1455; baseline 0.008 -20"><span class='ocrx_word' id='word_1_382' title='bbox 1447 1406 1572 1451; x_wconf 86' lang='lat' dir='ltr'>potest</span> <span class='ocrx_word' id='word_1_383' title='bbox 1599 1400 1820 1451; x_wconf 77' lang='lat' dir='ltr'>aequaliter,</span> <span class='ocrx_word' id='word_1_384' title='bbox 1842 1409 1879 1438; x_wconf 88' lang='lat' dir='ltr'>et</span> <span class='ocrx_word' id='word_1_385' title='bbox 1907 1402 2045 1441; x_wconf 90' lang='lat' dir='ltr'>eodem</span> <span class='ocrx_word' id='word_1_386' title='bbox 2073 1403 2218 1452; x_wconf 88' lang='lat' dir='ltr'>ordine,</span> <span class='ocrx_word' id='word_1_387' title='bbox 2238 1404 2425 1455; x_wconf 87' lang='lat' dir='ltr'>pertinere</span> <span class='ocrx_word' id='word_1_388' title='bbox 2458 1405 2507 1444; x_wconf 89' lang='lat' dir='ltr'>ad</span> 
     </span>
     <span class='ocr_line' id='line_1_59' title="bbox 1448 1451 2506 1498; baseline 0.007 -9"><span class='ocrx_word' id='word_1_389' title='bbox 1448 1451 1618 1490; x_wconf 87' lang='lat' dir='ltr'>diversas</span> <span class='ocrx_word' id='word_1_390' title='bbox 1666 1453 1843 1493; x_wconf 83' lang='lat' dir='ltr'>otentias:</span> <span class='ocrx_word' id='word_1_391' title='bbox 1873 1454 1941 1492; x_wconf 89' lang='lat' dir='ltr'>sed</span> <span class='ocrx_word' id='word_1_392' title='bbox 1969 1457 2181 1497; x_wconf 86' lang='lat' dir='ltr'>secundum</span> <span class='ocrx_word' id='word_1_393' title='bbox 2202 1457 2372 1497; x_wconf 82' lang='lat' dir='ltr'>diversas</span> <span class='ocrx_word' id='word_1_394' title='bbox 2395 1457 2506 1498; x_wconf 79' lang='lat' dir='ltr'>ratio-</span> 
     </span>
     <span class='ocr_line' id='line_1_60' title="bbox 1446 1505 2405 1556; baseline 0.005 -15"><span class='ocrx_word' id='word_1_395' title='bbox 1446 1517 1527 1552; x_wconf 90' lang='lat' dir='ltr'>nes,</span> <span class='ocrx_word' id='word_1_396' title='bbox 1557 1512 1595 1542; x_wconf 89' lang='lat' dir='ltr'>et</span> <span class='ocrx_word' id='word_1_397' title='bbox 1649 1505 1774 1546; x_wconf 84' lang='lat' dir='ltr'>iverso</span> <span class='ocrx_word' id='word_1_398' title='bbox 1804 1506 1936 1547; x_wconf 90' lang='lat' dir='ltr'>ordine</span> <span class='ocrx_word' id='word_1_399' title='bbox 1954 1507 1984 1544; x_wconf 69' lang='lat'>²¹³.</span> <span class='ocrx_word' id='word_1_400' title='bbox 2403 1554 2405 1556; x_wconf 21' lang='grc' dir='ltr'>Ι</span> 
     </span>
    </p>

    <p class='ocr_par' dir='ltr' id='par_1_23' title="bbox 1446 1559 2510 1768">
     <span class='ocr_line' id='line_1_61' title="bbox 1499 1559 2508 1611; baseline 0.006 -16"><span class='ocrx_word' id='word_1_401' title='bbox 1499 1559 1559 1597; x_wconf 80' lang='lat' dir='ltr'>An</span> <span class='ocrx_word' id='word_1_402' title='bbox 1587 1570 1777 1599; x_wconf 77' lang='lat' dir='ltr'>SECUNDUM</span> <span class='ocrx_word' id='word_1_403' title='bbox 1806 1571 1989 1597; x_wconf 78' lang='lat' dir='ltr'>mCENDUM</span> <span class='ocrx_word' id='word_1_404' title='bbox 2017 1561 2123 1608; x_wconf 91' lang='lat' dir='ltr'>quod</span> <span class='ocrx_word' id='word_1_405' title='bbox 2145 1561 2239 1599; x_wconf 82' lang='lat' dir='ltr'>scire</span> <span class='ocrx_word' id='word_1_406' title='bbox 2258 1562 2508 1611; x_wconf 80' lang='lat' dir='ltr'>praeexigitur</span> 
     </span>
     <span class='ocr_line' id='line_1_62' title="bbox 1447 1610 2507 1661; baseline 0.008 -14"><span class='ocrx_word' id='word_1_407' title='bbox 1447 1610 1495 1648; x_wconf 90' lang='lat' dir='ltr'>ad</span> <span class='ocrx_word' id='word_1_408' title='bbox 1523 1610 1701 1648; x_wconf 90' lang='lat' dir='ltr'>virtutem</span> <span class='ocrx_word' id='word_1_409' title='bbox 1729 1612 1928 1658; x_wconf 88' lang='lat' dir='ltr'>moralem,</span> <span class='ocrx_word' id='word_1_410' title='bbox 1957 1612 2184 1661; x_wconf 87' lang='lat' dir='ltr'>inquantum</span> <span class='ocrx_word' id='word_1_411' title='bbox 2210 1614 2332 1653; x_wconf 81' lang='lat' dir='ltr'>virtus</span> <span class='ocrx_word' id='word_1_412' title='bbox 2349 1615 2507 1659; x_wconf 76' lang='lat' dir='ltr'>moralis</span> 
     </span>
     <span class='ocr_line' id='line_1_63' title="bbox 1447 1664 2510 1712; baseline 0.006 -12"><span class='ocrx_word' id='word_1_413' title='bbox 1447 1671 1625 1712; x_wconf 87' lang='lat' dir='ltr'>operatur</span> <span class='ocrx_word' id='word_1_414' title='bbox 1653 1664 1865 1702; x_wconf 81' lang='lat' dir='ltr'>secundum</span> <span class='ocrx_word' id='word_1_415' title='bbox 1890 1664 2076 1703; x_wconf 88' lang='lat' dir='ltr'>rationem</span> <span class='ocrx_word' id='word_1_416' title='bbox 2102 1673 2258 1705; x_wconf 85' lang='lat' dir='ltr'>rectam.</span> <span class='ocrx_word' id='word_1_417' title='bbox 2280 1668 2357 1708; x_wconf 69' lang='lat' dir='ltr'>Sed</span> <span class='ocrx_word' id='word_1_418' title='bbox 2381 1681 2510 1712; x_wconf 72' lang='lat' dir='ltr'>essen,-</span> 
     </span>
     <span class='ocr_line' id='line_1_64' title="bbox 1446 1716 2510 1768; baseline 0.006 -16"><span class='ocrx_word' id='word_1_419' title='bbox 1446 1716 1579 1753; x_wconf 88' lang='lat' dir='ltr'>tialiter</span> <span class='ocrx_word' id='word_1_420' title='bbox 1605 1716 1643 1755; x_wconf 86' lang='lat' dir='ltr'>in</span> <span class='ocrx_word' id='word_1_421' title='bbox 1671 1717 1888 1766; x_wconf 86' lang='lat' dir='ltr'>appetendo</span> <span class='ocrx_word' id='word_1_422' title='bbox 1916 1717 2035 1755; x_wconf 90' lang='lat' dir='ltr'>virtus</span> <span class='ocrx_word' id='word_1_423' title='bbox 2064 1718 2218 1760; x_wconf 78' lang='lat' dir='ltr'>moralis</span> <span class='ocrx_word' id='word_1_424' title='bbox 2247 1720 2425 1759; x_wconf 86' lang='lat' dir='ltr'>consistit.</span> <span class='ocrx_word' id='word_1_425' title='bbox 2508 1765 2510 1768; x_wconf 13' lang='lat' dir='ltr'>y</span> 
     </span>
    </p>

    <p class='ocr_par' dir='ltr' id='par_1_24' title="bbox 1499 1770 2507 1821">
     <span class='ocr_line' id='line_1_65' title="bbox 1499 1770 2507 1821; baseline 0.006 -16"><span class='ocrx_word' id='word_1_426' title='bbox 1499 1770 1559 1806; x_wconf 84' lang='lat' dir='ltr'>AD</span> <span class='ocrx_word' id='word_1_427' title='bbox 1586 1780 1745 1806; x_wconf 79' lang='lat' dir='ltr'>TERTmM</span> <span class='ocrx_word' id='word_1_428' title='bbox 1774 1781 1959 1807; x_wconf 79' lang='lat' dir='ltr'>DICENDUM</span> <span class='ocrx_word' id='word_1_429' title='bbox 1992 1771 2099 1818; x_wconf 86' lang='lat' dir='ltr'>quod</span> <span class='ocrx_word' id='word_1_430' title='bbox 2129 1772 2331 1821; x_wconf 80' lang='lat' dir='ltr'>prudentia</span> <span class='ocrx_word' id='word_1_431' title='bbox 2359 1774 2507 1813; x_wconf 80' lang='lat' dir='ltr'>realiter</span> 
     </span>
    </p>
   </div>
   <div class='ocr_carea' id='block_1_17' title="bbox 1447 1812 2753 1877">
    <p class='ocr_par' dir='ltr' id='par_1_25' title="bbox 1447 1811 2753 1877">
     <span class='ocr_line' id='line_1_66' title="bbox 1447 1812 2753 1877; baseline -0.002 -19"><span class='ocrx_word' id='word_1_432' title='bbox 1447 1821 1558 1859; x_wconf 91' lang='lat' dir='ltr'>estin</span> <span class='ocrx_word' id='word_1_433' title='bbox 1578 1821 1724 1859; x_wconf 88' lang='lat' dir='ltr'>ratione</span> <span class='ocrx_word' id='word_1_434' title='bbox 1752 1822 1848 1860; x_wconf 86' lang='lat' dir='ltr'>sicut</span> <span class='ocrx_word' id='word_1_435' title='bbox 1866 1822 1905 1859; x_wconf 90' lang='lat' dir='ltr'>in</span> <span class='ocrx_word' id='word_1_436' title='bbox 1925 1823 2116 1863; x_wconf 88' lang='lat' dir='ltr'>subiecto:</span> <span class='ocrx_word' id='word_1_437' title='bbox 2146 1825 2215 1863; x_wconf 91' lang='lat' dir='ltr'>sed</span> <span class='ocrx_word' id='word_1_438' title='bbox 2233 1827 2507 1877; x_wconf 66' lang='lat' dir='ltr'>praesupponit</span> <span class='ocrx_word' id='word_1_439' title='bbox 2543 1819 2572 1870; x_wconf 53' lang='grc' dir='ltr'>-ζ</span> <span class='ocrx_word' id='word_1_440' title='bbox 2591 1811 2690 1849; x_wconf 36' lang='grc' dir='ltr'>ᾸἪ</span> <span class='ocrx_word' id='word_1_441' title='bbox 2718 1813 2723 1843; x_wconf 72' lang='lat' dir='ltr'>j</span> <span class='ocrx_word' id='word_1_442' title='bbox 2749 1854 2753 1856; x_wconf 87' lang='lat'>.</span> 
     </span>
    </p>
   </div>
   <div class='ocr_carea' id='block_1_18' title="bbox 1445 1874 2506 1965">
    <p class='ocr_par' dir='ltr' id='par_1_26' title="bbox 1445 1874 2506 1965">
     <span class='ocr_line' id='line_1_67' title="bbox 1445 1874 2506 1964; baseline 0.005 -51"><span class='ocrx_word' id='word_1_443' title='bbox 1445 1874 1711 1964; x_wconf 50' lang='lat' dir='ltr'>{eetsstgfiimem</span> <span class='ocrx_word' id='word_1_444' title='bbox 1746 1875 1949 1915; x_wconf 85' lang='lat' dir='ltr'>voluntatis</span> <span class='ocrx_word' id='word_1_445' title='bbox 1982 1876 2078 1917; x_wconf 88' lang='lat' dir='ltr'>sicut</span> <span class='ocrx_word' id='word_1_446' title='bbox 2108 1878 2353 1928; x_wconf 82' lang='lat' dir='ltr'>principium,</span> <span class='ocrx_word' id='word_1_447' title='bbox 2382 1887 2424 1919; x_wconf 85' lang='lat' dir='ltr'>ut</span> <span class='ocrx_word' id='word_1_448' title='bbox 2450 1880 2506 1929; x_wconf 59' lang='lat'>51²7</span> 
     </span>
     <span class='ocr_line' id='line_1_68' title="bbox 1461 1934 1715 1965; baseline 0 -1"><span class='ocrx_word' id='word_1_449' title='bbox 1461 1939 1502 1965; x_wconf 88' lang='lat' dir='ltr'>ra</span> <span class='ocrx_word' id='word_1_450' title='bbox 1586 1934 1715 1964; x_wconf 78' lang='lat' dir='ltr'>lectur.</span> 
     </span>
    </p>
   </div>
   <div class='ocr_carea' id='block_1_19' title="bbox 1498 2027 1935 2074">
    <p class='ocr_par' dir='ltr' id='par_1_27' title="bbox 1498 2027 1935 2074">
     <span class='ocr_line' id='line_1_69' title="bbox 1498 2027 1935 2074; baseline 0.002 -8"><span class='ocrx_word' id='word_1_451' title='bbox 1498 2041 1524 2074; x_wconf 92' lang='grc' dir='ltr'>γ)</span> <span class='ocrx_word' id='word_1_452' title='bbox 1540 2044 1630 2074; x_wconf 78' lang='lat' dir='ltr'>potest</span> <span class='ocrx_word' id='word_1_453' title='bbox 1648 2048 1711 2066; x_wconf 86' lang='lat' dir='ltr'>esse.</span> <span class='ocrx_word' id='word_1_454' title='bbox 1730 2055 1749 2060; x_wconf 87' lang='lat'><em>-</em></span> <span class='ocrx_word' id='word_1_455' title='bbox 1768 2045 1807 2066; x_wconf 80' lang='lat' dir='ltr'>est</span> <span class='ocrx_word' id='word_1_456' title='bbox 1826 2027 1935 2067; x_wconf 54' lang='lat' dir='ltr'>c&#39;odices.</span> 
     </span>
    </p>
   </div>
   <div class='ocr_carea' id='block_1_20' title="bbox 1284 2154 1547 2161">
    <p class='ocr_par' dir='ltr' id='par_1_28' title="bbox 1284 2154 1547 2161">
     <span class='ocr_line' id='line_1_70' title="bbox 1284 2154 1547 2161; baseline 0 1985"><span class='ocrx_word' id='word_1_457' title='bbox 1284 2154 1547 2161; x_wconf 95' lang='lat' dir='ltr'> </span> 
     </span>
    </p>
   </div>
   <div class='ocr_carea' id='block_1_21' title="bbox 780 2229 2052 2363">
    <p class='ocr_par' dir='ltr' id='par_1_29' title="bbox 780 2229 2052 2363">
     <span class='ocr_line' id='line_1_71' title="bbox 1133 2229 1704 2272; baseline 0.002 -1"><span class='ocrx_word' id='word_1_458' title='bbox 1133 2229 1449 2272; x_wconf 90' lang='lat' dir='ltr'>ARTICULUS</span> <span class='ocrx_word' id='word_1_459' title='bbox 1477 2230 1704 2272; x_wconf 88' lang='lat' dir='ltr'>TERTIUS</span> 
     </span>
     <span class='ocr_line' id='line_1_72' title="bbox 780 2329 2052 2363; baseline 0.003 -4"><span class='ocrx_word' id='word_1_460' title='bbox 780 2329 936 2360; x_wconf 86' lang='lat' dir='ltr'>UTRUM</span> <span class='ocrx_word' id='word_1_461' title='bbox 960 2329 1260 2360; x_wconf 86' lang='lat' dir='ltr'>INTELLECTUS</span> <span class='ocrx_word' id='word_1_462' title='bbox 1283 2329 1431 2361; x_wconf 59' lang='lat' dir='ltr'>Possm*</span> <span class='ocrx_word' id='word_1_463' title='bbox 1455 2330 1555 2361; x_wconf 87' lang='lat' dir='ltr'>ESSE</span> <span class='ocrx_word' id='word_1_464' title='bbox 1579 2330 1827 2362; x_wconf 77' lang='lat' dir='ltr'>sumECTUM</span> <span class='ocrx_word' id='word_1_465' title='bbox 1850 2332 2052 2363; x_wconf 76' lang='lat' dir='ltr'>vaUTIs</span> 
     </span>
    </p>
   </div>
   <div class='ocr_carea' id='block_1_22' title="bbox 899 2416 1933 2452">
    <p class='ocr_par' dir='ltr' id='par_1_30' title="bbox 899 2416 1933 2452">
     <span class='ocr_line' id='line_1_73' title="bbox 899 2416 1933 2452; baseline 0.003 -12"><span class='ocrx_word' id='word_1_466' title='bbox 899 2416 930 2440; x_wconf 89' lang='lat'>111</span> <span class='ocrx_word' id='word_1_467' title='bbox 951 2416 1032 2446; x_wconf 68' lang='lat' dir='ltr'>Sent„</span> <span class='ocrx_word' id='word_1_468' title='bbox 1053 2416 1110 2441; x_wconf 73' lang='lat' dir='ltr'>dist.</span> <span class='ocrx_word' id='word_1_469' title='bbox 1129 2424 1208 2447; x_wconf 86' lang='lat' dir='ltr'>xxm,</span> <span class='ocrx_word' id='word_1_470' title='bbox 1226 2424 1270 2450; x_wconf 87' lang='lat' dir='ltr'>qu.</span> <span class='ocrx_word' id='word_1_471' title='bbox 1289 2424 1311 2447; x_wconf 87' lang='lat'>1,</span> <span class='ocrx_word' id='word_1_472' title='bbox 1331 2421 1379 2443; x_wconf 76' lang='lat' dir='ltr'>art.</span> <span class='ocrx_word' id='word_1_473' title='bbox 1396 2424 1428 2448; x_wconf 90' lang='lat'>4,</span> <span class='ocrx_word' id='word_1_474' title='bbox 1448 2419 1494 2450; x_wconf 79' lang='lat' dir='ltr'>qu·</span> <span class='ocrx_word' id='word_1_475' title='bbox 1513 2425 1537 2448; x_wconf 81' lang='lat'>13</span> <span class='ocrx_word' id='word_1_476' title='bbox 1557 2417 1599 2443; x_wconf 84' lang='lat' dir='ltr'>De</span> <span class='ocrx_word' id='word_1_477' title='bbox 1617 2417 1723 2448; x_wconf 71' lang='lat' dir='ltr'>Virtut„</span> <span class='ocrx_word' id='word_1_478' title='bbox 1743 2425 1788 2451; x_wconf 86' lang='lat' dir='ltr'>qu.</span> <span class='ocrx_word' id='word_1_479' title='bbox 1805 2426 1829 2448; x_wconf 72' lang='grc' dir='ltr'>ι,</span> <span class='ocrx_word' id='word_1_480' title='bbox 1848 2423 1896 2444; x_wconf 72' lang='lat' dir='ltr'>art.</span> <span class='ocrx_word' id='word_1_481' title='bbox 1908 2427 1933 2452; x_wconf 90' lang='lat'>7.</span> 
     </span>
    </p>
   </div>
   <div class='ocr_carea' id='block_1_23' title="bbox 304 2513 1390 2933">
    <p class='ocr_par' dir='ltr' id='par_1_31' title="bbox 304 2513 1390 2870">
     <span class='ocr_line' id='line_1_74' title="bbox 359 2513 1388 2562; baseline -0.001 -11"><span class='ocrx_word' id='word_1_482' title='bbox 359 2531 376 2557; x_wconf 50' lang='grc' dir='ltr'><strong>ι</strong></span> <span class='ocrx_word' id='word_1_483' title='bbox 412 2534 422 2560; x_wconf 57' lang='lat'><em>2</em></span> <span class='ocrx_word' id='word_1_484' title='bbox 509 2539 515 2546; x_wconf 51' lang='lat'><em>2</em></span> <span class='ocrx_word' id='word_1_485' title='bbox 539 2527 561 2551; x_wconf 91' lang='lat' dir='ltr'>D</span> <span class='ocrx_word' id='word_1_486' title='bbox 589 2526 749 2552; x_wconf 81' lang='lat' dir='ltr'>TERTlUM</span> <span class='ocrx_word' id='word_1_487' title='bbox 767 2526 820 2550; x_wconf 75' lang='lat' dir='ltr'>sm</span> <span class='ocrx_word' id='word_1_488' title='bbox 845 2525 1084 2554; x_wconf 78' lang='lat' dir='ltr'>PROCEDITUR.</span> <span class='ocrx_word' id='word_1_489' title='bbox 1105 2513 1265 2551; x_wconf 89' lang='lat' dir='ltr'>Videtur</span> <span class='ocrx_word' id='word_1_490' title='bbox 1284 2514 1388 2562; x_wconf 92' lang='lat' dir='ltr'>quod</span> 
     </span>
     <span class='ocr_line' id='line_1_75' title="bbox 377 2559 1386 2613; baseline 0 -9"><span class='ocrx_word' id='word_1_491' title='bbox 377 2559 402 2589; x_wconf 57' lang='lat'>’¹³</span> <span class='ocrx_word' id='word_1_492' title='bbox 513 2568 746 2613; x_wconf 53' lang='lat' dir='ltr'>»intellectus</span> <span class='ocrx_word' id='word_1_493' title='bbox 783 2579 862 2608; x_wconf 90' lang='lat' dir='ltr'>non</span> <span class='ocrx_word' id='word_1_494' title='bbox 898 2566 944 2603; x_wconf 86' lang='lat' dir='ltr'>sit</span> <span class='ocrx_word' id='word_1_495' title='bbox 978 2566 1193 2607; x_wconf 85' lang='lat' dir='ltr'>subiectum</span> <span class='ocrx_word' id='word_1_496' title='bbox 1230 2567 1386 2604; x_wconf 89' lang='lat' dir='ltr'>virtutis.</span> 
     </span>
     <span class='ocr_line' id='line_1_76' title="bbox 456 2612 1388 2668; baseline -0.003 -8"><span class='ocrx_word' id='word_1_497' title='bbox 456 2612 474 2668; x_wconf 53' lang='grc'>,“</span> <span class='ocrx_word' id='word_1_498' title='bbox 506 2620 639 2664; x_wconf 82' lang='lat' dir='ltr'>Dicit</span> <span class='ocrx_word' id='word_1_499' title='bbox 667 2620 767 2657; x_wconf 90' lang='lat' dir='ltr'>enim</span> <span class='ocrx_word' id='word_1_500' title='bbox 791 2619 1034 2668; x_wconf 82' lang='lat' dir='ltr'>Augustinus,</span> <span class='ocrx_word' id='word_1_501' title='bbox 1055 2619 1095 2659; x_wconf 85' lang='lat' dir='ltr'>in</span> <span class='ocrx_word' id='word_1_502' title='bbox 1119 2619 1216 2657; x_wconf 90' lang='lat' dir='ltr'>libro</span> <span class='ocrx_word' id='word_1_503' title='bbox 1236 2620 1281 2657; x_wconf 88' lang='lat' dir='ltr'>de</span> <span class='ocrx_word' id='word_1_504' title='bbox 1298 2620 1388 2659; x_wconf 85' lang='lat' dir='ltr'>Mo-</span> 
     </span>
     <span class='ocr_line' id='line_1_77' title="bbox 496 2667 1387 2721; baseline -0.002 -9"><span class='ocrx_word' id='word_1_505' title='bbox 496 2667 642 2715; x_wconf 50' lang='lat' dir='ltr'>&amp;ribus</span> <span class='ocrx_word' id='word_1_506' title='bbox 668 2673 809 2713; x_wconf 80' lang='lat' dir='ltr'>Eccles.</span> <span class='ocrx_word' id='word_1_507' title='bbox 830 2672 870 2720; x_wconf 66' lang='lat'>²¹³,</span> <span class='ocrx_word' id='word_1_508' title='bbox 899 2672 1005 2721; x_wconf 90' lang='lat' dir='ltr'>quod</span> <span class='ocrx_word' id='word_1_509' title='bbox 1033 2672 1159 2710; x_wconf 88' lang='lat' dir='ltr'>omnis</span> <span class='ocrx_word' id='word_1_510' title='bbox 1186 2673 1303 2710; x_wconf 86' lang='lat' dir='ltr'>virtus</span> <span class='ocrx_word' id='word_1_511' title='bbox 1332 2681 1387 2711; x_wconf 93' lang='lat' dir='ltr'>est</span> 
     </span>
     <span class='ocr_line' id='line_1_78' title="bbox 329 2725 1390 2778; baseline -0.001 -13"><span class='ocrx_word' id='word_1_512' title='bbox 329 2739 451 2765; x_wconf 81' lang='lat' dir='ltr'>amor.</span> <span class='ocrx_word' id='word_1_513' title='bbox 478 2727 704 2769; x_wconf 82' lang='lat' dir='ltr'>Subiectum</span> <span class='ocrx_word' id='word_1_514' title='bbox 732 2733 862 2767; x_wconf 86' lang='lat' dir='ltr'>autem</span> <span class='ocrx_word' id='word_1_515' title='bbox 891 2725 1032 2770; x_wconf 72' lang='lat' dir='ltr'>amoris</span> <span class='ocrx_word' id='word_1_516' title='bbox 1061 2738 1140 2764; x_wconf 86' lang='lat' dir='ltr'>non</span> <span class='ocrx_word' id='word_1_517' title='bbox 1169 2733 1223 2763; x_wconf 88' lang='lat' dir='ltr'>est</span> <span class='ocrx_word' id='word_1_518' title='bbox 1243 2726 1390 2778; x_wconf 75' lang='lat' dir='ltr'>intelle-</span> 
     </span>
     <span class='ocr_line' id='line_1_79' title="bbox 304 2779 1388 2828; baseline -0.001 -11"><span class='ocrx_word' id='word_1_519' title='bbox 304 2808 306 2810; x_wconf 91' lang='grc'>-</span> <span class='ocrx_word' id='word_1_520' title='bbox 330 2788 422 2827; x_wconf 85' lang='lat' dir='ltr'>ctus,</span> <span class='ocrx_word' id='word_1_521' title='bbox 452 2780 519 2820; x_wconf 80' lang='lat' dir='ltr'>sed</span> <span class='ocrx_word' id='word_1_522' title='bbox 548 2780 672 2820; x_wconf 76' lang='lat' dir='ltr'>solum</span> <span class='ocrx_word' id='word_1_523' title='bbox 699 2779 758 2819; x_wconf 89' lang='lat' dir='ltr'>vis</span> <span class='ocrx_word' id='word_1_524' title='bbox 786 2779 1001 2828; x_wconf 85' lang='lat' dir='ltr'>appetitiva.</span> <span class='ocrx_word' id='word_1_525' title='bbox 1024 2780 1127 2826; x_wconf 85' lang='lat' dir='ltr'>Ergo</span> <span class='ocrx_word' id='word_1_526' title='bbox 1148 2779 1250 2817; x_wconf 89' lang='lat' dir='ltr'>nulla</span> <span class='ocrx_word' id='word_1_527' title='bbox 1268 2779 1388 2821; x_wconf 83' lang='lat' dir='ltr'>virtus</span> 
     </span>
     <span class='ocr_line' id='line_1_80' title="bbox 330 2833 676 2870; baseline -0.003 -1"><span class='ocrx_word' id='word_1_528' title='bbox 330 2841 384 2869; x_wconf 92' lang='lat' dir='ltr'>est</span> <span class='ocrx_word' id='word_1_529' title='bbox 402 2833 450 2869; x_wconf 64' lang='lat' dir='ltr'>vin</span> <span class='ocrx_word' id='word_1_530' title='bbox 478 2833 676 2870; x_wconf 90' lang='lat' dir='ltr'>intellectu.</span> 
     </span>
    </p>

    <p class='ocr_par' dir='ltr' id='par_1_32' title="bbox 383 2884 1388 2933">
     <span class='ocr_line' id='line_1_81' title="bbox 383 2884 1388 2933; baseline -0.001 -11"><span class='ocrx_word' id='word_1_531' title='bbox 383 2898 417 2923; x_wconf 89' lang='lat'>2.</span> <span class='ocrx_word' id='word_1_532' title='bbox 439 2887 671 2933; x_wconf 76' lang='lat' dir='ltr'>PRAETEREA,</span> <span class='ocrx_word' id='word_1_533' title='bbox 691 2884 810 2922; x_wconf 91' lang='lat' dir='ltr'>virtus</span> <span class='ocrx_word' id='word_1_534' title='bbox 830 2884 1025 2921; x_wconf 90' lang='lat' dir='ltr'>ordinatur</span> <span class='ocrx_word' id='word_1_535' title='bbox 1045 2884 1093 2921; x_wconf 90' lang='lat' dir='ltr'>ad</span> <span class='ocrx_word' id='word_1_536' title='bbox 1113 2885 1272 2932; x_wconf 89' lang='lat' dir='ltr'>bonum,</span> <span class='ocrx_word' id='word_1_537' title='bbox 1294 2885 1388 2921; x_wconf 91' lang='lat' dir='ltr'>sicut</span> 
     </span>
    </p>
   </div>
   <div class='ocr_carea' id='block_1_24' title="bbox 328 2519 537 2723">
    <p class='ocr_par' dir='ltr' id='par_1_33' title="bbox 328 2519 537 2723">
     <span class='ocr_line' id='line_1_82' title="bbox 328 2519 537 2723; baseline 0 -83"><span class='ocrx_word' id='word_1_538' title='bbox 328 2519 537 2723; x_wconf 95' lang='lat' dir='ltr'>  </span> 
     </span>
    </p>
   </div>
   <div class='ocr_carea' id='block_1_25' title="bbox 227 2937 1387 2987">
    <p class='ocr_par' dir='ltr' id='par_1_34' title="bbox 227 2937 1387 2987">
     <span class='ocr_line' id='line_1_83' title="bbox 227 2937 1387 2987; baseline -0.001 -12"><span class='ocrx_word' id='word_1_539' title='bbox 227 2951 240 2966; x_wconf 71' lang='lat' dir='ltr'>a</span> <span class='ocrx_word' id='word_1_540' title='bbox 297 2961 302 2966; x_wconf 93' lang='lat'><em>-</em></span> <span class='ocrx_word' id='word_1_541' title='bbox 329 2951 374 2975; x_wconf 86' lang='lat' dir='ltr'>ex</span> <span class='ocrx_word' id='word_1_542' title='bbox 394 2939 615 2987; x_wconf 90' lang='lat' dir='ltr'>supradictis</span> <span class='ocrx_word' id='word_1_543' title='bbox 629 2938 649 2960; x_wconf 76' lang='lat'>&#39;¹‘</span> <span class='ocrx_word' id='word_1_544' title='bbox 663 2945 775 2987; x_wconf 91' lang='lat' dir='ltr'>patet.</span> <span class='ocrx_word' id='word_1_545' title='bbox 797 2939 951 2974; x_wconf 90' lang='lat' dir='ltr'>Bonum</span> <span class='ocrx_word' id='word_1_546' title='bbox 972 2945 1099 2974; x_wconf 89' lang='lat' dir='ltr'>autern</span> <span class='ocrx_word' id='word_1_547' title='bbox 1119 2950 1198 2975; x_wconf 92' lang='lat' dir='ltr'>non</span> <span class='ocrx_word' id='word_1_548' title='bbox 1213 2945 1269 2974; x_wconf 92' lang='lat' dir='ltr'>est</span> <span class='ocrx_word' id='word_1_549' title='bbox 1284 2937 1387 2975; x_wconf 89' lang='lat' dir='ltr'>obie-</span> 
     </span>
    </p>
   </div>
   <div class='ocr_carea' id='block_1_26' title="bbox 328 2990 1390 3410">
    <p class='ocr_par' dir='ltr' id='par_1_35' title="bbox 328 2990 1388 3134">
     <span class='ocr_line' id='line_1_84' title="bbox 330 2990 1388 3040; baseline -0.001 -12"><span class='ocrx_word' id='word_1_550' title='bbox 330 2999 430 3028; x_wconf 89' lang='lat' dir='ltr'>ctum</span> <span class='ocrx_word' id='word_1_551' title='bbox 446 2992 666 3039; x_wconf 89' lang='lat' dir='ltr'>intellectus,</span> <span class='ocrx_word' id='word_1_552' title='bbox 679 2992 745 3028; x_wconf 91' lang='lat' dir='ltr'>sed</span> <span class='ocrx_word' id='word_1_553' title='bbox 761 2991 991 3040; x_wconf 87' lang='lat' dir='ltr'>appetitivae</span> <span class='ocrx_word' id='word_1_554' title='bbox 1006 2990 1164 3032; x_wconf 89' lang='lat' dir='ltr'>virtutis.</span> <span class='ocrx_word' id='word_1_555' title='bbox 1182 2991 1284 3038; x_wconf 90' lang='lat' dir='ltr'>Ergo</span> <span class='ocrx_word' id='word_1_556' title='bbox 1300 2991 1388 3028; x_wconf 91' lang='lat' dir='ltr'>sub—</span> 
     </span>
     <span class='ocr_line' id='line_1_85' title="bbox 328 3043 1388 3093; baseline 0 -13"><span class='ocrx_word' id='word_1_557' title='bbox 328 3044 466 3080; x_wconf 89' lang='lat' dir='ltr'>iectum</span> <span class='ocrx_word' id='word_1_558' title='bbox 494 3044 639 3081; x_wconf 87' lang='lat' dir='ltr'>virtutis</span> <span class='ocrx_word' id='word_1_559' title='bbox 664 3057 742 3081; x_wconf 89' lang='lat' dir='ltr'>non</span> <span class='ocrx_word' id='word_1_560' title='bbox 763 3052 818 3081; x_wconf 91' lang='lat' dir='ltr'>est</span> <span class='ocrx_word' id='word_1_561' title='bbox 845 3044 1065 3092; x_wconf 89' lang='lat' dir='ltr'>intellectus,</span> <span class='ocrx_word' id='word_1_562' title='bbox 1087 3044 1155 3080; x_wconf 93' lang='lat' dir='ltr'>sed</span> <span class='ocrx_word' id='word_1_563' title='bbox 1183 3043 1388 3093; x_wconf 84' lang='lat' dir='ltr'>appetitiva</span> 
     </span>
     <span class='ocr_line' id='line_1_86' title="bbox 328 3097 458 3134; baseline 0 -1"><span class='ocrx_word' id='word_1_564' title='bbox 328 3097 458 3134; x_wconf 90' lang='lat' dir='ltr'>virtus.</span> 
     </span>
    </p>

    <p class='ocr_par' dir='ltr' id='par_1_36' title="bbox 328 3150 1390 3410">
     <span class='ocr_line' id='line_1_87' title="bbox 384 3150 1389 3198; baseline -0.001 -11"><span class='ocrx_word' id='word_1_565' title='bbox 384 3151 418 3187; x_wconf 84' lang='lat'>3.</span> <span class='ocrx_word' id='word_1_566' title='bbox 439 3150 809 3197; x_wconf 77' lang='lat' dir='ltr'>PRAETEREA,·virtus</span> <span class='ocrx_word' id='word_1_567' title='bbox 837 3155 892 3186; x_wconf 83' lang='lat' dir='ltr'>est</span> <span class='ocrx_word' id='word_1_568' title='bbox 917 3162 1014 3198; x_wconf 86' lang='lat' dir='ltr'>quae</span> <span class='ocrx_word' id='word_1_569' title='bbox 1042 3151 1181 3186; x_wconf 85' lang='lat' dir='ltr'>bonum</span> <span class='ocrx_word' id='word_1_570' title='bbox 1205 3150 1302 3197; x_wconf 86' lang='lat' dir='ltr'>facit</span> <span class='ocrx_word' id='word_1_571' title='bbox 1323 3150 1389 3186; x_wconf 85' lang='lat' dir='ltr'>ha-</span> 
     </span>
     <span class='ocr_line' id='line_1_88' title="bbox 329 3202 1388 3252; baseline 0 -13"><span class='ocrx_word' id='word_1_572' title='bbox 329 3204 484 3249; x_wconf 79' lang='lat' dir='ltr'>bentem,</span> <span class='ocrx_word' id='word_1_573' title='bbox 505 3210 546 3239; x_wconf 86' lang='lat' dir='ltr'>ut</span> <span class='ocrx_word' id='word_1_574' title='bbox 571 3203 826 3251; x_wconf 88' lang='lat' dir='ltr'>Philosophus</span> <span class='ocrx_word' id='word_1_575' title='bbox 855 3202 940 3239; x_wconf 93' lang='lat' dir='ltr'>dicit</span> <span class='ocrx_word' id='word_1_576' title='bbox 953 3202 984 3240; x_wconf 74' lang='lat'>²³⁶.</span> <span class='ocrx_word' id='word_1_577' title='bbox 1002 3203 1080 3240; x_wconf 89' lang='lat' dir='ltr'>Sed</span> <span class='ocrx_word' id='word_1_578' title='bbox 1098 3202 1248 3240; x_wconf 89' lang='lat' dir='ltr'>habitus</span> <span class='ocrx_word' id='word_1_579' title='bbox 1275 3203 1388 3252; x_wconf 92' lang='lat' dir='ltr'>perfi—</span> 
     </span>
     <span class='ocr_line' id='line_1_89' title="bbox 329 3255 1390 3298; baseline 0 -6"><span class='ocrx_word' id='word_1_580' title='bbox 329 3256 430 3293; x_wconf 90' lang='lat' dir='ltr'>ciens</span> <span class='ocrx_word' id='word_1_581' title='bbox 450 3256 678 3293; x_wconf 90' lang='lat' dir='ltr'>intellectum</span> <span class='ocrx_word' id='word_1_582' title='bbox 698 3268 777 3298; x_wconf 90' lang='lat' dir='ltr'>non</span> <span class='ocrx_word' id='word_1_583' title='bbox 797 3255 885 3292; x_wconf 84' lang='lat' dir='ltr'>facit</span> <span class='ocrx_word' id='word_1_584' title='bbox 904 3256 1051 3292; x_wconf 90' lang='lat' dir='ltr'>bonum</span> <span class='ocrx_word' id='word_1_585' title='bbox 1067 3257 1288 3293; x_wconf 90' lang='lat' dir='ltr'>habentem:</span> <span class='ocrx_word' id='word_1_586' title='bbox 1309 3267 1390 3293; x_wconf 90' lang='lat' dir='ltr'>non</span> 
     </span>
     <span class='ocr_line' id='line_1_90' title="bbox 329 3308 1388 3358; baseline 0 -13"><span class='ocrx_word' id='word_1_587' title='bbox 329 3309 430 3345; x_wconf 91' lang='lat' dir='ltr'>enirn</span> <span class='ocrx_word' id='word_1_588' title='bbox 458 3316 615 3358; x_wconf 92' lang='lat' dir='ltr'>propter</span> <span class='ocrx_word' id='word_1_589' title='bbox 649 3308 842 3345; x_wconf 89' lang='lat' dir='ltr'>scientiam</span> <span class='ocrx_word' id='word_1_590' title='bbox 870 3309 932 3344; x_wconf 90' lang='lat' dir='ltr'>vel</span> <span class='ocrx_word' id='word_1_591' title='bbox 960 3316 1079 3346; x_wconf 90' lang='lat' dir='ltr'>artem</span> <span class='ocrx_word' id='word_1_592' title='bbox 1109 3309 1244 3346; x_wconf 88' lang='lat' dir='ltr'>dicitur</span> <span class='ocrx_word' id='word_1_593' title='bbox 1270 3309 1388 3345; x_wconf 90' lang='lat' dir='ltr'>homo</span> 
     </span>
     <span class='ocr_line' id='line_1_91' title="bbox 328 3361 1388 3410; baseline -0.001 -11"><span class='ocrx_word' id='word_1_594' title='bbox 328 3362 463 3399; x_wconf 90' lang='lat' dir='ltr'>bonus.</span> <span class='ocrx_word' id='word_1_595' title='bbox 481 3363 582 3410; x_wconf 90' lang='lat' dir='ltr'>Ergo</span> <span class='ocrx_word' id='word_1_596' title='bbox 604 3362 810 3399; x_wconf 90' lang='lat' dir='ltr'>intellectus</span> <span class='ocrx_word' id='word_1_597' title='bbox 829 3373 908 3398; x_wconf 90' lang='lat' dir='ltr'>non</span> <span class='ocrx_word' id='word_1_598' title='bbox 929 3369 982 3398; x_wconf 91' lang='lat' dir='ltr'>est</span> <span class='ocrx_word' id='word_1_599' title='bbox 1002 3362 1215 3398; x_wconf 91' lang='lat' dir='ltr'>subiectum</span> <span class='ocrx_word' id='word_1_600' title='bbox 1230 3361 1388 3399; x_wconf 89' lang='lat' dir='ltr'>virtutis.</span> 
     </span>
    </p>
   </div>
   <div class='ocr_carea' id='block_1_27' title="bbox 1497 2503 2683 2563">
    <p class='ocr_par' dir='ltr' id='par_1_37' title="bbox 1497 2502 2683 2563">
     <span class='ocr_line' id='line_1_92' title="bbox 1497 2503 2683 2563; baseline 0.006 -11"><span class='ocrx_word' id='word_1_601' title='bbox 1497 2515 1571 2552; x_wconf 83' lang='lat' dir='ltr'>SED</span> <span class='ocrx_word' id='word_1_602' title='bbox 1592 2525 1739 2551; x_wconf 81' lang='lat' dir='ltr'>CONTRA</span> <span class='ocrx_word' id='word_1_603' title='bbox 1758 2527 1825 2552; x_wconf 85' lang='lat' dir='ltr'>EST</span> <span class='ocrx_word' id='word_1_604' title='bbox 1852 2516 1958 2563; x_wconf 90' lang='lat' dir='ltr'>quod</span> <span class='ocrx_word' id='word_1_605' title='bbox 1975 2528 2084 2557; x_wconf 88' lang='lat' dir='ltr'>mens</span> <span class='ocrx_word' id='word_1_606' title='bbox 2104 2517 2269 2559; x_wconf 80' lang='lat' dir='ltr'>maxime</span> <span class='ocrx_word' id='word_1_607' title='bbox 2299 2503 2432 2559; x_wconf 82' lang='lat' dir='ltr'>dicitur</span> <span class='ocrx_word' id='word_1_608' title='bbox 2449 2521 2510 2562; x_wconf 80' lang='lat' dir='ltr'>in-</span> <span class='ocrx_word' id='word_1_609' title='bbox 2680 2511 2683 2513; x_wconf 8' lang='grc' dir='ltr'>μ</span> 
     </span>
    </p>
   </div>
   <div class='ocr_carea' id='block_1_28' title="bbox 1442 2567 2510 2715">
    <p class='ocr_par' dir='ltr' id='par_1_38' title="bbox 1442 2567 2510 2715">
     <span class='ocr_line' id='line_1_93' title="bbox 1443 2567 2510 2619; baseline 0.006 -16"><span class='ocrx_word' id='word_1_610' title='bbox 1443 2567 1624 2604; x_wconf 89' lang='lat' dir='ltr'>tellectus.</span> <span class='ocrx_word' id='word_1_611' title='bbox 1655 2567 1878 2604; x_wconf 87' lang='lat' dir='ltr'>Subiectum</span> <span class='ocrx_word' id='word_1_612' title='bbox 1908 2576 2035 2606; x_wconf 89' lang='lat' dir='ltr'>autem</span> <span class='ocrx_word' id='word_1_613' title='bbox 2063 2569 2210 2607; x_wconf 89' lang='lat' dir='ltr'>virtutis</span> <span class='ocrx_word' id='word_1_614' title='bbox 2235 2578 2291 2608; x_wconf 91' lang='lat' dir='ltr'>est</span> <span class='ocrx_word' id='word_1_615' title='bbox 2309 2583 2436 2619; x_wconf 53' lang='lat' dir='ltr'>meum</span> <span class='ocrx_word' id='word_1_616' title='bbox 2463 2580 2510 2615; x_wconf 59' lang='lat' dir='ltr'>ut·</span> 
     </span>
     <span class='ocr_line' id='line_1_94' title="bbox 1442 2619 2502 2674; baseline 0.008 -18"><span class='ocrx_word' id='word_1_617' title='bbox 1442 2626 1611 2668; x_wconf 51' lang='lat' dir='ltr'>patet&#39;ex</span> <span class='ocrx_word' id='word_1_618' title='bbox 1629 2619 1850 2661; x_wconf 72' lang='lat' dir='ltr'>definitione</span> <span class='ocrx_word' id='word_1_619' title='bbox 1879 2621 2026 2660; x_wconf 81' lang='lat' dir='ltr'>virtutis</span> <span class='ocrx_word' id='word_1_620' title='bbox 2045 2635 2161 2672; x_wconf 85' lang='lat' dir='ltr'>supra</span> <span class='ocrx_word' id='word_1_621' title='bbox 2173 2623 2193 2645; x_wconf 78' lang='lat'>’¹‘</span> <span class='ocrx_word' id='word_1_622' title='bbox 2211 2623 2378 2665; x_wconf 76' lang='lat' dir='ltr'>inducta.</span> <span class='ocrx_word' id='word_1_623' title='bbox 2400 2626 2502 2674; x_wconf 69' lang='lat' dir='ltr'>Ergo</span> 
     </span>
     <span class='ocr_line' id='line_1_95' title="bbox 1442 2673 2509 2715; baseline 0.007 -6"><span class='ocrx_word' id='word_1_624' title='bbox 1442 2673 1651 2713; x_wconf 87' lang='lat' dir='ltr'>intellectus</span> <span class='ocrx_word' id='word_1_625' title='bbox 1681 2681 1736 2710; x_wconf 92' lang='lat' dir='ltr'>est</span> <span class='ocrx_word' id='word_1_626' title='bbox 1763 2673 1977 2713; x_wconf 83' lang='lat' dir='ltr'>subiectum</span> <span class='ocrx_word' id='word_1_627' title='bbox 2004 2675 2163 2715; x_wconf 85' lang='lat' dir='ltr'>virtutis.</span> <span class='ocrx_word' id='word_1_628' title='bbox 2507 2702 2509 2704; x_wconf 90' lang='lat'><em>-</em></span> 
     </span>
    </p>
   </div>
   <div class='ocr_carea' id='block_1_29' title="bbox 1496 2716 2705 2779">
    <p class='ocr_par' dir='ltr' id='par_1_39' title="bbox 1496 2716 2705 2779">
     <span class='ocr_line' id='line_1_96' title="bbox 1496 2716 2705 2779; baseline 0.003 -15"><span class='ocrx_word' id='word_1_629' title='bbox 1496 2726 1722 2764; x_wconf 74' lang='lat' dir='ltr'>RESPONDEo</span> <span class='ocrx_word' id='word_1_630' title='bbox 1741 2738 1925 2766; x_wconf 74' lang='lat' dir='ltr'>DICENDUM</span> <span class='ocrx_word' id='word_1_631' title='bbox 1945 2727 2062 2776; x_wconf 82' lang='lat' dir='ltr'>quod,</span> <span class='ocrx_word' id='word_1_632' title='bbox 2079 2728 2175 2766; x_wconf 84' lang='lat' dir='ltr'>sicut</span> <span class='ocrx_word' id='word_1_633' title='bbox 2189 2740 2302 2779; x_wconf 77' lang='lat' dir='ltr'>supi-a</span> <span class='ocrx_word' id='word_1_634' title='bbox 2320 2730 2340 2752; x_wconf 75' lang='lat'>’¹‘</span> <span class='ocrx_word' id='word_1_635' title='bbox 2359 2716 2509 2774; x_wconf 46' lang='lat' dir='ltr'>dictu&amp;</span> <span class='ocrx_word' id='word_1_636' title='bbox 2530 2737 2541 2751; x_wconf 83' lang='lat'><strong>·</strong></span> <span class='ocrx_word' id='word_1_637' title='bbox 2555 2739 2614 2762; x_wconf 75' lang='lat' dir='ltr'>Ibid-</span> <span class='ocrx_word' id='word_1_638' title='bbox 2629 2743 2672 2763; x_wconf 76' lang='lat' dir='ltr'>nrt·</span> <span class='ocrx_word' id='word_1_639' title='bbox 2685 2746 2705 2768; x_wconf 82' lang='lat'>³-</span> 
     </span>
    </p>
   </div>
   <div class='ocr_carea' id='block_1_30' title="bbox 1443 2778 2509 3414">
    <p class='ocr_par' dir='ltr' id='par_1_40' title="bbox 1443 2778 2509 3414">
     <span class='ocr_line' id='line_1_97' title="bbox 1444 2778 2506 2832; baseline 0.011 -18"><span class='ocrx_word' id='word_1_640' title='bbox 1444 2785 1514 2826; x_wconf 87' lang='lat' dir='ltr'>est,</span> <span class='ocrx_word' id='word_1_641' title='bbox 1542 2778 1661 2817; x_wconf 84' lang='lat' dir='ltr'>virtus</span> <span class='ocrx_word' id='word_1_642' title='bbox 1681 2786 1737 2820; x_wconf 85' lang='lat' dir='ltr'>est</span> <span class='ocrx_word' id='word_1_643' title='bbox 1758 2780 1906 2820; x_wconf 83' lang='lat' dir='ltr'>habitus</span> <span class='ocrx_word' id='word_1_644' title='bbox 1935 2793 2013 2830; x_wconf 89' lang='lat' dir='ltr'>quo</span> <span class='ocrx_word' id='word_1_645' title='bbox 2040 2781 2125 2829; x_wconf 87' lang='lat' dir='ltr'>quis</span> <span class='ocrx_word' id='word_1_646' title='bbox 2153 2782 2253 2823; x_wconf 68' lang='lat' dir='ltr'>bene</span> <span class='ocrx_word' id='word_1_647' title='bbox 2276 2792 2454 2832; x_wconf 77' lang='lat' dir='ltr'>operatur</span> <span class='ocrx_word' id='word_1_648' title='bbox 2473 2790 2506 2829; x_wconf 62' lang='lat'>‘12</span> 
     </span>
     <span class='ocr_line' id='line_1_98' title="bbox 1443 2831 2509 2882; baseline 0.008 -14"><span class='ocrx_word' id='word_1_649' title='bbox 1443 2831 1651 2880; x_wconf 84' lang='lat' dir='ltr'>Dupliciter</span> <span class='ocrx_word' id='word_1_650' title='bbox 1679 2839 1808 2871; x_wconf 85' lang='lat' dir='ltr'>autem</span> <span class='ocrx_word' id='word_1_651' title='bbox 1827 2833 1978 2873; x_wconf 79' lang='lat' dir='ltr'>habitus</span> <span class='ocrx_word' id='word_1_652' title='bbox 1998 2833 2132 2882; x_wconf 82' lang='lat' dir='ltr'>aliquis</span> <span class='ocrx_word' id='word_1_653' title='bbox 2151 2835 2347 2876; x_wconf 75' lang='lat' dir='ltr'>ordinatur</span> <span class='ocrx_word' id='word_1_654' title='bbox 2364 2837 2421 2878; x_wconf 19' lang='lat' dir='ltr'>ad,</span> <span class='ocrx_word' id='word_1_655' title='bbox 2434 2838 2509 2877; x_wconf 79' lang='lat' dir='ltr'>bo·</span> 
     </span>
     <span class='ocr_line' id='line_1_99' title="bbox 1443 2886 2504 2938; baseline 0.006 -17"><span class='ocrx_word' id='word_1_656' title='bbox 1443 2897 1536 2922; x_wconf 91' lang='lat' dir='ltr'>num</span> <span class='ocrx_word' id='word_1_657' title='bbox 1566 2892 1704 2922; x_wconf 89' lang='lat' dir='ltr'>actum.</span> <span class='ocrx_word' id='word_1_658' title='bbox 1735 2886 1822 2922; x_wconf 92' lang='lat' dir='ltr'>Uno</span> <span class='ocrx_word' id='word_1_659' title='bbox 1851 2887 1992 2935; x_wconf 88' lang='lat' dir='ltr'>modo,</span> <span class='ocrx_word' id='word_1_660' title='bbox 2021 2887 2247 2936; x_wconf 87' lang='lat' dir='ltr'>inquantum</span> <span class='ocrx_word' id='word_1_661' title='bbox 2279 2901 2348 2938; x_wconf 91' lang='lat' dir='ltr'>per</span> <span class='ocrx_word' id='word_1_662' title='bbox 2375 2890 2504 2927; x_wconf 90' lang='lat' dir='ltr'>huius-</span> 
     </span>
     <span class='ocr_line' id='line_1_100' title="bbox 1443 2937 2503 2988; baseline 0.007 -15"><span class='ocrx_word' id='word_1_663' title='bbox 1443 2938 1548 2974; x_wconf 90' lang='lat' dir='ltr'>modi</span> <span class='ocrx_word' id='word_1_664' title='bbox 1576 2937 1746 2975; x_wconf 84' lang='lat' dir='ltr'>habiturn</span> <span class='ocrx_word' id='word_1_665' title='bbox 1776 2939 1980 2987; x_wconf 88' lang='lat' dir='ltr'>acquiritur</span> <span class='ocrx_word' id='word_1_666' title='bbox 2007 2940 2154 2977; x_wconf 91' lang='lat' dir='ltr'>homini</span> <span class='ocrx_word' id='word_1_667' title='bbox 2182 2941 2337 2978; x_wconf 87' lang='lat' dir='ltr'>facultas</span> <span class='ocrx_word' id='word_1_668' title='bbox 2361 2943 2414 2988; x_wconf 87' lang='lat' dir='ltr'>ad</span> <span class='ocrx_word' id='word_1_669' title='bbox 2435 2943 2503 2980; x_wconf 91' lang='lat' dir='ltr'>bo-</span> 
     </span>
     <span class='ocr_line' id='line_1_101' title="bbox 1443 2991 2504 3042; baseline 0.006 -15"><span class='ocrx_word' id='word_1_670' title='bbox 1443 3002 1535 3027; x_wconf 88' lang='lat' dir='ltr'>num</span> <span class='ocrx_word' id='word_1_671' title='bbox 1556 2997 1702 3028; x_wconf 89' lang='lat' dir='ltr'>actum:</span> <span class='ocrx_word' id='word_1_672' title='bbox 1723 2991 1818 3030; x_wconf 88' lang='lat' dir='ltr'>sicut</span> <span class='ocrx_word' id='word_1_673' title='bbox 1831 3003 1900 3040; x_wconf 86' lang='lat' dir='ltr'>per</span> <span class='ocrx_word' id='word_1_674' title='bbox 1913 2992 2086 3032; x_wconf 82' lang='lat' dir='ltr'>habitum</span> <span class='ocrx_word' id='word_1_675' title='bbox 2105 2994 2374 3042; x_wconf 86' lang='lat' dir='ltr'>grammaticae</span> <span class='ocrx_word' id='word_1_676' title='bbox 2389 2995 2504 3034; x_wconf 91' lang='lat' dir='ltr'>habet</span> 
     </span>
     <span class='ocr_line' id='line_1_102' title="bbox 1443 3044 2503 3095; baseline 0.007 -16"><span class='ocrx_word' id='word_1_677' title='bbox 1443 3044 1562 3080; x_wconf 90' lang='lat' dir='ltr'>homo</span> <span class='ocrx_word' id='word_1_678' title='bbox 1597 3044 1813 3081; x_wconf 84' lang='lat' dir='ltr'>facultatem</span> <span class='ocrx_word' id='word_1_679' title='bbox 1850 3052 1951 3082; x_wconf 89' lang='lat' dir='ltr'>recte</span> <span class='ocrx_word' id='word_1_680' title='bbox 1980 3044 1995 3075; x_wconf 77' lang='grc' dir='ltr'><strong>β</strong></span> <span class='ocrx_word' id='word_1_681' title='bbox 2022 3046 2215 3095; x_wconf 91' lang='lat' dir='ltr'>loquendi.</span> <span class='ocrx_word' id='word_1_682' title='bbox 2246 3048 2338 3085; x_wconf 91' lang='lat' dir='ltr'>Non</span> <span class='ocrx_word' id='word_1_683' title='bbox 2374 3055 2503 3086; x_wconf 89' lang='lat' dir='ltr'>tamen</span> 
     </span>
     <span class='ocr_line' id='line_1_103' title="bbox 1444 3096 2499 3150; baseline 0.007 -18"><span class='ocrx_word' id='word_1_684' title='bbox 1444 3096 1691 3144; x_wconf 85' lang='lat' dir='ltr'>grammatica</span> <span class='ocrx_word' id='word_1_685' title='bbox 1710 3097 1798 3134; x_wconf 87' lang='lat' dir='ltr'>facit</span> <span class='ocrx_word' id='word_1_686' title='bbox 1815 3105 1856 3134; x_wconf 91' lang='lat' dir='ltr'>ut</span> <span class='ocrx_word' id='word_1_687' title='bbox 1874 3099 1994 3135; x_wconf 90' lang='lat' dir='ltr'>homo</span> <span class='ocrx_word' id='word_1_688' title='bbox 2015 3111 2167 3148; x_wconf 88' lang='lat' dir='ltr'>semper</span> <span class='ocrx_word' id='word_1_689' title='bbox 2185 3107 2284 3137; x_wconf 90' lang='lat' dir='ltr'>recte</span> <span class='ocrx_word' id='word_1_690' title='bbox 2303 3101 2499 3150; x_wconf 88' lang='lat' dir='ltr'>loquatur:</span> 
     </span>
     <span class='ocr_line' id='line_1_104' title="bbox 1443 3149 2502 3198; baseline 0.006 -13"><span class='ocrx_word' id='word_1_691' title='bbox 1443 3156 1568 3198; x_wconf 91' lang='lat' dir='ltr'>potest</span> <span class='ocrx_word' id='word_1_692' title='bbox 1597 3149 1698 3186; x_wconf 90' lang='lat' dir='ltr'>enim</span> <span class='ocrx_word' id='word_1_693' title='bbox 1725 3150 1994 3198; x_wconf 89' lang='lat' dir='ltr'>grammaticus</span> <span class='ocrx_word' id='word_1_694' title='bbox 2022 3152 2260 3190; x_wconf 87' lang='lat' dir='ltr'>barbarizare</span> <span class='ocrx_word' id='word_1_695' title='bbox 2289 3161 2353 3190; x_wconf 91' lang='lat' dir='ltr'>aut</span> <span class='ocrx_word' id='word_1_696' title='bbox 2381 3154 2502 3191; x_wconf 91' lang='lat' dir='ltr'>soloe-</span> 
     </span>
     <span class='ocr_line' id='line_1_105' title="bbox 1445 3202 2502 3244; baseline 0.006 -6"><span class='ocrx_word' id='word_1_697' title='bbox 1445 3202 1607 3239; x_wconf 89' lang='lat' dir='ltr'>cismum</span> <span class='ocrx_word' id='word_1_698' title='bbox 1626 3203 1761 3240; x_wconf 89' lang='lat' dir='ltr'>facere.</span> <span class='ocrx_word' id='word_1_699' title='bbox 1779 3204 1828 3240; x_wconf 95' lang='lat' dir='ltr'>Et</span> <span class='ocrx_word' id='word_1_700' title='bbox 1845 3203 1983 3241; x_wconf 89' lang='lat' dir='ltr'>eadem</span> <span class='ocrx_word' id='word_1_701' title='bbox 2003 3204 2098 3242; x_wconf 87' lang='lat' dir='ltr'>ratio</span> <span class='ocrx_word' id='word_1_702' title='bbox 2119 3205 2226 3243; x_wconf 89' lang='lat' dir='ltr'>estin</span> <span class='ocrx_word' id='word_1_703' title='bbox 2246 3206 2326 3243; x_wconf 92' lang='lat' dir='ltr'>aliis</span> <span class='ocrx_word' id='word_1_704' title='bbox 2341 3206 2502 3244; x_wconf 89' lang='lat' dir='ltr'>scientiis</span> 
     </span>
     <span class='ocr_line' id='line_1_106' title="bbox 1446 3255 2502 3305; baseline 0.006 -14"><span class='ocrx_word' id='word_1_705' title='bbox 1446 3263 1483 3292; x_wconf 89' lang='lat' dir='ltr'>et</span> <span class='ocrx_word' id='word_1_706' title='bbox 1501 3255 1653 3292; x_wconf 90' lang='lat' dir='ltr'>artibus.</span> <span class='ocrx_word' id='word_1_707' title='bbox 1665 3276 1688 3282; x_wconf 93' lang='lat'>—</span> <span class='ocrx_word' id='word_1_708' title='bbox 1700 3255 1785 3292; x_wconf 93' lang='lat' dir='ltr'>Alio</span> <span class='ocrx_word' id='word_1_709' title='bbox 1805 3256 1937 3303; x_wconf 91' lang='lat' dir='ltr'>modo,</span> <span class='ocrx_word' id='word_1_710' title='bbox 1958 3257 2091 3305; x_wconf 89' lang='lat' dir='ltr'>aliquis</span> <span class='ocrx_word' id='word_1_711' title='bbox 2110 3258 2260 3296; x_wconf 91' lang='lat' dir='ltr'>habitus</span> <span class='ocrx_word' id='word_1_712' title='bbox 2280 3271 2359 3296; x_wconf 91' lang='lat' dir='ltr'>non</span> <span class='ocrx_word' id='word_1_713' title='bbox 2377 3260 2502 3296; x_wconf 91' lang='lat' dir='ltr'>solum</span> 
     </span>
     <span class='ocr_line' id='line_1_107' title="bbox 1445 3308 2502 3360; baseline 0.005 -16"><span class='ocrx_word' id='word_1_714' title='bbox 1445 3308 1531 3344; x_wconf 86' lang='lat' dir='ltr'>facit</span> <span class='ocrx_word' id='word_1_715' title='bbox 1563 3308 1779 3345; x_wconf 87' lang='lat' dir='ltr'>facultatem</span> <span class='ocrx_word' id='word_1_716' title='bbox 1814 3309 1950 3356; x_wconf 88' lang='lat' dir='ltr'>agendi</span> <span class='ocrx_word' id='word_1_717' title='bbox 1977 3314 2013 3357; x_wconf 74' lang='grc' dir='ltr'>Υ,</span> <span class='ocrx_word' id='word_1_718' title='bbox 2043 3310 2111 3348; x_wconf 90' lang='lat' dir='ltr'>sed</span> <span class='ocrx_word' id='word_1_719' title='bbox 2140 3311 2252 3349; x_wconf 89' lang='lat' dir='ltr'>etiarn</span> <span class='ocrx_word' id='word_1_720' title='bbox 2285 3312 2371 3349; x_wconf 88' lang='lat' dir='ltr'>facit</span> <span class='ocrx_word' id='word_1_721' title='bbox 2397 3311 2502 3360; x_wconf 92' lang='lat' dir='ltr'>quod</span> 
     </span>
     <span class='ocr_line' id='line_1_108' title="bbox 1445 3361 2502 3414; baseline 0.005 -17"><span class='ocrx_word' id='word_1_722' title='bbox 1445 3361 1576 3409; x_wconf 88' lang='lat' dir='ltr'>aliquis</span> <span class='ocrx_word' id='word_1_723' title='bbox 1611 3368 1708 3414; x_wconf 88' lang='lat' dir='ltr'>recte</span> <span class='ocrx_word' id='word_1_724' title='bbox 1744 3361 1917 3398; x_wconf 89' lang='lat' dir='ltr'>facultate</span> <span class='ocrx_word' id='word_1_725' title='bbox 1949 3369 2092 3400; x_wconf 87' lang='lat' dir='ltr'>utatur:</span> <span class='ocrx_word' id='word_1_726' title='bbox 2127 3364 2221 3401; x_wconf 91' lang='lat' dir='ltr'>sicut</span> <span class='ocrx_word' id='word_1_727' title='bbox 2255 3364 2390 3402; x_wconf 88' lang='lat' dir='ltr'>iustitia</span> <span class='ocrx_word' id='word_1_728' title='bbox 2422 3377 2502 3402; x_wconf 90' lang='lat' dir='ltr'>non</span> 
     </span>
    </p>
   </div>
   <div class='ocr_carea' id='block_1_31' title="bbox 1018 3440 1800 3446">
    <p class='ocr_par' dir='ltr' id='par_1_41' title="bbox 1018 3440 1800 3446">
     <span class='ocr_line' id='line_1_109' title="bbox 1018 3440 1800 3446; baseline 0 0"><span class='ocrx_word' id='word_1_729' title='bbox 1018 3440 1800 3446; x_wconf 95' lang='lat' dir='ltr'> </span> 
     </span>
    </p>
   </div>
   <div class='ocr_carea' id='block_1_32' title="bbox 330 3476 1390 3535">
    <p class='ocr_par' dir='ltr' id='par_1_42' title="bbox 330 3476 1390 3535">
     <span class='ocr_line' id='line_1_110' title="bbox 382 3476 1390 3534; baseline 0.001 -35"><span class='ocrx_word' id='word_1_730' title='bbox 382 3476 413 3534; x_wconf 49' lang='lat' dir='ltr'>al}</span> <span class='ocrx_word' id='word_1_731' title='bbox 429 3477 486 3508; x_wconf 86' lang='lat' dir='ltr'>quis</span> <span class='ocrx_word' id='word_1_732' title='bbox 506 3477 568 3501; x_wconf 85' lang='lat' dir='ltr'>bene</span> <span class='ocrx_word' id='word_1_733' title='bbox 583 3479 717 3508; x_wconf 81' lang='lat' dir='ltr'>operatur.</span> <span class='ocrx_word' id='word_1_734' title='bbox 731 3491 748 3494; x_wconf 98' lang='lat'><em>-</em></span> <span class='ocrx_word' id='word_1_735' title='bbox 762 3477 820 3508; x_wconf 84' lang='lat' dir='ltr'>quis</span> <span class='ocrx_word' id='word_1_736' title='bbox 833 3476 895 3500; x_wconf 87' lang='lat' dir='ltr'>bene</span> <span class='ocrx_word' id='word_1_737' title='bbox 915 3476 1000 3500; x_wconf 81' lang='lat' dir='ltr'>utitur</span> <span class='ocrx_word' id='word_1_738' title='bbox 1019 3476 1129 3505; x_wconf 80' lang='lat' dir='ltr'>DEFHI,</span> <span class='ocrx_word' id='word_1_739' title='bbox 1148 3476 1244 3508; x_wconf 79' lang='lat' dir='ltr'>aliquis</span> <span class='ocrx_word' id='word_1_740' title='bbox 1263 3476 1326 3500; x_wconf 85' lang='lat' dir='ltr'>bene</span> <span class='ocrx_word' id='word_1_741' title='bbox 1339 3476 1390 3500; x_wconf 85' lang='lat' dir='ltr'>uti-</span> 
     </span>
     <span class='ocr_line' id='line_1_111' title="bbox 330 3513 439 3535; baseline 0.009 -1"><span class='ocrx_word' id='word_1_742' title='bbox 330 3513 375 3534; x_wconf 84' lang='lat' dir='ltr'>tur</span> <span class='ocrx_word' id='word_1_743' title='bbox 415 3518 439 3535; x_wconf 79' lang='lat' dir='ltr'>a.</span> 
     </span>
    </p>
   </div>
   <div class='ocr_carea' id='block_1_33' title="bbox 1497 3474 2091 3543">
    <p class='ocr_par' dir='ltr' id='par_1_43' title="bbox 1497 3474 2091 3543">
     <span class='ocr_line' id='line_1_112' title="bbox 1499 3474 2091 3507; baseline 0.002 -7"><span class='ocrx_word' id='word_1_744' title='bbox 1499 3474 1523 3507; x_wconf 82' lang='grc' dir='ltr'>β)</span> <span class='ocrx_word' id='word_1_745' title='bbox 1544 3481 1622 3500; x_wconf 80' lang='lat' dir='ltr'>recte.</span> <span class='ocrx_word' id='word_1_746' title='bbox 1635 3489 1654 3494; x_wconf 90' lang='lat'>-</span> <span class='ocrx_word' id='word_1_747' title='bbox 1669 3476 1731 3500; x_wconf 80' lang='lat' dir='ltr'>bene</span> <span class='ocrx_word' id='word_1_748' title='bbox 1750 3476 1806 3506; x_wconf 84' lang='lat' dir='ltr'>DH,</span> <span class='ocrx_word' id='word_1_749' title='bbox 1826 3478 1896 3500; x_wconf 82' lang='lat' dir='ltr'>recte</span> <span class='ocrx_word' id='word_1_750' title='bbox 1915 3479 1940 3500; x_wconf 84' lang='lat' dir='ltr'>et</span> <span class='ocrx_word' id='word_1_751' title='bbox 1960 3476 2022 3501; x_wconf 80' lang='lat' dir='ltr'>bene</span> <span class='ocrx_word' id='word_1_752' title='bbox 2041 3477 2091 3501; x_wconf 81' lang='lat' dir='ltr'>EF.</span> 
     </span>
     <span class='ocr_line' id='line_1_113' title="bbox 1497 3511 2047 3543; baseline 0.002 -8"><span class='ocrx_word' id='word_1_753' title='bbox 1497 3511 1522 3543; x_wconf 87' lang='grc' dir='ltr'>γ)</span> <span class='ocrx_word' id='word_1_754' title='bbox 1542 3511 1650 3543; x_wconf 80' lang='lat' dir='ltr'>agendi.</span> <span class='ocrx_word' id='word_1_755' title='bbox 1663 3525 1681 3530; x_wconf 94' lang='lat'>—</span> <span class='ocrx_word' id='word_1_756' title='bbox 1701 3511 1764 3535; x_wconf 83' lang='lat' dir='ltr'>bene</span> <span class='ocrx_word' id='word_1_757' title='bbox 1782 3511 1883 3543; x_wconf 79' lang='lat' dir='ltr'>agendi</span> <span class='ocrx_word' id='word_1_758' title='bbox 1900 3511 2047 3536; x_wconf 85' lang='lat' dir='ltr'>ABCGKL.</span> 
     </span>
    </p>
   </div>
   <div class='ocr_carea' id='block_1_34' title="bbox 2535 990 2745 1044">
    <p class='ocr_par' dir='ltr' id='par_1_44' title="bbox 2535 990 2745 1044">
     <span class='ocr_line' id='line_1_114' title="bbox 2535 990 2745 1044; baseline 0.005 -6"><span class='ocrx_word' id='word_1_759' title='bbox 2535 990 2671 1044; x_wconf 65' lang='lat'>{0¹3;1⁶,⁹⁵.‘</span> <span class='ocrx_word' id='word_1_760' title='bbox 2693 997 2745 1020; x_wconf 90' lang='lat'>⁷⁷⁵·</span> 
     </span>
    </p>
   </div>
   <div class='ocr_carea' id='block_1_35' title="bbox 2507 1915 2745 1979">
    <p class='ocr_par' dir='ltr' id='par_1_45' title="bbox 2507 1915 2745 1979">
     <span class='ocr_line' id='line_1_115' title="bbox 2533 1915 2745 1944; baseline 0.005 -7"><span class='ocrx_word' id='word_1_761' title='bbox 2533 1916 2542 1926; x_wconf 85' lang='lat'><strong>·</strong></span> <span class='ocrx_word' id='word_1_762' title='bbox 2553 1915 2604 1937; x_wconf 74' lang='lat' dir='ltr'>Ast.</span> <span class='ocrx_word' id='word_1_763' title='bbox 2624 1921 2687 1943; x_wconf 48' lang='lat' dir='ltr'>seqq</span> <span class='ocrx_word' id='word_1_764' title='bbox 2704 1921 2745 1944; x_wconf 84' lang='lat' dir='ltr'>qu.</span> 
     </span>
     <span class='ocr_line' id='line_1_116' title="bbox 2507 1945 2683 1979; baseline 0.017 -17"><span class='ocrx_word' id='word_1_765' title='bbox 2507 1974 2509 1979; x_wconf 24' lang='lat' dir='ltr'>y</span> <span class='ocrx_word' id='word_1_766' title='bbox 2532 1947 2589 1968; x_wconf 61' lang='lat' dir='ltr'>nvn,</span> <span class='ocrx_word' id='word_1_767' title='bbox 2604 1945 2646 1964; x_wconf 76' lang='lat' dir='ltr'>nn.</span> <span class='ocrx_word' id='word_1_768' title='bbox 2660 1948 2683 1968; x_wconf 71' lang='lat'>4.</span> 
     </span>
    </p>
   </div>
   <div class='ocr_carea' id='block_1_36' title="bbox 2530 2638 2741 2667">
    <p class='ocr_par' dir='ltr' id='par_1_46' title="bbox 2530 2638 2741 2667">
     <span class='ocr_line' id='line_1_117' title="bbox 2530 2638 2741 2667; baseline 0.005 -6"><span class='ocrx_word' id='word_1_769' title='bbox 2530 2638 2543 2650; x_wconf 61' lang='lat'>⁸⁸</span> <span class='ocrx_word' id='word_1_770' title='bbox 2557 2638 2605 2667; x_wconf 82' lang='lat' dir='ltr'>Qu.</span> <span class='ocrx_word' id='word_1_771' title='bbox 2615 2645 2653 2667; x_wconf 74' lang='grc' dir='ltr'>ιν,</span> <span class='ocrx_word' id='word_1_772' title='bbox 2665 2643 2708 2662; x_wconf 75' lang='grc' dir='ltr'>ιη.</span> <span class='ocrx_word' id='word_1_773' title='bbox 2716 2646 2741 2667; x_wconf 77' lang='grc'>4.</span> 
     </span>
    </p>
   </div>
  </div>
 </body>
</html>
