2852 4152
366 191 441 236 340

363 268 480 309 pluries
503 268 598 299 habes
629 269 714 300 unde
739 268 883 300 habitum
913 268 1059 300 scientiae
1086 268 1119 299 in
1147 268 1239 300 nobis
1267 278 1332 298 non
1356 276 1423 298 esse

364 312 482 354 species
495 312 704 354 intelligibiles
721 313 863 353 accipias.
882 313 955 344 Illae
967 313 1052 344 enim
1068 319 1099 343 et
1110 312 1250 353 singulae
1267 318 1297 342 et
1312 320 1423 341 omnes

336 364 342 373 ¹
365 362 469 386 carent
492 355 668 387 contrariis:
693 356 820 387 scientia
844 363 950 387 autem
974 366 1049 392 non,
1075 362 1110 387 ut
1132 355 1165 385 in
1183 355 1284 385 littera
1301 354 1422 384 dicitur.

425 399 461 430 11.
486 400 621 431 Adverte
649 400 756 437 tertio,
781 410 817 430 ex
845 400 984 431 secundo
1009 399 1155 435 articulo,
1181 399 1269 438 quod
1291 400 1422 433 Auctor,

366 443 506 484 undique
529 443 661 474 affluens
684 444 820 484 propriis
843 444 1026 478 rationibus,
1052 453 1117 473 non
1142 442 1247 472 solum
1270 441 1310 471 ad
1333 447 1423 471 natu-

364 497 432 518 ram
454 487 498 518 rei
517 488 618 518 reddit
639 487 795 518 rationem
817 487 1002 518 intensionis
1027 494 1057 517 et
1079 485 1288 520 remissionis;
1313 484 1367 514 sed
1384 484 1423 514 ad

364 541 412 562 res
435 531 479 562 sic
501 530 702 571 significatas,
727 539 804 571 puta
827 537 970 562 concrete
993 530 1042 560 vel
1066 530 1230 564 abstracte,
1255 538 1291 558 ex
1314 527 1424 558 eadem

364 574 466 605 radice
490 575 659 606 descendit.

421 619 473 650 111.
497 619 532 649 In
556 618 762 659 responsione
790 618 829 648 ad
857 617 1001 652 tertium,
1026 622 1205 656 postremo,
1230 614 1263 645 in
1291 614 1423 645 articulo

364 662 471 699 tertio,
501 662 668 703 scrupulus
699 671 865 692 occurrens
894 660 1020 691 novitiis
1050 659 1261 690 removendus
1290 665 1346 689 est.
1371 658 1424 689 Vi-

365 707 457 736 detur
479 707 565 736 enirn
584 705 764 737 contrariari
788 705 838 735 hic
861 704 970 735 tertius
994 703 1144 734 articulus
1163 703 1278 743 primo,
1294 702 1327 732 in
1342 712 1424 743 resp.

365 750 406 780 ad
431 751 464 787 3,
488 750 566 781 dum
589 750 631 780 ibi
651 749 764 780 dicitur
787 749 876 790 quod
899 747 1027 779 scientia
1051 757 1088 778 ex
1111 746 1329 787 corporalibus
1357 756 1425 776 mo-

365 793 449 824 tibus
472 804 538 824 non
561 792 773 833 corrumpitur
790 792 822 822 in
841 802 883 828 se,
906 792 960 822 sed
975 791 1008 821 in
1026 801 1085 822 suo
1101 797 1172 822 actu
1188 790 1369 831 impeditur,
1390 797 1426 821 ut

363 843 449 876 patet
475 837 508 867 in
532 837 640 868 ebriis:
670 836 720 867 hic
748 846 823 866 vero
848 835 1069 872 confirmatur,
1093 834 1126 865 in
1157 834 1363 875 responsione
1386 834 1426 864 ad

363 881 527 918 ultimum,
552 881 639 921 quod
663 880 790 911 scientia
814 879 1027 920 corrumpitur
1055 885 1184 919 propter
1213 879 1425 909 mutationem

1041 191 1307 237 QUAESTIO
1338 191 1439 236 L111,
1469 188 1765 225 ARTICULUS
1795 188 1844 224 111

1477 266 1528 297 cui
1547 266 1708 316 subiacent
1729 265 1810 296 vires
1833 265 2076 305 apprehensivae
2099 266 2271 303 interiores,
2295 276 2377 307 quae
2401 265 2536 296 subsunt

1477 317 1623 350 tempori.

1533 353 1584 383 Ad
1607 353 1669 384 hoc
1692 353 1778 384 enim
1803 352 1972 384 dicendum
1991 359 2037 384 est
2051 353 2150 395 quod,
2168 353 2346 394 diligentius
2362 359 2534 394 perspecta,

1477 397 1572 427 verba
1594 396 1713 427 litterae
1737 396 1795 426 sibi
1818 396 1953 427 invicem
1975 406 2041 427 non
2057 397 2268 428 adversantur.
2292 397 2436 428 Primum
2450 396 2536 427 enim
2575 391 2577 393 ’

1479 440 1599 471 dictum
1621 439 1764 480 loquitur
1787 440 1826 470 de
1849 439 1989 471 motibus
2007 440 2104 480 partis
2119 441 2274 472 interioris
2290 440 2453 471 sensitivae
2469 446 2536 470 tan-

1479 490 1563 514 tum:
1589 484 1746 514 secundus
1769 490 1876 514 autem
1899 484 1938 514 de
1961 484 2080 515 eisdem
2102 491 2138 515 ut
2160 485 2296 525 pariunt,
2312 484 2363 514 vel
2378 493 2444 514 non
2461 493 2535 514 con-

1478 534 1612 567 pescunt
1624 526 1792 557 contrarias
1805 537 1914 557 causas
1925 527 2103 559 habituum.
2118 529 2159 559 Et
2170 528 2303 559 intendit
2315 530 2436 558 Auctor
2447 527 2536 568 quod

1478 570 1705 611 impedimenta
1728 570 1824 610 partis
1848 570 2024 610 sensitivae,
2048 571 2074 602 si
2092 581 2158 602 non
2182 572 2263 603 ultra
2286 570 2535 612 progrediantur,

1479 624 1545 644 non
1569 620 1779 654 corrumpunt
1801 613 1972 651 scientiam,
1996 615 2052 645 sed
2074 621 2181 646 actum
2197 616 2278 646 eius:
2299 622 2330 646 et
2345 615 2418 645 ideo
2436 623 2536 644 rema-

1479 665 1533 689 net
1548 665 1622 698 post
1639 664 1788 688 mortem.
1812 657 1845 688 Si
1864 664 1970 689 autem
1984 659 2035 689 vel
2050 669 2106 699 per
2121 659 2303 690 diuturnam
2318 658 2535 694 cessationem,

1479 702 1529 732 vel
1552 701 1721 742 positivam
1744 701 2014 742 imaginationem,
2038 703 2078 732 ad
2100 703 2162 734 hoc
2183 703 2424 743 progrediantur
2448 701 2537 742 quod

1479 745 1716 787 propositiones
1739 745 1911 776 contrariae
1935 752 1990 777 aut
2012 745 2214 787 syllogismus
2236 746 2305 783 fiat;
2330 746 2476 788 quamvis
2500 755 2537 776 ex

1480 796 1569 831 parte
1592 789 1738 820 sensitiva
1765 789 1893 820 inchoet
1915 795 2040 820 tantum
2068 789 2228 830 corruptio
2251 791 2344 827 haec,
2373 789 2538 821 efficaciter

1480 840 1586 864 tamen
1611 833 1824 874 corrumpitur
1846 832 1974 864 scientia
1996 843 2052 874 per
2067 833 2252 864 huiusmodi
2275 834 2470 865 oblivionem
2488 833 2539 864 vel

1481 877 1711 918 deceptionem,
1735 884 1771 908 ut
1793 877 1825 908 in
1849 877 1950 908 littera
1972 877 2085 908 dieitur
2102 877 2135 908 in
2154 877 2260 918 primo
2283 877 2425 911 articulo.
