2846 4146
91 440 100 449 '
112 439 159 466 Qu.
171 445 208 467 ιι,
223 443 266 461 art.
276 445 300 465 2:

90 470 121 492 11·
130 471 180 499 11··,
189 476 299 499 qua-vm,

92 508 133 526 art.
149 505 170 526 8.

88 574 97 583 ¹
108 574 156 602 Qu.
166 580 211 602 xix,
224 579 266 597 art.
276 582 300 602 4.

86 1440 96 1450 '¹
108 1439 155 1467 Qu.
165 1446 209 1468 un,
221 1444 263 1462 art.
273 1446 293 1468 3;

84 1476 181 1522 aa?
190 1475 294 1525 taxe

85 1539 127 1557 art.
143 1508 199 1562 7.’q
218 1517 224 1523 ⁸
289 1520 295 1531 ¹

334 178 409 223 354

383 257 441 292 An
461 267 633 298 QUARTUM
653 268 835 294 DICENDUM
860 258 964 306 quod
984 258 1142 295 iustitiae
1164 265 1220 295 est
1237 257 1389 307 propria

331 308 513 345 rectitudo
547 321 644 357 quae
683 310 918 347 constituitur
958 310 1056 347 circa
1089 323 1148 347 res
1187 310 1388 347 exteriores

330 373 427 408 quae
456 361 494 398 in
521 374 635 399 usum
663 362 828 399 hominis
855 363 1030 409 veniunt,
1060 375 1158 411 quae
1187 369 1274 399 sunt
1300 374 1388 410 pro-

328 413 410 461 pria
429 414 588 451 materia
606 419 618 436 ⁸
642 414 812 462 iustitiae,
833 423 874 452 ut
892 416 987 452 infra
1005 415 1025 437 ’¹‘
1051 414 1203 464 patebit.
1235 414 1312 451 Sed
1332 426 1389 450 re-

330 466 471 503 ctitudo
491 479 589 516 quae
610 466 788 516 importat
811 468 985 504 ordinem
1005 467 1053 504 ad
1073 468 1191 505 finem
1216 466 1387 503 debitum

330 526 366 556 et
393 519 441 556 ad
469 520 593 567 legem
622 519 803 567 divinam,
833 532 930 568 quae
959 527 1014 556 est
1038 519 1166 566 regula
1183 518 1388 556 voluntatis

328 571 538 620 humanae,
567 579 609 608 ut
636 585 749 620 supra
768 572 788 594 ’¹‘
816 572 957 608 dictum
987 579 1053 619 est,
1084 571 1299 607 communis
1334 579 1388 608 est

328 624 435 661 omni
461 624 599 661 virtuti.

380 679 439 714 AD
468 689 629 719 Qumrum
657 688 840 714 mCENDUM
869 676 973 724 quod
1003 675 1141 712 virtute
1169 682 1294 724 potest
1322 676 1386 712 ali-

327 729 409 777 quis
436 730 535 766 male
562 729 615 766 uti
642 735 823 778 tanquam
851 728 1019 776 obiecto,
1051 735 1143 777 puta
1172 740 1260 765 cum
1286 729 1386 765 male

378 866 400 899 ε)
421 866 543 891 materia.
555 879 573 884 -
592 865 720 889 materiae
738 864 861 889 ABCGL.

1022 180 1287 226 QUAESTIO
1317 181 1400 227 LV,
1430 180 1726 217 ARTICULUS
1756 180 1807 217 IV

1445 257 1555 294 sentit
1583 257 1635 294 de
1657 258 1805 306 virtute,
1831 270 1919 295 curn
1948 260 2027 297 odit
2054 273 2164 320 earn,
2172 261 2234 298 vel
2262 260 2432 309 superbit
2452 259 2498 296 de

1445 322 1507 346 ea:
1536 322 1614 346 non
1642 317 1770 346 autem
1796 287 1979 359 tanquam
2007 313 2192 362 principio
2221 325 2323 360 usus,
2353 312 2403 349 ita
2431 312 2499 349 sci-

1444 361 1529 398 licet
1556 362 1660 411 quod
1688 363 1811 399 malus
1839 363 1885 400 sit
1912 371 2016 401 actus
2043 365 2200 402 virtutis.

1496 415 1555 451 An
1583 426 1724 452 SEXTUM
1751 426 1934 453 mcENDUM
1962 418 2066 466 quod
2084 418 2202 455 virtus
2226 417 2348 454 infusa
2367 429 2498 454 causa-

1443 473 1503 503 tur
1520 466 1559 503 in
1577 466 1688 503 nobis
1708 479 1730 503 a
1749 468 1834 504 Deo
1862 467 1943 505 sine
1971 470 2081 507 nobis
2109 469 2318 518 agentibus,
2347 481 2426 506 non
2444 476 2498 506 ta-

1442 530 1531 555 men
1561 519 1640 555 sine
1669 519 1780 556 nobis
1808 521 2140 559 consentientibus.
2162 523 2211 559 Et
2236 522 2290 558 sic
2309 528 2364 558 est
2391 521 2498 558 intel-

1442 571 1635 618 ligendum
1656 571 1759 620 quod
1780 571 1923 620 dicitur,
1943 585 2057 622 quam
2077 574 2090 600 t
2112 576 2216 612 Deus
2239 575 2276 611 in
2297 574 2402 610 nobis
2419 573 2499 610 sine

1443 624 1549 660 nobis
1568 629 1756 672 operatur.
1777 624 1887 671 Quae
1906 637 2000 663 vero
2019 639 2089 676 per
2106 639 2178 664 nos
2197 633 2370 675 aguntur,
2391 626 2498 663 Deus

1441 675 1480 712 in
1507 676 1619 713 nobis
1648 683 1776 713 causat
1812 689 1891 714 non
1919 678 1999 715 sine
2032 679 2157 717 nobis
2170 679 2388 728 agentibus:
2417 678 2498 728 ipse

1443 728 1543 765 enirn
1573 735 1750 777 operatur
1777 729 1815 766 in
1844 730 1949 767 omni
1975 731 2170 769 voluntate
2199 739 2236 769 et
2262 739 2407 769 natura.

1495 865 1521 900 ζ)
1542 866 1649 895 dicitur,
1669 873 1757 898 quam,
1775 879 1793 885 -
1811 866 1873 891 Om.
1892 866 1923 892 E.
1940 879 1959 885 -
1976 866 2033 890 sine
2051 866 2126 890 nobis
2143 873 2196 891 om.
2215 866 2268 892 EF.

999 951 1330 984 Commentaria
1352 951 1603 985 Cardinalis
1624 953 1824 985 Caietam

355 1050 375 1070 N
399 1040 530 1070 articulo
553 1046 666 1080 quarto
691 1039 831 1070 eiusdem
857 1039 1272 1080 quinquagesimaequintae
1291 1050 1386 1080 quae-

328 1052 475 1120 Istionis,
491 1090 567 1114 nota
585 1084 674 1124 quod
696 1083 750 1114 illa
768 1083 921 1124 particula
936 1084 970 1114 in
987 1083 1170 1115 definitione
1186 1083 1310 1114 virtutis
1327 1094 1384 1124 po-

324 1127 391 1164 sita,
404 1138 467 1168 qua
483 1137 574 1158 nemo
593 1128 677 1158 male
693 1129 805 1165 utitur,
820 1127 985 1168 dupliciter
1001 1127 1116 1168 exponi
1132 1134 1246 1168 potest.
1265 1128 1384 1164 Primo,

323 1178 359 1202 ut
382 1178 488 1202 sonat:
514 1178 544 1202 et
567 1171 610 1202 sic
633 1171 693 1201 soli
715 1171 822 1202 virtuti
847 1171 1009 1208 formatae,
1030 1178 1084 1202 aut
1100 1182 1182 1212 quae
1198 1182 1263 1202 non
1279 1178 1385 1211 potest

324 1226 389 1246 esse
405 1215 559 1252 informis,
581 1215 738 1246 convenit.
756 1215 921 1255 Contingit
937 1215 1023 1245 enim
1040 1215 1155 1246 virtute
1169 1215 1383 1252 intellectuali,

323 1259 466 1299 practica,
491 1260 532 1290 ut'
548 1266 622 1295 arte,
642 1266 673 1290 et
690 1259 813 1295 morali,
838 1265 874 1290 ut
896 1259 1112 1299 temperantia,
1130 1266 1160 1290 et
1175 1259 1279 1290 infusa
1294 1259 1383 1290 theo-

322 1303 429 1344 logali,
453 1310 489 1334 ut
511 1302 583 1340 fide,
608 1303 690 1333 male
705 1303 752 1334 uti
769 1302 864 1334 etiam
880 1309 916 1333 ut
931 1303 1103 1343 principiis,
1128 1303 1317 1343 applicando
1333 1313 1385 1334 eas

323 1347 363 1377 ad
377 1354 464 1378 actus
479 1347 625 1387 proprios
639 1353 770 1387 propter
785 1347 908 1378 malum
923 1346 1022 1378 finem
1037 1354 1230 1378 extraneum.
1246 1347 1288 1378 Et
1303 1357 1383 1388 quo-

322 1391 409 1421 niam
436 1391 515 1421 nihil
543 1391 662 1422 horum
691 1391 785 1422 habet
808 1391 979 1431 perfectam
1006 1391 1162 1422 rationem
1185 1391 1324 1428 virtutis,
1349 1398 1384 1422 ut

322 1434 401 1465 infra
416 1434 434 1454 *
452 1435 589 1472 dicetur;
614 1435 697 1472 ideo,
714 1435 758 1466 sic
772 1435 988 1475 intelligendo,
1006 1435 1066 1466 soli
1080 1435 1187 1466 virtuti
1202 1435 1384 1476 simpliciter

322 1478 476 1519 perfectae
499 1479 575 1510 haec
598 1479 751 1519 particula
774 1479 931 1510 convenit.

377 1523 524 1554 Secundo
547 1529 652 1563 potest
675 1523 791 1564 exponi
820 1523 965 1560 limitate,
990 1530 1026 1554 ut
1048 1522 1128 1553 infra
1150 1522 1183 1553 in
1207 1523 1308 1553 littera
1329 1522 1382 1554 fit:

322 1567 365 1598 ita
388 1567 477 1608 quod
499 1567 532 1608 ly
555 1568 639 1598 male
662 1568 709 1598 uti
731 1567 882 1607 importet
904 1574 1011 1599 actum
1034 1567 1202 1607 proprium
1219 1567 1304 1598 illius
1322 1567 1382 1597 vir-

1441 1041 1516 1071 tutis
1540 1050 1617 1077 esse,
1634 1047 1670 1071 ut
1692 1040 1806 1071 dicitur
1821 1041 1854 1071 in
1877 1040 2083 1081 responsione
2099 1041 2139 1070 ad
2153 1040 2313 1081 quintum.
2329 1041 2371 1072 Et
2393 1042 2447 1079 sic,
2464 1048 2500 1073 ut

1442 1084 1474 1114 in
1498 1094 1630 1124 corpore
1653 1084 1775 1115 articuli
1805 1084 1931 1121 dicitur,
1955 1084 2032 1115 haec
2058 1084 2211 1124 particula
2240 1085 2388 1116 convenit
2409 1085 2500 1116 omni

1441 1127 1563 1165 virtuti;
1587 1134 1618 1159 et
1640 1127 1771 1168 ponitur
1793 1128 1833 1158 ad
1856 1127 2062 1158 differentiam
2092 1128 2260 1159 habituum
2282 1128 2339 1169 qui
2362 1135 2437 1160 sunt
2460 1129 2501 1159 ad

1438 1168 1564 1202 ‘bonum
1581 1179 1611 1203 et
1626 1172 1757 1203 malurn.
1778 1172 1819 1203 Et
1835 1171 1878 1203 sic
1894 1171 2108 1211 intelligendo,
2124 1171 2279 1203 diceretur
2301 1173 2390 1213 quod
2408 1178 2500 1204 utens

1442 1222 1506 1246 arte
1529 1222 1584 1247 aut
1606 1214 1668 1246 fide
1690 1222 1820 1256 propter
1842 1216 1964 1246 malum
1987 1214 2094 1252 finem,
2119 1225 2185 1246 non
2209 1215 2281 1246 facit
2298 1222 2405 1247 actum
2426 1215 2501 1247 fidei

1440 1266 1495 1290 aut
1517 1260 1590 1290 artis
1612 1259 1749 1296 malum;
1770 1260 1824 1290 sed
1843 1266 1949 1290 actum
1969 1259 2168 1290 ordinantem
2186 1259 2255 1290 illas
2278 1259 2353 1290 facit
2367 1259 2498 1291 malum.

1439 1306 1486 1334 Ac
1509 1313 1565 1343 per
1586 1303 1662 1340 hoc,
1690 1303 1805 1334 virtute
1828 1303 1936 1334 nullus
1959 1303 2041 1334 male
2065 1303 2164 1334 utitur
2186 1310 2222 1334 ut
2244 1303 2402 1344 principio
2425 1303 2500 1334 mali

1440 1353 1542 1378 actus:
1559 1347 1703 1388 quamvis
1719 1347 1802 1378 male
1817 1354 1925 1379 utatur
1939 1347 2007 1388 ipsa
2021 1347 2228 1388 principiante
2242 1348 2366 1378 bonum
2381 1354 2498 1384 actum,

1440 1391 1617 1422 ordinando
1641 1392 1680 1422 ad
1704 1399 1887 1423 extraneum
1909 1391 2031 1422 malum
2053 1390 2161 1422 finem.
2177 1409 2199 1415 —
2215 1391 2313 1429 Quod
2328 1398 2435 1422 tamen
2453 1397 2500 1422 est

1439 1435 1634 1476 impossibile
1657 1435 1690 1466 in
1712 1435 1880 1467 virtutibus
1900 1445 1982 1476 quae
2002 1445 2068 1466 non
2083 1442 2219 1476 possunt
2242 1445 2308 1466 esse
2330 1435 2497 1466 informes:

1438 1479 1514 1520 quia
1537 1486 1592 1510 aut
1614 1479 1800 1510 ordinantur
1821 1479 1854 1510 in
1877 1480 2019 1516 bonum;
2045 1486 2100 1510 aut
2118 1479 2267 1510 desinunt
2281 1489 2358 1516 esse,
2373 1478 2399 1510 si
2415 1479 2499 1510 ordi-

1438 1530 1587 1554 narentur
1609 1523 1648 1554 ad
1671 1523 1803 1554 malum.
