2852 4152
102 2180 116 2190 ‘
123 2178 149 2202 S.
154 2178 199 2201 Th.
207 2178 260 2200 lect.
268 2184 316 2200 xvr.

103 2493 118 2504 ⁴
131 2493 183 2516 Art.
198 2493 303 2522 praeced.

1003 258 1267 305 QUAESTIO
1297 258 1438 305 XXIX,
1467 257 1762 294 ARTICULUS
1792 258 1840 293 111

342 336 571 374 substantiae
591 347 706 385 quam
725 336 921 384 accidenti,
943 337 1031 386 quia
1050 336 1231 374 accidenti
1250 348 1329 373 non
1348 343 1400 372 at-

341 389 514 426 tribuitur
534 388 604 426 nisi
623 388 848 436 inquantum
870 397 925 426 est
943 389 981 427 in
1000 389 1218 427 substantia.
1238 410 1262 416 -
1278 391 1400 426 Amor

342 448 470 478 autem
499 448 536 487 et
563 439 695 478 odium
730 442 945 478 naturaliter
979 443 1133 491 quidem
1166 449 1253 479 sunt
1287 441 1399 478 simul

342 494 554 531 secundum
582 493 781 541 rationem,
803 494 870 530 sed
891 507 968 531 non
990 495 1148 532 realiter.
1177 495 1288 532 Unde
1309 494 1400 531 nihil

342 546 519 595 prohibet
547 558 720 583 amorem
748 559 831 583 esse
861 559 1013 584 causam
1041 547 1128 585 odii.

394 600 453 636 An
483 610 672 636 SECUNDUM
704 610 887 636 DICENDUM
920 600 1025 648 quod
1062 612 1172 637 amor
1203 607 1239 636 et
1267 598 1398 636 odium

343 659 429 688 sunt
461 651 663 698 contraria,
693 652 848 699 quando
887 652 1119 700 accipiuntur
1153 652 1250 689 circa
1283 651 1398 689 idem.

343 703 421 740 Sed
440 703 594 752 quando
613 711 700 740 sunt
714 704 761 740 de
782 704 988 752 contrariis,
1004 717 1083 742 non
1097 712 1184 741 sunt
1202 703 1397 750 contraria,

342 756 410 792 sed
438 768 479 792 se
506 755 671 793 invicem
701 757 991 806 consequentia:
1022 758 1193 794 eiusdem
1218 757 1319 793 enim
1343 768 1399 792 ra-

341 807 453 845 tionis
483 815 538 845 est
570 809 674 857 quod
709 816 857 846 ametur
889 809 1049 858 aliquid,
1079 818 1115 846 et
1141 809 1291 847 odiatur
1318 808 1398 845 eius

2436 259 2510 295 205

1454 335 1694 372 contrarium.
1718 336 1768 372 Et
1786 335 1839 372 sic
1867 346 1974 372 amor
1992 335 2104 372 unius
2124 335 2176 372 rei
2195 342 2250 372 est
2269 348 2382 373 causa
2400 336 2507 384 quod

1453 388 1533 425 eius
1562 388 1790 425 eontrarium
1819 387 1978 425 odiatur.

1505 441 1564 478 An
1584 453 1742 478 TERTIUM
1761 452 1944 477 mei-:Unum
1965 439 2070 487 quod
2093 439 2131 476 in
2156 440 2376 476 executione
2404 440 2507 488 prius

1454 501 1508 530 est
1536 494 1712 531 recedere
1741 493 1788 530 ab
1816 505 1895 530 uno
1924 492 2098 539 termino,
2120 504 2236 539 quam
2262 492 2442 529 accedere
2462 493 2510 529 ad

1453 547 1613 583 alterum
1641 546 1857 583 terminum.
1888 545 1964 582 Sed
1993 545 2031 581 in
2059 544 2263 581 intentione
2290 551 2344 580 est
2372 557 2392 580 e
2422 557 2511 581 con-

1452 611 1587 636 verso:
1615 606 1770 647 propter
1803 599 1878 635 hoc
1910 597 2012 634 enim
2041 597 2228 634 receditur
2255 596 2302 633 ab
2331 609 2410 633 uno
2439 604 2512 633 ter-

1453 651 1579 697 mino,
1613 658 1655 687 ut
1686 650 1887 688 accedatur
1923 651 1972 688 ad
2008 651 2178 686 alterum.
2217 650 2347 685 Motus
2384 656 2510 685 autern

1453 703 1680 752 appetitivus
1708 703 1827 751 magis
1854 703 2014 752 pertinet
2040 702 2089 739 ad
2121 701 2368 739 intentionem
2394 713 2510 748 quarn

1453 756 1502 792 ad
1530 756 1804 793 executionem.
1843 757 1892 792 Et
1923 756 2009 792 ideo
2038 767 2148 792 amor
2182 762 2237 791 est
2268 753 2371 803 prior
2399 754 2510 790 odio:

1454 821 1540 845 cum
1567 816 1773 857 utrumque
1802 808 1848 845 sit
1875 815 2001 845 motus
2029 807 2267 856 appetitivus.

1451 894 1553 902 ΜΜ

1143 951 1458 993 ARTICULUS
1486 951 1714 993 TERTIUS

968 1035 1124 1066 UTRUM
1146 1035 1286 1066 ODIUM
1309 1034 1375 1065 slr
1399 1034 1584 1065 FORTIUS
1607 1034 1733 1071 QUAM
1755 1034 1880 1065 AMOR

551 1127 573 1152 D
593 1127 752 1153 TERTlUM
776 1128 830 1152 SIC
849 1127 1087 1153 PROCEDITUR.
1108 1115 1265 1152 Videtur
1293 1113 1398 1163 quod

553 1168 686 1205 odium
723 1168 770 1204 sit
805 1168 936 1205 fortius
972 1180 1116 1205 amore.
1159 1167 1259 1204 Dicit
1295 1167 1398 1203 enim

452 1206 802 1275 Augustinus,
839 1220 878 1257 in
918 1220 1014 1257 libro
1048 1221 1244 1269 Octoginta
1285 1220 1397 1256 trium

397 1287 407 1298 =
428 1274 484 1304 521¹
507 1264 540 1308 K
558 1274 705 1315 Quaest.
725 1273 761 1310 *ε
790 1274 916 1310 Nemo
945 1279 999 1309 est
1015 1274 1080 1321 qui
1097 1285 1172 1309 non
1192 1273 1316 1321 magis
1334 1272 1398 1309 do-

341 1323 458 1360 lorem
475 1325 625 1374 fugiat,
654 1337 768 1373 quam
796 1331 945 1373 appetat
969 1325 1205 1372 voluptatem.
1237 1324 1314 1360 Sed
1342 1324 1398 1360 fu—

340 1389 428 1424 gere
449 1377 621 1423 dolorem
639 1377 800 1425 pertinet
818 1377 866 1413 ad
886 1376 1036 1413 odium:
1066 1377 1253 1424 appetitus
1273 1384 1399 1412 autem

339 1426 543 1477 voluptatis
570 1429 732 1478 pertinet
759 1429 809 1466 ad
837 1441 1022 1466 amorem.
1052 1430 1154 1476 Ergo
1183 1428 1315 1465 odium
1344 1436 1399 1465 est

338 1481 470 1518 fortius
498 1493 642 1518 amore.

394 1545 429 1570 2.
459 1533 691 1579 PRAE‘I'EREA,
722 1533 880 1571 debilius
898 1532 1059 1570 vincitur
1086 1545 1109 1570 a
1135 1532 1290 1569 fortiori.
1321 1533 1398 1570 Sed

339 1598 448 1623 amor
465 1586 626 1623 vincitur
645 1587 692 1624 ab
712 1587 823 1624 odio:
849 1585 1002 1635 quando
1023 1586 1161 1623 scilicet
1179 1597 1290 1622 amor
1309 1598 1399 1623 con·-

339 1638 497 1676 vertitur
515 1638 554 1676 in
573 1638 717 1676 odium.
748 1640 851 1687 Ergo
876 1639 1007 1676 odium
1029 1646 1084 1676 est
1101 1638 1234 1675 fortius
1253 1650 1397 1675 amore.

397 1688 431 1728 3.
466 1692 708 1740 PRAETEREA,
744 1691 893 1729 affectio
931 1692 1081 1741 animae
1116 1704 1186 1740 per
1221 1691 1398 1727 effectum

341 1744 611 1794 manifestatur.
642 1744 720 1782 Sed
747 1744 880 1782 fortius
907 1744 1040 1781 insistit
1067 1745 1186 1782 homo
1211 1743 1260 1780 ad
1280 1744 1399 1792 repel-

340 1797 497 1834 lendum
526 1797 718 1845 odiosum,
747 1810 865 1846 quam
893 1797 941 1834 ad
965 1796 1276 1846 prosequendum
1296 1809 1400 1833 ama-

339 1857 442 1886 tum:
463 1849 558 1886 sicut
577 1849 690 1887 etiam
707 1850 850 1887 bestiae
869 1850 1058 1887 abstinent
1074 1863 1097 1887 a
1117 1849 1400 1886 delectabilibus

339 1910 497 1952 propter
523 1903 695 1951 verbera,
715 1910 757 1939 ut
774 1903 1007 1951 Augustinus
1026 1902 1230 1940 introducit
1247 1902 1286 1939 in
1305 1902 1400 1940 libro

346 1953 543 2005 Octoginta
563 1956 676 1993 trium
701 1956 848 1998 Quaest.
869 1956 890 1978 '¹‘
916 1956 1018 2003 Ergo
1048 1956 1179 1993 odium
1199 1962 1255 1992 est
1268 1955 1400 1992 fortius

343 2019 487 2045 amore.

397 2062 471 2098 SED
491 2072 647 2109 CONTRA,
678 2061 824 2097 bonum
854 2068 909 2098 est
936 2061 1068 2098 fortius
1097 2072 1214 2108 quam
1233 2060 1400 2097 malum:

343 2114 433 2164 quia
460 2113 604 2151 malum
632 2125 707 2150 non
735 2114 817 2163 agit
838 2114 911 2150 nisi
926 2114 1061 2150 virtute
1079 2114 1178 2159 boni,
1197 2120 1239 2149 ut
1258 2113 1402 2161 Diony-

344 2168 420 2205 sius
449 2167 547 2214 dicit,
573 2179 654 2215 cap.
676 2178 711 2202 ιν
738 2167 783 2202 de
809 2166 897 2203 Div.
917 2167 1034 2203 Nom.
1054 2166 1075 2187 ’¹‘
1103 2166 1180 2203 Sed
1208 2167 1339 2204 odium
1367 2175 1403 2204 et

345 2232 454 2258 amor
491 2219 669 2257 differunt
704 2219 916 2256 secundum
954 2219 1205 2256 differentiam
1242 2220 1334 2256 boni
1367 2228 1403 2257 et

344 2273 445 2311 mali.
475 2273 577 2320 Ergo
605 2283 717 2309 amor
744 2279 799 2308 est
825 2271 957 2308 fortIOr
985 2271 1087 2308 odio.

397 2327 622 2362 Respoumzo
651 2336 835 2361 nicENDUM
863 2324 968 2373 quod
987 2324 1218 2372 impossibile
1239 2332 1294 2361 est
1313 2324 1403 2361 effe-

345 2386 447 2416 ctum
484 2390 553 2415 sua
587 2390 700 2414 causa
736 2389 819 2414 esse
859 2377 1065 2413 fortiorem.
1109 2377 1237 2413 Omne
1274 2384 1402 2414 autern

344 2431 478 2469 odium
505 2430 676 2479 procedit
705 2441 750 2466 ex
777 2429 904 2477 aliquo
934 2441 1065 2465 amore
1093 2429 1188 2466 sicut
1210 2442 1256 2466 ex
1277 2442 1401 2477 causa,

342 2491 385 2521 ut
403 2495 518 2532 supra
535 2483 556 2505 '¹‘
584 2482 726 2520 dictum
748 2489 812 2519 est.
833 2482 945 2519 Unde
972 2481 1205 2530 impossibile
1226 2489 1281 2519 est
1299 2483 1404 2531 quod

345 2537 477 2574 odium
497 2535 543 2573 sit
561 2535 693 2572 fortius
721 2547 853 2571 amore
873 2534 1100 2582 simpliciter.

398 2589 476 2626 Sed
495 2595 644 2637 oportet
662 2587 817 2624 ulterius
841 2587 947 2635 quod
971 2599 1092 2634 amor,
1117 2586 1331 2634 simpliciter
1350 2588 1404 2623 lo-

345 2642 516 2691 quendo,
545 2641 591 2677 sit
619 2640 707 2677 odio
736 2639 878 2676 fortior.
909 2639 1058 2675 Fortius
1087 2639 1189 2675 enim
1226 2647 1403 2676 movetur

346 2693 486 2741 aliquid
503 2693 542 2729 in
566 2693 697 2739 finem,
717 2704 835 2740 quam
855 2691 893 2727 in
917 2703 962 2726 ea
982 2703 1079 2739 quae
1098 2698 1185 2727 sunt
1204 2691 1252 2728 ad
1271 2692 1401 2729 finem.

345 2747 534 2782 Recessus
554 2752 680 2781 autem
710 2756 733 2780 a
760 2744 862 2780 malo
882 2743 1077 2780 ordinatur
1095 2743 1144 2780 ad
1169 2744 1404 2781 consecutio-

345 2810 436 2834 nem
464 2797 574 2844 boni,
603 2796 699 2833 sicut
725 2796 774 2832 ad
795 2796 926 2833 finem.
956 2796 1078 2843 Unde,
1107 2796 1324 2844 simpliciter
1351 2797 1404 2833 lo-

347 2850 515 2898 quendo,
536 2849 668 2886 fortior
683 2856 737 2885 est
751 2856 878 2885 motus
893 2848 1043 2885 animae
1058 2848 1097 2885 in
1125 2849 1271 2886 bonum
1286 2861 1402 2897 quam

345 2902 384 2940 in
412 2903 569 2939 malum.

399 3013 427 3046 α)
446 3013 569 3045 Ρνορεεν.
587 3026 606 3031 -
625 3012 661 3036 Et
674 3014 788 3043 propter
807 3010 864 3035 PsD
885 3016 910 3034 et
927 3017 954 3035 a.

1506 1114 1583 1151 Sed
1620 1121 1749 1151 tamen
1783 1114 1984 1162 aliquando
2022 1115 2174 1151 videtur
2210 1113 2342 1151 odium
2379 1113 2511 1150 fortius

1452 1178 1594 1213 amore,
1613 1174 1769 1215 propter
1797 1167 1886 1204 duo.
1912 1167 2041 1204 Primo
2071 1167 2240 1214 quidem,
2261 1166 2350 1214 quia
2378 1165 2511 1203 odium

1453 1226 1507 1255 est
1526 1218 1646 1266 magis
1666 1219 1839 1256 sensibile
1859 1232 1975 1268 quam
1994 1232 2113 1256 amor.
2135 1219 2236 1255 Cum
2256 1218 2358 1255 enirn
2377 1230 2511 1255 sensus

1451 1271 1644 1319 perceptio
1677 1272 1722 1308 sit
1758 1271 1796 1309 in
1830 1274 1996 1320 quadam
2030 1271 2313 1318 immutatione,
2349 1283 2394 1308 ex
2432 1283 2509 1319 quo

1453 1324 1593 1371 aliquid
1615 1324 1691 1361 iam
1716 1324 1958 1361 immutatum
1978 1332 2043 1371 est,
2064 1337 2142 1362 non
2166 1324 2216 1361 ita
2239 1324 2394 1361 sentitur
2417 1324 2512 1360 sicut

1453 1376 1607 1423 quando
1637 1384 1692 1412 est
1719 1376 1757 1413 in
1785 1377 1867 1425 ipso
1896 1377 2098 1414 immutari.
2128 1377 2240 1414 Unde
2269 1377 2372 1413 calor
2398 1375 2511 1413 febris

1452 1428 1629 1474 hecticae,
1651 1429 1826 1476 quamvis
1854 1429 1899 1466 sit
1926 1430 2060 1478 maior,
2081 1442 2160 1466 non
2182 1437 2313 1466 tamen
2330 1429 2382 1465 ita
2400 1428 2511 1465 senti-

1451 1487 1512 1516 tur
1539 1481 1632 1516 sicut
1653 1482 1754 1517 calor
1781 1482 1980 1519 tertianae:
2011 1483 2098 1531 quia
2126 1483 2227 1519 calor
2248 1482 2415 1518 hecticae
2433 1481 2511 1518 iam

1451 1544 1584 1569 versus
1605 1541 1659 1569 est
1678 1533 1786 1580 quasi
1804 1534 1843 1570 in
1860 1535 2032 1571 habitum
2052 1543 2089 1571 et
2108 1543 2294 1572 naturam.
2315 1535 2475 1583 Propter
2494 1539 2511 1555 α

1452 1585 1527 1621 hoc
1547 1585 1671 1632 etiam,
1692 1598 1802 1622 amor
1821 1587 1939 1634 magis
1960 1587 2115 1623 sentitur
2133 1588 2172 1623 in
2191 1587 2360 1624 absentia
2379 1586 2509 1623 amati:

1453 1637 1547 1674 sicut
1579 1638 1811 1685 Augustinus
1844 1639 1950 1686 dicit,
1983 1639 2022 1676 in
2054 1640 2090 1675 X
2121 1640 2166 1676 de
2202 1641 2237 1676 T
2233 1640 2304 1676 rin.
2332 1639 2372 1686 ⁹¹⁶,
2406 1639 2512 1687 quod

1453 1702 1564 1726 amor
1591 1701 1665 1726 non
1694 1691 1744 1727 ita
1771 1691 1937 1737 sentitur,
1966 1703 2052 1728 cum
2081 1704 2154 1728 non
2171 1692 2298 1739 prodit
2313 1704 2398 1728 eum
2419 1692 2512 1728 indi-

1452 1743 1591 1792 gentia.
1621 1743 1670 1779 Et
1702 1750 1857 1791 propter
1884 1744 1958 1780 hoc
1993 1744 2120 1790 etiam,
2151 1744 2397 1792 repugnantia
2433 1744 2512 1780 eius

1454 1795 1558 1844 quod
1586 1795 1724 1843 oditur,
1754 1796 1964 1833 sensibilius
1991 1796 2195 1845 percipitur
2223 1809 2339 1845 quam
2373 1809 2512 1833 conve-

1455 1847 1594 1884 nientia
1623 1848 1701 1885 eius
1729 1848 1834 1896 quod
1862 1857 2021 1886 amatur.
2041 1870 2065 1877 -
2087 1850 2287 1897 Secundo,
2317 1849 2407 1898 quia
2433 1861 2512 1886 non

1456 1907 1696 1949 comparatur
1715 1901 1847 1937 odium
1865 1901 1915 1938 ad
1934 1914 2107 1938 amorem
2127 1902 2197 1939 sibi
2213 1902 2513 1950 corresponden-

1455 1960 1544 1990 tem.
1575 1953 1795 1990 Secundum
1825 1954 1928 1990 enim
1957 1954 2211 1991 diversitatem
2231 1955 2436 2002 bonorum,
2458 1962 2513 1991 est

1456 2005 1650 2042 diversitas
1664 2018 1840 2043 amorum
1855 2006 1894 2043 in
1905 2007 2161 2054 magnitudine
2178 2014 2214 2043 et
2228 2007 2423 2055 parvitate,
2432 2007 2512 2055 qui-

1456 2058 1526 2094 bus
1554 2058 1888 2107 proportionantur
1916 2059 2093 2108 opposita
2121 2060 2220 2097 odia.
2245 2060 2356 2096 Unde
2380 2059 2512 2096 odium

1456 2108 1562 2159 quod
1596 2112 1868 2160 correspondet
1893 2110 2035 2163 {maiori
2062 2113 2204 2161 amori,
2234 2112 2354 2160 magis
2382 2120 2514 2150 movet

1456 2175 1572 2211 quam
1600 2176 1725 2200 mmor
1752 2176 1872 2202 amor.

1510 2217 1559 2252 Et
1584 2228 1653 2264 per
1679 2217 1754 2253 hoc
1780 2224 1884 2265 patet
1910 2217 2107 2266 responsio
2133 2217 2182 2254 ad
2200 2217 2380 2266 primum.
2411 2218 2513 2254 Nam

1458 2281 1567 2305 amor
1597 2269 1803 2317 voluptatis
1832 2277 1887 2306 est
1914 2270 2040 2306 minor
2072 2282 2189 2317 quam
2222 2282 2332 2306 amor
2363 2282 2515 2306 conser-

1455 2321 1618 2358 vationis
1653 2321 1711 2358 sui
1742 2321 1880 2370 ipsius,
1914 2322 1973 2358 cui
2006 2322 2210 2371 respondet
2242 2323 2329 2370 fuga
2361 2322 2514 2359 doloris.

1458 2374 1506 2410 Et
1533 2373 1620 2410 ideo
1649 2374 1769 2422 magis
1802 2374 1938 2422 fugitur
1966 2375 2091 2423 dolor,
2125 2387 2241 2424 quam
2274 2382 2422 2412 ametur
2447 2387 2516 2412 vo-

1458 2427 1592 2475 luptas.
2207 2440 2210 2443 ⁴

1509 2480 1568 2515 AD
1593 2491 1782 2516 SECUNDUM
1810 2491 1994 2516 n1annUM
2023 2480 2128 2528 quod
2157 2479 2289 2516 odium
2317 2491 2514 2527 nunquam

1457 2532 1627 2568 vinceret
1661 2544 1855 2579 amorem,
1895 2532 1963 2569 nisi
1999 2540 2154 2580 propter
2187 2532 2373 2569 maiorem
2408 2544 2514 2568 amo-

1458 2596 1540 2620 rem
1565 2583 1624 2620 cui
1644 2585 1775 2622 odium
1794 2585 2075 2633 correspondet.
2106 2585 2209 2621 Sicut
2227 2583 2242 2613 β
2259 2585 2379 2621 homo
2394 2585 2515 2632 magis

1459 2636 1574 2684 diligit
1607 2650 1647 2673 se
1682 2650 1798 2685 quarn
1827 2637 2013 2673 amicum:
2049 2644 2084 2673 et
2115 2644 2270 2685 propter
2301 2638 2376 2673 hoc
2411 2637 2514 2685 quod

1459 2689 1575 2736 diligit
1602 2702 1654 2736 se,
1684 2690 1798 2726 habet
1822 2689 1911 2726 odio
1940 2689 2052 2726 etiam
2080 2689 2258 2736 amicum,
2286 2690 2317 2726 si
2336 2690 2405 2726 sibi
2425 2702 2515 2726 con-

1458 2742 1640 2778 trarietur.

1511 2797 1570 2831 An
1597 2805 1756 2831 TERTIUM
1784 2805 1967 2831 D1CENDUM
1996 2794 2101 2842 quod
2129 2794 2215 2831 ideo
2244 2794 2425 2831 intensius
2451 2794 2516 2831 ali-

1459 2848 1549 2896 quid
1569 2854 1747 2896 operatur
1765 2846 1813 2883 ad
1833 2847 2092 2896 repellendum
2111 2846 2255 2894 odiosa,
2277 2847 2366 2895 quia
2384 2847 2517 2885 odium

1460 2908 1516 2938 est
1543 2900 1662 2948 magis
1691 2899 1879 2937 sensibile.

1427 3005 1430 3044 Ι
1509 3009 1535 3042 β)
1555 3010 1639 3035 Sicut.
1657 3023 1676 3029 -
1695 3010 1740 3034 Sic
1759 3010 1805 3034 Pa.

1020 3078 1350 3112 commentaria
1373 3078 1623 3112 Car-dinetus
1646 3070 1845 3112 Caietam

411 3171 544 3191 RTlcULo
567 3160 706 3191 secundo
735 3159 864 3196 omisso,
891 3169 928 3189 ex
950 3168 1016 3199 quo
1040 3158 1211 3188 memoriae
1241 3167 1404 3188 commen-

348 3173 501 3235 Adabis
524 3204 764 3245 responsionem
784 3204 824 3234 ad
847 3203 996 3244 primum,
1023 3209 1053 3232 et
1073 3201 1243 3242 applicabis
1263 3201 1304 3231 ad
1318 3201 1405 3232 Post-

342 3249 628 3290 praedicamenta;
655 3248 689 3278 in
721 3248 812 3279 tertio
841 3247 987 3282 articulo,
1016 3246 1140 3276 adverte
1169 3245 1287 3285 primo,
1317 3245 1405 3286 quod

347 3293 451 3334 prima
464 3292 543 3323 ratio
559 3301 655 3334 quare
670 3291 781 3322 odium
796 3291 920 3322 videtur
931 3290 1043 3321 fortius
1062 3299 1199 3326 movere,
1217 3289 1358 3320 consistit
1373 3289 1405 3319 in

347 3337 419 3374 hoc,
431 3337 519 3378 quod
530 3336 640 3367 odium
652 3335 751 3376 magis
762 3335 903 3366 consistit
916 3335 949 3365 in
959 3334 1182 3365 immutatione
1193 3343 1292 3374 quam
1306 3343 1405 3364 amor.

349 3381 448 3418 Quod
471 3381 643 3411 declaratur
666 3390 703 3410 ex
725 3386 812 3420 parte
835 3378 959 3410 obiecti.
983 3378 1067 3416 Quia
1090 3377 1205 3408 scilicet
1227 3377 1259 3407 in
1283 3387 1404 3414 amore,

348 3431 415 3455 tam
438 3431 525 3455 actus
549 3434 647 3465 quam
670 3423 832 3454 obiectum
854 3429 1010 3457 consonat
1032 3421 1232 3462 dispositioni
1254 3421 1404 3452 amantis:

349 3478 386 3499 ac
408 3479 464 3509 per
486 3469 561 3505 hoc,
586 3468 664 3498 nihil
687 3474 742 3504 est,
766 3477 803 3498 ex
826 3473 912 3508 parte
935 3466 1058 3502 obiecti,
1083 3465 1251 3496 alteritatis.
1276 3466 1310 3500 In
1329 3465 1405 3495 odio

349 3523 442 3549 vero,
466 3512 539 3543 licet
561 3519 648 3543 actus
672 3511 871 3552 dispositioni
894 3510 1028 3541 odientis
1052 3516 1220 3546 consonet,
1246 3509 1406 3540 obiectum

349 3566 435 3594 vero,
459 3563 570 3597 utpote
594 3556 716 3586 malum
739 3562 774 3586 ut
800 3555 931 3591 malum,
953 3554 1109 3585 dissonat:
1139 3564 1174 3585 ac
1196 3563 1251 3594 per
1273 3553 1344 3589 hoc,
1370 3563 1407 3583 ex

1458 3164 1546 3198 parte
1570 3157 1683 3188 obiecti
1706 3157 1840 3188 alteritas
1856 3158 2014 3198 quaedam
2036 3158 2204 3190 invenitur.
2220 3158 2262 3190 Et
2284 3168 2359 3189 curn
2381 3159 2516 3190 mutatio

1458 3201 1491 3231 in
1515 3201 1664 3232 alteritate
1688 3201 1846 3238 consistat,
1869 3202 1969 3241 magis
1992 3202 2031 3232 ad
2054 3202 2239 3234 mutationis
2262 3209 2408 3233 naturam
2431 3213 2516 3234 acce-

1460 3246 1512 3276 det
1538 3245 1650 3276 odium
1674 3255 1772 3286 quam
1795 3255 1895 3276 amor.
1917 3246 1959 3276 Et
1980 3246 2057 3276 haec
2088 3247 2168 3277 ratio
2191 3247 2321 3287 ponitur
2343 3247 2376 3277 in
2399 3247 2516 3283 littera,

1460 3299 1533 3320 curn
1561 3289 1673 3320 dicitur
1703 3289 1792 3330 quod
1820 3290 2027 3330 repugnantia
2053 3290 2120 3321 eius
2149 3291 2238 3331 quod
2268 3291 2391 3327 oditur,
2415 3291 2515 3331 magis

1460 3333 1631 3374 percipitur
1653 3343 1750 3374 quam
1775 3333 1992 3364 convenientia
2014 3334 2119 3365 amati.

1515 3378 1650 3408 Adverte
1673 3378 1822 3414 secundo,
1839 3378 1928 3418 quod
1944 3378 2081 3409 secunda
2096 3378 2175 3409 ratio
2199 3385 2230 3409 et
2252 3378 2431 3410 manifestat
2445 3388 2517 3409 sen-

1460 3431 1532 3452 sum
1556 3421 1767 3452 conclusionis
1798 3421 1978 3462 principalis
2007 3422 2102 3453 huius
2131 3422 2266 3459 articuli,
2291 3422 2407 3453 scilicet
2429 3423 2518 3463 quod

1461 3465 1572 3496 odium
1588 3475 1653 3495 non
1674 3472 1719 3496 est
1742 3465 1854 3496 fortius
1874 3475 1992 3502 amore,
2017 3466 2072 3496 sed
2093 3476 2109 3496 e
2131 3475 2296 3497 converso:
2321 3467 2410 3507 quod
2427 3466 2518 3496 intel-

1460 3509 1566 3549 ligitur
1595 3519 1661 3540 non
1692 3509 1730 3540 de
1753 3519 1959 3550 quocumque
1990 3510 2065 3540 odio
2089 3510 2186 3540 relato
2210 3511 2249 3540 ad
2282 3520 2518 3551 quemcumque

1462 3563 1613 3590 amorem,
1638 3560 1669 3584 et
1692 3563 1708 3583 e
1733 3563 1900 3591 converso,
1925 3554 1980 3584 sed
2002 3554 2041 3584 de
2065 3554 2253 3594 coniugatis;
2279 3554 2410 3595 quilibet
2433 3554 2518 3585 enim

2538 1643 2548 1652 '
2562 1641 2618 1668 Cap.
2633 1646 2674 1662 ιη.
