2852 4152
359 207 431 242 332

1069 210 1334 255 QUAESTIO
1366 211 1448 257 LII,
1478 210 1773 248 ARTICULUS
1803 213 1816 247 Ι

355 284 492 321 tatibus
520 297 613 321 vero
642 285 787 334 primae
817 287 955 335 speciei
984 294 1108 335 potest
1137 299 1218 324 esse
1246 287 1414 324 alteratio
1469 288 1652 325 teratione
1682 289 1894 326 secundum
1921 291 2117 339 passiones
2141 294 2328 343 appetitus
2349 294 2528 342 sensitivi‚

355 349 423 386 per
450 338 656 386 posterius:
686 339 783 376 facta
818 340 917 376 enim
952 340 1168 376 alteratione
1201 339 1412 376 secundum
1467 341 1529 377 vel
1558 341 1770 378 secundum
1799 342 1899 379 vires
1927 344 2123 383 sensitivas
2142 347 2452 396 apprehensivaS,
2473 360 2530 384 se-

356 390 518 427 calidum
549 398 583 427 et
611 391 799 439 frigidum,
829 392 998 440 sequitur
1025 392 1165 428 animal
1190 393 1336 428 alterari
1357 404 1414 428 se·
1468 392 1594 441 quitur
1622 394 1791 430 alteratio
1820 396 2031 435 seeundum
2060 398 2234 436 scientias
2261 406 2268 420 ²
2298 407 2334 436 et
2352 400 2527 448 virtutes,

356 445 524 480 cundum
553 456 689 481 sanum
714 453 750 481 et
778 457 944 492 aegrum.
967 446 1016 481 Et
1043 444 1221 489 similiter,
1248 445 1344 480 facta
1363 445 1414 480 al-
1468 452 1510 481 ut
1538 445 1670 482 dicitur
1697 446 1735 482 in
1762 447 1830 483 VII
1860 449 2008 497 Physic.
2028 450 2049 472 ’¹‘

408 558 426 589 ι)
445 558 577 582 scientias.
595 571 614 576 -
631 557 767 582 scientiam
788 557 833 581 Pa.

1030 626 1360 659 Commenta-ia
1383 626 1633 660 Cardinalis
1656 628 1856 662 Caietani

384 721 403 740 N
439 709 570 740 articulo
597 708 701 749 primo
733 706 927 746 quaestionis
956 706 1411 746 quinquagesimaesecundae‚

356 721 484 784 Imulta
499 759 573 783 sunt
591 752 686 782 dubia
705 750 914 786 dilucidanda,
933 759 1006 779 curn
1025 750 1084 780 Dei
1100 750 1207 788 gratia.
1225 750 1281 781 Est
1300 751 1332 781 in
1351 751 1412 791 pri-

352 798 412 828 mis
436 797 569 827 dubium
602 795 681 825 circa
704 804 832 824 sensum
863 793 1071 824 distinctionis
1102 793 1200 825 factae
1223 794 1256 824 in
1280 805 1412 835 corpore

351 841 482 877 articuli,
499 840 587 881 quod
610 838 760 879 perfectio
785 844 815 868 et
839 844 1047 877 augmentum
1074 837 1194 868 formae
1219 838 1332 869 dicitur
1355 839 1411 869 du-

351 885 481 926 pliciter,
498 883 674 914 secundum
696 882 799 921 ipsam
822 881 969 917 formam,
994 888 1024 911 et
1047 883 1224 912 secundum
1246 882 1411 923 participa-

351 930 471 960 tionem
499 927 619 957 formae
643 926 676 956 in
700 925 851 956 subiecto.
879 927 945 956 Aut
974 925 1059 955 enim
1089 926 1223 957 intendit
1246 927 1284 956 de
1308 926 1411 957 forma

352 974 384 1003 in
408 973 578 1007 abstracto,
601 970 652 1000 vel
675 976 832 1000 concreto.
858 969 899 1000 Et
921 969 984 1000 hoc
1008 977 1054 1000 est
1077 977 1161 1000 extra
1190 970 1409 1010 propositum:

350 1017 424 1057 quia
447 1021 566 1055 spectat
588 1013 746 1044 distinctio
770 1013 847 1043 haec
871 1013 910 1043 ad
933 1014 1050 1044 modos
1077 1013 1290 1054 significandi;
1315 1024 1410 1055 quae-

350 1061 409 1091 stio
434 1067 540 1090 autem
557 1065 602 1095 est
621 1058 658 1088 de
676 1067 717 1088 re.
736 1075 756 1080 —
769 1059 835 1088 Aut
859 1058 897 1088 de
914 1057 1016 1088 forma
1039 1057 1192 1098 specifice,
1211 1065 1241 1088 et
1263 1068 1410 1088 numera-

348 1105 425 1135 liter.
449 1104 488 1134 Et
510 1103 571 1133 hoc
594 1110 677 1132 non:
698 1101 772 1142 quia
795 1101 871 1132 haec
891 1101 1018 1132 scientia
1041 1109 1087 1132 est
1106 1112 1201 1142 parva
1222 1102 1271 1132 vel
1294 1112 1410 1142 magna

349 1148 524 1178 secundum
543 1146 688 1186 seipsam.
709 1163 729 1168 —
749 1147 815 1176 Aut
833 1145 870 1175 de
892 1145 1024 1176 essentia
1047 1145 1177 1182 formae,
1200 1152 1230 1176 et
1245 1146 1409 1186 participa-

349 1192 434 1223 tione
451 1191 518 1222 eius
533 1191 565 1221 in
582 1190 733 1226 subiecto,
752 1196 787 1220 ut
801 1189 902 1220 littera
917 1189 1047 1220 innuere
1059 1189 1193 1220 videtur.
1210 1190 1251 1220 Et
1264 1190 1409 1230 implicat

349 1235 638 1270 contradictionem,
657 1241 691 1264 ut
714 1236 835 1264 Auctor
854 1233 928 1264 dicit
946 1233 979 1263 in
1003 1234 1041 1264 11⁴
1059 1234 1117 1270 11⁰,
1136 1244 1190 1274 qu.
1207 1244 1287 1271 xxiv,
1304 1241 1359 1265 art.
1376 1244 1408 1274 4,

349 1281 388 1311 ad
403 1281 436 1311 3:
458 1279 611 1320 quoniam
626 1278 651 1308 si
667 1277 863 1318 participatio
880 1277 1000 1308 formae
1017 1277 1049 1308 in
1065 1277 1207 1314 subiecto
1223 1278 1406 1316 intenditur,

347 1325 415 1365 ipsa
437 1333 568 1364 quoque
592 1322 765 1353 substantia
789 1321 910 1352 formae
932 1321 1114 1359 intenditur,
1131 1329 1167 1353 ut
1188 1322 1232 1354 ibi
1255 1322 1378 1354 dieitur.

403 1368 439 1399 II.
456 1368 507 1398 Ad
537 1367 598 1397 hoc
621 1365 734 1397 dicitur
764 1366 853 1406 quod
883 1365 1107 1397 obscuritatem
1134 1366 1167 1397 in
1197 1367 1256 1397 hac
1279 1377 1311 1397 re
1335 1367 1409 1398 facit

346 1413 379 1454 ly
400 1411 573 1443 secundum
597 1410 690 1451 quod.
710 1409 886 1450 Dupliciter
902 1410 987 1440 enim
1003 1410 1086 1440 sumi
1105 1417 1219 1451 potest.
1237 1411 1355 1448 Primo,
1373 1418 1408 1443 ut

348 1457 478 1487 denotat
501 1465 568 1486 rem
587 1455 825 1485 denominatam
848 1461 989 1484 tantum:
1006 1461 1042 1485 ut
1055 1464 1131 1485 cum
1146 1454 1268 1491 dicitur,
1293 1455 1407 1486 Socra-

347 1507 394 1532 tes
423 1506 470 1531 est
499 1500 591 1530 albus
620 1499 794 1530 secundum
825 1498 946 1530 dentes.
970 1498 1011 1529 Et
1034 1499 1078 1529 sic
1110 1509 1176 1529 non
1207 1499 1344 1530 sumitur
1373 1500 1407 1530 in

347 1544 528 1585 proposito:
553 1543 596 1574 sic
615 1543 700 1574 enim
717 1542 858 1583 implicat
881 1542 1121 1574 contradictoria
1140 1543 1277 1574 formam
1301 1545 1407 1584 augeri

347 1589 523 1619 secundum
553 1598 620 1618 esse
649 1587 683 1617 in
714 1587 873 1623 subiecto,
902 1593 933 1618 et
963 1597 1028 1617 non
1053 1587 1229 1618 secundum
1252 1587 1405 1628 seipsam;

347 1640 519 1673 utrumque
535 1632 621 1662 enim
633 1638 680 1662 est
694 1637 833 1661 auctum.
842 1630 945 1661 —Alio
959 1631 1058 1661 modo
1075 1631 1212 1662 sumitur
1227 1639 1263 1663 ut
1277 1632 1407 1663 denotat

347 1687 474 1708 causam
490 1686 545 1706 seu
562 1676 715 1706 radicem:
733 1682 768 1706 ut
791 1685 865 1705 cum
881 1674 995 1705 dicitur
1008 1676 1097 1716 quod
1119 1676 1211 1706 homo
1230 1677 1404 1707 secundum

346 1721 431 1762 quod
454 1721 632 1757 rationalis,
650 1725 696 1750 est
714 1719 847 1759 artifex.
870 1719 911 1749 Et
930 1719 991 1749 hoc
1007 1720 1105 1750 modo
1123 1720 1259 1750 sumitur
1280 1719 1313 1750 in
1333 1731 1405 1761 pro-

345 1765 462 1805 posito.
478 1765 519 1795 Et
535 1771 581 1794 est
604 1774 713 1794 sensus
729 1763 818 1804 quod
838 1763 987 1803 perfectio
1009 1770 1039 1794 et
1061 1771 1269 1803 augmentum
1286 1764 1406 1795 formae

345 1817 399 1839 aut
422 1809 521 1839 oritur
544 1818 580 1838 ex
603 1808 671 1847 ipsa
694 1814 804 1837 natura
827 1806 971 1847 specifica
995 1807 1124 1843 formae,
1147 1814 1201 1838 aut
1224 1818 1259 1838 ex
1283 1809 1405 1848 partici—

345 1853 472 1893 patione
497 1852 563 1882 eius
586 1852 619 1881 in
650 1851 802 1882 subiecto.
829 1851 873 1881 lta
900 1851 988 1892 quod
1020 1858 1153 1892 utraque
1185 1852 1354 1891 perfectio,
1375 1859 1406 1883 et

344 1903 517 1937 utrumque
536 1902 754 1935 augmentum,
772 1894 827 1925 ubi
842 1894 1009 1931 invenitur,
1028 1905 1199 1926 commune
1215 1902 1261 1926 est
1283 1895 1404 1927 formae

345 1947 375 1971 et
391 1940 532 1971 subiecto
549 1947 585 1970 ut
599 1940 694 1970 habet
710 1938 863 1968 formam:
885 1938 1056 1969 differentia
1072 1945 1180 1970 autem
1201 1946 1247 1970 est
1262 1940 1294 1970 in
1311 1950 1404 1971 causa

344 1984 481 2025 originis,
499 1990 534 2014 ut
558 1984 638 2013 clare
662 1983 757 2013 habes
780 1982 910 2012 inferius
934 1982 965 2012 in
990 1993 1044 2023 qu.
1061 1993 1125 2019 Lm,
1143 1990 1198 2014 art.
1217 1993 1245 2020 2,
1262 1984 1300 2014 ad
1319 1994 1348 2020 2,
1366 1985 1404 2015 de

344 2028 564 2064 diminutione,
583 2028 621 2057 de
635 2037 699 2067 qua
722 2027 807 2057 idem
822 2033 868 2057 est
883 2027 973 2067 quod
989 2027 1028 2058 de
1050 2034 1223 2067 augmento
1239 2028 1402 2060 iudicium.

398 2073 450 2103 111.
477 2072 567 2103 Circa
596 2071 685 2102 illam
708 2070 977 2111 propositionem:
1001 2071 1090 2102 Illud
1119 2072 1292 2103 secundum
1321 2073 1405 2113 quod

341 2118 476 2148 sortitur
498 2116 620 2157 aliquid
639 2117 784 2156 speciem,
801 2120 924 2155 oportet
939 2125 1007 2146 esse
1026 2116 1225 2155 indivisibile,
1241 2116 1274 2147 in
1290 2118 1404 2148 eodem

344 2171 475 2201 corpore
499 2160 620 2191 articuli
642 2159 852 2195 subiunctam‚
870 2159 1004 2190 dubium
1028 2160 1163 2190 occurrit
1184 2160 1223 2191 de
1239 2171 1302 2201 qua
1325 2161 1404 2191 indi-

342 2205 518 2236 visibilitate
538 2211 584 2234 est
599 2213 713 2234 sermo.
731 2206 797 2234 Aut
811 2203 896 2233 enim
919 2210 965 2234 est
981 2213 1084 2234 sermo
1101 2204 1139 2234 de
1158 2204 1402 2236 indivisibilitate

343 2249 540 2279 omnimoda.
556 2248 597 2278 Et
619 2248 681 2278 hoc
705 2256 787 2278 non:
809 2248 884 2288 quia
907 2254 1030 2278 constat
1051 2249 1246 2289 quandoque
1269 2258 1336 2279 esse
1360 2249 1403 2279 di-

342 2293 463 2324 visibile
486 2292 668 2329 virtualiter,
693 2298 723 2322 et
746 2291 954 2322 materialiter.
971 2309 991 2314 -
1005 2294 1073 2322 Aut
1096 2292 1134 2328 de
1156 2292 1402 2324 indivisibilitate

342 2337 479 2368 formali.
496 2337 536 2368 Et
559 2337 630 2372 hoc,
651 2336 723 2366 licet
746 2335 785 2366 sit
803 2345 923 2372 verum,
939 2346 1005 2366 non
1029 2343 1135 2366 tamen
1159 2343 1206 2367 est
1228 2337 1267 2367 ad
1286 2347 1402 2377 propo-

343 2381 455 2412 situm:
482 2380 636 2421 quoniam
663 2379 827 2420 loquimur
850 2380 888 2410 de
911 2386 1103 2420 augmento,
1127 2381 1215 2421 quod
1239 2388 1300 2412 stat
1327 2392 1401 2412 cum

343 2425 586 2455 indivisibilitate
599 2424 735 2454 formali.
748 2442 768 2447 -
785 2426 851 2454 Aut
863 2424 901 2454 de
913 2423 1156 2454 indivisibilitate
1172 2425 1334 2462 materiali,
1345 2436 1401 2456 vo-

343 2470 444 2500 cando
468 2479 598 2499 omnem
622 2468 810 2498 divisionem
829 2467 894 2498 sive
917 2468 1166 2509 quantitativam,
1183 2469 1248 2499 sive
1270 2470 1401 2510 gradua-

342 2514 415 2549 lem,
435 2513 499 2543 sive
523 2512 767 2555 quomodolibet
782 2512 900 2552 absque
918 2512 1066 2543 varietate
1087 2512 1240 2552 specifica,
1257 2513 1401 2544 materia-

342 2558 415 2588 lem.
428 2558 468 2587 Et
479 2557 540 2587 hoc
557 2563 636 2587 esset
651 2557 690 2586 ad
706 2556 924 2596 propositum:
945 2557 999 2586 sed
1016 2563 1061 2587 est
1075 2556 1202 2587 falsum.
1219 2557 1312 2594 Quia,
1327 2568 1401 2588 cum

343 2602 461 2632 multae
478 2601 596 2641 species
620 2600 824 2641 suscipientes
840 2600 939 2640 magis
961 2607 991 2631 et
1014 2600 1130 2637 minus,
1148 2601 1211 2631 sint
1233 2601 1399 2642 simplices,

343 2653 378 2676 ut
402 2646 487 2676 calor
510 2652 540 2676 et
563 2645 691 2680 albed0;
712 2654 778 2674 non
802 2651 907 2684 potest
929 2645 1059 2684 intelligi
1076 2651 1111 2676 ut
1137 2645 1222 2675 calor
1245 2645 1402 2677 dividatur

343 2690 517 2720 secundum
546 2689 645 2729 magis
668 2696 698 2719 et
721 2689 845 2725 mium,
870 2695 900 2719 et
922 2691 951 2719 A
976 2689 1044 2719 eius
1068 2688 1239 2720 differentia
1261 2700 1327 2720 non
1353 2690 1400 2720 in-

343 2734 489 2765 tendatur
512 2740 542 2764 et
564 2733 740 2763 remittatur
765 2733 846 2764 sicut
867 2732 935 2773 ipse
959 2733 1052 2764 calor.

398 2778 451 2808 IV.
475 2778 526 2808 Ad
548 2777 610 2807 hoc
626 2777 739 2808 dicitur
760 2775 858 2818 quod,
880 2776 1006 2817 proprie
1030 2778 1204 2818 loquendo,
1226 2787 1330 2809 sermo
1355 2785 1400 2809 est

344 2822 381 2852 de
404 2821 647 2852 indivisibilitate
671 2821 854 2859 latitudinis,
879 2821 1026 2861 opposita
1041 2821 1242 2853 divisibilitati
1269 2832 1332 2863 qua
1349 2823 1401 2853 ali-

343 2866 420 2907 quid
442 2866 641 2896 latitudinem
664 2866 771 2902 habet;
795 2865 859 2896 sive
882 2865 995 2896 habeat
1018 2865 1216 2896 latitudinem
1239 2873 1275 2897 ut
1299 2867 1400 2903 calor,

343 2910 407 2940 sive
426 2917 461 2940 ut
476 2909 601 2946 animal,
620 2910 683 2940 sive
700 2909 814 2950 quovis
831 2909 892 2939 alio
910 2909 1003 2939 simili
1021 2910 1130 2940 modo.
1147 2910 1208 2940 Sed
1225 2910 1403 2942 attribuitur

342 2954 375 2984 in
398 2954 497 2984 littera
528 2954 712 2984 huiusmodi
741 2953 969 2984 indivisibilitas
999 2953 1190 2994 specificanti
1217 2961 1253 2985 ut
1276 2954 1334 2985 sic:
1359 2955 1402 2986 ita

343 2998 431 3038 quod
456 3007 564 3028 sensus
589 3004 634 3028 est
657 2998 744 3038 quod
768 2996 965 3038 specificans,
989 2997 1180 3039 inquantum
1203 2998 1401 3039 specificans,

343 3049 403 3073 stat
425 3042 457 3072 in
485 3041 678 3078 indivisibili,
703 3042 782 3072 idest
805 3048 887 3072 caret
915 3042 1094 3078 latitudine,
1119 3042 1199 3073 idest
1221 3053 1287 3073 non
1309 3043 1403 3074 habet

342 3086 376 3116 in
400 3096 432 3116 se
455 3086 560 3126 aliqua
583 3086 682 3125 plura.
712 3086 753 3116 Et
775 3086 854 3117 ratio
878 3093 937 3122 est,
962 3086 1036 3127 quia
1060 3086 1257 3127 specificans,
1282 3093 1317 3118 ut
1340 3087 1401 3124 sic,

344 3129 505 3161 constituit
524 3129 661 3170 speciem
685 3136 720 3160 ut
743 3130 892 3160 ultimum
916 3137 946 3161 et
968 3131 1131 3162 terminus.
1155 3131 1277 3162 Ultimo
1297 3138 1403 3163 autern

344 3181 374 3205 et
395 3173 542 3211 termino,
566 3181 602 3204 ut
624 3173 681 3210 sic,
705 3181 858 3214 repugnat
880 3174 1025 3206 latitudo.
1050 3174 1082 3206 Si
1106 3174 1190 3205 enim
1214 3175 1402 3206 divisionem

343 3218 482 3259 aliquam
496 3218 599 3254 habet,
616 3218 792 3248 secundum
809 3217 942 3248 alterum
958 3229 1069 3249 eorum
1085 3229 1149 3249 non
1174 3219 1401 3251 determinabit.

343 3263 384 3293 Et
399 3272 506 3293 rursus
523 3262 699 3292 secundum
715 3261 835 3302 aliquid
851 3262 1028 3299 constituet,
1046 3270 1077 3294 et
1092 3264 1268 3294 secundum
1283 3263 1403 3305 aliquid

344 3316 419 3337 non.
443 3307 483 3337 Et
506 3316 613 3337 rursus
636 3316 702 3336 non
727 3306 895 3337 constituet
919 3306 1056 3346 speciem
1078 3306 1111 3337 in
1136 3314 1220 3338 certo
1243 3307 1327 3344 loco,
1348 3308 1402 3338 sed

344 3351 519 3381 secundum
543 3350 663 3391 aliquid
685 3350 718 3380 in
741 3359 818 3386 uno,
843 3357 873 3380 et
896 3351 1073 3381 secundum
1097 3351 1215 3392 aliquid
1238 3351 1271 3382 in
1287 3352 1400 3382 altero:

344 3402 374 3425 et
397 3395 440 3425 sic
463 3395 581 3434 species
605 3405 710 3425 rerum
733 3404 799 3424 non
822 3394 971 3425 haberent
990 3394 1050 3424 fixa
1066 3395 1144 3431 loca,
1162 3395 1243 3426 sicut
1261 3395 1400 3432 numeri;

344 3449 401 3469 nec
425 3438 624 3469 constitutiva
641 3448 749 3469 earum
765 3445 866 3469 essent
882 3438 962 3469 sicut
978 3439 1178 3469 constitutiva
1194 3449 1401 3470 numerorum

343 3482 572 3513 invariabiliter.
603 3483 688 3513 Cum
717 3482 765 3512 his
795 3489 901 3513 tamen
925 3489 983 3513 stat
1006 3483 1095 3524 quod
1118 3493 1165 3513 res
1189 3483 1401 3524 specificantes

344 3526 478 3556 habeant
509 3526 723 3562 latitudinem;
760 3533 795 3557 ut
825 3526 1003 3557 obiiciendo
1036 3527 1073 3557 de
1107 3527 1209 3557 calore
1238 3528 1399 3568 probatur.

1468 707 1580 738 Sermo
1604 709 1689 738 enim
1713 716 1820 740 noster
1842 709 1984 741 formalis
2007 716 2068 743 est':
2089 720 2121 744 et
2133 713 2214 745 nihil
2227 715 2313 746 aliud
2334 715 2527 746 intendimus

1468 751 1528 782 nisi
1551 753 1641 793 quod
1663 762 1711 783 res
1734 752 1926 793 specificans,
1951 762 1987 786 ut
2009 755 2069 792 sic,
2093 763 2153 788 stat
2174 757 2208 788 in
2235 758 2432 796 indivisibili;
2455 759 2528 790 licet

1466 795 1602 835 ipsamet
1623 806 1682 833 res,
1707 807 1773 828 non
1798 803 1833 828 ut
1856 797 2054 838 specificans,
2084 800 2140 830 sed
2162 802 2406 842 quomodolibet
2428 803 2525 840 aliter,

1466 839 1579 871 habeat
1593 840 1804 872 latitudinem.
1823 859 1844 864 -
1869 842 2045 878 Quomodo
2062 850 2170 874 autem
2185 844 2246 875 hoc
2271 845 2311 876 sit
2324 847 2363 876 ad
2378 847 2526 887 proposi-

1466 890 1536 913 tum
1556 884 1721 924 negotium
1744 885 1913 926 pertinens,
1937 886 1970 916 in
1994 887 2137 927 sequenti
2161 888 2278 928 patebit
2301 890 2410 921 dubio.

1522 928 1559 959 V.
1585 928 1677 959 Circa
1700 929 1934 960 distinctionem
1958 936 1988 960 et
2012 931 2217 962 differentiam
2236 931 2411 964 formarum
2427 934 2460 964 in
2476 934 2527 965 lit-

1465 978 1530 1002 tera
1554 972 1764 1009 subiunctam,
1789 974 1878 1013 quod
1901 975 2059 1014 quaedam
2083 976 2259 1006 secundum
2281 986 2315 1007 se
2337 978 2388 1008 vel
2406 978 2526 1019 aliquid

1465 1015 1514 1045 sui
1538 1016 1714 1047 sortiuntur
1736 1017 1883 1056 speciem,
1901 1025 1932 1049 et
1955 1019 2112 1058 quaedam
2131 1029 2168 1050 ex
2189 1019 2264 1056 alio,
2284 1021 2323 1051 ad
2339 1022 2427 1062 quod
2442 1022 2525 1053 ordi-

1465 1066 1597 1095 nantur;
1623 1066 1654 1090 et
1675 1060 1746 1090 illae
1770 1061 1946 1092 secundum
1970 1072 2002 1092 se
2025 1062 2142 1094 habent
2170 1063 2410 1096 determinatam
2431 1066 2525 1097 ratio-

1464 1113 1538 1133 nem
1567 1113 1670 1144 neque
1697 1104 1731 1134 in
1760 1104 1833 1144 plus
1865 1115 1968 1147 neque
1996 1105 2029 1135 in
2056 1106 2161 1137 minus
2191 1107 2426 1145 declinabilem‚
2449 1109 2526 1140 istae

1463 1157 1538 1177 vero
1563 1154 1698 1187 possunt
1721 1149 1897 1179 secundum
1921 1159 1953 1180 se
1978 1149 2176 1181 diversificari
2199 1151 2231 1181 in
2255 1152 2327 1191 plus
2351 1158 2382 1182 et
2404 1151 2524 1190 minus,

1463 1191 1549 1221 salva
1570 1191 1690 1223 unitate
1714 1192 1867 1232 specifica,
1885 1200 2015 1234 propter
2038 1194 2191 1226 unitatem
2216 1195 2283 1226 eius
2307 1195 2347 1226 ad
2370 1196 2460 1236 quod
2475 1205 2526 1227 or·

1463 1234 1627 1266 dinantur:
1653 1236 1788 1267 dubium
1802 1243 1849 1268 est
1872 1244 1902 1268 et
1925 1238 1963 1268 de
1983 1247 2077 1268 sensu
2093 1239 2274 1276 verborum,
2290 1247 2321 1270 et
2335 1240 2374 1270 de
2389 1239 2526 1271 efficacia

1463 1280 1502 1309 ad
1525 1280 1738 1320 propositum.
1758 1281 1806 1311 De
1829 1290 1924 1312 sensu
1947 1280 2088 1322 quidem,
2105 1283 2191 1324 quia,
2208 1293 2282 1315 cum
2298 1283 2471 1318 differentia
2485 1284 2527 1316 sit

1461 1324 1667 1355 intrinsecum
1691 1325 1933 1356 constitutivum
1956 1326 2061 1357 omnis
2084 1326 2216 1364 formae,
2239 1327 2328 1358 nulla
2355 1335 2400 1360 est
2421 1327 2526 1359 forma

1462 1378 1543 1408 quae
1567 1368 1611 1398 sic
1634 1368 1782 1400 sortiatur
1804 1369 1942 1409 speciem
1961 1370 1999 1400 ab
2017 1377 2184 1402 extraneo:
2209 1371 2284 1412 quia
2300 1371 2406 1402 omnis
2421 1371 2524 1409 forma

1461 1413 1638 1443 secundum
1661 1423 1703 1449 se,
1728 1413 1778 1443 vel
1801 1413 1920 1454 aliquid
1936 1413 2000 1450 sui,
2021 1421 2098 1455 puta
2121 1414 2327 1446 differentiam
2349 1416 2522 1457 propriam,

1461 1456 1591 1487 sortitur
1613 1457 1766 1496 speciem;
1791 1467 1826 1488 ac
1849 1467 1906 1498 per
1932 1457 2003 1495 hoc,
2029 1457 2133 1489 omnis
2157 1459 2261 1490 forma
2284 1459 2441 1491 clauditur
2463 1460 2522 1491 sub

1460 1500 1566 1541 primo
1590 1501 1746 1538 membro,
1771 1507 1802 1532 et
1824 1501 1911 1532 nulla
1933 1508 2028 1532 restat
2042 1503 2101 1533 sub
2119 1504 2270 1534 secundo.

1516 1545 1564 1575 De
1591 1544 1727 1576 efficacia
1749 1555 1840 1582 νει-ο,
1865 1545 2019 1586 quoniam
2040 1556 2147 1577 revera
2171 1547 2276 1578 omnis
2304 1547 2408 1578 forma
2429 1547 2524 1581 habet

1460 1589 1623 1629 propriam
1651 1589 1874 1625 differentiam,
1899 1590 2076 1620 secundum
2099 1600 2199 1631 quam
2228 1601 2286 1622 nec
2308 1591 2342 1621 in
2365 1592 2439 1632 plus
2465 1601 2524 1629 nec

1460 1632 1493 1663 in
1517 1633 1623 1663 minus
1638 1632 1781 1673 specifice
1801 1633 1956 1663 declinare
1972 1641 2093 1673 potest;
2117 1634 2171 1664 sed
2194 1635 2252 1665 sub
2269 1634 2322 1665 illa
2341 1634 2522 1674 differentia,

1460 1676 1492 1706 in
1516 1677 1588 1716 plus
1605 1684 1635 1707 et
1657 1677 1764 1707 minus
1780 1676 1885 1717 aliqua
1901 1676 2005 1708 forma
2028 1676 2175 1714 declinat;
2200 1685 2236 1709 ut
2254 1685 2340 1719 patet
2360 1679 2399 1709 de
2420 1679 2523 1711 calore

1460 1728 1491 1751 et
1504 1721 1656 1753 albedine.
1673 1721 1738 1751 Nec
1763 1721 1850 1751 aliter
1866 1727 1913 1751 est
1927 1720 1960 1751 in
1980 1729 2081 1758 motu,
2098 1729 2176 1762 puta
2195 1721 2407 1760 calefactione,
2425 1732 2524 1764 quam

1459 1765 1492 1795 in
1508 1765 1629 1796 calore:
1655 1765 1735 1796 sicut
1758 1764 1844 1795 enim
1860 1764 2032 1802 calefactio,
2053 1766 2138 1796 salva
2155 1776 2213 1797 sua
2228 1766 2374 1807 specifica
2391 1766 2522 1804 unitate,

1459 1808 1683 1850 undecumque
1706 1809 1795 1839 illam
1817 1809 1939 1846 habeat,
1963 1809 2136 1841 intenditur
2159 1817 2190 1841 et
2216 1810 2404 1848 remittitur,
2425 1810 2469 1843 ita
2486 1818 2524 1847 ‚et

1459 1853 1553 1883 calor.
1579 1853 1671 1884 Unde
1688 1852 1878 1893 specificatio
1902 1854 2079 1885 secundum
2094 1864 2127 1885 se
2142 1855 2192 1885 vel
2207 1865 2246 1886 ex
2260 1855 2324 1886 alio
2346 1855 2380 1886 in
2400 1855 2520 1892 formis.

1458 1897 1537 1927 nihil
1558 1897 1682 1928 videtur
1704 1894 1803 1928 facere
1827 1897 1867 1927 ad
1889 1897 2102 1938 propositum,
2127 1905 2184 1929 etc.

1514 1941 1567 1971 VI.
1591 1941 1641 1971 Ad
1664 1941 1726 1971 hoc
1750 1940 1864 1971 dicitur
1887 1942 1975 1982 quod
1998 1951 2064 1972 non
2088 1949 2134 1973 est
2157 1951 2268 1973 sensus
2291 1942 2380 1983 quo'd
2404 1942 2524 1982 forma?

1458 1995 1531 2015 rum
1554 1985 1712 2025 quaedam
1735 1984 1903 2015 includunt
1924 1985 1957 2015 in
1981 1995 2014 2016 se
2037 1985 2246 2024 differentiam
2267 1984 2521 2025 consti'mtivam',

1459 2035 1489 2059 et
1512 2029 1669 2069 quaedam
1697 2037 1782 2059 non:
1807 2028 1962 2069 quoniam
1987 2029 2172 2070 differentia
2201 2035 2249 2061 est
2269 2039 2354 2071 quae
2375 2030 2522 2071 conducit

1458 2073 1501 2103 ad
1524 2082 1601 2112 esse,
1626 2078 1656 2103 et
1679 2073 1748 2103 eius
1769 2073 1854 2113 quod
1876 2078 1923 2103 est
1946 2082 2014 2104 esse
2036 2075 2094 2112 rei,
2114 2084 2196 2114 pars
2214 2079 2273 2112 est,
2292 2081 2329 2109 ut
2342 2074 2375 2106 in
2389 2075 2521 2108 Haedi—

1458 2117 1611 2148 cubilibus
1625 2117 1643 2136 *
1666 2117 1794 2153 dicitur;
1819 2123 1851 2148 et
1872 2117 2006 2148 stultum
2030 2125 2076 2149 est
2097 2118 2160 2149 hoc
2182 2125 2300 2150 vertere
2318 2118 2351 2154 in
2373 2119 2519 2152 dubium.

1458 2161 1519 2192 Sed
1543 2171 1652 2192 sensus
1676 2168 1723 2192 est
1745 2161 1834 2201 quod
1857 2161 2014 2202 quaedam
2038 2161 2159 2193 formae
2183 2162 2299 2194 habent
2322 2161 2521 2201 suamjdiffe-

1456 2205 1591 2236 rentiam
1609 2205 1675 2236 sine
1693 2205 1802 2235 ordine
1819 2205 1858 2235 ad
1874 2205 2004 2247 aliquod
2024 2213 2215 2244 extraneum,
2239 2213 2275 2238 ut
2297 2206 2391 2244 calor,
2408 2206 2521 2240 albedo

1457 2256 1488 2280 et
1509 2249 1713 2280 huiusmodi:
1738 2249 1895 2290 quaedam
1913 2259 1988 2280 vero
2011 2249 2128 2281 habent
2150 2260 2223 2281 suas
2240 2247 2427 2283 differentias
2446 2249 2521 2283 cum

1457 2294 1568 2324 ordine
1591 2293 1632 2323 ad
1654 2292 1785 2334 aliquod
1810 2299 2004 2330 extraneum,
2028 2294 2071 2325 ita
2093 2295 2184 2335 quod
2205 2302 2274 2325 non
2297 2301 2371 2326 sunt
2393 2295 2520 2326 absolu-

1457 2337 1534 2367 biles
1558 2337 1597 2368 ab
1619 2337 1675 2367 illo
1699 2343 1863 2373 extraneo,
1888 2343 1924 2368 ut
1946 2343 2067 2374 motus,
2087 2338 2264 2378 potentiae,
2278 2338 2416 2376 habitus,
2441 2346 2474 2370 et
2493 2339 2520 2374 εἰ

1457 2381 1534 2422 quid
1562 2387 1608 2412 est
1634 2380 1836 2418 huiusmodi,
1861 2380 1900 2411 de
1928 2381 2045 2422 quibus
2071 2381 2104 2412 in
2131 2382 2240 2413 Primo
2266 2382 2348 2415 libro
2367 2382 2385 2402 *
2407 2382 2519 2416 diffuse

1457 2435 1561 2456 sermo
1577 2431 1624 2455 est
1642 2425 1778 2455 habitus.
1798 2424 1839 2456 Et
1853 2423 1904 2455 hic
1923 2435 2033 2456 sensus
2056 2425 2177 2456 nullam
2193 2426 2311 2468 patitur
2326 2426 2519 2461 calumniam

1456 2476 1511 2500 aut
1534 2469 1714 2505 falsitatem;
1739 2475 1775 2499 ut
1797 2468 1840 2499 ibi
1863 2475 2028 2500 ostensum
2051 2476 2106 2501 est.

1511 2512 1658 2543 Efficacia
1670 2519 1776 2543 autem
1788 2519 1863 2544 sunt
1878 2512 1955 2544 haec
1970 2513 2009 2543 ad
2025 2513 2193 2544 intentum.
2207 2513 2371 2551 Quoniam
2386 2514 2516 2552 formae,

1456 2567 1493 2587 ex
1516 2567 1573 2587 sua
1596 2563 1708 2587 natura
1730 2556 1875 2597 specifica
1892 2563 2027 2594 tantum,
2043 2557 2122 2588 nihil
2140 2558 2256 2588 habent
2274 2557 2334 2588 nisi
2348 2559 2438 2599 quod
2453 2567 2518 2590 sor-

1455 2601 1577 2632 tiuntur
1600 2611 1637 2631 ex
1652 2610 1712 2631 suo
1735 2599 1963 2641 specificativo:
1988 2602 2078 2642 quod
2100 2601 2134 2632 in
2149 2601 2330 2633 indivisibili
2349 2603 2519 2637 consistere

1456 2646 1577 2676 dictum
1600 2652 1646 2676 est
1657 2645 1685 2676 'R
1708 2644 1782 2676 Illae
1796 2645 1892 2684 igitur
1913 2644 2035 2677 formae
2051 2655 2133 2687 quae
2148 2655 2244 2677 suum
2267 2645 2449 2686 specificans
2470 2647 2519 2680 in-

1456 2689 1609 2720 divisibile
1625 2689 1669 2720 sic
1688 2688 1773 2720 intus
1793 2689 1938 2720 obtinent
1957 2689 2046 2730 quod
2061 2690 2101 2720 ad
2123 2689 2202 2720 nihil
2217 2697 2302 2722 extra
2322 2690 2518 2729 ordinantur,

1455 2734 1534 2765 nihil
1557 2733 1674 2764 habent
1689 2743 1726 2764 ex
1749 2732 1811 2764 hoc
1826 2733 1886 2764 nisi
1905 2733 2107 2764 indivisibile:
2132 2743 2167 2764 ac
2183 2743 2239 2775 per
2253 2734 2324 2771 hoc,
2342 2735 2520 2766 secundum

1456 2787 1489 2808 se
1512 2787 1578 2808 non
1606 2777 1723 2808 habent
1748 2784 1967 2817 augmentum.
1998 2777 2071 2808 illae
2101 2785 2207 2809 autem
2236 2788 2318 2820 quae
2341 2779 2519 2810 secundum

1456 2832 1548 2852 suam
1570 2821 1731 2862 propriam
1755 2821 1960 2852 differentiam
1983 2822 2114 2863 aliquod
2137 2829 2329 2859 extraneum,
2349 2823 2422 2854 licet
2437 2823 2518 2854 indi·

1455 2866 1587 2902 visibile,
1611 2865 1798 2906 respieiunt,
1822 2875 1858 2896 ex
1881 2865 1950 2906 ipsa
1973 2876 2029 2897 sua
2053 2873 2164 2897 natura
2181 2876 2342 2898 accessum
2365 2867 2406 2898 ad
2428 2867 2531 2905 illud,-

1456 2920 1492 2941 ac
1514 2920 1571 2952 per
1592 2909 1664 2946 hoc,
1688 2916 1898 2949 augmentum
1916 2910 1948 2940 in
1964 2909 2150 2942 huiusmodi
2171 2920 2312 2947 accessu,
2333 2911 2518 2943 sortiuntur.

1509 2954 1560 2985 Ad
1583 2963 1723 2995 quorum
1746 2953 1901 2984 maiorem
1920 2953 2119 2991 evidentiam,
2136 2954 2214 2986 scito
2233 2955 2332 2996 quod,
2353 2965 2427 2986 cum
2443 2965 2519 2997 aug-

1457 3005 1602 3029 mentum
1632 2998 1711 3029 circa
1734 2997 1942 3039 quantitatem
1971 2998 2154 3030 variabilem
2176 2997 2208 3030 in
2231 2999 2304 3039 plus
2334 3006 2389 3030 aut
2411 2999 2518 3031 minus¹

1457 3042 1505 3079 sit,
1531 3042 1611 3073 sicut
1633 3042 1737 3072 forma
1759 3051 1792 3072 se
1815 3041 1910 3073 habet
1932 3043 1971 3073 ad
1990 3042 2198 3084 quantitatem
2217 3042 2412 3080 huiusmodi,
2428 3043 2519 3076 itase

1457 3087 1550 3117 habet
1572 3087 1612 3117 ad
1635 3093 1852 3126 augmentum.
1877 3086 2012 3117 Formae
2036 3093 2143 3118 autem
2166 3097 2248 3128 quae
2265 3094 2449 3119 extraneum
2464 3087 2518 3119 nu-

1457 3131 1546 3171 quod
1570 3130 1815 3170 specificativum
1833 3140 1899 3161 non
1915 3130 2095 3172 respiciunt,
2112 3131 2234 3162 nullam
2249 3132 2427 3163 secundum
2445 3141 2518 3168 sum

1457 3174 1616 3215 specificas
1643 3181 1769 3206 naturas
1798 3174 2007 3215 quantitatem
2034 3175 2220 3206 mutabilem
2248 3175 2442 3208 sortiuntur}
2455 3172 2517 3206 *sed

1457 3218 1665 3260 quantitatem
1687 3225 1812 3250 tantum
1834 3218 2035 3258 perfectionis
2058 3218 2230 3259 specificae,
2247 3226 2283 3250 ut
2297 3219 2341 3251 sic
2355 3219 2390 3251 in
2404 3217 2518 3253 indivi-

1457 3262 1539 3293 sibili
1558 3263 1791 3294 consistentem.
1815 3261 1950 3293 Formae
1966 3269 2073 3293 autem
2088 3273 2170 3304 quae
2189 3263 2319 3305 aliquod
2335 3270 2517 3295 exuaneum

1457 3306 1704 3347 specificativum
1723 3305 1903 3347 respiciunt,
1923 3314 2044 3347 praeter
2057 3306 2144 3337 illam
2160 3306 2338 3349 specificam
2353 3305 2516 3348 perfectio-

1457 3361 1541 3387 nem,
1555 3351 1730 3382 sortiuntur
1741 3350 1834 3381 aliam
1846 3350 2055 3391 quantitatem
2067 3351 2264 3388 mutabilem,
2279 3351 2395 3382 scilicet
2407 3360 2516 3381 secun-

1457 3396 1535 3425 dum
1548 3405 1708 3426 accessum
1721 3394 1875 3425 maiorem
1887 3395 1936 3424 vel
1949 3395 2106 3425 minorem
2119 3396 2158 3425 ad
2170 3395 2249 3426 illud
2265 3394 2456 3435 specificans.
2476 3395 2517 3425 Et

1456 3439 1528 3470 ideo
1551 3439 1622 3470 illae
1645 3439 1820 3470 secundum
1836 3448 1868 3469 se
1884 3448 1950 3469 non
1969 3445 2125 3479 augentur
2142 3446 2197 3470 aut
2211 3439 2412 3470 minuuntur:
2428 3438 2514 3475 istae,

1456 3483 1510 3514 sic.
1528 3501 1548 3506 —
1563 3483 1604 3514 Et
1627 3482 1768 3514 consistit
1786 3489 1853 3514 tota
1867 3482 1914 3513 vis
1929 3482 1961 3513 in
1978 3483 2039 3513 hoc
2055 3483 2154 3524 quod,
2170 3483 2243 3513 licet
2257 3481 2426 3523 utrobique
2445 3492 2516 3522 spe·

1457 3526 1591 3563 cificans,
1609 3534 1645 3558 ut
1663 3527 1715 3563 sic,
1741 3526 1891 3558 consistat
1913 3527 1946 3557 in
1969 3526 2159 3563 indivisibili,
2179 3536 2237 3557 nec
2253 3526 2364 3557 habeat
2377 3526 2516 3557 latitudi-

2558 417 2567 426 ·
2582 405 2639 443 Cap.
2655 392 2693 444 iii,
2708 423 2731 440 n.
2747 418 2769 445 6,

2556 448 2606 491 ‘G‘-
2621 442 2647 464 S.
2657 443 2701 465 Th.
2718 444 2768 466 lect.

2547 2125 2631 2175 23¹⁹·
2645 2126 2758 2155 deom-

2549 2388 2603 2411 ‘Cfi
2612 2395 2652 2418 qu.
2661 2395 2707 2417 uv,
2715 2393 2758 2412 art.

2547 2421 2569 2443 1,
2585 2414 2680 2438 Comm.
2693 2422 2758 2439 num.

2546 2446 2591 2468 xx:
2605 2445 2648 2464 nrt.
2660 2447 2680 2470 3,
2692 2442 2762 2465 Gom-

2547 2471 2619 2490 ment.
2633 2474 2698 2491 num.
2712 2475 2745 2491 xi.

2543 2654 2556 2666 ⁶
2570 2655 2605 2678 ef.
2621 2661 2686 2679 num.
2699 2661 2730 2678 nv.
