2852 4152
106 814 225 862 lnffodqm
243 819 316 842 ψῃ

109 1408 122 1419 ’
134 1406 202 1430 Ven.
217 1413 240 1435 9.

108 1513 120 1523 ·
133 1510 203 1534 Vm.
217 1510 249 1533 ιδ.

108 1773 124 1784 ⁴
136 1772 206 1796 Ven-
219 1779 242 1802 9.

108 2086 324 2136 {eman-2.-

116 2140 127 2151 ·
139 2138 208 2162 Vern.
221 2145 259 2168 ²9·

115 2301 126 2312 ·
141 2300 190 2329 Qu.
198 2306 268 2328 xxxv,
282 2304 324 2322 arr.

113 2509 126 2522 ’
138 2509 196 2538 Cap.
211 2515 254 2532 ιιι.

115 3041 130 3050 ”
143 3039 173 3062 D.
186 3039 232 3067 198,
247 3045 295 3067 ¹99·

984 231 1248 278 QUAESTIO
1278 232 1471 278 XXXVII,
1501 230 1795 267 ARTICULUS
1826 231 1838 266 Ι

2440 226 2514 262 253

798 423 1208 499 QUAESTIO
1245 419 2063 478 TRIGESIMASEPTIMA

694 540 782 580 DE
821 541 1233 582 EFFECTIBUS
1273 540 1572 581 DOLORIS
1611 539 1740 580 VEL
1780 538 2162 579 TRISTITIAE

1126 648 1160 672 IN
1190 647 1362 678 QUATUOR
1388 647 1588 672 ARTICULOS
1615 646 1731 671 DIVISA

427 753 534 785 Eume
571 740 892 778 considerandum
928 749 982 778 est
1020 741 1066 778 de
1100 741 1295 778 effectibus
1333 741 1398 778 do-

427 807 516 844 loris
543 808 605 844 vel
634 807 800 844 tristitiae
818 808 848 844 ³¹³.
1066 793 1068 795 ι

345 873 394 909 Et
421 872 518 909 circa
546 873 620 909 hoc
649 879 881 920 quaeruntur
909 880 1081 921 quatuor.

398 938 549 975 Primo:
578 946 705 976 utrum
742 939 851 975 dolor
879 940 1021 976 auferat
1055 939 1269 975 facultatem
1297 938 1401 975 addi-

451 1004 591 1041 scendi.

1507 740 1704 778 Secundo:
1733 747 1860 776 utrum
1889 738 2105 787 aggravatio
2135 737 2251 775 animi
2279 737 2326 774 sit
2354 738 2509 775 effectus

1558 792 1724 830 tristitiae
1751 792 1813 829 vel
1843 792 1994 829 doloris.

1507 845 1657 882 Tertio:
1673 853 1798 881 utrum
1813 844 1955 882 tristitia
1969 845 2031 881 vel
2046 844 2156 881 dolor
2171 843 2337 881 debilitet
2351 856 2509 881 ornnem

1561 898 1832 946 operationem.

1509 951 1677 998 Quarto:
1706 958 1831 987 utrum
1867 949 2010 986 tristitia
2046 956 2182 986 noceat
2215 949 2363 998 corpori
2392 948 2512 996 magis

1563 1015 1678 1052 quam
1707 1003 1800 1039 aliae
1828 1002 2024 1051 passiones
2052 1002 2214 1038 animae.

1153 1113 1468 1155 ARTICULUS
1498 1112 1702 1154 PRIMUS

852 1206 1006 1236 UTRUM
1030 1205 1180 1236 DOLOR
1203 1205 1406 1236 AUFERAT
1429 1204 1726 1235 FACULTATEM
1748 1202 2005 1234 ADDISCENDI

386 1312 442 1345 (μ
467 1316 535 1353 ⁶¹3<
557 1308 580 1332 D
608 1306 744 1331 PRIMUM
773 1305 825 1330 Slc
853 1304 1091 1329 paoeanrrun.
1119 1291 1278 1328 Videtur
1299 1292 1402 1340 quod

374 1336 537 1403 ἰ’[ιιθ
559 1347 669 1384 dolor
683 1359 762 1383 non
777 1346 922 1382 auferat
939 1345 1154 1381 facultatem
1170 1343 1401 1380 addiscendi.

366 1399 402 1442 ,y
414 1414 484 1449 ἓν,
496 1384 703 1436 '‘Dicitur
728 1398 829 1435 enim
850 1397 968 1435 Isaiae
987 1409 1071 1433 xxvi
1084 1396 1122 1432 *z
1154 1397 1248 1432 Cum
1260 1397 1403 1444 feceris

340 1445 499 1486 ''L-1⁶43)
514 1442 695 1488 Xiudicia
730 1456 793 1487 tua
829 1450 864 1487 in
899 1455 1021 1494 terra,
1055 1449 1230 1485 iustitiam
1267 1449 1406 1485 discent

347 1517 475 1542 omnes
493 1505 718 1541 habitatores
737 1503 848 1540 orbis.
870 1504 918 1539 Et
936 1502 1031 1538 infra
1045 1501 1082 1537 *z
1103 1503 1149 1538 In
1169 1501 1405 1537 tribulatione

347 1557 553 1594 murmuris
581 1557 749 1593 doctrina
777 1561 841 1592 tua
870 1555 932 1592 eis.
963 1554 1039 1591 Sed
1069 1566 1114 1590 ex
1142 1553 1287 1590 iudiciis
1315 1553 1403 1601 Dei,

349 1617 385 1647 et
412 1609 662 1656 tribulatione,
688 1608 856 1656 sequitur
885 1608 994 1645 dolor
1021 1619 1089 1644 seu
1107 1606 1247 1643 tristitia
1266 1606 1304 1642 in
1325 1619 1405 1643 cor-

350 1663 461 1700 dibus
475 1662 689 1700 hominum.
710 1663 812 1710 Ergo
833 1661 942 1698 dolor
959 1660 1021 1698 vel
1041 1659 1183 1696 tristitia
1202 1671 1280 1696 non
1299 1659 1404 1707 tollit,

349 1715 418 1754 sed
445 1715 565 1763 magis
593 1721 704 1762 auget
731 1715 946 1751 facultatem
975 1711 1204 1750 addiscendi.

403 1780 438 1805 2.
460 1769 691 1814 PRAETEREA,
714 1767 831 1804 Isaiae
855 1765 998 1803 xxvm*
1018 1765 1170 1802 dicitur:
1205 1766 1322 1807 Quem
1341 1765 1404 1801 do-

349 1821 444 1859 cebit
468 1820 691 1858 scientiam?
716 1821 766 1857 Et
793 1832 902 1868 quem
931 1818 1136 1868 intelligere
1158 1818 1275 1866 faciet
1301 1818 1405 1854 audi-

349 1879 427 1911 tum
438 1873 460 1910 ?
476 1873 692 1910 Ablactatos
710 1885 734 1909 a
754 1872 859 1913 lacte,
875 1872 1024 1909 avulsos
1042 1872 1091 1908 ab
1111 1871 1295 1916 uberibus,
1311 1870 1407 1907 idest

350 1939 374 1964 a
401 1926 723 1964 delectationibus.
759 1925 836 1962 Sed
865 1925 974 1962 dolor
1003 1931 1039 1960 et
1065 1923 1207 1960 tristitia
1242 1923 1406 1959 maxime

350 1980 484 2016 tollunt
498 1979 781 2016 delectationes:
804 1978 961 2026 impedit
976 1977 1077 2013 enim
1092 1976 1236 2013 tristitia
1250 1988 1406 2012 omnem

352 2032 656 2079 delectationem,
684 2039 727 2068 ut
755 2031 889 2068 dicitur
915 2030 954 2067 in
971 2030 1040 2066 VII
1064 2029 1187 2065 Ethic.
1204 2028 1243 2075 *3
1274 2036 1309 2065 et
1335 2030 1407 2065 Ec-

352 2085 410 2122 cli.
430 2097 466 2122 m
490 2084 511 2106 '¹‘
539 2084 671 2122 dicitur
698 2083 802 2132 quod
830 2083 973 2120 malitia
1002 2082 1111 2118 unius
1131 2087 1147 2102 α
1174 2083 1292 2118 horae
1318 2081 1407 2118 obli-

351 2138 499 2175 vionem
516 2137 619 2186 facit
643 2137 820 2173 luxuriae
846 2135 1049 2172 maximae.
1079 2135 1181 2182 Ergo
1202 2134 1311 2170 dolor
1330 2147 1408 2171 non

352 2191 456 2238 tollit,
486 2189 554 2227 sed
582 2189 701 2238 magis
728 2189 885 2238 praebet
911 2189 1125 2224 facultatem
1155 2186 1384 2224 addiscendi.

408 2244 442 2280 3.
469 2244 701 2290 PRAETEREA,
730 2241 874 2279 tristitia
901 2240 1054 2277 interior
1080 2239 1316 2289 praeeminet
1343 2239 1409 2276 do-

350 2296 421 2333 lori
456 2295 644 2343 exteriori,
675 2302 715 2331 ut
743 2307 855 2343 supra
879 2294 899 2315 *
928 2293 1070 2330 dictum
1099 2300 1164 2329 est.
1196 2293 1272 2329 Sed
1300 2291 1409 2328 simul

353 2361 441 2386 cum
470 2347 613 2384 tristitia
639 2354 764 2396 potest
791 2348 910 2384 homo
930 2346 1137 2382 addiscere.
1167 2345 1267 2392 Ergo
1288 2345 1408 2381 multo

351 2402 472 2449 magis
501 2401 613 2437 simul
642 2412 729 2436 cum
758 2399 888 2436 dolore
919 2398 1117 2447 corporali.

406 2455 480 2491 SED
500 2465 645 2490 CONTRA
664 2465 730 2490 EST
749 2452 854 2500 quod
877 2451 1110 2499 Augustinus
1131 2450 1230 2497 dicit⁷
1251 2450 1289 2487 in
1309 2451 1323 2486 I
1344 2451 1409 2486 So-

350 2506 450 2556 liloq.
470 2506 508 2543 *2
543 2507 767 2554 Quanquam
795 2505 982 2542 acerrimo
1010 2504 1139 2541 dolore
1165 2504 1328 2540 dentium
1354 2504 1411 2539 his

351 2560 478 2597 diebus
505 2565 711 2607 torquerer,
732 2570 805 2594 non
835 2558 982 2605 quidem
1007 2557 1157 2593 sinebar
1178 2557 1305 2592 animo
1333 2556 1411 2592 vol-

351 2624 440 2650 vere
477 2612 549 2648 nisi
579 2623 623 2648 ea
656 2622 752 2659 quae
789 2611 865 2646 iam
895 2611 996 2656 forte
1028 2609 1243 2645 didiceram.
1272 2609 1309 2644 A
1340 2609 1411 2644 dis-

354 2665 469 2701 cendo
502 2669 626 2700 autem
654 2663 802 2711 penitus
839 2662 1086 2710 impediebar,
1115 2662 1166 2697 ad
1196 2661 1296 2710 quod
1321 2661 1414 2697 mihi

355 2722 429 2754 tota
458 2716 656 2752 intentione
683 2715 803 2752 animi
828 2726 919 2762 opus
948 2720 1039 2750 erat.

409 2770 634 2805 RESPONDEO
662 2779 844 2805 monimum
873 2767 988 2815 quod,
1010 2766 1096 2815 quia
1121 2778 1256 2802 omnes
1279 2774 1411 2814 poten-

355 2821 429 2858 tiae
459 2821 607 2858 animae
636 2820 674 2857 in
702 2833 778 2856 una
813 2820 974 2856 essentia
1002 2819 1151 2856 animae
1179 2819 1411 2866 radicantur,

355 2886 510 2911 necesse
540 2881 596 2910 est
618 2873 735 2921 quod,
756 2873 910 2921 quando
939 2872 1092 2909 intentio
1122 2871 1272 2908 animae
1296 2873 1412 2909 vehe-

357 2934 504 2964 menter
532 2926 689 2963 trahitur
718 2925 765 2962 ad
794 2925 1055 2973 operationem
1079 2924 1191 2961 unius
1209 2924 1411 2973 potentiae,

356 2980 566 3017 retrahatur
584 2980 632 3015 ab
652 2978 871 3027 operatione
891 2978 1058 3014 alterius:
1083 2977 1194 3014 unius
1215 2977 1316 3014 enim
1336 2977 1413 3014 ani-

357 3045 444 3070 mae
472 3044 551 3069 non
578 3039 704 3080 potest
732 3043 813 3068 esse
842 3031 911 3067 nisi
929 3043 1006 3067 una
1025 3030 1179 3067 intentio
1199 3029 1230 3066 *.
1260 3031 1309 3066 Et
1326 3042 1412 3078 pro-

356 3093 439 3135 pter
457 3085 544 3132 hoc,
561 3085 592 3121 si
611 3084 750 3133 aliquid
771 3084 819 3121 ad
838 3096 878 3120 se
893 3084 1014 3120 trahat
1031 3090 1150 3119 totam
1166 3082 1413 3119 intentionem

357 3138 519 3184 animae,
548 3139 612 3174 vel
639 3149 820 3185 magnam
847 3145 993 3185 partem
1013 3136 1141 3185 ipsiuS,
1162 3148 1240 3172 non
1261 3147 1414 3183 compa-

358 3191 445 3228 titur
472 3203 603 3228 secum
630 3189 772 3239 aliquid
800 3189 902 3226 aliud
920 3189 1026 3237 quod
1044 3200 1223 3236 magnam
1244 3188 1414 3224 attentio-

357 3256 448 3280 nem
477 3243 650 3292 requirat.

413 3296 658 3334 Manifestum
675 3303 730 3332 est
748 3303 874 3332 autem
890 3294 995 3342 quod
1015 3294 1123 3331 dolor
1137 3293 1322 3330 sensibilis
1337 3305 1415 3330 ma-

358 3348 459 3386 xime
488 3350 599 3386 trahit
626 3348 675 3386 ad
703 3360 742 3385 se
763 3347 1010 3385 intentionem
1038 3346 1207 3384 animae:
1238 3346 1326 3394 quia
1350 3357 1415 3383 na-

359 3403 524 3440 turaliter
552 3401 860 3450 unumquodque
889 3408 967 3438 tota
994 3399 1199 3437 intentione
1227 3398 1344 3436 tendit
1368 3399 1415 3435 ad

414 3517 440 3550 α)
460 3517 548 3542 unius.
564 3529 584 3536 -
603 3517 664 3541 Om.
683 3516 861 3547 ABDGleH.

414 3551 439 3585 β)
458 3553 512 3584 qui.
530 3567 548 3571 -
566 3552 637 3584 quod
656 3552 687 3582 H,
707 3551 768 3583 quia
788 3551 834 3575 Pa.

1441 3513 1444 3577 l

1458 1291 1716 1339 repellendum
1737 1290 1976 1336 contrarium,
1998 1290 2092 1326 sicut
2120 1290 2232 1326 etiam
2248 1290 2287 1327 in
2314 1291 2426 1327 rebus
2446 1303 2512 1328 na-

1456 1343 1637 1379 turalibus
1654 1351 1820 1392 apparet.
1842 1342 2019 1379 Similiter
2049 1343 2159 1378 etiam
2187 1343 2428 1380 manifestum
2457 1351 2513 1380 est

1457 1396 1562 1442 quod
1591 1396 1638 1432 ad
1659 1395 1931 1432 addiscendum
1956 1395 2096 1443 aliquid
2116 1395 2162 1431 de
2182 1408 2298 1442 noVO,
2314 1395 2513 1445 requiritur

1457 1447 1622 1484 studium
1638 1455 1675 1484 et
1689 1456 1845 1484 conatus
1861 1460 1947 1484 cum
1963 1460 2102 1495 magna
2116 1447 2338 1484 intentione:
2357 1456 2398 1485 ut
2412 1456 2514 1497 patet

1458 1512 1525 1548 per
1544 1500 1634 1536 illud
1653 1501 1758 1549 quod
1777 1500 1911 1537 dicitur
1929 1501 2042 1537 Prov.
2064 1513 2086 1536 11
2105 1500 2139 1536 *ε
2161 1501 2202 1536 Si
2227 1501 2428 1549 quaesieris
2453 1513 2512 1538 sa-
2539 1516 2551 1527 υ
2565 1516 2630 1538 Vers.
2644 1522 2669 1543 4,
2684 1522 2704 1544 5.

1452 1553 1633 1600 pientiam
1649 1553 1757 1601 quasi
1768 1553 1983 1601 pecuniam,
2003 1558 2039 1588 et
2054 1553 2149 1589 sicut
2165 1554 2356 1589 thesauros
2376 1554 2511 1603 effode-

1459 1605 1510 1642 ris
1529 1617 1627 1651 eam,
1646 1611 1733 1642 tunc
1752 1606 1932 1654 intelliges
1961 1605 2205 1653 disciplinam.
2226 1606 2274 1641 Et
2301 1605 2388 1649 ideo
2418 1606 2447 1642 si
2468 1606 2512 1642 sit

1460 1658 1567 1695 dolor
1581 1658 1762 1705 intensus,
1776 1657 1980 1706 impeditur
1994 1658 2113 1694 homo
2129 1670 2176 1694 ne
2191 1665 2280 1694 tunc
2295 1658 2434 1706 aliquid
2449 1658 2513 1695 ad-

1459 1710 1603 1748 discere
1621 1710 1751 1759 possit.
1773 1711 1822 1746 Et
1839 1718 1986 1747 tantum
2004 1718 2129 1759 potest
2151 1710 2303 1757 intendi,
2325 1711 2428 1758 quod
2443 1723 2514 1747 nec

1460 1763 1584 1809 etiam,
1606 1763 1765 1800 instante
1786 1763 1930 1809 dolore,
1950 1770 2075 1811 potest
2092 1764 2212 1799 homo
2232 1763 2372 1811 aliquid
2392 1763 2511 1799 consi-

1461 1816 1591 1853 derare
1612 1816 1724 1852 etiarn
1745 1816 1850 1863 quod
1869 1816 1971 1864 prius
1991 1815 2109 1852 scivit.
2125 1837 2149 1843 -
2166 1817 2208 1852 In
2222 1816 2296 1852 hoc
2315 1822 2444 1852 tamen
2463 1823 2516 1852 at-

1459 1869 1623 1906 tenditur
1642 1868 1836 1906 diversitas
1856 1868 2065 1905 secundum
2091 1868 2345 1906 diversitatem
2374 1868 2515 1904 amoris

1461 1934 1577 1970 quem
1587 1922 1706 1958 homo
1722 1921 1835 1957 habet
1850 1921 1899 1958 ad
1914 1921 2187 1958 addiscendum
2197 1922 2259 1958 vel
2276 1921 2515 1957 consideran-

1460 1974 1572 2012 dum:
1602 1974 1666 2023 qui
1681 1972 1696 2003 β
1715 1981 1857 2023 quanto
1878 1973 2000 2010 maior
2022 1973 2142 2020 fuerit,
2158 1973 2277 2021 magis
2311 1973 2443 2010 retinet
2460 1973 2515 2010 in·
2642 1974 2656 2008 β

1459 2027 1668 2064 tentionem
1688 2026 1814 2073 animi,
1836 2038 1883 2063 ne
1912 2026 2069 2063 omnino
2090 2027 2227 2063 feratur
2255 2026 2304 2063 ad
2332 2026 2514 2063 dolorem.

1513 2081 1572 2116 AD
1600 2091 1736 2116 ptumum
1765 2090 1862 2117 ERGO
1891 2091 2073 2116 DICENDUM
2102 2079 2206 2128 quod
2225 2078 2367 2115 tristitia
2386 2079 2517 2115 mode-

1462 2140 1552 2179 rata,
1569 2145 1666 2181 quae
1689 2132 1851 2168 excludit
1866 2132 2129 2180 evagationem
2145 2131 2273 2179 animi,
2290 2138 2413 2180 potest
2428 2143 2516 2168 con-

1461 2185 1556 2222 ferre
1585 2185 1633 2222 ad
1663 2184 1897 2233 disciplinam
1926 2185 2221 2233 suscipiendam:
2253 2191 2288 2221 et
2314 2184 2517 2233 praecipue

1463 2250 1597 2274 eorum
1626 2250 1694 2286 per
1714 2249 1811 2286 quae
1835 2238 1952 2273 homo
1982 2245 2107 2285 sperat
2134 2249 2173 2274 se
2192 2249 2306 2286 posse
2335 2249 2357 2273 a
2374 2236 2518 2273 tristitia

1462 2290 1621 2327 liberari.
1647 2291 1695 2326 Et
1722 2290 1796 2326 hoc
1825 2290 1942 2326 modo
1976 2290 2013 2326 in
2043 2290 2278 2326 tribulatione
2314 2289 2519 2326 murmuris

1462 2343 1637 2379 homines
1666 2342 1876 2379 doctrinam
1905 2342 1977 2378 Dei
2004 2342 2123 2390 magis
2155 2342 2349 2391 recipiunt.

1515 2398 1574 2432 AD
1618 2407 1807 2432 SECUNDUM
1849 2407 2031 2432 mCENDUM
2065 2395 2168 2443 quod
2210 2403 2287 2431 tam
2324 2394 2518 2432 delectatio

1464 2461 1580 2497 quam
1619 2449 1747 2495 dolor,
1777 2448 2000 2496 inquantum
2028 2448 2077 2484 ad
2114 2460 2154 2484 se
2183 2449 2334 2485 trahunt
2370 2448 2519 2484 animae
2638 2460 2645 2476 ·

1463 2501 1722 2548 intentionem,
1743 2501 1955 2549 impediunt
1979 2500 2319 2537 considerationem
2344 2500 2517 2537 rationis:

1463 2554 1564 2591 unde
1584 2554 1622 2590 in
1636 2554 1704 2590 VII
1724 2554 1843 2590 Ethic.
1859 2553 1879 2575 ’³‘
1899 2553 2030 2590 dicitur
2049 2551 2153 2601 qdod
2173 2553 2395 2601 impossibile
2412 2559 2465 2589 est
2482 2553 2519 2589 in
2547 2567 2556 2576 ·
2568 2566 2625 2613 ωε.
2635 2572 2668 2591 11,
2678 2572 2700 2587 n.
2711 2573 2756 2593 4.-

1464 2608 1543 2655 ipsa
1571 2607 1810 2643 delectatione
1832 2618 2088 2651 venereorum,
2109 2606 2252 2654 aliquid
2264 2606 2469 2655 intelligere
2486 2605 2517 2642 ²¹³.
2547 2592 2743 2647 5'133'5},⁶⁰3²523¹'

1466 2660 1542 2697 Sed
1571 2667 1699 2695 tamen
1734 2659 1843 2695 dolor
1869 2663 1884 2686 Υ
1914 2658 2032 2706 magis
2061 2658 2170 2695 trahit
2197 2658 2246 2695 ad
2278 2671 2318 2694 se
2347 2658 2520 2695 intentio·
2644 2660 2661 2684 Υ

1465 2725 1554 2749 nem
1570 2712 1718 2748 animae
1737 2723 1853 2759 quam
1869 2711 2080 2748 delectatio:
2102 2711 2196 2747 sicut
2215 2711 2327 2747 etiam
2343 2711 2519 2748 videmus

1465 2766 1503 2802 in
1523 2766 1635 2802 rebus
1655 2764 1897 2811 naturalibus,
1915 2764 2019 2812 quod
2038 2763 2134 2800 actio
2156 2764 2324 2812 corporis
2344 2764 2520 2800 naturalis

1467 2818 1586 2866 magis
1616 2817 1817 2854 intenditur
1837 2817 1873 2854 in
1903 2817 2150 2861 contrarium3
2180 2817 2274 2853 sicut
2301 2829 2401 2864 aqua
2425 2817 2520 2852 cale-

1466 2866 1563 2908 fac'ta
1589 2870 1708 2918 magis
1736 2870 1874 2918 patitur
1902 2882 1924 2906 a
1951 2869 2096 2917 frigido,
2125 2876 2167 2905 ut
2194 2869 2324 2906 fortius
2349 2870 2521 2916 congele-

1467 2932 1536 2961 tur.
1569 2923 1608 2960 Si
1642 2935 1730 2970 ergo
1759 2924 1868 2960 dolor
1896 2935 1962 2959 seu
1994 2922 2135 2958 tristitia
2167 2922 2277 2958 fuerit
2307 2922 2520 2968 moderata,

1467 2989 1535 3025 per
1563 2976 1736 3012 accidens
1759 2983 1882 3023 potest
1902 2975 2072 3012 conferre
2096 2975 2143 3011 ad
2163 2974 2448 3021 addiscendum,
2468 2974 2522 3011 in-

1468 3036 1654 3077 quantum
1677 3029 1796 3065 aufert
1811 3027 2195 3076 superabundantiam
2215 3027 2520 3064 delectationum.

1469 3083 1543 3119 Sed
1556 3094 1623 3129 per
1638 3093 1677 3117 se
1693 3081 1865 3129 impedit:
1888 3088 1923 3117 et
1938 3080 1968 3117 si
1981 3080 2205 3127 intendatur,
2217 3080 2377 3117 totaliter
2391 3081 2520 3117 aufert.

1520 3137 1579 3171 An
1594 3145 1752 3171 TERTtUM
1768 3145 1950 3171 DICENDUM
1965 3133 2068 3182 quod
2090 3134 2198 3170 dolor
2213 3133 2372 3170 exterior
2390 3132 2524 3170 accidit

1469 3199 1513 3224 ex
1532 3187 1698 3224 laesione
1718 3186 1918 3235 corporali,
1941 3194 1977 3223 et
1995 3186 2044 3223 ita
2064 3186 2184 3234 magis
2203 3187 2318 3223 habet
2336 3194 2523 3223 transmu-

1468 3240 1649 3278 tationem
1675 3240 1911 3288 corporalem
1940 3239 2156 3276 adiunctam
2186 3251 2302 3288 quam
2331 3239 2440 3276 dolor
2467 3238 2523 3275 in-

1468 3293 1598 3330 terior:
1623 3292 1687 3340 qui
1714 3300 1841 3329 tamen
1862 3300 1916 3328 est
1938 3292 2059 3329 maior
2078 3292 2288 3330 secundum
2309 3291 2398 3328 illud
2419 3291 2523 3340 quod

1469 3354 1525 3383 est
1552 3346 1708 3382 formale
1738 3345 1775 3382 in
1804 3345 1947 3392 dolore,
1976 3346 2080 3393 quod
2100 3353 2156 3382 est
2176 3355 2220 3382 ex
2238 3352 2342 3393 parte
2362 3344 2521 3381 animae.

1470 3400 1518 3435 Et
1545 3398 1632 3435 ideo
1661 3399 1770 3435 dolor
1798 3398 2002 3447 corporalis
2030 3398 2150 3446 magis
2175 3398 2331 3446 impedit
2355 3405 2523 3434 contem-

1522 3520 1548 3546 γ)
1569 3514 1653 3538 dolor.
1670 3527 1689 3532 -
1708 3514 1769 3537 Post
1787 3514 1892 3538 animae
1911 3514 1981 3546 ponit
2000 3514 2027 3542 P,
2047 3521 2100 3538 om.
2119 3521 2144 3538 a.
