2852 4152
1030 238 1294 284 QUAESTIO
1325 240 1391 285 111,
1421 240 1714 277 ARTICULUS
1743 241 1793 276 IV

1099 381 1414 424 ARTICULUS
1445 383 1713 434 QUARTUS

486 479 650 516 UTRUM,
674 480 709 510 SI
733 480 986 512 BEATITUDO
1009 482 1089 512 EST
1113 481 1650 557 INTEIIKINEggIYIAIEZTZAI-ffsl'ffi,
1675 482 1740 514 SIT
1765 482 1983 514 OPERATIO
2008 483 2321 520 INTELLECTUS,

642 610 710 636 Part.
730 611 746 640 1,
766 619 810 643 qu.
828 619 892 640 xxv-1,
912 617 958 636 art.
979 619 1002 643 2,
1022 612 1053 636 ad
1073 620 1102 642 2;
1122 613 1155 636 1V
1175 613 1256 642 Sent„
1277 613 1335 638 dist.
1353 620 1418 643 xmx,
1439 621 1483 645 qu.
1502 621 1523 644 1,
1538 619 1585 638 art.
1608 620 1628 643 1,
1648 614 1694 645 qu·
1716 621 1745 644 2;
1765 613 1795 638 111
1817 614 1891 638 Cont.
1914 614 1998 642 Geni„
2018 621 2074 646 cap.
2092 621 2161 645 xxv1;

981 655 1076 686 Quodl.
1093 657 1161 685 vm.
1182 664 1226 689 qu.
1244 664 1277 687 ix,
1297 661 1344 681 art.
1367 663 1394 686 13
1417 657 1557 689 Compend.
1580 657 1676 686 ΤΙιεοΙυ
1696 665 1752 690 cap.
1771 664 1831 682 cvu.

386 777 398 783 -
406 769 491 795 a«,
468 773 518 813 23<—
531 761 554 786 D
574 761 746 792 QUARTUM
765 762 818 787 su:
837 762 1074 788 PROCEDiTUR.
1095 751 1254 788 Videtur
1273 752 1375 800 quod

449 792 509 850 {33
531 802 725 861 beatitudo
765 803 942 839 consistat
977 803 1024 850 in
1043 811 1127 840 actu
1158 804 1374 841 voluntatis.

338 858 359 901 ρ,
368 836 630 910 pn's(
667 855 767 892 enim
796 855 1050 903 Augustinus,
1087 857 1178 893 XIX
1214 857 1259 893 de
1295 857 1374 894 Civ.

338 899 351 911 ''
375 901 472 939 5³³3)
488 900 637 944 &Dei’Ie
644 937 652 954 ,
682 908 788 955 quod
816 908 1008 945 beatitudo
1033 908 1196 946 hominis
1224 908 1263 946 in
1282 921 1375 957 pace

321 959 509 995 consistit:
542 960 644 997 unde
678 960 715 997 in
750 961 903 998 Psalmo
937 961 1112 997 CXLV11*·
1150 961 1224 1002 Qui
1251 962 1379 1020 posuit

308 1012 411 1059 fines
429 1017 510 1048 tuos
523 1023 670 1060 pacem.
702 1013 778 1050 Sed
791 1025 865 1062 pax
884 1013 932 1050 ad
950 1014 1185 1050 voluntatem
1204 1014 1374 1062 pertinet.

319 1064 420 1112 Ergo
450 1065 643 1102 beatitudo
673 1066 839 1102 hominis
867 1065 905 1102 in
932 1066 1126 1102 voluntate
1156 1066 1333 1103 consistit.

373 1128 408 1154 2.
430 1117 661 1165 PRAETEREA,
690 1118 882 1155 beatitudo
913 1126 968 1155 est
995 1130 1188 1155 summurn
1216 1119 1373 1155 bonum.

320 1169 397 1206 Sed
426 1169 571 1206 bonum
600 1178 655 1207 est
683 1170 873 1207 obiectum
897 1171 1109 1207 voluntatis.
1138 1171 1239 1218 Ergo
1260 1171 1375 1208 beati-

319 1223 411 1259 tudo
440 1222 479 1259 in
508 1223 727 1271 operatione
755 1223 958 1260 voluntatis
986 1223 1162 1260 consistit.

373 1275 408 1311 3.
429 1276 660 1322 PRAETEREA,
676 1275 801 1323 primo
817 1275 987 1311 moventi
1005 1276 1209 1323 respondet
1222 1276 1374 1312 ultimus

318 1326 422 1363 finis:
452 1327 549 1363 sicut
577 1327 731 1364 ultimus
758 1327 846 1364 finis
874 1327 986 1363 totius
1023 1327 1205 1363 exercitus
1238 1335 1293 1363 est
1319 1327 1374 1364 vi-

78 1407 203 1427 ,ἦ
319 1378 454 1425 ctoria,
484 1391 582 1426 quae
612 1386 668 1415 est
693 1378 780 1416 finis
809 1379 934 1425 ducis,
965 1378 1031 1426 qui
1068 1391 1203 1416 omnes
1231 1387 1373 1416 movet.

88 1439 127 1471 2³¹⁷·
144 1434 175 1456 ’Ἡ
318 1430 594 1490 deQmum
622 1443 786 1468 movens
813 1431 862 1468 ad
890 1432 1129 1479 operandum
1159 1439 1214 1468 est
1239 1432 1374 1468 volun-

76 1490 260 1520 Quum·
269 1496 290 1519 ³-
316 1489 395 1521 885.
423 1481 513 1532 q'uia
546 1491 679 1520 movet
711 1484 802 1520 alias
828 1483 949 1531 vires,
981 1491 1023 1520 ut
1059 1484 1153 1520 infra
1171 1484 1191 1506 '¹‘
1219 1483 1373 1521 dicetur.

318 1535 420 1584 Ergo
449 1535 642 1573 beatitudo
672 1535 720 1573 ad
748 1537 984 1573 voluntatem
1011 1537 1183 1584 pertinet.

369 1599 408 1635 4.
428 1589 661 1636 PRAETEREA,
690 1589 720 1626 si
750 1589 943 1626 beatitudo
964 1597 1019 1626 est
1038 1589 1163 1637 aliqua
1191 1589 1372 1638 operatio,

213 1686 219 1693 ⁸
318 1648 468 1691 oportet
505 1642 609 1690 quod
645 1641 690 1678 sit
723 1641 956 1678 nobilissima
994 1641 1162 1690 operatio
1196 1641 1373 1679 hominis.

179 1697 198 1716 ⁸
317 1693 396 1733 Sed
423 1694 587 1731 nobilior
613 1694 784 1743 operatio
800 1700 818 1715 ⁴²
847 1702 902 1731 est
929 1694 1078 1732 dilectio
1097 1694 1182 1740 Dei,
1203 1707 1301 1742 quae
1322 1702 1376 1731 est

316 1753 422 1784 actus
439 1746 655 1794 voluntatis,
675 1759 792 1794 quam
813 1747 988 1794 cognitio,
1009 1758 1107 1795 quae
1127 1754 1182 1783 est
1205 1747 1375 1796 operatio

315 1796 541 1836 intellectus:
567 1807 609 1836 ut
626 1807 730 1848 patet
747 1812 817 1848 per
834 1801 1074 1849 Apostolum,
1097 1801 1110 1836 I
1131 1800 1182 1836 ad
1199 1800 1285 1836 Cor.
1302 1812 1374 1838 xm.

315 1850 418 1900 Ergo
450 1851 602 1889 videtur
638 1852 741 1901 quod
770 1852 963 1890 beatitudo
1002 1852 1179 1889 consistat
1215 1852 1254 1889 in
1291 1860 1376 1890 actu

313 1904 531 1945 voluntatis.

81 967 92 977 ·
106 966 173 989 Vere.
186 973 207 995 3.

74 1965 91 1990 ·,
96 1964 219 1996 “25:³³

373 1958 405 1994 5.
426 1958 658 2004 PRAETEREA,
669 1957 902 2005 Augustinus
914 1957 1012 2004 dicit,
1023 1957 1061 1994 in
1072 1958 1158 1994 XIII
1170 1958 1216 1994 de
1229 1959 1266 1995 T
1260 1959 1331 1996 rin.
1343 1959 1374 2005 ³¹⁶,

100 2043 102 2050 ,
314 2010 422 2058 quod
441 2011 570 2047 beatus
587 2016 642 2047 est
658 2010 724 2058 qui
738 2011 851 2047 habet
867 2011 995 2047 omnia
1014 2022 1111 2058 quae
1123 2010 1212 2056 vult,
1233 2016 1269 2047 et
1285 2011 1377 2048 nihil

41 2090 44 2095 Δ
72 2064 199 2126 ὨΨ-ἶ·
314 2062 395 2100 vult
420 2062 530 2100 male.
561 2064 610 2099 Et
635 2070 723 2112 post
749 2074 872 2111 pauca
901 2062 1028 2099 subdit
1044 2062 1081 2099 *z
1109 2063 1342 2111 Propinqua!
1360 2062 1375 2093 β

315 2115 423 2152 beato
442 2115 508 2164 qui
530 2116 622 2152 bene
647 2116 728 2152 vult
749 2115 1008 2164 quodcumque
1030 2115 1129 2152 vult.-
1157 2116 1255 2152 bona
1275 2116 1373 2153 enim

315 2168 464 2205 beatum
481 2168 648 2216 faciunt,
663 2180 824 2216 quorum
853 2169 1038 2205 bonorum
1067 2168 1143 2204 iam
1170 2169 1282 2204 habet
1306 2169 1372 2205 ali-

314 2220 415 2269 quid,
435 2221 555 2268 ipsam
574 2221 712 2258 scilicet
737 2222 875 2258 honam
894 2219 1134 2257 voluntatem.
1155 2221 1257 2268 Ergo
1285 2221 1373 2258 bea-

313 2272 434 2310 titudo
462 2273 501 2310 In
529 2280 615 2310 actu
641 2273 846 2310 voluntatis
874 2273 1052 2309 consistit.

73 2332 87 2343 ·
99 2331 168 2354 ver·-
181 2337 204 2360 3·
368 2326 443 2362 SED
458 2337 604 2362 coum
617 2337 684 2362 EST
694 2325 801 2373 quod
819 2325 1009 2362 Dominus
1025 2324 1122 2371 dicit,
1135 2325 1239 2361 Ioan.
1255 2336 1327 2361 xvn
1337 2324 1372 2361 *:

312 2377 426 2426 Haec
453 2384 508 2415 est
530 2378 607 2415 vita
634 2383 809 2423 aeterna,
840 2383 878 2414 ut
911 2383 1142 2427 cognoscant
1167 2383 1220 2423 te,
1249 2378 1373 2414 Deum

313 2441 446 2467 verum
494 2443 622 2468 unum.
657 2430 743 2468 Vita
778 2438 906 2467 autem
939 2438 1092 2467 aeterna
1129 2437 1184 2466 est
1220 2430 1374 2466 ultimus

74 2494 182 2522 *Art-2,
195 2493 224 2516 nd
239 2500 256 2516 ι-
313 2482 412 2530 finis,
433 2491 475 2520 ut
498 2483 640 2520 dictum
669 2490 726 2520 est
743 2483 774 2520 ³¹⁸.
804 2484 905 2531 Ergo
934 2482 1127 2520 beatitudo
1151 2482 1317 2519 hominis
1336 2483 1374 2520 in

315 2535 530 2583 cognitione
545 2536 618 2573 Dei
637 2535 814 2582 consistit,
831 2546 928 2584 quae
949 2543 1004 2572 est
1023 2543 1127 2572 actus
1152 2535 1370 2571 intellectus.

367 2588 593 2626 Responnno
634 2600 822 2625 memnon
859 2589 964 2637 quod
998 2588 1048 2625 ad
1082 2587 1372 2635 beatitudinem,

75 2653 88 2664 ·
102 2652 150 2680 Qu.
164 2659 191 2681 u,
205 2657 248 2676 m.
264 2653 286 2675 ⁶.
315 2640 410 2678 sicut
437 2653 551 2690 supra
569 2640 590 2663 ²¹⁸
618 2641 759 2678 dictum
779 2648 845 2688 est,
871 2641 947 2677 duo
969 2640 1225 2689 requiruntur:
1253 2652 1373 2677 unum

173 2702 190 2728 τ
315 2694 421 2742 quod
453 2701 509 2730 est
537 2693 698 2731 essentia
716 2698 732 2722 Υ
763 2692 1022 2738 beatitudinis3
1051 2692 1152 2730 aliud
1180 2693 1285 2741 quod
1319 2700 1375 2729 est

316 2745 424 2794 quasi
451 2758 520 2794 per
547 2758 598 2790 se,
615 2746 790 2783 accidens
819 2745 915 2792 eius,
943 2745 1082 2782 scilicet
1114 2745 1311 2782 delectatio
1339 2745 1374 2781 ei

316 2798 504 2835 adiuncta.
525 2798 622 2835 Dico
637 2810 727 2846 ergo
742 2798 858 2847 quod,
876 2805 1060 2847 quantum
1079 2797 1128 2834 ad
1147 2797 1185 2834 id
1200 2798 1304 2845 quod
1321 2804 1375 2833 est

318 2850 561 2888 essentialiter
588 2851 670 2899 ipsa
697 2850 902 2896 beatitudo,
932 2850 1163 2899 impossibile
1193 2857 1247 2886 est
1270 2849 1375 2909 quod

78 2914 131 2955 ⁶¹?-
126 2914 197 2953 ῐ,με
212 2914 262 2944 ⁶⁵⁶·
317 2903 495 2940 consistat
513 2903 551 2940 in
571 2910 656 2939 actu
670 2902 918 2940 voluntatis.
887 2903 907 2924 '¹‘
940 2902 1184 2940 Manifestum
1200 2909 1255 2939 est
1275 2902 1375 2938 enim

38 2967 39 2971 ¹
75 2939 154 2990 Ᾰη
173 2973 230 2995 1‚²;
249 2973 289 2996 qu
318 2968 364 2993 ex
376 2955 596 3005 praemissis
610 2955 754 3003 *quod
773 2955 966 2992 beatitudo
981 2962 1037 2992 est
1051 2954 1268 2992 consecutio
1287 2955 1374 2992 finis

77 2999 104 3022 ¹⁹
117 2997 160 3016 Μ
174 3000 197 3022 7“
317 3008 450 3047 ultimi.
489 3008 719 3046 Consecutio
753 3016 881 3045 autem
912 3007 999 3045 finis
1031 3020 1109 3044 non
1143 3007 1309 3044 consistit
1335 3007 1374 3044 in

175 3060 190 3086 ὃ
317 3061 400 3110 ipso
421 3068 506 3098 actu
524 3060 741 3098 voluntatis.
771 3061 954 3098 Voluntas
979 3059 1081 3097 enim
1100 3057 1113 3082 δ
1142 3058 1282 3095 fertur
1274 3071 1312 3095 in
1331 3059 1374 3095 fi-

317 3125 408 3150 nem
429 3120 465 3150 et
484 3114 692 3159 absentem,
723 3125 810 3150 cum
833 3113 957 3162 ipsum
978 3112 1184 3157 desiderat3
1214 3118 1250 3148 et
1269 3122 1376 3159 prae—

318 3174 477 3213 sentem,
499 3178 586 3203 cum
613 3165 651 3203 in
679 3165 762 3214 ipso
790 3165 1028 3213 requiescens
1048 3164 1263 3201 delectatur.
1293 3163 1375 3200 Ma-

318 3218 496 3256 nifestum
526 3226 580 3256 est
608 3225 735 3256 autem
764 3218 868 3267 quod
896 3218 1021 3266 ipsum
1043 3215 1271 3254 desiderium
1290 3215 1376 3253 finis

319 3284 399 3309 non
427 3279 483 3308 est
511 3271 728 3309 consecutio
751 3271 850 3317 finis,
871 3271 939 3308 sed
960 3278 1014 3307 est
1032 3277 1158 3307 motus
1178 3269 1226 3307 ad
1243 3269 1374 3306 finem.

318 3324 528 3361 Delectatio
557 3331 684 3360 autem
713 3323 868 3360 advenit
884 3322 1070 3360 voluntati
1098 3334 1143 3358 ex
1171 3322 1246 3358 hoc
1271 3321 1375 3369 quod

373 3446 400 3478 α)
420 3445 549 3478 operatio.
568 3458 586 3463 -
604 3445 665 3470 Om.
684 3445 729 3470 Pa.

371 3479 398 3513 β)
418 3480 591 3513 Propinquat.
610 3494 628 3498 -
647 3480 682 3504 Et
700 3479 898 3512 appropinquat
915 3479 943 3509 Ρ,
962 3479 1165 3511 Appropinquat
1184 3478 1215 3502 K.

371 3516 398 3549 γ)
418 3515 539 3540 essentia.
552 3528 572 3535 -
589 3522 644 3540 esse
662 3515 708 3539 Pa.

371 3549 397 3582 δ)
416 3551 494 3576 em'm.
511 3564 529 3569 -
547 3554 637 3575 autem
656 3550 702 3575 Pa.

1429 752 1516 788 finis
1545 760 1600 789 est
1627 765 1823 801 praesens:
1853 765 1932 790 non
1951 761 2077 790 autem
2098 766 2117 790 e
2138 766 2324 791 converso
2344 766 2388 790 ex
2408 755 2482 791 hoc

1430 804 1570 853 aliquid
1597 805 1640 841 fit
1665 817 1859 853 praesens,
1889 806 1975 854 quia
2001 807 2177 843 voluntas
2206 806 2408 843 delectatur
2444 807 2482 844 in

1429 856 1524 905 ipso.
1547 857 1707 905 Oportet
1725 857 1833 905 igitur
1847 857 1985 907 aliquid
2001 858 2102 895 aliud
2121 870 2203 895 esse
2223 871 2338 907 quam
2355 867 2480 897 actum

1428 909 1641 955 voluntatis,
1658 922 1725 957 per
1740 910 1842 958 quod
1858 910 1922 947 fit
1914 923 1992 959 1pse
2007 910 2093 947 finis
2111 923 2290 959 praesens
2304 911 2479 948 volenti‘.

1482 962 1531 998 Et
1548 962 1623 998 hoc
1645 962 1841 998 manifeste
1860 971 2015 1011 apparet
2043 963 2140 999 circa
2159 964 2256 1000 fines
2275 963 2479 1001 sensibiles.

1431 1013 1469 1050 Si
1491 1014 1591 1050 enim
1613 1015 1793 1072 consequi
1810 1015 2010 1074 pecuniam
2041 1023 2138 1052 esset
2163 1028 2241 1064 per
2260 1023 2386 1052 actum
2413 1028 2481 1053 vo-

1429 1066 1603 1113 luntatis,
1639 1067 1762 1103 statim
1797 1079 1818 1103 a
1845 1067 2027 1116 principio
2062 1068 2219 1116 cupidus
2257 1075 2480 1105 consecutus

1430 1126 1527 1155 esset
1544 1119 1759 1167 pecuniam,
1781 1120 1933 1168 quando
1961 1120 2042 1156 vult
2068 1132 2153 1156 eam
2181 1121 2332 1157 habere.
2362 1121 2440 1158 Sed
2459 1133 2481 1157 a

1428 1171 1612 1219 principio
1637 1171 1792 1219 quidem
1822 1179 1877 1208 est
1904 1172 2040 1208 absens
2070 1172 2119 1217 ei;
2149 1173 2390 1221 consequitur
2417 1185 2481 1210 au-

1428 1232 1505 1260 tem
1534 1224 1654 1272 ipsam
1684 1236 1753 1272 per
1770 1224 1844 1260 hoc
1863 1224 1968 1271 quod
1988 1236 2103 1260 manu
2131 1224 2251 1272 ipsam
2272 1225 2478 1274 apprehen-

1429 1276 1492 1322 dit,
1511 1278 1573 1313 vel
1594 1276 1719 1324 aliquo
1738 1276 1978 1321 huiusmodi;
2009 1284 2044 1312 et
2068 1284 2155 1313 tunc
2183 1277 2258 1313 iam
2280 1277 2482 1314 delectatur

1428 1328 1466 1364 in
1485 1329 1645 1376 pecunia
1664 1328 1801 1365 habita.
1833 1328 1895 1365 Sic
1914 1328 2023 1376 igitur
2042 1336 2077 1365 et
2097 1329 2192 1365 circa
2212 1329 2479 1376 intelligibilem

1428 1380 1546 1417 finem
1575 1380 1763 1428 contingit.
1796 1381 1899 1417 Nam
1928 1393 1950 1417 a
1976 1381 2157 1430 principio
2186 1382 2363 1418 volumus
2392 1394 2481 1419 con-

1428 1433 1536 1480 sequi
1563 1433 1680 1468 finem
1709 1433 1992 1480 intelligibilem;
2021 1434 2290 1482 consequimur
2312 1433 2324 1460 t
2352 1442 2479 1471 autem

1428 1484 1554 1532 ipsum
1573 1496 1641 1532 per
1659 1485 1733 1520 hoc
1760 1485 1864 1533 quod
1883 1485 1926 1521 fit
1943 1497 2121 1533 praesens
2139 1487 2250 1523 nobis
2269 1498 2336 1535 per
2354 1494 2480 1523 aetum

1428 1537 1655 1582 intellectus;
1686 1544 1722 1573 et
1739 1544 1828 1573 tunc
1850 1538 2024 1574 voluntas
2044 1539 2223 1575 delectata
2252 1539 2482 1587 conquiescit

1428 1588 1467 1625 in
1493 1589 1571 1626 fine
1600 1589 1675 1625 iam
1702 1589 1852 1637 adepto.

1484 1641 1546 1679 Sic
1573 1641 1681 1688 igitur
1709 1641 1869 1678 essentia
1900 1641 2136 1678 beatitudinis
2164 1642 2201 1679 in
2229 1650 2314 1679 actu
2341 1643 2480 1680 intelle-

1429 1702 1510 1731 ctus
1530 1694 1696 1730 consistit
1714 1693 1750 1730 *ε
1780 1695 1848 1731 sed
1867 1694 1916 1731 ad
1933 1695 2167 1731 voluntatem
2197 1695 2356 1743 pertinet
2383 1696 2480 1732 dele-

1430 1747 1538 1783 ctatio
1559 1746 1830 1783 beatitudinem
1847 1759 2083 1795 consequens
2097 1746 2132 1792 *3
2153 1748 2362 1784 secundum
2379 1748 2480 1796 quod

1429 1799 1660 1846 Augustinus
1679 1799 1777 1845 dicit,
1798 1800 1832 1835 X
1857 1800 2020 1847 Confess.
2036 1799 2067 1846 *,
2093 1800 2196 1847 quod
2216 1800 2407 1836 beatitudo
2427 1807 2482 1836 est

1428 1852 1611 1902 gaudium
1631 1851 1676 1888 de
1692 1852 1869 1895 veritate,·
1896 1851 1984 1900 quia
2002 1851 2140 1888 scilicet
2158 1851 2283 1901 ipsum
2301 1852 2479 1900 gaudium

1431 1911 1486 1941 est
1513 1905 1791 1941 consummatio
1820 1904 2069 1941 beatitudinis.

1481 1958 1540 1993 AD
1569 1969 1705 1994 PRIMUM
1733 1968 1830 1993 ERGO
1859 1969 2041 1994 memnon
2079 1956 2182 2005 quod
2214 1969 2288 2005 pax
2323 1957 2482 2005 pertinet

1429 2009 1478 2046 ad
1497 2009 1671 2045 ultimum
1690 2009 1855 2045 hominis
1870 2009 1999 2055 finem,
2016 2021 2094 2046 non
2113 2009 2220 2057 quasi
2241 2009 2482 2046 essentialiter

1429 2061 1474 2098 sit
1502 2061 1582 2110 ipsa
1602 2061 1814 2106 beatitudo;
1845 2062 1912 2098 sed
1932 2061 2019 2110 quia
2047 2062 2311 2098 antecedenter
2334 2069 2371 2098 et
2390 2074 2478 2098 con-

1429 2121 1632 2162 sequenter
1659 2125 1698 2150 se
1733 2114 1847 2150 habet
1872 2114 1920 2151 ad
1948 2113 2079 2162 ipsam.
2100 2114 2375 2150 Antecedenter
2397 2114 2477 2162 qui-

1429 2167 1530 2213 dem,
1549 2166 1775 2214 inquantum
1803 2165 1879 2203 iam
1904 2174 1988 2202 sunt
2015 2173 2162 2203 remota
2181 2166 2309 2203 omnia
2334 2174 2478 2214 pertur-

1429 2219 1566 2266 banna,
1588 2228 1624 2257 et
1642 2218 1885 2267 impedientia
1904 2219 1952 2254 ab
1971 2218 2104 2255 ultimo
2123 2219 2211 2255 fine.
2234 2219 2479 2267 Consequen-

1426 2279 1485 2308 ter
1509 2284 1621 2318 vero,
1651 2271 1876 2318 inquantum
1904 2271 1980 2307 iam
2009 2271 2149 2317 homo,
2179 2271 2317 2319 adepto
2345 2271 2477 2307 ultimo

1427 2325 1516 2371 fine,
1545 2331 1715 2361 remanet
1740 2331 1917 2372 pacatus,
1948 2335 2018 2359 suo
2038 2328 2056 2350 η
2085 2322 2271 2360 desiderio
2299 2323 2476 2372 quietato.

1480 2378 1538 2413 AD
1567 2387 1755 2414 SECUNDUM
1773 2387 1956 2412 mcENDnM
1976 2375 2080 2423 quod
2098 2375 2274 2424 primum-
2287 2375 2478 2412 obiectum

1427 2429 1630 2466 voluntatis
1657 2440 1736 2465 non
1765 2436 1819 2465 est
1837 2436 1942 2465 actus
1971 2428 2065 2465 eius:
2094 2428 2189 2464 sicut
2215 2440 2286 2465 nec
2313 2428 2478 2476 primum

1428 2481 1619 2519 obiectum
1647 2481 1751 2517 visus
1780 2488 1835 2517 est
1869 2480 1985 2527 visio,
2015 2480 2082 2517 sed
2108 2480 2265 2518 visibile.
2295 2481 2406 2518 Unde
2435 2493 2479 2517 ex

1426 2535 1501 2571 hoc
1519 2535 1603 2583 ipso
1631 2533 1737 2582 quod
1766 2533 1958 2570 beatitudo
1981 2533 2142 2581 pertinet
2168 2533 2218 2569 ad
2243 2533 2478 2569 voluntatem

1426 2594 1609 2635 tanquam
1637 2586 1804 2635 primum
1833 2586 2022 2622 obiectum
2052 2585 2150 2632 eins,
2181 2585 2348 2632 sequitur
2375 2585 2479 2634 quod

1427 2652 1504 2676 non
1532 2639 1717 2688 pertineat
1743 2639 1792 2674 ad
1819 2638 1941 2686 ipsam
1969 2645 2150 2685 tanquam
2172 2644 2274 2674 actus
2302 2637 2417 2686 ipsius
2445 2638 2477 2674 *.

1480 2693 1538 2728 An
1566 2703 1723 2728 TERTHJM
1742 2702 1924 2727 memnon
1943 2690 2048 2739 quod
2066 2690 2184 2727 finem
2202 2690 2326 2738 primo
2347 2702 2478 2738 appre-

1424 2744 1555 2781 hendit
1583 2744 1791 2780 intellectus
1830 2755 1945 2791 quam
1971 2743 2167 2779 voluntas:
2196 2750 2325 2779 tamen
2353 2750 2479 2780 motus

1428 2797 1476 2833 ad
1503 2797 1621 2833 finem
1649 2795 1775 2844 incipit
1802 2795 1842 2832 in
1867 2795 2072 2831 voluntate.
2102 2796 2151 2831 Et
2177 2795 2263 2831 ideo
2295 2794 2478 2831 voluntati

1429 2850 1587 2886 debetur
1614 2848 1651 2885 id
1680 2848 1785 2896 quod
1816 2847 1948 2884 ultimo
1977 2847 2220 2894 consequitur
2247 2847 2478 2884 consecutio-

1428 2898 1642 2948 nem'finis,
1668 2901 1806 2937 scilicet
1833 2899 2029 2937 delectatio
2057 2900 2117 2936 vel
2145 2899 2280 2936 fruitio.

1480 2955 1539 2991 An
1568 2965 1739 2996 QUARTUM
1758 2964 1940 2989 DICENDUM
1959 2952 2063 3000 quod
2082 2951 2229 2988 dilectio
2248 2950 2480 3010 praeeminet

1429 3006 1632 3053 cognitioni
1659 3005 1698 3042 in
1725 3005 1941 3051 movendo,
1970 3004 2038 3041 sed
2061 3004 2223 3063 cognitio
2251 3003 2406 3052 praevia
2425 3011 2479 3040 est

1430 3058 1618 3095 dilectioni
1646 3058 1684 3094 in
1716 3057 1954 3104 attingendo·
1983 3068 2058 3093 non
2090 3057 2188 3093 enim
2215 3056 2383 3105 diligitur
2410 3056 2482 3097 nisi

1429 3111 1640 3160 cognitum,
1674 3117 1714 3146 ut
1747 3109 1835 3146 dicit
1867 3109 2097 3156 Augustinus
2130 3108 2168 3145 in
2200 3110 2235 3145 X
2263 3109 2308 3145 de
2338 3110 2374 3146 T
2369 3121 2440 3145 rm
2460 3108 2480 3131 ’¹‘
2505 3117 2517 3128 ⁶

1429 3164 1478 3200 Et
1504 3163 1591 3200 ideo
1611 3162 1877 3210 intelligibilem
1901 3161 2018 3199 finem
2037 3161 2162 3210 primo
2182 3160 2394 3209 attingimus
2412 3173 2481 3210 per

1429 3215 1617 3253 actionem
1653 3214 1882 3261 intellectus;
1915 3213 2010 3251 sicut
2043 3221 2079 3250 et
2114 3213 2231 3251 finem
2266 3213 2478 3250 sensibilem

1430 3268 1554 3317 primo
1583 3266 1797 3315 attingimus
1824 3279 1892 3315 per
1920 3266 2109 3303 actionem
2137 3279 2280 3303 sensus.

1482 3322 1541 3357 AD
1561 3331 1721 3361 QUINTUM
1740 3331 1922 3357 memnon
1937 3319 2040 3368 quod
2059 3319 2119 3356 ille
2138 3319 2201 3368 qui
2220 3319 2333 3356 habet
2351 3318 2480 3355 omnia

1482 3442 1504 3473 ε)
1525 3442 1628 3467 uolenti.
1646 3455 1665 3460 -
1683 3441 1814 3466 voluntati
1832 3440 1961 3473 PKaOEi).

1481 3477 1506 3509 ζ)
1526 3476 1718 3509 consequimur.
1735 3490 1753 3495 -
1771 3477 1940 3509 consequitur
1958 3475 2153 3507 ACFGHILpB.

1482 3513 1509 3544 η)
1529 3519 1585 3537 suo.
1602 3525 1620 3530 —
1639 3511 1700 3536 Om.
1719 3511 1764 3536 Pa.

2438 249 2490 284 29

2507 1711 2515 1719 ·
2530 1710 2559 1732 D.
2572 1716 2623 1738 309,
2637 1711 2683 1738 625.

2507 1764 2515 1772 ·
2530 1763 2558 1785 D.
2572 1769 2624 1790 270.

2507 1817 2516 1826 '
2531 1815 2587 1843 cap.
2602 1821 2669 1837 xxm.

2506 2648 2515 2656 '
2529 2646 2557 2668 D.
2573 2646 2617 2668 ⁶21.
