2846 4146
118 330 127 339 '
140 329 175 350 Cf.
186 329 246 350 Part.
261 329 278 355 1,
290 335 328 355 qu.

119 361 211 381 Lxxxiv,
222 358 264 376 art.
274 360 294 381 ⁴2,
304 361 328 380 43

118 381 129 402 1
147 381 239 403 Foster.
245 397 253 408 ,
277 381 328 402 lect.

119 413 167 428 xu.

112 1902 120 1911 ¹¹
136 1900 172 1922 Cf.
188 1906 226 1928 qu.
241 1907 262 1926 L,
278 1904 321 1922 art.

110 1927 321 1981 {52³1551-{Ijff'123

111 1983 154 2001 art.
168 1985 187 2000 2.

121 3472 130 3480 ·
146 3469 181 3491 cf.
197 3475 260 3491 num.
275 3476 298 3490 v.

122 3498 131 3507 '¹
149 3496 196 3523 Qu.
212 3496 275 3522 χιιι,
290 3498 332 3517 art.

123 3529 138 3549 ι,
153 3522 181 3544 ad
195 3528 215 3551 3.

359 202 433 247 346
1045 198 1315 248 QUAESTIOJ
1340 201 1436 246 le,

356 279 405 309 vel
429 279 620 319 quantitatis,
640 279 693 309 sed
717 279 906 319 inquantum
930 285 976 309 est
998 279 1030 308 in
1054 288 1166 317 genere
1186 277 1316 313 scibilis;
1334 287 1414 316 quo-

357 333 429 353 rum
443 330 614 363 utrumque
629 322 662 352 in
678 322 819 352 doctrina
832 322 978 352 Auctoris
991 329 1037 352 est
1048 321 1261 351 indubitatum
1271 320 1301 349 *:
1320 329 1414 359 opor-

357 373 400 397 tet
416 367 585 396 concedere
604 366 692 406 quod
708 366 812 406 aliqua
832 376 896 395 una
911 365 1076 395 habitualis
1097 365 1224 394 scientia
1239 363 1414 393 secundum

357 410 503 450 speciem,
529 417 605 449 puta
628 410 808 450 geometria,
834 409 911 439 duas
935 419 982 438 res
1007 415 1104 448 ponat
1126 408 1158 437 in
1182 407 1340 437 intellectu
1358 416 1414 435 no-

357 461 432 484 stro.
457 453 561 483 Prima
585 460 630 483 est
649 453 766 492 species
789 453 998 491 intelligibiles
1021 452 1186 486 linearum,
1212 450 1412 488 angulorum,

356 497 538 536 figurarum,
564 504 638 527 etc.:
664 497 800 526 secunda
824 503 869 525 est
892 495 1035 525 habilitas
1055 495 1094 524 ad
1110 500 1267 533 prompte,
1285 492 1415 523 faciliter

357 540 641 580 delectabiliterque
665 539 929 570 considerandum
949 538 1166 568 conclusiones
1183 536 1273 566 scitas
1290 536 1322 565 in
1338 546 1413 575 geo-

356 584 476 614 metria.
496 584 593 620 Quod
609 583 693 613 enim
706 589 831 622 oportet
845 591 962 621 ponere
976 581 1093 620 species
1108 580 1317 619 intelligibiles
1334 580 1414 610 ordi-

357 635 443 658 natas
467 628 507 657 ad
530 637 627 657 unam
650 633 680 656 et
698 626 829 656 eandem
846 625 1000 655 rationem
1016 624 1183 654 formalem
1199 623 1268 654 talis
1288 623 1412 660 scibilis,

355 677 441 711 patet
458 681 494 701 ex
517 680 554 700 eo
579 671 666 710 quod
683 670 773 709 plura
789 669 963 698 secundum
984 668 1121 707 speciem
1140 677 1205 697 non
1221 675 1414 698 concurrunt

356 716 394 744 ad
419 725 520 744 unum
549 714 724 743 secundum
755 712 906 751 speciem,
932 711 991 741 nisi
1014 711 1122 751 aliquo
1146 711 1245 741 modo
1271 710 1413 742 ordinata

355 759 394 788 ad
418 758 496 788 illud
516 765 633 787 unum:
652 763 687 786 ut
702 762 787 795 patet
802 755 834 784 in
851 755 1026 794 pluralitate
1045 755 1329 794 heterogeneorum
1348 762 1414 785 tarn

354 802 387 831 in
411 801 604 831 naturalibus
628 810 725 839 quam
745 798 964 829 artificialibus.
990 799 1166 836 Quomodo
1189 798 1274 828 enim
1294 799 1412 838 species

354 844 563 883 intelligibiles
581 843 720 880 subiecti,
736 848 813 882 puta
835 842 939 877 lunae,
956 849 986 872 et
1009 842 1126 882 species
1144 841 1320 878 accidentis,
1337 849 1413 882 puta

355 888 491 927 eclipsis,
517 894 546 917 et
569 887 686 926 species
719 895 829 916 causae
857 886 993 921 mediae,
1026 893 1102 926 puta
1124 886 1326 926 interpositae
1354 893 1413 916 ter-

354 942 418 967 rae,
444 938 510 966 etc„
528 931 560 960 in
585 933 687 960 unum
711 929 886 959 secundum
909 930 1046 969 speciem
1070 936 1176 960 actum
1199 929 1317 960 sciendi
1338 939 1412 959 con-

354 975 488 1010 venient,
502 974 560 1003 nisi
574 973 680 1012 aliquo
693 973 792 1002 modo
808 971 987 1003 ordinatae?
999 974 1039 1003 Et
1051 983 1168 1009 rursus,
1182 973 1349 1013 quomodo
1365 979 1413 1003 tot

354 1019 471 1058 species
495 1024 542 1047 tot
565 1027 670 1047 rerum
695 1023 915 1047 contentarum
935 1018 993 1047 sub
1017 1027 1081 1047 una
1104 1017 1206 1057 specie
1230 1016 1355 1052 scibilis,
1376 1023 1412 1047 ut

353 1063 406 1098 sic,
423 1061 610 1092 convenient
629 1060 688 1090 nisi
705 1058 888 1090 ordinatae?
908 1061 967 1091 Ubi
976 1061 1067 1091 enim
1077 1061 1254 1100 pluralitas
1275 1061 1345 1090 sine
1360 1070 1412 1090 or—

353 1106 437 1143 dine,
455 1105 496 1135 ibi
519 1104 673 1144 confusio.
692 1104 824 1140 -1Quod
848 1111 954 1135 autem
979 1105 1118 1144 exigatur
1140 1105 1283 1135 habilitas
1307 1103 1412 1144 aliqua

353 1150 392 1179 ad
417 1149 570 1179 utendum
590 1153 747 1188 prompte,
771 1147 912 1183 faciliter,
938 1155 1005 1184 etc„
1027 1148 1190 1188 speciebus
1213 1148 1279 1178 istis
1302 1147 1346 1177 sic
1363 1157 1412 1177 or-

352 1192 474 1228 dinatis,
495 1202 531 1222 ex
554 1192 615 1222 hoc
634 1191 704 1231 ipso
730 1197 823 1230 patet,
841 1192 929 1231 quod
952 1191 1137 1227 intellectus,
1156 1202 1229 1222 curn
1245 1192 1285 1223 sit
1301 1200 1410 1221 secun-

352 1237 430 1266 dum
454 1246 486 1265 se
510 1235 590 1265 sicut
613 1235 719 1265 tabula
742 1245 819 1270 rasa,
844 1245 911 1265 non
934 1242 979 1266 est
1003 1236 1180 1266 secundum
1201 1246 1233 1265 se
1250 1234 1412 1266 ordinatus

352 1280 390 1310 ad
413 1289 508 1310 usum
531 1279 627 1309 talem
654 1278 763 1308 talium
787 1279 830 1308 sic
853 1278 1072 1309 ordinatorum
1096 1280 1136 1309 ad
1159 1279 1265 1310 scibile
1291 1287 1409 1309 unum:

351 1324 405 1354 sed
418 1330 542 1363 oportet
554 1332 610 1361 per
622 1322 762 1362 aliquam
773 1322 831 1352 sibi
848 1322 986 1353 additam
998 1323 1182 1363 qualitatem
1191 1321 1410 1363 respicientem

350 1377 406 1407 per
429 1377 461 1397 se
485 1366 588 1407 primo
612 1366 691 1396 illud
715 1366 835 1401 scibile,
861 1366 1060 1397 determinari
1084 1367 1124 1397 ad
1147 1374 1312 1407 prompte,
1337 1366 1411 1397 faci-

350 1411 419 1441 liter
443 1417 472 1440 et
496 1410 716 1441 delectabiliter
737 1410 892 1440 utendum
915 1410 1171 1451 quibuscumque
1195 1411 1358 1451 speciebus
1381 1417 1412 1441 et

351 1454 470 1485 actibus
497 1454 529 1484 in
553 1453 663 1484 ordine
687 1454 726 1483 ad
753 1453 841 1484 illud.
866 1454 957 1484 Hanc
980 1461 1088 1484 autem
1115 1455 1298 1495 qualitatem
1325 1455 1411 1485 habi-

351 1499 492 1528 litantem
516 1508 582 1527 esse
607 1504 728 1527 constat
743 1507 850 1533 unam,
867 1498 952 1528 iuxta
976 1498 1130 1529 unitatem
1149 1499 1198 1529 sui
1222 1499 1349 1535 obiecti;
1374 1509 1409 1529 ac

350 1552 406 1581 per
428 1542 500 1578 hoc,
517 1541 612 1572 unius
632 1540 745 1581 speciei
765 1541 1019 1581 specialissimae;
1038 1548 1068 1572 et
1084 1549 1313 1583 consequenter
1332 1552 1408 1583 qua-

350 1586 470 1616 litatem
493 1585 680 1625 simplicem,
705 1595 779 1615 cum
802 1585 920 1625 species
944 1585 984 1616 sit
1006 1586 1175 1626 qualitatis.

407 1629 466 1659 His
485 1635 591 1660 autem
611 1629 736 1659 duobus
758 1628 791 1658 in
807 1629 966 1659 intellectu
983 1629 1241 1660 concurrentibus
1264 1629 1407 1670 profecto

351 1673 527 1704 secundum
549 1673 689 1712 aliquam
712 1672 884 1709 scientiam,
901 1673 1076 1703 videndum
1091 1680 1184 1704 restat
1200 1674 1277 1713 quid
1292 1674 1408 1703 horum

351 1727 417 1747 non
441 1717 575 1752 habitus,
600 1717 654 1746 sed
673 1716 798 1746 habitus
814 1717 903 1754 talis,
929 1716 1046 1747 scilicet
1069 1717 1215 1748 scientiae
1239 1717 1407 1752 humanae,

351 1771 431 1801 quae
455 1767 501 1791 est
523 1760 648 1790 habitus
663 1770 718 1799 per
737 1760 1040 1790 demonstrationem
1054 1761 1236 1801 acquisitUS,
1253 1760 1408 1791 rationem

351 1804 553 1835 essentialiter
568 1804 671 1834 habet.
691 1804 844 1834 Notanter
867 1810 974 1834 autem
998 1804 1070 1840 dixi,
1089 1814 1151 1834 non
1175 1804 1319 1835 habitus:
1334 1804 1408 1844 quia

351 1855 473 1878 constat
500 1848 588 1888 quod
612 1847 729 1886 species
753 1847 971 1886 intelligibiles,
995 1848 1080 1887 apud
1104 1858 1129 1878 s.
1147 1848 1319 1884 Thomam,
1337 1854 1410 1878 sunt

350 1892 475 1922 habitus
491 1891 715 1922 intellectuales
726 1890 752 1920 *.
766 1891 807 1921 Et
822 1891 964 1921 similiter
981 1891 1052 1927 dixi,
1066 1893 1217 1922 scientiae
1230 1892 1410 1922 humanae:

350 1936 424 1976 quia
449 1942 570 1966 constat
591 1935 624 1964 in
649 1934 765 1973 angelis
788 1934 913 1965 habitus
936 1934 1081 1965 scientiae
1101 1945 1166 1965 non
1184 1945 1250 1965 esse
1265 1935 1325 1965 nisi
1341 1944 1410 1975 spe—

350 1980 412 2010 cies
435 1978 653 2018 intelligibiles.
679 1979 719 2008 Et
738 1988 804 2007 non
821 1978 979 2008 advertere
1002 1979 1042 2008 ad
1065 1979 1142 2009 haec
1158 1979 1234 2015 duo,
1254 1978 1314 2009 fuit
1329 1978 1410 2009 forte

350 2023 473 2054 occasio
498 2022 610 2052 erroris
633 2021 801 2062 aliquibus.

405 2067 472 2098 VII.
489 2067 587 2103 Quod
611 2072 717 2096 autem
737 2065 865 2095 scientia
890 2066 928 2096 de
944 2075 1007 2106 qua
1030 2066 1203 2106 loquimur,
1220 2076 1287 2096 non
1310 2066 1350 2096 sit
1365 2076 1411 2096 es-

350 2111 518 2142 sentialiter
533 2110 638 2150 plures
653 2109 772 2149 species
788 2109 997 2149 intelligibiles
1013 2110 1183 2147 ordinatae,
1201 2111 1256 2140 sed
1278 2109 1412 2149 simplex

350 2155 499 2195 qualitas;
521 2153 725 2184 manifestum
748 2160 794 2183 est
817 2163 853 2183 ex
867 2153 938 2189 hoc,
960 2154 1049 2193 quod
1072 2154 1197 2184 habitus
1224 2153 1411 2184 scientificus

352 2205 397 2229 est
420 2198 623 2229 essentialiter
637 2197 670 2227 in
689 2197 790 2236 prima
813 2197 915 2237 specie
931 2197 1100 2237 qualitatis,
1119 2205 1155 2228 ut
1177 2208 1241 2228 una
1259 2198 1326 2228 eius
1343 2207 1412 2237 spe·

351 2243 413 2273 cies
429 2241 661 2282 specialissima.
679 2240 812 2271 Constat
827 2251 966 2281 namque
985 2242 1074 2281 quod
1090 2241 1177 2271 nulla
1200 2241 1318 2281 species
1334 2251 1412 2281 qua-

351 2286 446 2317 litatis
470 2292 516 2316 est
546 2285 723 2324 composita
747 2295 784 2315 ex
813 2284 956 2324 pluribus
987 2284 1190 2325 qualitatibus
1219 2284 1413 2315 diversarum

352 2330 537 2370 specierum,
554 2329 662 2369 quales
682 2334 755 2358 sunt
771 2328 889 2368 species
912 2328 1130 2368 intelligibiles.
1147 2329 1232 2368 Ergo
1249 2329 1299 2358 vel
1315 2328 1412 2359 scien—

351 2374 412 2404 tiae
436 2373 582 2403 habitum
605 2378 720 2412 negent
743 2382 809 2402 esse
829 2371 968 2411 speciem
991 2372 1131 2412 aliquam
1154 2372 1358 2403 essentialiter
1379 2372 1413 2401 in

352 2427 464 2457 genere
488 2416 661 2457 qualitatis,
684 2416 835 2455 ponendo
859 2415 961 2455 ipsam
985 2424 1051 2447 esse
1075 2426 1173 2446 unam
1196 2416 1316 2452 ordine,
1334 2415 1414 2446 sicut

353 2461 532 2496 exercitum,
550 2467 580 2490 et
602 2460 634 2489 in
658 2469 771 2499 genere
789 2459 948 2489 relationis
972 2459 1115 2496 formale,
1132 2467 1163 2490 et
1184 2460 1344 2491 materiale
1359 2469 1412 2490 so-

352 2506 421 2535 lum
448 2504 481 2534 in
511 2513 624 2543 genere
655 2503 831 2543 qualitatis:
862 2503 951 2543 quod
979 2510 1135 2543 repugnat
1165 2503 1223 2534 toti
1253 2502 1414 2533 doctrinae

347 2548 447 2583 ¹huius
470 2554 627 2578 tractatus.
647 2547 706 2577 Vel
730 2547 904 2577 concedant
926 2546 1029 2586 ipsam
1052 2556 1118 2577 non
1147 2557 1213 2577 esse
1241 2546 1414 2578 formaliter

354 2592 472 2632 species
496 2591 670 2627 ordinatas,
693 2591 747 2620 sed
771 2590 955 2631 qualitatem
987 2590 1164 2630 simplicem
1187 2590 1227 2620 ad
1258 2590 1414 2621 utendum

353 2636 423 2666 illis.

408 2679 590 2710 Putandum
613 2685 660 2708 est
681 2678 775 2718 igitur
797 2678 886 2718 quod
909 2677 942 2707 in
965 2687 1030 2708 una
1052 2677 1194 2714 scientia,
1215 2684 1293 2717 puta
1316 2683 1414 2708 meta-

354 2723 493 2764 physica,
509 2722 667 2753 invenitur
681 2722 856 2753 intellectus
875 2722 907 2752 in
922 2721 975 2751 illa
990 2721 1157 2761 perfectus,
1178 2721 1221 2752 sic
1243 2721 1414 2761 dispositus

354 2767 444 2807 quod
466 2767 559 2796 habet
582 2766 699 2806 species
732 2765 940 2805 intelligibiles
963 2766 1205 2801 elementorum,
1231 2766 1414 2801 mixtorum,

355 2811 543 2850 plantarum,
560 2809 755 2846 animalium,
775 2809 956 2846 hominum,
974 2809 1094 2849 quanti,
1111 2809 1222 2849 qualis,
1243 2809 1414 2845 relationis,

355 2861 478 2890 motus,
495 2861 563 2890 etc„
580 2854 660 2884 bene
679 2853 846 2894 dispositas
868 2860 1024 2893 quatenus
1047 2859 1279 2893 repraesentant
1301 2853 1414 2892 gradus

356 2898 625 2939 metaphysicaleS,
642 2898 722 2928 idest
744 2903 918 2937 spectantes
934 2897 973 2927 ad
997 2906 1052 2927 ens
1075 2897 1267 2937 inquantum
1290 2905 1359 2933 ens;
1385 2903 1416 2927 et

356 2943 445 2983 quod
462 2942 556 2973 habet
571 2941 754 2982 qualitatem
770 2941 931 2982 quandam
950 2941 1211 2971 determinantem
1226 2940 1333 2981 ipsum
1349 2950 1416 2971 non

357 2986 463 3016 solum
486 2986 525 3016 ad
549 2986 714 3021 utendum,
731 2985 786 3015 sed
809 2985 995 3025 ponendum
1012 2991 1042 3015 et
1060 2985 1274 3015 ordinandum
1298 2984 1416 3024 species

356 3030 389 3060 in
403 3029 457 3060 tali
472 3029 591 3060 ordine.
605 3029 646 3060 Et
660 3029 736 3059 haec
749 3029 882 3069 qualitas
898 3035 944 3059 est
960 3028 1162 3059 essentialiter
1175 3028 1300 3059 habitus
1316 3029 1414 3058 scien-

356 3073 427 3109 tiae,
444 3073 500 3113 qui
515 3073 567 3103 dat
583 3072 756 3103 formaliter
772 3072 943 3103 intellectui
958 3072 1139 3103 facultatem
1155 3072 1288 3103 faciendi
1307 3072 1416 3103 huius-

357 3116 446 3147 modi
469 3116 712 3156 dispositionem
734 3116 767 3146 in
791 3116 967 3156 speciebus,
991 3123 1022 3147 et
1045 3116 1154 3147 utendi
1176 3116 1237 3147 illis
1258 3122 1414 3156 prompte,

358 3160 486 3192 faciliter
509 3167 540 3191 et
562 3160 793 3191 delectabiliter.
818 3161 858 3191 Et
880 3160 942 3191 hoc
968 3160 1063 3191 habet
1085 3170 1122 3191 ex
1145 3160 1225 3197 hoc,
1250 3160 1339 3201 quod
1361 3170 1417 3200 per

358 3214 390 3235 se
413 3204 518 3244 primo
541 3204 666 3244 respicit
688 3204 843 3234 rationem
859 3204 1027 3235 formalem
1050 3204 1163 3235 obiecti
1180 3204 1293 3235 scibilis
1316 3203 1415 3244 speci-

358 3248 505 3279 ficantem
519 3254 550 3278 et
572 3247 727 3279 unitatem
750 3247 928 3288 specificam
951 3249 1152 3288 praebentem
1175 3248 1245 3288 ipsi.
1269 3249 1414 3278 Primum

359 3292 444 3322 enim
465 3293 496 3322 in
513 3301 702 3332 unoquoque
717 3296 764 3322 est
786 3300 883 3322 causa
907 3297 1106 3323 ceterorum:
1129 3292 1213 3322 unde
1233 3291 1321 3332 quod
1343 3291 1414 3322 illae

359 3336 477 3376 species
501 3336 540 3365 ad
563 3335 642 3366 illud
666 3345 768 3366 unum
792 3335 992 3372 ordinentur,
1017 3346 1054 3366 ex
1077 3336 1185 3366 habitu
1209 3336 1340 3372 habent,
1367 3335 1417 3366 cui

359 3389 414 3419 per
438 3389 470 3409 se
489 3379 592 3420 primo
617 3379 764 3410 convenit
787 3379 826 3409 ad
849 3379 928 3409 illud
951 3389 1053 3410 unum
1077 3380 1234 3416 ordinari,
1257 3386 1287 3410 et
1310 3389 1375 3410 non
1401 3389 1417 3409 e

361 3433 554 3456 converso.—
569 3424 641 3454 Hoc
663 3423 702 3453 de
725 3423 840 3463 primo.

417 3467 498 3498 VIII.
516 3467 632 3504 Quoad
655 3467 832 3498 secundum
845 3466 873 3503 ⁴²,
891 3466 969 3498 scito
986 3467 1084 3507 quod,
1102 3474 1137 3497 ut
1152 3474 1237 3507 patet
1252 3477 1288 3498 ex
1304 3467 1332 3498 V
1347 3467 1417 3497 Me-

361 3511 507 3551 taphys.‚
532 3518 562 3541 et
590 3511 733 3551 superius
755 3510 773 3530 '¹‘
797 3511 966 3551 allegatum
998 3517 1059 3547 est,
1084 3510 1121 3541 de
1149 3511 1269 3542 ratione
1292 3510 1417 3541 habitus

1465 200 1760 236 ARTICULUS
1790 200 1841 235 IV

1469 282 1514 306 est
1537 277 1625 316 quod
1649 277 1766 306 habens
1789 277 1895 316 ipsum
1916 277 1955 308 sit
1977 278 2119 318 partibile
2141 278 2314 309 secundum
2340 278 2455 314 locum,
2469 287 2525 317 po-

1469 321 1598 349 tentiam
1620 321 1669 350 vel
1691 321 1843 359 speciem:
1867 327 1905 356 et,
1930 328 1966 351 ut
1981 321 2160 361 Simplicius
2184 321 2328 361 superius
2343 321 2361 340 *
2376 322 2526 360 allegatus

1469 363 1553 399 dixit,
1571 363 1697 393 scientia
1720 363 1902 403 imperfecta
1925 374 1942 393 a
1966 364 2092 395 scientia
2115 365 2252 405 perfecta
2276 365 2375 395 differt
2397 365 2430 394 in
2454 365 2524 400 hoc,

1468 407 1556 446 quod
1578 407 1631 436 illa
1654 413 1700 436 est
1723 407 1865 437 habentis
1888 414 1990 447 partes
2009 408 2042 438 in
2065 409 2216 447 potentia,
2233 409 2291 438 ista
2316 415 2361 438 est
2384 408 2525 438 habentis

1467 456 1570 489 partes
1599 451 1774 480 secundum
1798 450 1944 490 speciem.
1970 452 2016 481 Ex
2039 452 2087 482 his
2117 459 2223 482 autem
2247 452 2307 482 hoc
2338 452 2445 482 solum
2467 461 2525 491 pro

1468 503 1553 523 nunc
1577 494 1726 533 accipito,
1751 494 1839 534 quod
1862 494 1989 525 habitus
2019 495 2164 526 scientiae
2192 502 2393 535 comparatur
2416 495 2455 525 ad
2478 495 2525 525 di-

1467 547 1556 567 versa
1579 537 1656 567 scire
1680 537 1872 567 diversarum
1896 538 2139 569 conclusionum
2163 546 2199 569 ut
2221 539 2261 568 ad
2284 545 2396 579 partes,
2413 538 2445 568 in
2468 548 2525 578 po-

1468 580 1564 610 tentia
1582 580 1712 620 quidem
1728 581 1857 620 quando
1873 588 1919 611 est
1934 581 2145 621 imperfectus,
2162 583 2195 612 in
2219 589 2289 612 actu
2305 592 2380 612 vero
2395 582 2525 622 quando

1468 631 1514 654 est
1535 623 1700 663 perfectus.
1725 625 1821 661 Quod
1846 631 1881 655 ut
1903 625 2028 664 plenius
2051 626 2222 665 intelligas,
2251 626 2353 665 cogita
2378 626 2466 665 quod
2489 625 2522 655 in

1466 668 1626 698 intellectu
1654 667 1686 697 in
1710 678 1776 708 quo
1807 667 1907 698 oritur
1928 669 2116 708 geometria,
2141 676 2187 700 est
2209 669 2350 710 potentia
2379 669 2419 699 ad
2449 668 2525 699 scire

1467 711 1603 751 primam
1627 711 1874 748 conclusionem,
1891 719 1921 742 et
1945 713 2086 752 potentia
2115 713 2154 743 ad
2178 713 2255 743 scire
2283 713 2470 748 secundam,
2495 719 2526 742 et

1467 755 1609 795 potentia
1632 755 1671 784 ad
1696 755 1772 785 scire
1795 755 1928 791 tertiam,
1945 762 1976 786 et
1998 756 2041 786 sic
2065 757 2103 786 de
2125 757 2210 787 aliis:
2235 763 2265 787 et
2288 757 2376 797 quod
2400 756 2524 786 habitus

1467 799 1612 829 scientiae
1635 799 1788 838 incipiens
1818 798 1939 838 perficit
1961 799 2155 829 intellectum
2186 801 2360 831 secundum
2389 800 2524 841 primam

1467 842 1658 882 potentiam;
1675 843 1787 873 deinde
1803 853 1858 882 per
1873 843 2044 873 secundam
2061 843 2364 874 demonstrationem
2387 843 2524 874 extendi-

1467 894 1517 917 tur
1530 887 1568 916 ad
1583 885 1809 926 perficiendum
1824 887 2019 917 intellectum
2035 887 2211 917 secundum
2230 888 2400 918 secundam
2412 894 2524 927 poten-

1466 930 1558 966 tiam;
1576 936 1607 960 et
1629 940 1684 970 per
1699 930 1823 960 tertiam
1843 930 2019 960 extenditur
2041 931 2080 960 ad
2101 929 2329 970 perficiendum
2349 932 2524 962 secundum

1466 974 1599 1009 tertiam,
1613 981 1644 1003 et
1659 974 1703 1003 sic
1719 973 1876 1013 deinceps.
1890 991 1911 996 -
1923 974 1989 1003 Nec
2001 973 2093 1004 refert
2107 974 2132 1003 si
2149 984 2261 1004 omnes
2274 974 2352 1005 istae
2365 974 2524 1014 potentiae

1467 1023 1540 1047 sunt
1559 1017 1677 1047 multae
1700 1017 1844 1056 partiales
1868 1017 2037 1057 potentiae,
2063 1024 2117 1047 aut
2132 1017 2194 1047 sint
2217 1027 2291 1048 una.
2316 1018 2480 1055 Quoniam
2498 1019 2524 1048 si

1466 1067 1605 1099 ponatur
1618 1070 1683 1090 una
1698 1061 1765 1090 sola
1788 1061 1929 1100 potentia
1945 1061 1985 1090 ad
2000 1061 2077 1091 scire
2101 1061 2248 1091 omnium
2268 1062 2522 1098 conclusionum,

1466 1104 1517 1134 illa
1535 1104 1685 1144 potentia,
1703 1114 1766 1134 una
1785 1104 1958 1134 formaliter
1973 1111 2004 1134 et
2019 1105 2137 1135 multae
2157 1105 2399 1145 aequivalenter,
2420 1105 2524 1135 eidem

1466 1147 1586 1178 habitui
1610 1147 1773 1178 subiicitur
1796 1147 1959 1187 paulatim,
1984 1158 2019 1178 ac
2043 1148 2068 1178 si
2087 1155 2190 1178 essent
2213 1149 2330 1179 multae
2353 1148 2522 1189 potentiae,

1466 1191 1582 1231 quibus
1599 1191 1784 1232 aequivalet.
1808 1191 1841 1222 Si
1856 1201 1931 1221 vero
1950 1198 2111 1231 ponantur
2134 1192 2252 1229 multae
2271 1191 2425 1231 partiales,
2448 1198 2525 1223 tunc

1465 1235 1590 1266 habitus
1614 1235 1759 1266 scientiae
1782 1235 1908 1265 habebit
1931 1245 1990 1275 pro
2010 1235 2150 1275 partibus
2174 1236 2306 1266 subiecti
2329 1245 2395 1266 non
2417 1236 2525 1266 solum

1465 1286 1552 1309 actus
1565 1279 1684 1309 multos
1709 1279 1836 1315 sciendi,
1862 1279 1916 1309 sed
1935 1279 2092 1319 potentias
2108 1280 2147 1309 ad
2164 1279 2244 1311 illos.
2269 1279 2525 1317 Quomodolibet

1465 1333 1539 1363 ergo
1555 1329 1702 1363 ponatur,
1722 1323 1922 1353 referendum
1938 1330 1984 1353 est
1999 1323 2038 1353 ad
2052 1323 2178 1354 habitus
2194 1323 2341 1354 scientiae
2360 1333 2523 1364 compara-

1464 1373 1513 1397 tae
1544 1367 1584 1397 ad
1611 1367 1688 1397 scire
1717 1366 1909 1397 diversarum
1934 1367 2193 1403 conclusionum,
2226 1374 2256 1397 et
2279 1367 2436 1407 potentias
2459 1367 2524 1398 sive

1465 1411 1623 1441 distinctas
1639 1411 1704 1440 sive
1718 1420 1784 1440 non
1800 1411 1839 1440 ad
1854 1410 1907 1440 illa
1919 1410 2007 1447 scire,
2025 1418 2060 1441 ut
2079 1411 2118 1440 ad
2130 1417 2233 1451 partes
2245 1411 2388 1441 habentis
2405 1411 2523 1451 ipsum.

1516 1455 1557 1485 Et
1587 1464 1624 1484 ex
1651 1454 1713 1484 hoc
1739 1454 1955 1485 manifestatur
1982 1461 2191 1494 augmentum
2219 1454 2365 1485 scientiae
2393 1455 2524 1485 extensi-

1462 1508 1550 1534 vum,
1574 1498 1664 1539 quod
1685 1500 1807 1529 Auctor
1829 1505 1921 1529 vocat
1937 1508 2000 1538 per
2022 1498 2213 1529 additionem
2235 1498 2262 1528 *.
2283 1499 2330 1528 Ex
2352 1498 2415 1529 hoc
2437 1499 2523 1529 enim

1462 1542 1551 1582 quod
1573 1542 1763 1578 inteuectus,
1788 1549 1824 1572 ut
1847 1548 1893 1572 est
1915 1542 1948 1571 in
1971 1542 2113 1581 potentia
2135 1542 2175 1571 ad
2197 1542 2370 1572 secundam
2393 1543 2522 1573 conclu—

1462 1586 1596 1621 sionem,
1610 1595 1675 1616 non
1688 1592 1828 1615 remanet
1840 1585 2069 1621 interminatus,
2081 1585 2136 1615 sed
2146 1585 2309 1615 subiicitur
2322 1585 2367 1615 illi
2378 1585 2522 1625 qualitati

1462 1629 1597 1669 simplici
1624 1629 1801 1668 respicienti
1824 1629 1986 1659 obiectum
2009 1629 2168 1668 primum;
2194 1628 2369 1658 extenditur
2397 1629 2523 1660 habitus

1462 1674 1502 1703 ad
1525 1673 1751 1712 occupandum
1777 1682 1844 1702 non
1873 1679 1996 1711 partem
2017 1672 2097 1708 loci,
2122 1673 2177 1702 sed
2201 1678 2323 1711 partem
2353 1673 2521 1712 potentiae,

1463 1726 1560 1757 quam
1583 1717 1672 1756 prius
1695 1726 1761 1745 non
1789 1716 1944 1746 actuabat.
1960 1733 1979 1738 -
1995 1716 2035 1746 Et
2058 1716 2120 1746 hoc
2150 1716 2230 1757 bene
2253 1722 2345 1746 nota:
2369 1717 2523 1757 quoniam

1463 1770 1500 1790 ex
1522 1760 1570 1790 his
1594 1760 1755 1790 solventur
1778 1759 1910 1789 obiecta.
1927 1777 1947 1782 -
1964 1759 2036 1789 Hoc
2059 1760 2098 1789 de
2121 1760 2271 1790 secundo.

1519 1803 1571 1834 IX.
1585 1803 1701 1840 Quoad
1715 1802 1844 1833 tertium
1855 1802 1882 1839 *,
1900 1803 1977 1833 scito
1994 1803 2083 1843 quod
2102 1803 2228 1834 habitus
2242 1803 2430 1834 scientificus
2445 1814 2522 1845 qua-

1463 1854 1537 1878 tuor
1559 1847 1759 1877 habitudines
1788 1847 1883 1877 habet
1905 1847 1946 1876 ad
1968 1846 2086 1887 species
2109 1846 2320 1887 intelligibiles
2343 1848 2521 1878 ordinatas:

1463 1891 1567 1931 prima
1581 1897 1627 1921 est
1642 1890 1769 1921 effectus
1786 1891 1826 1920 ad
1842 1899 1984 1926 causam;
2009 1891 2155 1927 secunda,
2173 1901 2284 1921 causae
2301 1891 2341 1921 ad
2355 1890 2518 1928 effectum;

1464 1935 1563 1970 tertia,
1581 1934 1807 1974 complementi
1822 1935 1861 1964 ad
1877 1934 2130 1971 inchoationem;
2151 1941 2270 1974 quarta,
2285 1935 2383 1966 totius
2400 1936 2440 1965 ad
2454 1945 2523 1976 par-

1464 1985 1510 2009 tes
1534 1988 1600 2008 non
1623 1978 1811 2014 essentiales,
1836 1988 1893 2008 nec
1915 1978 2090 2018 integrales,
2114 1979 2170 2008 sed
2185 1978 2381 2018 potentiales.
2401 1978 2444 2010 Et
2464 1988 2524 2020 pro

1465 2022 1718 2053 manifestatione
1745 2022 1920 2061 primarum
1950 2021 2104 2058 duarum,
2129 2022 2264 2052 recolere
2287 2029 2415 2062 oportet
2435 2023 2524 2065 quod

1465 2067 1546 2097 sicut
1559 2066 1593 2096 in
1607 2065 1744 2108 scientia.b
1750 2073 1797 2096 est
1812 2066 1929 2106 duplex
1941 2066 2020 2096 ordo
2029 2074 2035 2095 :
2044 2083 2065 2089 —
2075 2065 2198 2105 primus
2213 2073 2260 2096 est
2275 2066 2534 2106 partium-unius>

1466 2117 1497 2141 et
1519 2110 1662 2140 eiusdem
1685 2109 1973 2146 demonstrationis,
1990 2109 2147 2140 secundus
2171 2110 2365 2140 diversarum
2388 2110 2533 2141 demon-'

1466 2153 1654 2185 strutionum
1669 2153 1750 2184 inter
1765 2163 1797 2184 se
1807 2162 1814 2189 ;
1825 2171 1846 2177 —
1861 2153 1904 2184 ita
1919 2160 1966 2183 est
1989 2154 2106 2194 duplex
2121 2153 2265 2190 collectio
2289 2153 2431 2185 ordinata
2453 2164 2524 2195 spe-

1467 2198 1586 2228 cierum
1597 2197 1853 2236 intelligibilium.
1866 2197 1972 2227 Prima
1983 2204 2030 2228 est
2042 2197 2219 2237 specierum
2231 2197 2415 2228 facientium
2426 2207 2525 2229 unam

1467 2241 1787 2272 demonstrationem:
1805 2242 1942 2271 secunda
1958 2248 2004 2272 est
2020 2240 2197 2281 specierum
2210 2241 2393 2272 facientium
2406 2240 2523 2273 -s'ecunss

1466 2285 1542 2315 dam
1565 2284 1868 2315 demonstrationem
1892 2294 1966 2315 cum
1990 2285 2154 2324 speciebus
2169 2284 2355 2316 facientibus
2377 2285 2533 2325 primam,

1467 2335 1498 2359 et
1520 2328 1564 2359 sic
1587 2328 1745 2368 deinceps.
1766 2328 1872 2358 Prima
1895 2328 2039 2358 collectio
2063 2334 2110 2358 est
2132 2337 2226 2358 causa
2247 2328 2373 2359 habitus
2400 2329 2524 2359 scienti-

1467 2371 1534 2403 fici:
1558 2372 1634 2412 quia
1649 2378 1696 2402 est
1718 2381 1812 2402 causa
1834 2371 1933 2411 ipsius
1957 2371 2086 2402 actualis
2109 2371 2196 2408 scire,
2218 2372 2307 2412 quod
2329 2379 2377 2402 est
2398 2372 2525 2404 effectus

1468 2415 1754 2451 demonstrationis,
1771 2415 1861 2456 quod
1884 2422 1931 2446 est
1954 2425 2047 2446 causa
2069 2415 2169 2455 ipsius
2198 2414 2324 2446 habitus
2346 2415 2523 2452 scientifici;

1467 2459 1592 2490 habitus
1620 2459 1706 2489 enim
1729 2459 1846 2490 sciendi
1869 2469 1906 2489 ex
1929 2466 2000 2490 actu
2033 2459 2149 2489 sciendi
2179 2465 2358 2498 generatur..
2376 2459 2418 2490 Et
2445 2459 2525 2491 scito

1468 2503 1557 2543 quod
1581 2512 1647 2532 non
1677 2503 1783 2533 solum
1807 2502 1951 2533 collectio
1981 2502 2158 2543 specierum
2180 2512 2239 2542 pro
2268 2502 2370 2543 prima
2392 2503 2525 2534 demon-

1469 2546 1618 2577 stratione
1641 2553 1688 2576 est
1718 2556 1812 2577 causa
1842 2545 2002 2577 scientifici
2025 2546 2166 2581 habitus,
2189 2546 2245 2576 sed
2267 2545 2408 2586 singulae
2431 2547 2526 2578 coue-

1469 2590 1588 2621 ctiones
1611 2599 1670 2629 pro
1693 2589 1824 2630 singulis
1847 2589 2086 2635 succedentibus
2109 2584 2430 2620 demonstrationibus
2453 2597 2528 2622 sunt

1469 2643 1581 2664 causae
1604 2633 1703 2673 ipsius
1725 2633 1861 2669 habitus,
1875 2633 2085 2664 diversimode
2108 2636 2241 2664 t'ament‘
2254 2633 2330 2674 quia
2356 2634 2458 2674 prima
2481 2635 2536 2666 θεῖ’

1469 2688 1563 2708 causa
1577 2677 1763 2717 generativa,
1781 2677 1859 2708 aliae
1874 2687 1949 2708 vero
1967 2683 2041 2708 sunt
2056 2686 2167 2708 causae
2183 2677 2435 2716 augmentativae
2450 2687 2526 2719 aug-

1469 2728 1578 2752 mento
1602 2721 1775 2757 extensivo;
1800 2721 1881 2751 sicut
1903 2721 2005 2760 prima
2024 2721 2252 2752 demonstratio
2275 2720 2349 2752 facit
2372 2721 2526 2759 habitum,

1469 2766 1695 2806 subsequentes
1711 2771 1818 2795 autem
1834 2765 2006 2796 extendunt
2027 2765 2129 2796 illum.
2145 2782 2167 2788 -
2187 2764 2332 2795 Secunda
2344 2772 2452 2796 autem
2467 2766 2530 2796 col-

1469 2809 1572 2845 lectio,
1589 2809 1697 2849 quoad
1716 2808 1870 2840 unitatem
1893 2808 2022 2845 ordinis,
2046 2815 2093 2839 est
2115 2807 2242 2839 effectus
2264 2808 2363 2848 ipsius
2385 2809 2526 2840 habitus:

1470 2853 1545 2893 quia
1568 2852 1759 2889 intellectus,
1785 2853 1899 2892 adepto
1922 2852 1986 2883 iam
2009 2852 2136 2889 habitu,
2159 2859 2190 2883 et
2213 2852 2437 2884 determinatus
2464 2853 2529 2884 iam

1470 2897 1510 2927 ad
1533 2896 1694 2927 obiectum
1725 2895 1832 2927 scibile
1855 2896 1932 2933 tale,
1959 2895 2091 2927 efficitur
2113 2902 2226 2936 potens
2250 2896 2290 2926 ad
2314 2896 2528 2928 ordinandum

1470 2940 1544 2970 alias
1568 2940 1686 2980 species
1701 2941 1742 2970 ad
1764 2940 1951 2980 acquisitam
1973 2940 2130 2972 rationem
2151 2939 2220 2971 talis
2243 2939 2368 2971 obiecti.
2385 2941 2426 2971 Et
2448 2940 2538 2972 sicut*

1469 2984 1571 3024 prima
1595 2984 1821 3015 demonstratio
1844 2984 1878 3014 in
1901 2983 2029 3015 scientia
2053 2994 2116 3014 una
2134 2990 2181 3015 est
2202 2983 2395 3024 principium
2417 2994 2537 3016 secun-v

1470 3029 1541 3064 dae;
1563 3028 1616 3064 ita,
1636 3028 1924 3068 proportionaliter,
1945 3028 2071 3059 habitus
2090 3027 2261 3068 acquisitus
2277 3027 2379 3068 prima
2397 3028 2528 3059 demon-

1470 3071 1620 3102 stratione
1642 3072 1770 3103 inchoat
1793 3071 1869 3102 scire
1893 3072 2013 3103 actuale
2032 3071 2188 3103 secundae
2211 3071 2434 3108 conclusionis,
2450 3073 2539 3104 adu«.-

1470 3116 1574 3146 vando
1599 3116 1638 3146 ad
1657 3116 1863 3146 adunandum
1886 3122 1917 3146 et
1939 3115 2152 3146 ordinandum
2170 3115 2289 3155 species
2309 3125 2368 3156 pro
2391 3116 2531 3149 secundas

1471 3159 1750 3196 demonstratione,
1767 3166 1799 3190 et
1821 3159 1864 3190 sic
1887 3159 2045 3199 deinceps.
2069 3159 2110 3190 Et
2132 3159 2211 3196 hoc,
2231 3166 2267 3190 ut
2289 3159 2410 3190 dictum
2432 3159 2526 3197 est&

1471 3203 1545 3244 quia
1569 3213 1624 3244 per
1647 3213 1679 3234 se
1702 3203 1807 3243 primo
1830 3203 1956 3243 respicit
1978 3203 2110 3234 formale
2134 3203 2306 3234 obiectum.
2358 3212 2361 3214 ’

1525 3247 1633 3278 Tertia
1648 3254 1756 3278 autem
1771 3247 1924 3278 habitudo
1941 3253 2026 3287 patet
2041 3257 2078 3277 ex
2100 3257 2139 3277 eo
2155 3247 2254 3287 quod,
2272 3257 2347 3278 cum
2367 3247 2528 3285 obiectum

1472 3291 1638 3331 proprium
1660 3291 1785 3322 habitus
1813 3290 1853 3322 sit
1878 3290 1973 3321 etiam
2001 3291 2178 3327 obiectum,
2202 3291 2275 3322 licet
2296 3290 2441 3331 partiale,
2468 3300 2526 3330 po-

1470 3335 1601 3372 tentiae;
1626 3335 1747 3371 scibile,
1772 3341 1850 3375 puta
1873 3334 1976 3365 unitas
2000 3334 2064 3365 sive
2087 3344 2239 3366 numerus
2261 3335 2294 3365 in
2317 3333 2527 3370 arithmetica,

1471 3379 1618 3410 obiicitur
1632 3379 1729 3419 prius,
1750 3378 1860 3409 ordine
1880 3378 2100 3418 generationis,
2124 3378 2297 3410 intellectui
2316 3378 2452 3418 primam
2475 3378 2527 3408 de-

1471 3423 1735 3454 monstrationem
1747 3422 1896 3454 formanti
1913 3432 1969 3462 per
1980 3422 2138 3454 ordinatas
2153 3422 2237 3453 illius
2253 3421 2528 3452 demonstrationis

1472 3466 1600 3507 species,
1617 3477 1715 3508 quam
1737 3466 1858 3497 habitui
1881 3466 1935 3507 qui
1958 3466 2145 3507 relinquitur
2159 3465 2197 3496 in*
2211 3465 2369 3499 intellectu
2393 3475 2430 3495 ex
2452 3465 2529 3496 scire

1473 3510 1555 3541 facto
1592 3520 1648 3550 per
1676 3510 1987 3541 demonstrationem.
2021 3510 2083 3541 Sed
2112 3509 2254 3551 potentia
2283 3508 2458 3540 intellectus
2489 3509 2528 3539 ad

2553 326 2563 337 ⁶
2578 324 2635 347 Ibid.

2551 1505 2561 1514 ‘
2575 1504 2612 1526 ef.
2627 1509 2690 1526 num.
2705 1509 2741 1526 m.

2550 1810 2559 1819 '¹
2575 1808 2613 1831 Cf.
2627 1813 2693 1831 num.
2706 1814 2729 1830 v.

2556 3165 2566 3175 '¹
2578 3164 2648 3188 Num.
2663 3170 2703 3186 vn.
