2852 4152
110 867 170 900 πόει.

1005 303 1269 349 QUAESTIO
1297 304 1403 350 XIX,
1432 303 1727 340 ARTICULUS
1757 304 1770 339 Ι

2413 312 2478 346 141

916 474 1328 551 QUAESTIO
1365 474 1896 531 DECIMANONA

475 592 559 632 DE
591 591 900 632 BONITATE
933 594 1011 633 ET
1043 595 1297 634 MALITIA
1331 594 1531 635 ACTUS
1563 593 1905 635 INTERIORIS
1938 593 2328 635 VOLUNTATIS

1128 700 1162 725 IN
1191 700 1310 725 DECEM
1337 700 1537 726 ARTICULOS
1563 701 1679 726 DIVlSA

323 803 512 886 DEmDE
549 791 867 829 considerandum
902 799 956 829 est
993 793 1040 830 de
1072 793 1239 830 bonitate
1272 800 1376 830 actus

230 856 284 872 ”¹¹¹
405 843 589 882 interioris
616 844 820 881 voluntatis
847 844 878 882 ²¹².

321 899 371 936 Et
398 898 497 935 circa
523 897 598 934 hoc
625 905 859 945 quaeruntur
885 898 1031 935 decern.

374 950 523 1039 Ptingo:
551 957 678 986 utrum
697 950 844 987 bonitas
866 951 1070 988 voluntatis
1099 951 1313 999 dependeat
1331 963 1376 987 ex

428 1015 451 1039 o
481 1010 590 1040 1ecto.

346 1102 350 1104 4
376 1056 576 1093 Secundo:
604 1063 733 1093 utrum
761 1068 807 1093 ex
834 1057 916 1093 solo
946 1055 1095 1093 obiecto
1125 1056 1349 1105 dependeat.

375 1108 524 1147 Tertio:
553 1116 681 1146 utrum
710 1109 924 1158 dependeat
951 1121 997 1146 ex
1024 1109 1181 1146 ratione.

376 1162 545 1208 Quarto:
574 1169 701 1199 utrum
730 1162 943 1211 dependeat
972 1174 1017 1199 ex
1044 1163 1125 1210 lege
1154 1170 1318 1200 aeterna.

376 1215 539 1262 Quinto:
567 1222 695 1252 utrum
723 1215 817 1252 ratio
847 1227 974 1251 errans
1002 1215 1151 1262 obliget.

377 1268 512 1305 Sexto:
541 1275 668 1305 utrum
695 1269 871 1304 voluntas
905 1275 1034 1304 contra
1066 1268 1188 1315 legem
1217 1267 1288 1303 Dei
1322 1279 1378 1304 se-

429 1332 549 1370 quens
577 1320 763 1358 rationem
793 1327 990 1367 errantem,
1011 1319 1057 1356 sit
1084 1320 1196 1356 mala.

1485 794 1678 842 Septimo:
1706 801 1833 830 utrum
1852 794 1998 831 bonitas
2017 794 2218 831 voluntatis
2242 795 2281 831 in
2299 794 2356 832 his
2385 807 2483 843 quae

1537 854 1624 935 {unt
1661 846 1709 883 ad
1749 847 1893 894 finem,
1937 847 2150 896 dependeat
2191 860 2236 884 ex
2277 847 2482 885 intentione

1567 911 1634 935 ms.

1485 952 1652 988 Octavo:
1681 959 1807 988 utrum
1827 952 2013 1001 quantitas
2037 952 2212 990 bonitatis
2235 953 2297 990 vel
2321 952 2484 990 malitiae

1536 1004 1575 1041 in
1598 1005 1804 1052 voluntate,
1825 1013 2003 1053 sequatur
2027 1005 2274 1054 quantitatem
2302 1005 2395 1042 boni
2422 1007 2485 1043 vel

1536 1057 1625 1094 mali
1652 1057 1691 1093 in
1719 1057 1936 1095 intentione.

1485 1110 1621 1147 Nono:
1649 1117 1777 1146 utrum
1806 1111 1953 1147 bonitas
1977 1110 2179 1148 voluntatis
2208 1111 2421 1159 dependeat
2440 1123 2485 1148 ex

1537 1162 1799 1200 conformitate
1828 1163 1876 1200 ad
1904 1163 2138 1200 voluntatem
2168 1162 2346 1201 divinam.

1485 1216 1664 1252 Decimo:
1693 1223 1821 1252 utrum
1841 1228 1995 1252 necesse
2024 1216 2070 1252 sit
2087 1217 2322 1253 voluntatem
2349 1217 2483 1254 huma-

1538 1280 1627 1305 nam
1656 1269 1885 1306 conformari
1910 1268 2059 1305 divinae
2078 1269 2263 1309 voluntati
2290 1269 2328 1308 in
2354 1270 2484 1317 volito,

1539 1322 1587 1359 ad
1615 1322 1689 1358 hoc
1716 1321 1821 1371 quod
1849 1321 1895 1358 sit
1922 1322 2035 1359 bona.

353 1457 356 1458 γ
375 1454 379 1455 ⁷
409 1448 445 1452 ι
1134 1427 1346 1468 ARTICU
1353 1427 1450 1469 LUS
1481 1428 1685 1471 PRIMUS

783 1522 938 1552 UTRUM
961 1520 1146 1552 BONITAS
1169 1519 1446 1550 VOLUNTATIS
1469 1520 1729 1552 DEPENDEAT
1752 1523 1809 1552 EX
1832 1523 2021 1555 OBIECTO

409 1633 419 1657 ᾗ,
459 1624 557 1660 s2<vD
586 1623 723 1648 PRIMUM
751 1622 804 1647 sic
831 1620 1070 1646 PROCEDITUR.
1094 1607 1253 1645 Videtur
1278 1607 1382 1657 quod

352 1648 379 1719 f:
443 1655 686 1727 {bonitas
723 1662 928 1700 voluntatis
963 1674 1041 1698 non
1086 1660 1299 1709 dependeat
1337 1672 1381 1696 ex

344 1749 363 1765 ,ἵ
477 1726 503 1761 Υ,
538 1717 700 1754 obiecto.
719 1717 904 1753 Voluntas
929 1714 1031 1751 enim
1051 1726 1129 1751 non
1156 1719 1281 1762 potest
1300 1724 1382 1749 esse

348 1766 355 1774 .
382 1767 449 1799 9'1'25
458 1784 469 1805 τ’
493 1765 608 1808 nisi
635 1770 746 1808 boni:
777 1769 864 1818 quia
892 1769 1037 1805 malum
1062 1775 1117 1804 est
1138 1771 1293 1815 praeter
1318 1777 1383 1803 νο-

88 1833 298 1857 ·3-Τδ-1οα·““-
324 1811 516 1872 luntaiem,
527 1833 569 1862 ut
578 1823 784 1872 Dionysius
805 1821 904 1868 dicit,
920 1833 955 1858 1v
975 1833 1056 1869 cap.
1073 1821 1118 1858 de
1131 1820 1218 1856 Div.
1234 1818 1383 1856 Nom*

325 1879 368 1917 Si
386 1879 495 1927 igitur
513 1877 661 1915 bonitas
679 1875 884 1914 voluntatis
903 1874 1130 1911 iudicaretur
1148 1885 1194 1909 ex
1218 1871 1380 1918 obiecto,

326 1939 548 1983 sequeretur
576 1929 680 1980 quod
709 1928 832 1966 omnis
863 1928 1040 1964 voluntas
1069 1933 1167 1963 esset
1195 1926 1316 1971 bona,
1347 1932 1383 1961 et

325 1986 428 2027 nulla
457 1992 555 2023 esset
582 1983 683 2022 mala
711 1988 740 2019 α.

382 2050 417 2077 2.
437 2039 680 2083 PRAETEREA,
709 2036 856 2072 bonum
893 2045 961 2081 per
987 2032 1091 2081 prius
1127 2030 1316 2068 invenitur
1342 2029 1382 2066 in

324 2092 427 2130 fine:
455 2091 558 2129 unde
585 2089 734 2127 bonitas
761 2087 867 2133 finis,
896 2087 1120 2134 inquantum
1148 2082 1381 2131 huiusmodi,

328 2155 407 2182 non
435 2143 626 2194 dependet
649 2142 696 2178 ab
717 2140 841 2189 aliquo
861 2139 947 2176 alio.
969 2138 1046 2175 Sed
1067 2137 1276 2175 secundum
1295 2135 1383 2172 Phi-

290 2217 300 2222 ·
328 2198 550 2247 losophum,
580 2196 620 2233 in
645 2195 697 2231 VI
725 2193 844 2230 Ethic.
873 2191 912 2238 ²¹⁸,
943 2192 1041 2228 hona
1074 2191 1170 2228 actio
1198 2195 1252 2226 est
1269 2189 1382 2237 finis,

329 2251 413 2290 licet
437 2250 560 2300 factio
597 2259 791 2296 nunquam
826 2245 874 2282 sit
897 2245 1013 2293 finis:
1046 2244 1240 2281 ordinatur
1282 2242 1382 2278 enim

329 2316 493 2353 semper,
513 2303 608 2340 sicut
636 2301 684 2339 ad
711 2300 842 2345 finem,
863 2297 911 2334 ad
935 2297 1077 2346 aliquid
1105 2297 1256 2333 factum.
1282 2295 1383 2342 Ergo

328 2357 478 2395 bonitas
507 2363 611 2393 actus
638 2352 840 2391 voluntatis
868 2363 946 2387 non
971 2349 1160 2398 dependet
1188 2361 1233 2385 ex
1260 2347 1385 2396 aliquo

329 2408 492 2447 obiecto.

384 2464 420 2500 3.
439 2463 674 2506 PRAETEREA,
693 2456 999 2505 unumquodque
1020 2455 1131 2503 quale
1157 2461 1223 2501 est,
1244 2453 1316 2489 tale
1336 2453 1387 2489 al-

329 2524 454 2554 terum
483 2513 580 2552 facit.
603 2512 681 2550 Sed
708 2511 900 2548 obiectum
925 2507 1128 2546 voluntatis
1158 2514 1212 2543 est
1239 2507 1407 2542 bonum‘

328 2570 498 2607 bonitate
526 2575 694 2604 naturae.
715 2566 808 2602 Non
837 2575 926 2611 ergo
949 2569 1074 2610 potest
1100 2568 1292 2609 praestare
1319 2571 1388 2596 vo-

329 2622 461 2660 luntati
487 2620 696 2658 bonitatem
716 2618 915 2654 moralem.
937 2613 1092 2651 Moralis
1122 2626 1210 2661 ergo
1240 2612 1388 2649 bonitas

329 2674 534 2712 voluntatis
561 2685 640 2709 non
669 2670 859 2719 dependet
887 2681 931 2705 ex
961 2667 1122 2704 obiecto.

387 2729 461 2764 SED
490 2737 636 2763 CONTRA
662 2735 728 2760 EST
756 2722 860 2770 quod
888 2720 1143 2767 Philosophus
1172 2717 1271 2764 dicit,
1297 2717 1334 2753 in
1354 2718 1389 2754 V

275 2795 306 2806 ··
331 2780 452 2817 Ethic.
470 2779 502 2825 *,
523 2778 629 2826 quod
648 2775 784 2813 iustitia
811 2782 866 2811 est
894 2772 1104 2810 secundum
1133 2783 1248 2820 quarn
1277 2770 1389 2818 aliqui

332 2833 466 2870 volunt
493 2832 606 2867 iusta:
637 2837 673 2865 et
693 2828 829 2865 eadem
848 2826 1006 2873 ratione,
1026 2825 1144 2862 virtus
1174 2832 1229 2860 est
1257 2835 1389 2860 secun-

1490 1609 1714 1645 RESPONDEO
1743 1621 1926 1647 DICENDUM
1964 1612 2067 1660 quod
2096 1613 2241 1650 bonum
2279 1621 2316 1650 et·
2342 1616 2486 1652 malum

1435 1669 1522 1697 sunt
1540 1673 1610 1710 per
1627 1674 1668 1698 se
1690 1662 1921 1700 differentiae
1942 1672 2045 1700 actus
2065 1666 2280 1703 voluntatis.
2298 1668 2400 1703 Nam
2420 1669 2487 1704 bo-

1436 1725 1528 1750 num
1556 1722 1593 1751 et
1620 1715 1764 1751 malum
1791 1728 1859 1763 per
1887 1728 1927 1752 se
1952 1716 2000 1759 ad
2027 1718 2262 1756 voluntatem
2285 1720 2486 1768 pertinent;

1435 1766 1531 1803 sicut
1557 1779 1691 1804 verum
1722 1775 1757 1804 et
1785 1768 1920 1804 falsum
1950 1769 1998 1806 ad
2027 1770 2222 1818 rationem,
2252 1772 2357 1809 cuius
2385 1781 2488 1811 actus

1435 1832 1504 1868 per
1532 1832 1572 1856 se
1601 1820 1835 1868 distinguitur
1863 1821 2072 1859 differentia
2090 1824 2171 1860 veri
2201 1832 2236 1861 et
2263 1825 2356 1872 falsi,
2376 1835 2489 1874 prout

1436 1872 1595 1909 dicimus
1623 1873 1843 1922 opinionem
1864 1886 1946 1911 esse
1973 1887 2106 1912 veram
2125 1877 2187 1913 vel
2214 1878 2357 1914 falsam.
2378 1878 2488 1916 Unde

1435 1926 1611 1962 voluntas
1639 1927 1741 1962 bona
1761 1934 1797 1963 et
1824 1928 1924 1963 mala
1952 1936 2038 1965 sunt
2063 1936 2167 1965 actus
2196 1930 2411 1968 differentes
2431 1945 2487 1969 se-

1437 1979 1607 2016 cundum
1643 1978 1821 2028 speciem.
1851 1979 2073 2018 Differentia
2111 1989 2243 2022 autem
2274 1984 2412 2032 speciei
2448 1985 2487 2022 in

1436 2031 1580 2068 actibus
1608 2038 1664 2068 est
1691 2032 1902 2069 secundum
1941 2033 2104 2081 obiecta,
2134 2042 2175 2071 ut
2204 2035 2344 2073 dictum
2373 2045 2428 2075 est
2454 2037 2485 2074 ²¹⁶.

1436 2085 1484 2121 Et
1511 2084 1597 2121 ideo
1627 2085 1772 2121 bonum
1806 2092 1842 2121 et
1869 2086 2012 2122 malum
2041 2085 2079 2122 in
2107 2087 2250 2124 actibus
2284 2089 2488 2127 voluntatis
2528 2082 2534 2088 ¹

1436 2137 1586 2186 proprie
1616 2137 1816 2173 attenditur
1844 2139 2055 2175 secundum
2083 2139 2241 2176 obiecta.

1489 2192 1548 2226 AD
1577 2202 1713 2226 PmMUM
1740 2201 1837 2227 ERGO
1866 2202 2048 2228 mcENDUM
2076 2193 2180 2240 quod
2206 2193 2382 2230 voluntas
2410 2206 2489 2231 non

1438 2254 1588 2291 semper
1617 2250 1672 2278 est
1697 2241 1779 2279 veri
1806 2242 1913 2290 boni,
1940 2244 2007 2280 sed
2035 2245 2264 2294 quandoque
2294 2253 2348 2282 est
2375 2258 2489 2295 appa-

1439 2295 1553 2333 rentis
1580 2295 1692 2341 boni,
1721 2296 1827 2342 quod
1855 2295 2010 2343 quidem
2038 2297 2153 2334 habet
2186 2297 2352 2346 aliquam
2380 2300 2491 2336 ratio-

1438 2361 1529 2385 nem
1549 2348 1652 2395 boni,
1672 2360 1751 2384 non
1777 2355 1905 2384 tamen
1932 2349 2147 2397 simpliciter
2167 2351 2424 2388 convenientis
2443 2353 2492 2388 ad

1440 2401 1711 2450 appetendum.
1732 2401 1782 2437 Et
1798 2408 1954 2449 propter
1971 2402 2046 2438 hoc
2071 2409 2175 2439 actus
2193 2404 2395 2440 voluntatis
2414 2417 2492 2441 non

1441 2462 1497 2491 est
1524 2455 1647 2490 bonus
1676 2465 1839 2503 semper,
1860 2455 1926 2491 sed
1954 2454 2155 2503 aliquando
2184 2454 2200 2485 β
2226 2457 2360 2493 malus.
2458 2493 2472 2504 ‚

1494 2509 1552 2544 AD
1581 2518 1770 2544 SECUNDUM
1798 2518 1980 2544 DICENDUM
2007 2508 2128 2556 quod,
2159 2509 2332 2556 quamvis
2360 2509 2493 2558 aliquis

1442 2568 1547 2597 actus
1566 2559 1685 2608 possit
1704 2572 1787 2596 esse
1810 2559 1964 2596 ultimus
1987 2560 2073 2597 finis
2091 2549 2257 2598 hominis
2283 2563 2493 2599 secundum

1443 2613 1607 2661 aliquem
1627 2613 1808 2659 modum,
1837 2625 1916 2649 non
1934 2620 2063 2649 tamen
2090 2613 2171 2650 talis
2193 2621 2296 2650 actus
2318 2621 2373 2650 est
2390 2622 2494 2651 actus

1442 2665 1645 2703 voluntatis
1675 2666 1706 2711 *,
1726 2673 1768 2701 ut
1794 2677 1908 2713 supra
1934 2665 1975 2686 *³¹²
2003 2665 2143 2702 dictum
2174 2673 2239 2702 est.

1495 2721 1554 2754 AD
1581 2729 1739 2754 TERTHJM
1767 2729 1949 2754 DlCENDUM
1978 2718 2082 2765 quod
2117 2718 2262 2754 bonum
2290 2731 2358 2767 per
2385 2718 2495 2755 ratio-
2522 2728 2535 2743 ²
2565 2702 2595 2743 ²¹¹
2619 2702 2626 2717 ¹
2650 2702 2663 2716 ⁸

1444 2783 1532 2807 nem
1552 2777 1852 2818 repraesentatur
1869 2770 2053 2807 voluntati
2080 2778 2122 2807 ut
2145 2771 2353 2816 obiectum;
2384 2778 2420 2807 et
2441 2771 2495 2808 in-

1443 2830 1627 2872 quantum
1663 2823 1761 2859 cadit
1788 2823 1858 2871 sub
1892 2822 2023 2859 ordine
2057 2823 2226 2870 rationis,
2253 2824 2414 2872 pertinet
2447 2824 2496 2860 ad

335 2885 428 2922 dum
457 2896 572 2933 quam
593 2882 708 2930 aliqui
734 2881 870 2918 volunt
888 2880 1001 2916 bona.
1025 2879 1100 2915 Sed
1130 2878 1231 2914 bona
1253 2877 1389 2913 volun-
1444 2889 1561 2924 genus
1580 2876 1707 2922 moris,
1725 2883 1761 2911 et
1781 2883 1908 2912 causat
1921 2876 2128 2912 bonitatem
2150 2877 2334 2912 moralem
2357 2876 2395 2912 in
2411 2883 2496 2912 actu

332 2945 390 2975 tas
419 2945 474 2981 est
502 2949 598 2986 quae
620 2943 675 2972 est
702 2932 912 2970 secundum
940 2932 1130 2968 virtutem.
1152 2931 1253 2977 Ergo
1282 2929 1389 2965 boni-

333 2998 390 3028 tas
408 2989 610 3027 voluntatis
627 2994 682 3025 est
697 2999 742 3023 ex
756 2987 831 3023 hoc
856 2985 960 3034 quod
980 2984 1113 3032 aliquis
1131 2983 1212 3020 vult
1231 2983 1389 3019 bonum.

1444 2929 1660 2966 voluntatis.
1689 2927 1798 2965 Ratio
1834 2928 1934 2964 enim
1962 2928 2188 2976 principium
2227 2935 2282 2964 est
2307 2929 2496 2966 humano-

1446 2994 1531 3019 rum
1561 2989 1597 3018 et
1624 2981 1826 3017 moralium
1849 2989 2013 3028 actuum,
2034 2987 2075 3017 ut
2098 2992 2211 3029 supra
2229 2980 2249 3002 *
2269 2980 2410 3018 dictum
2429 2988 2495 3018 est.

388 3106 415 3138 α)
435 3108 503 3130 esset
521 3104 600 3128 mala.
618 3116 637 3122 -
654 3104 722 3127 esset
740 3101 810 3126 mala
824 3100 945 3124 voluntas
958 3098 988 3127 E.
1003 3098 1124 3123 voluntas
1141 3101 1208 3122 esset
1222 3098 1293 3122 mala
1306 3097 1391 3122 ceteri.
1416 3091 1420 3130 Ι

1499 3095 1524 3129 β)
1544 3102 1655 3127 semper,
1674 3095 1721 3119 sed
1738 3094 1890 3126 aliquando.
1908 3107 1927 3112 -
1944 3093 1991 3118 sed
2008 3093 2223 3124 ABCDEFGHL,
2241 3093 2288 3119 sed
2305 3093 2385 3118 etiam
2404 3093 2423 3119 1.

1006 3177 1337 3211 Commentaria
1359 3175 1609 3208 Cardinalis
1631 3173 1829 3206 Caietam

402 3272 473 3294 IRCA
494 3261 635 3303 primum
656 3258 824 3290 articulum
843 3257 1035 3298 quaestionis
1059 3256 1312 3291 decimaenonae,
1335 3255 1393 3285 du-

340 3274 493 3338 Cbium
514 3304 649 3336 occurrit
671 3304 710 3334 de
732 3303 786 3333 illa
808 3301 1043 3343 propositione:
1067 3301 1193 3330 Bonum
1220 3304 1251 3329 et
1273 3299 1392 3329 malum

337 3356 413 3383 sunt
420 3360 483 3391 per
497 3359 531 3381 se
549 3348 750 3389 differentiae
772 3352 863 3377 actus
879 3346 1062 3377 voluntatis:
1079 3346 1146 3375 Aut
1161 3343 1246 3374 enim
1261 3342 1395 3373 intendit

338 3395 512 3431 deactibus
527 3392 701 3424 voluntatis
714 3390 913 3431 simpliciter;
933 3396 987 3420 aut
1001 3389 1034 3419 in
1053 3398 1165 3428 genere
1181 3386 1288 3418 moris.
1305 3386 1337 3417 Si
1356 3386 1395 3417 de

338 3446 410 3471 actu
425 3437 594 3470 voluntatis
611 3435 802 3476 simpliciter,
822 3441 898 3466 tunc
921 3439 1102 3474 sequeretur
1125 3431 1213 3473 quod
1235 3440 1319 3462 unus
1335 3440 1394 3461 nu-

338 3494 428 3514 mero
445 3489 532 3514 actus
546 3479 717 3512 voluntatis
741 3477 983 3509 substantialiter
998 3483 1078 3507 esset
1093 3476 1125 3506 in
1142 3475 1264 3505 duabus
1280 3474 1397 3514 specie-

339 3529 399 3558 bus
423 3526 603 3567 disparatis:
628 3524 717 3565 quod
730 3533 796 3553 non
816 3529 861 3552 est
883 3520 1086 3561 intelligibile.
1103 3521 1189 3550 Patet
1212 3518 1339 3559 sequela
1357 3518 1395 3548 de

341 3581 498 3602 consensu
522 3570 554 3600 in
571 3568 759 3599 adulterium
773 3572 902 3607 propter
916 3565 1047 3596 furtum.
1060 3582 1081 3588 -
1098 3564 1130 3595 Si
1146 3564 1184 3594 de
1198 3570 1268 3593 actu
1284 3562 1396 3592 volun-

341 3615 411 3646 tatis
444 3621 480 3646 ut
507 3621 553 3645 est
575 3614 608 3644 in
630 3622 742 3653 genere
772 3610 888 3646 moris,
914 3619 987 3640 cum
1010 3619 1076 3639 esse
1099 3608 1132 3638 in
1163 3617 1274 3647 genere
1298 3605 1395 3636 moris

1447 3253 1566 3284 accidat
1586 3252 1756 3283 voluntatis
1779 3251 1912 3289 actibus,
1936 3251 2078 3293 sequitur
2102 3252 2191 3292 quod
2214 3261 2280 3282 non
2303 3251 2365 3282 sint
2388 3261 2499 3282 eorum

1447 3308 1503 3338 per
1525 3307 1558 3327 se
1581 3296 1770 3327 differentiae
1791 3296 1862 3326 illae
1884 3305 1966 3337 quae
1989 3303 2063 3327 sunt
2085 3296 2256 3327 moralium
2279 3305 2334 3336 per
2357 3305 2389 3326 se
2412 3294 2497 3325 diffe-

1448 3341 1573 3378 rentiae,
1594 3347 1630 3371 ut
1651 3341 1774 3371 bonum
1798 3346 1828 3370 et
1851 3340 1981 3371 malum.

1504 3386 1541 3416 II.
1561 3385 1611 3416 Ad
1633 3384 1695 3414 hoc
1717 3384 1830 3414 dicitur
1852 3384 1950 3424 quod,
1968 3394 2042 3415 cum
2064 3384 2187 3414 bonum
2208 3389 2239 3414 et
2261 3383 2397 3418 malum,
2423 3389 2458 3413 ut
2482 3392 2500 3412 a

1448 3441 1472 3460 s.
1490 3429 1618 3460 Thema
1639 3428 1672 3458 in
1691 3428 1796 3459 Prima
1818 3428 1918 3464 Parte,
1942 3438 1995 3469 qu.
2012 3438 2115 3464 vam,
2139 3433 2194 3458 art.
2224 3437 2250 3463 1,
2273 3427 2312 3456 ad
2337 3436 2366 3462 2,
2390 3425 2498 3456 didici-

1449 3483 1530 3510 mus,
1550 3473 1583 3503 in
1606 3471 1682 3502 solis
1706 3471 1879 3502 moralibus
1903 3471 2093 3510 constituant
2118 3470 2253 3511 species;
2277 3476 2307 3501 et
2334 3476 2422 3500 actus
2443 3479 2500 3500 vo-

1448 3516 1576 3547 luntatis
1607 3515 1788 3556 simpliciter
1810 3515 1872 3546 sint
1894 3515 1926 3546 in
1949 3525 2061 3555 genere
2084 3513 2287 3550 naturalium;
2313 3519 2439 3553 oportet
2454 3513 2500 3543 di-

1450 3571 1518 3591 cere
1537 3561 1624 3601 quod
1648 3561 1770 3590 bonum
1794 3567 1824 3591 et
1847 3559 1968 3590 malum
1993 3569 2058 3589 non
2082 3565 2155 3589 sunt
2177 3567 2233 3598 per
2255 3568 2287 3588 se
2311 3556 2499 3587 differentiae

1450 3611 1536 3635 actus
1559 3603 1743 3640 voluntatis;
1767 3603 1810 3634 ita
1833 3604 1920 3644 quod
1948 3610 2034 3634 actus
2065 3602 2235 3632 voluntatis
2258 3611 2323 3632 non
2356 3601 2500 3631 differunt

2515 2041 2524 2050 ·
2539 2039 2587 2067 Qu.
2599 2044 2667 2065 xvrn,
2682 2042 2727 2060 art.
