2852 4152
117 762 127 772 ⁸
145 761 181 783 Cf.
197 768 234 789 qu.
244 768 277 788 ιι,
293 762 330 783 In-

118 788 178 809 trod.

365 180 440 216 330

1071 185 1335 231 QUAEsrio
1366 186 1448 231 LII,
1478 185 1773 222 ART1CULUS
1803 187 1816 223 1

691 382 1099 457 QUAEsTro
1151 348 2209 458 QUINQUAGESIMASECUNDA

1038 509 1120 547 DE
1153 507 1497 548 AUGMENTO
1532 509 1856 550 HABITUUM

1184 617 1218 641 IN
1247 617 1337 642 TRES
1365 618 1567 643 ARTICULOS
1595 618 1711 643 DIVISA

442 725 548 750 EINDE
587 712 903 749 considerandum
937 720 991 748 est
1025 712 1071 749 de
1110 721 1315 760 augmento
1353 714 1419 750 ha-

443 766 587 803 bituum
607 766 637 802 *2

359 821 407 856 Et
436 820 531 855 circa
559 820 632 855 hoc
662 825 892 865 quaeruntur
920 817 1001 854 tria.

1527 713 1676 750 Primo:
1705 722 1834 751 utrum
1862 715 2012 752 habitus
2041 726 2258 765 augeantur.

1528 767 1728 803 Secundo:
1757 775 1886 804 utrum
1916 776 2123 816 augeantur
2143 778 2218 819 'per
2246 772 2491 809 additionem.

1525 819 1675 856 Tertio:
1704 827 1833 857 utrum
1862 820 2019 869 quilibet
2046 829 2151 859 actus
2179 831 2314 871 augeat
2346 825 2530 862 habitum.

1168 926 1380 968 ARTICU
1387 927 1485 969 LUS
1516 927 1720 969 PRIMUS

1071 1028 1244 1058 UTRUM
1273 1028 1486 1059 HABITUS
1513 1029 1821 1061 AUGEANTUR

817 1115 894 1146 Infra,
914 1123 958 1148 qu.
973 1123 1038 1146 1.xv1,
1058 1121 1104 1141 art.
1124 1123 1148 1146 13
1170 1116 1211 1141 De
1227 1115 1332 1146 Virtut„
1352 1124 1397 1149 qu.
1416 1124 1433 1147 ι,
1454 1122 1563 1149 art.=11;
1582 1125 1627 1149 qu.
1641 1126 1665 1148 v,
1685 1124 1733 1143 art.
1754 1117 1783 1148 3;
1801 1119 1824 1142 X
1846 1119 1941 1149 Ethn‘c„
1960 1119 2018 1144 lect.
2036 1127 2073 1144 111.

405 1246 412 1253 .
471 1230 510 1250 s
565 1216 587 1240 D
617 1215 752 1240 PRlMUM
781 1215 834 1240 SIC
863 1215 1102 1241 PROCEDlTUR.
1126 1204 1286 1241 Videtur
1310 1205 1415 1254 quod

393 1252 428 1276 ³¹
565 1256 714 1315 habitus
734 1256 862 1303 augeri
882 1269 960 1293 non
979 1257 1136 1305 possint.
1153 1258 1413 1317 Augmentum

389 1343 422 1389 ἡ*
461 1399 475 1409 -.
540 1362 604 1399 in
631 1362 666 1398 V
693 1362 840 1410 Physic.
871 1361 890 1383 ²¹²
916 1363 995 1399 Sed
1030 1362 1181 1400 habitus
1210 1375 1289 1400 non
1327 1371 1414 1400 sunt

355 1415 393 1451 in
421 1426 558 1462 genere
594 1414 830 1463 quantitatis,
860 1415 928 1452 sed
965 1415 1004 1452 in
1040 1428 1179 1463 genere
1216 1416 1414 1465 qualitatis.

355 1468 456 1515 Ergo
487 1467 584 1504 circa
614 1480 680 1504 eos
709 1475 956 1515 augmentum
988 1480 1069 1504 esse
1099 1481 1178 1505 non
1205 1477 1341 1517 potest.

409 1532 444 1557 2.
466 1521 699 1567 Pmmmm,
729 1521 879 1558 habitus
909 1529 964 1557 est
991 1521 1172 1570 perfectio
1201 1522 1414 1570 quaedam,

154 1587 167 1602 a
198 1586 264 1628 ¹¹¹'e¹¹0'
289 1597 323 1628 ὖ..
354 1580 395 1610 ut
415 1572 548 1610 dicitur
566 1573 605 1610 in
623 1574 692 1610 VII
712 1574 861 1622 Physic.
881 1573 902 1595 ’³‘
918 1574 995 1611 Sed
1015 1574 1208 1623 perfectio,
1231 1587 1318 1612 cum
1347 1575 1415 1611 im-

354 1634 478 1675 portet
506 1626 625 1663 finem
655 1634 690 1663 et
717 1626 942 1674 terminum,
972 1639 1051 1664 non
1077 1627 1228 1664 videtur
1254 1640 1368 1677 posse
1398 1633 1415 1649 ‘²

355 1679 521 1728 recipere
560 1679 679 1727 magis
718 1687 754 1716 et
791 1679 928 1716 minus.
960 1681 1062 1728 Ergo
1100 1680 1250 1717 habitus
1287 1680 1415 1728 augeri

355 1745 432 1768 non
460 1739 596 1780 potest.

410 1786 443 1821 3.
465 1786 707 1831 PRAETEREA,
736 1784 775 1820 in
803 1784 859 1820 his
889 1796 987 1832 quae
1017 1785 1202 1834 recipiunt
1231 1785 1350 1833 magis
1380 1793 1416 1822 et

355 1837 491 1883 minus,
514 1836 694 1885 contingit
717 1848 798 1873 esse
827 1837 1110 1874 alterationem:
1138 1838 1284 1874 alterari
1313 1838 1415 1875 enim

355 1890 489 1927 dicitur
517 1891 622 1938 quod
651 1889 697 1926 de
718 1889 843 1926 minus
872 1889 994 1926 calido
1023 1890 1067 1926 fit
1085 1890 1206 1938 magis
1236 1890 1414 1928 calidum.

311 1943 432 2024 4Sed
461 1943 498 1979 in
525 1942 716 1979 habitibus
745 1954 824 1978 non
862 1950 917 1979 est
946 1942 1135 1990 alteratio,
1165 1951 1207 1980 ut
1233 1944 1418 1992 probatur

353 1995 391 2032 in
406 1996 474 2031 VII
495 1995 643 2043 Physic.
664 1994 684 2016 ’³‘
703 1995 805 2042 Ergo
826 1996 976 2032 habitus
997 1995 1126 2043 augeri
1146 2008 1224 2033 non
1243 2005 1414 2045 possunt.

407 2049 481 2085 SED
511 2060 657 2085 CONTRA
685 2059 751 2084 EST
778 2048 884 2096 quod
911 2048 1008 2086 fides
1038 2056 1093 2085 est
1121 2049 1278 2097 quidam
1311 2049 1418 2086 habi-

354 2109 424 2149 tus,
447 2109 482 2138 et
509 2109 638 2138 tamen
666 2108 844 2148 augetur:
871 2102 975 2139 unde
1004 2101 1175 2150 discipuli
1203 2102 1373 2139 Domino
1403 2102 1417 2132 β

355 2154 502 2191 dicunt:
531 2154 707 2200 Domine,
728 2155 879 2204 adauge
907 2154 1013 2191 nobis
1028 2155 1164 2202 fidem,
1190 2163 1231 2192 ut
1258 2155 1418 2192 habetur

355 2209 448 2244 Luc.
469 2219 540 2244 xvn
559 2206 590 2243 ²3.
611 2207 713 2254 Ergo
742 2207 890 2244 habitus
919 2215 1114 2255 augentur.

409 2261 633 2297 RESPONDEO
668 2271 852 2296 DlCENDUM
889 2260 995 2308 quod
1029 2266 1294 2310 augmentum,
1324 2260 1418 2298 sicut

357 2321 392 2350 et
425 2313 497 2349 alia
525 2312 572 2350 ad
602 2312 850 2361 quantitatem
879 2313 1123 2361 pertinentia,
1153 2325 1176 2349 a
1204 2313 1417 2361 quantitati-

356 2367 427 2402 bus
448 2365 708 2414 corporalibus
738 2366 787 2402 ad
816 2378 875 2402 res
905 2365 1114 2414 spirituales
1134 2365 1382 2414 intelligibiles
1401 2371 1417 2394 Υ

356 2419 592 2464 transfertur;
629 2425 785 2466 propter
819 2419 1172 2455 connaturalitatem
1209 2419 1416 2456 intellectus

327 2502 331 2506 .
356 2472 473 2508 nostri
501 2471 551 2508 ad
577 2483 635 2507 res
665 2483 890 2519 corporeas,
920 2484 1018 2520 quae
1051 2472 1121 2508 sub
1148 2471 1417 2519 imaginatione

358 2524 508 2561 cadunt.
530 2523 673 2560 Dicitur
701 2531 829 2560 autem
858 2524 896 2561 in
925 2524 1195 2572 quantitatibus
1224 2524 1417 2572 corporeis

357 2577 496 2625 aliquid
534 2589 737 2624 magnum,
769 2577 982 2614 secundum
1022 2577 1127 2626 quod
1165 2576 1214 2614 ad
1251 2577 1417 2614 debitam

356 2629 629 2679 perfectionem
659 2630 874 2677 quantitatis
903 2630 1140 2679 perducitur:
1163 2629 1264 2667 unde
1294 2629 1419 2679 aliqua

358 2683 546 2731 quantitas
574 2690 769 2731 reputatur
793 2695 933 2731 magna
960 2683 999 2720 in
1022 2682 1193 2730 homine,
1211 2695 1310 2731 quae
1340 2695 1418 2720 non

358 2742 551 2785 reputatur
579 2748 718 2784 magna
756 2736 794 2772 in
827 2737 1038 2784 elephante.
1064 2735 1176 2773 Unde
1215 2743 1251 2772 et
1277 2735 1316 2772 in
1344 2736 1418 2773 for-

358 2789 430 2826 mis
460 2789 621 2826 dicimus
650 2788 791 2837 aliquid
819 2801 1023 2836 magnum,
1054 2801 1100 2825 ex
1127 2790 1202 2826 hoc
1230 2789 1336 2836 quod
1365 2797 1420 2826 est

357 2843 578 2890 perfectum.
610 2843 659 2880 Et
688 2842 951 2890 quiabonum
979 2842 1096 2878 habet
1123 2842 1311 2879 rationem
1335 2854 1419 2890 per-

304 2941 312 2948 ·
359 2895 458 2942 fecti,
488 2902 644 2943 propter
671 2895 745 2931 hoc
774 2895 811 2931 in
840 2896 896 2931 his
920 2906 1018 2943 quae
1045 2906 1119 2931 non
1148 2894 1247 2931 mole
1274 2906 1419 2944 magna

123 3011 131 3020 ·
146 3010 203 3038 Cap.
217 3016 262 3032 vin.

358 2954 461 2994 sunt,
488 2948 584 2984 idem
618 2953 672 2984 est
698 2960 775 2985 esse
807 2948 930 2984 maius
963 2948 1064 2996 quod
1090 2948 1246 2995 melius,
1276 2955 1317 2984 ut
1344 2949 1421 2984 Au-

359 3001 527 3049 gustinus
556 3000 662 3047 dicit,
692 3000 730 3038 in
757 3002 808 3037 VI
838 3002 883 3038 de
914 3002 950 3038 T
946 3001 1017 3038 rin.
1038 3000 1059 3022 ‘¹‘

414 3053 599 3090 Perfectio
628 3061 756 3090 autem
785 3054 931 3091 formae
961 3054 1157 3102 dupliciter
1179 3061 1305 3102 potest
1333 3066 1422 3090 con-

361 3106 535 3143 siderari:
565 3119 643 3143 uno
673 3106 810 3154 modo,
840 3107 1052 3144 secundum
1085 3107 1209 3156 ipsam
1238 3107 1421 3153 formam3

361 3159 433 3196 alio
461 3159 592 3206 modo,
615 3159 827 3196 secundum
857 3160 962 3208 quod
983 3160 1196 3197 subiectum
1225 3159 1424 3208 participat

361 3213 536 3249 formam.
554 3213 783 3261 Inquantum
798 3212 907 3260 igitur
928 3213 1132 3251 attenditur
1146 3213 1328 3262 perfectio
1348 3213 1422 3249 for-

360 3277 445 3302 mae
475 3265 687 3302 secundum
712 3265 835 3314 ipsam
863 3266 1039 3313 formam,
1061 3267 1114 3303 sic
1141 3264 1154 3287 δ
1183 3266 1318 3303 dicitur
1341 3265 1423 3314 ipsa

363 3331 443 3354 esse
478 3330 597 3367 parva
624 3319 686 3355 vel
715 3330 874 3366 magna3
910 3327 1001 3367 puta
1039 3331 1178 3367 magna
1204 3319 1267 3356 vel
1304 3331 1424 3368 parva

416 3434 443 3464 α)
460 3440 546 3464 posse.
565 3446 582 3451 —-
602 3433 662 3457 Om.
682 3432 790 3457 codices.

417 3468 440 3500 β)
463 3468 587 3493 Domino.
606 3481 625 3487 —
644 3468 754 3492 Domini
772 3467 928 3492 ACEFHIL.

415 3504 441 3536 γ)
462 3503 646 3535 intelligibiles.
665 3517 682 3522 -
701 3506 726 3528 et
745 3503 933 3528 intellectuales
953 3504 998 3528 Pa.
1018 3518 1035 3522 -
1054 3503 1104 3528 Pro
1129 3505 1309 3537 transfertur,
1334 3507 1422 3528 trans-

1470 1205 1609 1242 sanitas
1637 1207 1699 1243 vel
1733 1206 1897 1244 scientia.
1934 1209 2164 1256 Inquantum
2197 1221 2292 1245 vero
2330 1209 2533 1247 attenditur

1469 1258 1649 1307 perfectio
1679 1259 1827 1296 formae
1855 1261 2088 1298 secunduma
2097 1261 2426 1310 participationem
2446 1263 2534 1299 sub-

1469 1311 1567 1358 iecti,
1589 1310 1723 1349 dicitur
1746 1312 1867 1360 magis
1887 1320 1923 1350 et
1951 1313 2095 1360 minus;
2115 1321 2208 1362 puta
2235 1314 2356 1363 magis
2383 1315 2446 1352 vel
2465 1313 2563 1364 mis

1470 1377 1543 1401 nus
1562 1365 1692 1401 album
1711 1366 1774 1402 vel
1802 1377 1949 1403 sanum.
1972 1367 2064 1403 Non
2092 1374 2221 1403 autern
2247 1367 2317 1404 ista
2346 1367 2534 1405 distinctio

1469 1417 1641 1465 procedit
1660 1419 1872 1455 secundum
1891 1419 1979 1466 hoc,
2000 1419 2106 1468 quod
2135 1419 2259 1456 forma
2282 1420 2422 1457 habeat
2450 1432 2533 1458 esse

1469 1477 1619 1518 praeter
1646 1470 1844 1508 materiam
1875 1479 1940 1508 aut
1968 1472 2202 1509 subiectum:
2236 1472 2304 1510 sed
2337 1473 2427 1522 quia
2462 1473 2535 1510 alia

1471 1531 1527 1560 est
1554 1523 1805 1560 consideratio
1837 1524 1916 1560 eius
1936 1525 2149 1562 secundum
2179 1525 2365 1563 rationem
2394 1525 2534 1574 speciei

1471 1588 1576 1623 suae,
1598 1583 1633 1612 et
1661 1576 1733 1613 alia
1753 1577 1966 1614 secundum
1992 1577 2097 1625 quod
2115 1577 2361 1626 participatur
2388 1577 2426 1614 in
2446 1578 2534 1615 sub-

1470 1636 1580 1665 lecto.

1526 1681 1747 1718 Secundum
1766 1682 1841 1718 hoc
1869 1681 1988 1729 igitur,
2011 1681 2110 1718 circa
2137 1681 2392 1719 intensionem
2422 1689 2459 1719 et
2477 1694 2534 1720 re-

1470 1733 1693 1770 missionem
1722 1733 1922 1771 habituum
1952 1741 1987 1771 et
2014 1734 2239 1782 formarum,
2263 1735 2414 1772 fuerunt
2441 1747 2533 1784 qua-

1471 1794 1558 1823 tuor
1586 1786 1785 1835 opiniones
1814 1786 1915 1835 apud
1947 1787 2219 1836 philosophos,
2246 1795 2288 1824 ut
2316 1787 2534 1836 Simplicius

1471 1847 1599 1876 narrat
1626 1839 1665 1876 in
1698 1840 1916 1876 Commento
1944 1840 2344 1877 Prczedicamentorum
2366 1840 2398 1878 ³¹⁸.
2419 1840 2534 1878 Ploti-

1471 1904 1544 1928 nus
1565 1892 1667 1928 enim
1687 1898 1723 1928 et
1751 1891 1812 1929 alii
1830 1892 2014 1929 Platonici
2037 1894 2233 1942 ponebant
2251 1893 2352 1942 ipsas
2377 1893 2532 1942 qualita-

1471 1952 1528 1981 tes
1557 1952 1594 1981 et
1619 1944 1770 1981 habitus
1799 1945 1989 1994 suscipere
2016 1946 2135 1993 magis
2159 1954 2196 1982 et
2221 1946 2358 1992 minus,
2379 1953 2536 1995 propter

1472 1998 1547 2034 hoc
1580 1997 1683 2046 quod
1707 1997 1920 2035 materiales
1949 2006 2072 2046 erant,
2104 2006 2140 2035 et
2168 2010 2214 2035 ex
2241 1999 2316 2035 hoc
2342 1998 2535 2036 habebant

1472 2049 1871 2088 indeterminationem
1910 2052 2127 2099 quandam,
2162 2059 2318 2100 propter
2353 2051 2534 2089 materiae

1472 2102 1711 2140 infinitatem.
1736 2124 1759 2130 -
1789 2103 1862 2140 Alii
1890 2115 1983 2140 vero
2013 2104 2051 2141 in
2079 2104 2311 2141 contrarium
2338 2104 2536 2157 ponebant

1473 2156 1580 2204 quod
1616 2156 1722 2204 ipsae
1760 2156 1955 2205 qualitates
1993 2165 2028 2194 et
2060 2156 2211 2194 habitus
2249 2157 2462 2195 secundum
2490 2169 2532 2194 se

1473 2221 1552 2246 non
1581 2208 1814 2268 recipiebant
1842 2209 1962 2257 magis
1992 2217 2028 2247 et
2054 2210 2199 2256 minus3
2229 2211 2297 2248 sed
2325 2210 2452 2259 qualia
2481 2209 2535 2248 di-

1474 2268 1609 2298 cuntur
1637 2261 1757 2309 magis
1778 2269 1814 2298 et
1841 2262 1979 2309 minus,
2000 2263 2214 2300 secundum
2239 2262 2431 2300 diversam
2449 2273 2538 2312 par-

1472 2313 1750 2362 ticipationem;
1771 2322 1864 2363 puta
1878 2315 1984 2362 quod
2003 2314 2142 2352 iustitia
2158 2327 2240 2352 non
2253 2315 2399 2352 dicatur
2413 2314 2535 2367 magis

1474 2374 1510 2403 et
1537 2366 1674 2413 minus,
1696 2367 1762 2404 sed
1791 2366 1943 2404 iustum.
1970 2368 2018 2404 Et
2046 2367 2145 2404 hanc
2169 2366 2391 2416 opinionem
2419 2367 2536 2415 tangit

1472 2419 1721 2456 Aristoteles
1712 2432 1751 2456 1n
1777 2420 2134 2457 Praedicamentis*
2166 2420 2340 2457 -Tertia
2368 2420 2436 2457 fuit
2454 2420 2573 2479 opi-

1473 2472 1537 2509 nio
1568 2472 1797 2518 Stoicorum,
1819 2472 1947 2509 media
1974 2473 2070 2509 inter
2097 2449 2177 2510 has.
2198 2473 2413 2510 Posuerunt
2433 2472 2535 2510 enim

1473 2524 1578 2573 quod
1607 2524 1721 2572 aliqui
1749 2524 1900 2561 habitus
1930 2526 2143 2563 secundum
2171 2538 2212 2562 se
2241 2525 2424 2574 recipiunt
2455 2537 2536 2562 rna-

1473 2577 1528 2625 gis
1557 2585 1594 2614 et
1621 2577 1768 2624 minus,
1800 2577 1907 2614 sicuti
1944 2586 2060 2623 artes3
2091 2577 2246 2626 quidam
2281 2586 2409 2615 autem
2444 2590 2535 2626 non,

1474 2630 1569 2667 sicut
1595 2630 1764 2667 virtutes.
1786 2630 1982 2677 -Quarta
2019 2630 2151 2680 opinio
2188 2630 2257 2667 fuit
2293 2630 2537 2683 quorundam

1475 2683 1680 2720 dicentium
1705 2683 1809 2732 quod
1829 2683 2027 2731 qualitates
2047 2690 2083 2720 et
2101 2683 2248 2720 formae
2267 2678 2537 2728 immateriales

1475 2749 1554 2774 non
1582 2735 1767 2784 recipiunt
1795 2735 1917 2783 magis
1942 2744 1978 2773 et
2006 2736 2145 2784 minus,
2166 2736 2380 2774 materiales
2408 2743 2536 2775 autem

1475 2789 1671 2848 recipiunt

1528 2842 1579 2879 Ut
1605 2841 1714 2890 igitur
1740 2842 1853 2878 huius
1882 2841 1934 2878 rei
1961 2841 2101 2879 veritas
2125 2841 2396 2891 manifestetur,
2417 2841 2539 2879 consi-

1476 2894 1687 2932 derandum
1723 2902 1778 2932 est
1810 2895 1917 2954 quod
1944 2894 2035 2931 illud
2073 2895 2284 2933 secundum
2322 2894 2427 2944 quod
2459 2906 2539 2931 sor-

1477 2948 1564 2985 titur
1591 2947 1732 2996 aliquid
1752 2948 1931 2997 speciem,
1959 2955 2109 2998 oportet
2127 2959 2210 2984 esse
2229 2947 2349 2984 fixum
2369 2954 2406 2984 et
2424 2954 2538 2995 stans,

1478 3008 1514 3038 et
1541 3001 1650 3048 quasi
1678 3000 1926 3038 indivisibile:
1955 3013 2242 3050 quaecumque
2250 3000 2352 3037 enim
2373 3000 2422 3038 ad
2449 2997 2540 3038 illud

1477 3053 1682 3101 attingunt,
1712 3054 1783 3091 sub
1821 3053 1947 3102 specie
1982 3053 2241 3099 continentur;
2270 3063 2540 3112 quaecumque

1478 3114 1606 3143 autem
1633 3107 1816 3144 recedunt
1843 3107 1891 3144 ab
1921 3106 1996 3154 illo,
2016 3106 2107 3144 vel
2098 3118 2136 3143 in
2157 3107 2242 3155 plus
2259 3106 2350 3143 vel
2341 3118 2381 3143 1n
2399 3105 2538 3152 minus,

1477 3160 1665 3208 pertinent
1693 3159 1740 3197 ad
1770 3159 1883 3197 aliam
1912 3159 2091 3208 speciem,
2111 3160 2174 3196 vel
2193 3159 2460 3208 perfectiorem
2476 3158 2540 3195 vel

1479 3212 1809 3262 imperfectiorem.
1839 3211 1950 3249 Unde
1979 3212 2236 3261 Philosophus
2265 3211 2364 3260 dicit,
2385 3211 2425 3248 in
2449 3210 2537 3248 VIII

1478 3267 1694 3314 Metaphys.
1714 3265 1746 3312 *‚
1775 3265 1879 3315 quod
1908 3265 2053 3314 species
2082 3277 2210 3302 rerum
2239 3273 2326 3302 sunt
2348 3264 2443 3301 sicut
2470 3275 2538 3300 nu-

1479 3319 1586 3366 meri,
1616 3319 1654 3355 in
1683 3294 1820 3368 quibus
1849 3317 1988 3355 additio
2007 3318 2070 3355 vel
2099 3318 2298 3355 diminutio
2316 3316 2437 3354 variat
2455 3327 2539 3364 spe-

1468 3435 1601 3466 seruntur
1626 3434 1724 3462 PFGa.
1751 3433 1920 3466 transferunt
1943 3433 1983 3462 K;
2012 3440 2059 3464 pro
2086 3440 2243 3464 corporeas,
2270 3432 2420 3464 corporales
2451 3431 2520 3455 ΡΚα.

1529 3467 1553 3501 ὃ)
1573 3469 1619 3494 sic.
1637 3483 1655 3487 -
1673 3469 1710 3494 sic
1729 3476 1780 3494 non
1802 3468 1847 3493 Pa.
1865 3482 1884 3486 -
1902 3467 1954 3493 Pro
1973 3468 2031 3499 ipsa
2050 3475 2117 3497 esse,
2138 3468 2195 3500 ipsa
2207 3468 2302 3502 sorma
2325 3473 2380 3492 esse
2401 3466 2459 3497 ΕΚ,
2483 3473 2538 3491 esse

1476 3504 1533 3536 ipsa
1553 3505 1580 3528 F.

2560 1849 2689 1904 220533135.
2702 1849 2776 1878 ‘²⁸⁶¹‘

2587 2432 2646 2461 cap.
2656 2438 2688 2460 vr,
2703 2437 2726 2454 n.
2739 2438 2775 2454 22.

2565 3274 2778 3298 ·..S..Thlectm

2566 3300 2778 3328 -Did.1ib.,vn

2567 3333 2618 3356 cap.
2631 3327 2741 3355 m,n.8.
