2846 4146
358 174 431 210 380
1053 175 1319 220 QUAESTIO
1350 176 1451 220 LIX,
1481 175 1775 213 ARTICULUS
1807 178 1819 211 I

768 405 1175 483 QUAESTIO
1215 405 2108 483 QUINQUAGESIMANONA

586 542 669 582 DE
703 541 1183 582 COMPARATIONE
1210 541 1493 582 VIRTUTIS
1526 541 1796 583 MORALIS
1830 543 1916 584 AD
1949 544 2293 586 PASSIONEM

1137 663 1170 688 IN
1200 663 1361 694 QUINQUE
1390 664 1591 690 ARTICULOS
1619 665 1738 690 DIVISA

435 779 541 804 E1NDE
569 765 887 803 considerandum
916 773 971 802 est
995 765 1042 802 de
1067 765 1303 803 distinctione
1329 778 1411 803 mo·
1517 767 1662 804 Primo:
1691 774 1818 804 utrum
1845 768 1964 805 virtus
1992 769 2147 806 moralis
2173 770 2219 807 sit
2244 771 2382 820 passio.

114 825 322 873 {Cogqu-mnstn·
353 777 568 859 Dralium
595 818 777 855 virtutum
802 818 849 855 ad
868 818 1030 854 invicem
1049 817 1080 855 ³¹¹.
1106 819 1156 855 Et
1182 819 1271 866 quia
1292 819 1410 856 virtu-
1518 820 1714 857 Secundo:
1742 827 1869 858 utrum
1889 820 2005 858 virtus
2024 820 2177 859 moralis
2195 823 2314 871 possit
2332 835 2414 860 esse
2433 835 2523 861 cum

124 857 134 873 r
169 866 175 873 “
350 879 406 909 tes
426 872 589 909 morales
608 883 705 920 quae
726 878 812 908 sunt
832 870 929 908 circa
947 870 1157 919 passiones,
1178 871 1409 920 distinguun—
1568 873 1757 921 passione.

350 933 409 961 tur
446 925 656 961 secundum
694 923 950 961 diversitatem
978 923 1221 972 passionum,
1260 932 1410 973 oportet
1515 925 1663 962 Tertio:
1692 933 1820 963 utrum
1847 927 1967 976 possit
1995 939 2076 964 esse
2105 940 2194 964 cum
2221 927 2376 966 tristitia.

211 983 227 999 α
349 977 473 1026 primo
510 977 749 1014 considerare
779 982 796 997 ‘²
825 977 1151 1025 comparationem
1186 976 1331 1014 virtutis
1359 977 1409 1015 ad
1516 978 1678 1024 Quarto:
1707 985 1836 1016 utrum
1865 979 1990 1017 omnis
2017 978 2136 1017 virtus
2170 981 2324 1018 moralis
2353 981 2399 1019 sit
2426 981 2522 1019 circa

348 1030 583 1079 passionem;
605 1029 786 1077 secundo,
809 1028 1086 1066 distinctionem
1106 1029 1309 1067 moralium
1335 1030 1409 1067 vir-
1568 1031 1786 1079 passionem
1806 1030 1832 1068 β.
2649 1033 2663 1066 β

113 1087 120 1095 ·
138 1085 185 1112 Qu·
200 1091 237 1107 2¹·
349 1091 470 1120 tutum
500 1083 712 1119 seeundum
739 1082 935 1131 passiones
952 1082 985 1119 ³¹⁸.
1516 1083 1677 1129 Quinto:
1708 1091 1834 1121 utrum
1854 1085 1976 1133 aliqua
1993 1085 2112 1122 virtus
2131 1083 2285 1122 moralis
2303 1086 2422 1135 possit
2441 1097 2521 1124 esse

125 1145 127 1147 ·
349 1135 458 1173 Circa
485 1135 649 1185 primum
677 1142 908 1184 quaeruntur
936 1135 1114 1184 quinque.
1569 1136 1647 1173 sine
1675 1135 1863 1185 passione.

1160 1253 1476 1295 ARTICULUS
1508 1254 1713 1296 PRIMUS

1034 1355 1189 1385 UTRUM
1212 1354 1369 1385 VIRTUS
1391 1355 1581 1386 MORALIS
1605 1356 1671 1386 SIT
1694 1356 1838 1388 PASSIO

983 1441 1022 1465 111.
1043 1441 1125 1471 Sent„
1146 1441 1206 1466 dist.
1218 1449 1287 1471 xxm,
1307 1449 1351 1474 qu.
1370 1450 1387 1473 1,
1407 1447 1453 1467 art.
1474 1442 1497 1472 3,
1516 1444 1563 1475 qu·
1585 1450 1598 1467 2
1605 1451 1612 1474 ;
1632 1443 1652 1468 11
1673 1443 1766 1473 Ethic„
1787 1444 1844 1469 lect.
1863 1452 1887 1469 v-

383 1552 439 1580 [χ’
466 1563 517 1581 μή(

399 1578 405 1585 ,
472 1579 473 1586 ¹
496 1557 536 1607 κν(
557 1550 579 1574 o
608 1550 744 1575 PRlMUM
773 1550 825 1575 sm
849 1550 1088 1576 PRocsorrUR.
1118 1538 1275 1576 Videtur
1303 1541 1407 1588 quod
1462 1541 1540 1577 lum
1556 1540 1604 1577 ad
1619 1541 1777 1587 malum,
1794 1541 2005 1578 secundum
2021 1542 2186 1590 aliquem
2202 1543 2380 1589 modum;
2396 1551 2524 1581 tamen

476 1577 533 1635 ἱ4
557 1591 675 1628 virtus
703 1591 857 1628 moralis
877 1592 923 1628 sit
941 1591 1080 1640 passio.
1111 1592 1285 1630 Medium
1306 1593 1407 1629 enim
1463 1600 1590 1629 motus
1609 1593 1807 1641 passionis,
1824 1594 2049 1642 inquantum
2069 1595 2195 1643 passio
2213 1603 2278 1642 est,
2295 1595 2524 1644 principium

363 1637 485 1691 'Jffrg
506 1646 614 1682 est
643 1644 813 1681 eiusdem
837 1644 984 1692 generis
1005 1656 1091 1680 curn
1113 1645 1299 1682 extremis.
1332 1645 1408 1682 Sed
1462 1646 1578 1682 habet
1604 1645 1642 1681 in
1670 1646 1752 1694 ipso
1783 1646 1966 1694 appetitu,
1996 1654 2033 1683 et
2059 1647 2266 1684 terminum
2294 1647 2333 1684 in
2361 1647 2523 1695 ratione,

404 1669 501 1729 ἐξ)
516 1685 674 1734 virtus
703 1697 857 1733 moralis
887 1704 942 1733 est
961 1697 1131 1734 medium
1151 1697 1247 1735 inter
1265 1698 1408 1747 passio·
1462 1698 1501 1734 in
1535 1697 1641 1734 cuius
1671 1698 1974 1736 conformitatem
2009 1699 2195 1748 appetitus
2231 1699 2360 1738 tendit.
2396 1701 2526 1738 Motus

346 1761 424 1785 nes.
455 1749 556 1795 Ergo
585 1749 703 1786 virtus
732 1750 886 1786 moralis
915 1757 971 1786 est
997 1750 1136 1798 passio.
1463 1757 1592 1787 autem
1620 1750 1766 1787 virtutis
1795 1758 1851 1788 est
1870 1764 1890 1788 e
1911 1764 2111 1799 converso,
2132 1752 2360 1802 principium
2379 1753 2525 1791 habens

201 1831 217 1849 s
400 1813 434 1837 2.
457 1801 688 1849 PRAETEREA,
717 1802 835 1839 virtus
864 1810 900 1839 et
926 1802 1072 1849 vitium,
1104 1815 1191 1839 curn
1221 1802 1293 1839 sint
1318 1815 1408 1839 con·
1463 1803 1501 1839 in
1529 1803 1675 1839 ratione
1710 1811 1747 1840 et
1783 1804 1989 1841 terminum
2018 1804 2057 1841 in
2090 1805 2279 1854 appetitu,
2312 1806 2525 1844 seeundum

345 1853 468 1900 traria,
499 1861 585 1890 sunt
612 1854 650 1891 in
675 1855 811 1891 eodem
833 1867 981 1902 genere.
1013 1854 1089 1892 Sed
1112 1855 1304 1903 quaedam
1323 1868 1409 1904 pas·
1463 1855 1569 1905 quod
1588 1868 1610 1892 a
1630 1855 1774 1893 ratione
1803 1865 1992 1894 movetur.
2022 1857 2133 1895 Unde
2153 1858 2191 1895 in
2210 1858 2431 1896 definitione
2449 1859 2525 1896 vir-

345 1906 469 1943 siones
497 1906 587 1943 vitia
617 1919 698 1944 esse
719 1907 904 1954 dicuntur,
934 1915 975 1944 ut
994 1907 1135 1944 invidia
1155 1915 1191 1944 et
1209 1907 1274 1945 ira.
1305 1909 1407 1957 Ergo
1463 1908 1549 1945 tutis
1569 1908 1723 1946 moralis
1744 1909 1888 1956 dicitur,
1905 1909 1941 1946 in
1959 1911 1991 1946 II
2005 1911 2126 1955 Ethip.
2141 1910 2173 1958 *,
2190 1911 2296 1959 quod
2311 1918 2367 1948 est
2379 1912 2527 1950 habitus
2553 1922 2630 1971 ‘Sea
2639 1927 2765 1972 πῶτε--

346 1959 458 1995 etiam
488 1959 676 2007 quaedam
706 1960 902 2009 passiones
930 1967 1016 1997 sunt
1043 1961 1211 1998 virtutes.
1463 1961 1636 1998 electivus
1664 1962 1700 1998 in
1730 1962 1924 1999 medietate
1956 1963 2156 2000 consistens
2187 1964 2432 2002 determinata
2463 1976 2526 2002 ra·
2572 1964 2579 1971 '
2630 1964 2637 1971 ‘
2722 1955 2764 1971 '¹¹'

399 2013 433 2048 3.
454 2013 687 2060 PRAETEREA,
705 2012 962 2051 misericordia
981 2013 1169 2062 quaedam
1189 2014 1315 2062 passio
1336 2022 1407 2052 est:
1462 2014 1571 2060 tione,
1594 2020 1713 2063 prout
1737 2015 1884 2063 sapiens
1910 2015 2179 2053 determinabit.

106 2076 115 2084 ·
131 2075 258 2102 Qu-xxxv‚
274 2077 315 2095 art·
344 2072 399 2101 est
427 2064 528 2101 enirn
557 2065 700 2103 tristitia
728 2066 776 2103 de
804 2066 935 2103 alienis
964 2066 1082 2113 malis,
1111 2074 1153 2102 ut
1180 2079 1295 2115 supra
1313 2066 1334 2088 '¹‘
1353 2067 1407 2105 di·
1515 2068 1574 2104 An
1600 2079 1736 2104 prunum
1763 2079 1862 2105 ERGO
1886 2080 2071 2106 mcENDUM
2098 2069 2204 2118 quod
2231 2069 2361 2117 virtus,
2392 2082 2525 2108 secun-

345 2125 447 2154 ctum
463 2125 529 2154 est.
540 2120 658 2156 Hanc
673 2127 799 2156 autem
816 2119 959 2165 Cicero,
970 2119 1115 2156 locutor
1130 2120 1319 2169 egregius,
1332 2132 1406 2157 non
1424 2158 1426 2162 ,
1463 2120 1556 2157 dum
1576 2131 1685 2157 suam
1706 2120 1920 2168 essentiam,
1945 2133 2024 2158 non
2049 2129 2104 2158 est
2126 2122 2298 2159 medium
2322 2122 2419 2159 inter
2440 2135 2526 2172 pas-

344 2170 523 2218 dubitavit
539 2171 729 2220 appellare
744 2173 935 2217 virtutem‚·
954 2180 995 2209 ut
1008 2172 1239 2220 Augustinus
1256 2172 1354 2220 dicit,
1369 2173 1414 2213 in·
1462 2172 1606 2210 siones:
1628 2172 1696 2221 sxed
1716 2174 1927 2211 secundum
1946 2186 2059 2211 suum
2076 2174 2266 2224 effectum,
2282 2174 2371 2224 quia
2386 2174 2525 2213 scilicet

106 2229 115 2238 ·
130 2228 186 2255 Cap·
201 2234 223 2249 v·
346 2223 397 2259 IX
422 2223 467 2259 de
491 2224 569 2261 Civ.
590 2225 665 2261 Dei
681 2224 711 2262 *.
742 2226 842 2273 Ergo
871 2225 998 2273 passio
1026 2232 1151 2274 potest
1180 2237 1262 2269 esse
1287 2226 1408 2265 virtus
1459 2224 1566 2266 inter
1583 2226 1781 2275 passiones
1809 2226 1978 2264 medium
2008 2227 2208 2265 constituit.

345 2275 510 2313 moralis.
1167 2312 1170 2315 a
1210 2290 1211 2293 ¹
1417 2290 1425 2303 ἱ
1441 2277 1587 2329 &Ant
1599 2286 1791 2317 &munuum
1820 2291 2002 2316 mensuum
2031 2280 2148 2328 quod,
2169 2281 2200 2317 si
2225 2280 2360 2317 vitium
2381 2280 2525 2318 dicatur

106 2333 258 2382 §.efflat
270 2338 296 2381 v³.'
308 2343 318 2347 ·
398 2328 472 2365 SED
493 2341 638 2366 CONTRA
656 2341 722 2366 EST
742 2329 847 2378 quod
866 2329 999 2367 dicitur
1017 2329 1056 2366 in
1076 2330 1109 2367 11
1127 2329 1282 2378 Era-w,
1302 2329 1425 2380 quod?
1444 2324 1851 2385 'Jibbimzssoeundum
1875 2344 1991 2380 quem
2011 2332 2096 2380 quis
2114 2333 2214 2370 male
2234 2340 2423 2381 operatur,
2443 2346 2524 2371 ma-

338 2381 532 2429 passiones
560 2393 679 2430 neque
705 2383 857 2419 virtutes
884 2388 972 2419 sunt
998 2394 1117 2431 neque
1143 2382 1320 2421 malinae.
1422 2371 1715 2425 ηῇίῖοςῗῦπίὶεεῒ
1733 2384 1839 2432 quod
1858 2385 1960 2421 nulla
1978 2385 2105 2433 passio
2126 2392 2182 2422 est
2198 2385 2344 2423 vitium.
2371 2386 2412 2423 Si
2429 2398 2522 2423 vero

396 2435 620 2471 REsposmzo
650 2446 836 2472 DICENDUM
864 2435 970 2483 quod
997 2435 1117 2472 virtus
1145 2435 1300 2477 moralis
1327 2447 1407 2474 non

1447 2435 1608 2475 dicatur
1629 2436 1767 2473 vitium
1787 2444 2000 2485 peccatum,
2021 2438 2127 2486 quod
2147 2445 2202 2475 est
2221 2446 2326 2475 actus
2345 2438 2521 2486 vitiosus,

342 2494 467 2535 potest
494 2499 575 2524 esse
603 2487 742 2535 passio.
774 2489 822 2524 Et
849 2488 923 2524 hoc
950 2485 1053 2537 patet
1084 2488 1216 2537 triplici
1249 2488 1404 2526 ratione.
1463 2489 1518 2525 sic
1536 2488 1627 2525 nihil
1646 2489 1822 2538 prohibet
1839 2489 2059 2538 passionem
2080 2503 2162 2527 esse
2181 2490 2329 2539 vitium,
2347 2498 2383 2528 et
2397 2504 2417 2528 e
2433 2504 2522 2530 con-

343 2539 471 2576 Primo
500 2540 669 2588 quidem,
690 2540 778 2589 quia
798 2540 925 2588 passio
946 2548 1001 2577 est
1020 2547 1147 2577 motus
1166 2540 1322 2590 quidam
1342 2554 1407 2590 ap-

1461 2541 1575 2578 trario
1609 2553 1834 2579 concurrere
1870 2543 1917 2580 ad
1949 2550 2077 2580 actum
2109 2543 2278 2590 virtutis;
2311 2544 2522 2582 secundum

106 2604 314 2632 ·Qu.m1‚ar1.3.
342 2591 478 2641 petitus
507 2593 686 2641 sensitivi,
715 2601 756 2629 ut
775 2605 888 2641 supra
906 2593 926 2615 ’¹‘
945 2593 1088 2630 dictum
1109 2601 1175 2630 est.
1196 2593 1322 2630 Virtus
1342 2606 1407 2631 au-
1462 2594 1568 2643 quod
1595 2594 1723 2643 passio
1750 2595 1812 2632 vel
1842 2595 2088 2633 contrariatur
2105 2596 2250 2644 rationi,
2274 2596 2337 2633 vel
2356 2597 2524 2646 sequitur
2555 2635 2558 2637 ,

342 2653 419 2681 tem
439 2646 592 2683 moralis
612 2658 690 2683 non
710 2653 766 2682 est
785 2653 912 2683 motus
927 2646 1073 2695 aliquis,
1090 2647 1156 2684 sed
1172 2646 1292 2694 magis
1306 2647 1407 2696 prin-

1463 2654 1589 2683 actum
1619 2654 1784 2684 ratlorns.

344 2697 484 2746 cipium
505 2699 698 2748 appetitivi
718 2706 857 2746 motus,
883 2698 1034 2736 habitus
1053 2698 1211 2748 quidam
1232 2699 1405 2737 existens.
1514 2701 1573 2737 An
1601 2711 1761 2737 TERTIUM
1785 2711 1968 2738 DICENDUM
1988 2701 2093 2750 quod
2111 2700 2370 2739 misericordia
2390 2702 2523 2741 dicitur

345 2772 368 2778 -
390 2751 581 2799 Secundo,
602 2752 690 2802 quia
709 2751 905 2800 passiones
934 2764 980 2788 ex
1008 2751 1139 2800 seipsis
1169 2764 1247 2789 non
1265 2752 1408 2790 habent

1462 2765 1544 2790 esse
1572 2752 1702 2800 virtus,
1732 2752 1828 2790 idest
1854 2753 1999 2791 virtutis
2027 2761 2144 2802 actus,
2172 2755 2384 2792 secundum
2418 2755 2523 2804 quod

343 2804 527 2840 rationem
556 2805 647 2842 boni
666 2805 728 2842 vel
746 2804 847 2841 mali,
878 2805 1032 2841 Bonum
1053 2805 1155 2841 enim
1174 2805 1236 2841 vel
1263 2805 1407 2842 malum
1461 2811 1583 2842 motus
1610 2805 1670 2842 ille
1688 2806 1809 2843 animi
1834 2807 1973 2844 rationi
1988 2807 2123 2844 servit:
2142 2808 2293 2856 quando
2312 2807 2453 2845 scilicet
2471 2809 2522 2846 ita

203 2861 219 2886 Υ
342 2856 506 2893 hominis
526 2865 581 2894 est
595 2863 611 2886 Υ
631 2858 842 2894 secundum
858 2857 1062 2894 rationem:
1078 2857 1182 2894 unde
1196 2857 1405 2907 passiones,
1455 2859 1661 2907 praebetur
1679 2858 1947 2905 misericordia,
1964 2865 2005 2896 ut
2021 2860 2157 2897 iustitia
2175 2866 2425 2908 conservetur,
2445 2862 2532 2898 sive

343 2910 554 2946 secundum
575 2923 615 2947 se
635 2910 906 2957 consideratae,
924 2922 963 2946 se
978 2910 1121 2947 habent
1137 2917 1172 2947 et
1191 2910 1238 2947 ab
1259 2911 1406 2947 bonum

1461 2923 1547 2948 cum
1575 2911 1758 2961 indigenti
1783 2912 1967 2959 tribuitur,
1986 2913 2064 2949 sive
2090 2925 2176 2950 cum
2204 2913 2412 2963 ignoscitur
2431 2925 2522 2963 poe·
2554 2909 2562 2917 ’

344 2969 379 2997 et
398 2962 446 2998 ad
465 2963 621 3010 malum,
652 2963 863 3000 secundum
891 2963 996 3012 quod
1021 2971 1182 3012 possunt
1202 2963 1406 3001 convenire
1462 2964 1599 3010 nitenti,
1628 2971 1669 3001 ut
1696 2964 1927 3012 Augustinus
1957 2965 2044 3003 dicit
2071 2965 2225 3003 ibidem.
2248 2965 2288 3004 Si
2306 2973 2435 3004 tamen
2453 2966 2521 3004 mi-

343 3014 476 3051 rationi
495 3016 557 3052 vel
577 3028 655 3052 non
675 3016 894 3053 convenire.
915 3015 1020 3053 Nihil
1039 3023 1166 3052 autern
1190 3016 1263 3053 tale
1282 3024 1407 3065 potest
1461 3016 1664 3054 sericordia
1692 3017 1837 3055 dicatur
1864 3017 1996 3067 aliquis
2023 3017 2174 3056 habitus
2201 3031 2279 3067 quo
2299 3019 2419 3056 homo
2437 3032 2522 3068 per-

344 3078 425 3103 esse
453 3067 592 3104 virtus:
623 3081 711 3105 cum
739 3068 858 3106 virtus
887 3069 1011 3105 solum
1039 3069 1088 3106 ad
1117 3069 1262 3106 bonurn
1281 3081 1321 3106 se
1339 3069 1406 3106 ha-

1460 3069 1584 3107 ficitur
1611 3070 1661 3107 ad
1688 3070 1955 3108 rationabiliter
1981 3071 2255 3119 miserendum,
2284 3072 2376 3109 nihil
2394 3072 2522 3121 prohi-

104 3131 113 3139 ·
130 3128 222 3155 Qumv,
238 3132 316 3156 art-3·
343 3119 440 3166 beat,
457 3127 497 3157 ut
511 3121 806 3169 supra*dictum
821 3121 1065 3158 est.-Tertio
1081 3121 1181 3170 quia,
1198 3122 1285 3158 dato
1302 3123 1405 3170 quod
1461 3123 1524 3159 bet
1551 3122 1850 3160 misericordiam
1888 3124 1940 3161 sic
1970 3120 2110 3161 dictam*
2145 3136 2226 3161 esse
2254 3125 2443 3162 virtutem.
2473 3126 2522 3163 Et

343 3172 466 3221 aliqua
493 3173 620 3222 passio
649 3186 689 3210 se
709 3174 847 3211 habeat
874 3175 997 3211 solum
1017 3174 1066 3211 ad
1086 3175 1244 3222 bonum,
1263 3175 1326 3212 vel
1345 3187 1405 3212 so-

1461 3175 1596 3212 eadem
1625 3183 1681 3212 est
1708 3176 1802 3213 ratio
1831 3176 1878 3214 de
1906 3176 2090 3214 similibus
2116 3177 2369 3226 passionibus.

396 3306 422 3337 α)
442 3306 620 3330 considerare.
633 3319 651 3324 -
671 3306 696 3330 in
717 3306 850 3331 communi
869 3306 938 3330 addit
957 3307 985 3331 P.
1512 3308 1538 3340 γ)
1558 3310 1605 3332 est.
1622 3321 1642 3327 -
1659 3311 1698 3333 est
1716 3315 1771 3333 esse
1790 3308 1818 3332 Ε.

396 3339 421 3372 β)
436 3341 597 3372 passionem.
611 3355 629 3359 -
642 3341 781 3373 passiones
802 3341 846 3365 Pa.
