2846 4146
385 215 460 261 432

387 292 556 322 obiectum.
572 292 708 322 Morales
732 299 838 323 autem
861 300 934 323 sunt
953 293 1122 323 nobiliores
1145 294 1320 323 secundum
1344 292 1436 332 quid:

387 336 460 376 quia
484 336 558 366 dant
580 346 646 365 non
661 336 767 366 solum
783 336 963 367 facultatem
983 344 1069 367 actus
1085 337 1168 373 recti,
1186 337 1239 367 sed
1259 336 1438 366 facultatem

386 386 468 409 recte
491 379 599 410 utendi
623 379 690 420 ipsa
713 380 874 416 facultate;
892 381 980 420 quod
997 388 1042 411 est
1064 380 1226 410 manifeste
1251 389 1315 409 esse
1338 378 1437 418 perfe-

388 423 466 454 ctius
489 423 682 463 principium
705 431 802 454 actus.
819 424 860 454 Et
882 424 943 454 hoc
967 425 1059 454 habet
1081 424 1178 454 virtus
1202 422 1339 458 moralis,
1364 422 1438 462 quia

387 466 507 507 perficit
529 467 720 507 appetitum,
750 468 839 498 cuius
864 474 909 498 est
931 477 1058 497 movere
1090 467 1230 506 seipsum
1265 473 1295 496 et
1323 472 1437 496 ceteras

149 519 160 527 ’
173 517 328 544 Qu.1.1v‚art.
339 523 359 544 2,
386 510 552 550 potentias.
568 511 654 541 Haec
671 518 776 542 autem
792 511 864 541 ideo
881 511 1012 541 breviter
1027 517 1159 546 transeo,
1178 510 1252 550 quia
1268 509 1438 549 superius*

150 543 359 598 Ξῗωαῗῖεὲξὲοῖἒ.
387 554 538 584 declarata
558 561 641 585 sunt.

151 599 223 618 ment.
439 595 543 628 111.1n
567 598 680 628 eodem
703 598 794 628 tertio
819 598 949 628 articulo
975 597 1108 627 dubium
1131 604 1177 627 est
1200 597 1238 627 de
1261 597 1381 627 ratione
1404 597 1437 627 in

385 641 487 672 littera
507 641 659 682 assignata
684 651 780 682 quare
797 641 956 671 obiectum
979 641 1107 670 rationis
1127 641 1264 671 nobilius
1288 647 1333 671 est
1353 641 1437 671 obie-

387 692 437 716 cto
468 685 642 725 appetitus:
669 685 744 725 quia
774 684 889 715 scilicet
911 685 994 714 ratio
1023 685 1230 724 apprehendit
1256 685 1377 724 aliquid
1404 686 1436 715 in

386 730 570 766 universali,
595 730 751 769 appetitus
769 733 874 758 autem
894 728 992 758 tendit
1015 729 1046 757 in
1062 737 1124 764 res,
1144 738 1226 768 quae
1241 729 1355 758 habent
1371 738 1438 759 esse

379 773 591 813 particulare.
615 773 703 802 Tum
726 772 800 812 quia
824 778 854 802 et
869 771 946 801 ratio
971 771 1176 810 apprehendit
1195 772 1389 811 particulare,
1408 780 1438 804 et

386 816 542 858 appetitus
566 815 664 846 tendit
685 815 718 845 in
742 815 942 845 universalia:
968 815 1146 854 appetimus
1165 815 1250 846 enim
1273 816 1392 847 famam
1408 823 1438 847 et

147 867 359 897 {ArisnRhetoric-
385 861 516 900 gloriam
542 860 574 890 in
591 859 763 895 communi,
781 865 810 889 et
824 859 947 889 odimus
970 859 1129 889 latronum
1152 869 1257 900 genus
1271 860 1298 891 *.
1314 878 1335 883 -
1350 861 1437 891 Tum

147 893 235 948 {ssf’gss’
256 899 358 921 cap.1v‚
385 904 459 945 quia
481 913 529 933 res
553 903 668 933 habent
700 902 836 932 nobilius
861 912 926 932 esse
958 901 991 931 in
1018 903 1257 942 particularibus
1285 914 1381 945 quam
1404 905 1437 935 in

384 947 562 978 universali:
587 946 662 986 quia
684 946 763 976 illud
785 953 830 976 est
853 946 943 981 reale,
961 946 1022 976 hoc
1045 946 1191 983 rationis;
1215 947 1294 978 illud
1318 949 1436 989 simpli-

385 991 466 1026 citer,
482 991 543 1020 hoc
566 990 741 1020 secundum
764 989 851 1030 quid.

439 1034 491 1065 IV.
507 1034 558 1064 Ad
580 1034 641 1064 hoc
665 1034 777 1064 dicitur
791 1034 889 1074 quod,
914 1033 987 1074 quia
1011 1034 1049 1064 de
1077 1034 1239 1066 nobilitate
1262 1036 1437 1067 intellectus

148 1085 358 1112 *Qu.1.xxx11‚art.
384 1085 415 1108 et
447 1078 617 1108 voluntatis
639 1077 672 1107 in
695 1077 800 1107 Prima
827 1078 916 1107 Parte
939 1077 956 1096 *
980 1077 1099 1108 dictum
1126 1086 1189 1116 est,
1213 1080 1286 1110 ideo
1316 1083 1437 1112 Auctor

147 1118 167 1140 3-
383 1121 515 1152 breviter
533 1121 740 1161 pertransiens
757 1121 837 1151 hanc
852 1121 1008 1152 rationem
1019 1121 1128 1154 affert.
1153 1123 1187 1153 In
1211 1134 1274 1165 qua
1290 1125 1355 1155 duo
1369 1132 1435 1155 tan-

383 1172 516 1205 guntur:
534 1165 650 1196 scilicet
671 1165 788 1195 modus
812 1165 961 1205 operandi
986 1165 1159 1207 utriusque,
1185 1174 1215 1198 et
1239 1168 1436 1199 conditiones

383 1209 589 1240 obiectorum.
622 1209 844 1240 Universalitas
867 1219 1005 1250 namque
1036 1217 1066 1240 et
1088 1211 1313 1251 particularitas
1337 1221 1434 1250 extra,

383 1253 577 1284 conditiones
600 1260 673 1283 sunt
692 1253 888 1284 obiectorum
910 1254 1039 1284 rationis
1056 1261 1086 1285 et
1110 1255 1284 1296 appetitus:
1309 1258 1436 1288 tendere

382 1305 488 1328 autem
512 1298 551 1327 ad
574 1304 667 1335 extra,
688 1304 718 1327 et
739 1297 854 1327 habere
876 1297 909 1327 in
933 1308 975 1334 se,
992 1299 1081 1328 modi
1100 1306 1174 1330 sunt
1196 1301 1363 1340 operandi,
1382 1302 1435 1332 ille

382 1341 549 1382 appetitus,
572 1341 630 1371 iste
652 1341 837 1372 intellectus.
862 1341 903 1372 Et
925 1341 977 1372 ille
1000 1342 1130 1383 quidem
1153 1343 1185 1373 in
1208 1344 1309 1375 littera
1336 1346 1435 1386 expri-

381 1386 493 1416 mitur:
514 1385 571 1416 iste
594 1392 700 1416 autem
724 1394 805 1421 non;
831 1385 885 1416 sed
907 1385 1085 1417 insinuatur
1108 1394 1138 1418 et
1161 1398 1197 1418 ex
1220 1389 1380 1429 opposito,
1405 1397 1435 1421 et

382 1439 418 1459 ex
442 1429 622 1460 conditione
646 1429 775 1466 obiecti,
802 1429 877 1470 quia
905 1430 1080 1461 universale
1107 1431 1140 1461 in
1171 1432 1275 1463 anima
1299 1440 1353 1464 est.
1378 1434 1435 1465 Est

380 1473 475 1513 igitur
497 1473 635 1504 nobilior
656 1473 736 1504 ratio
760 1473 911 1513 appetitu,
928 1474 1003 1514 quia
1027 1475 1234 1515 apprehendit
1253 1477 1286 1507 in
1310 1478 1434 1509 univer-

381 1517 453 1547 sali:
481 1517 561 1548 idest
588 1517 663 1558 quia
685 1517 810 1557 respicit
831 1527 879 1548 res
895 1519 1078 1549 >secundum
1108 1530 1174 1550 esse
1204 1521 1376 1558 elevatum,
1400 1522 1434 1552 in

381 1572 446 1602 quo
470 1562 623 1592 uniuntur
647 1562 756 1592 omnia
782 1559 979 1602 particularia
1002 1573 1082 1603 quae
1112 1563 1144 1594 in
1168 1574 1200 1595 re
1225 1565 1322 1596 divisa
1349 1573 1432 1597 sunt.

382 1606 466 1637 Cum
481 1606 566 1636 enim
581 1606 723 1646 dispersa
739 1607 771 1635 in
788 1606 1003 1647 inferioribus,
1022 1609 1112 1638 unita
1127 1609 1191 1639 sint
1206 1610 1238 1639 in
1253 1611 1412 1650 superiori
1418 1620 1433 1649 ;

382 1656 411 1680 et
434 1649 631 1690 particularia
645 1649 678 1680 in
702 1649 868 1680 universali
888 1650 1046 1687 uniantur,
1069 1652 1102 1681 in
1128 1652 1235 1692 seipsis
1256 1653 1433 1694 dispergan-

381 1701 446 1724 tur:
472 1703 668 1734 consequens
698 1700 744 1724 est
771 1700 806 1724 ut
829 1693 1003 1725 universale
1033 1695 1150 1726 altioris
1174 1696 1213 1727 sit
1241 1698 1368 1729 ordinis.
1394 1699 1434 1729 Et

380 1738 441 1768 hoc
472 1738 585 1768 directe
608 1737 741 1767 intendit
771 1737 889 1774 littera,
912 1734 993 1778 quae
1024 1749 1060 1769 ex
1089 1740 1213 1771 obiecto
1242 1747 1372 1772 testatur
1401 1753 1433 1772 se

380 1782 559 1821 procedere.
583 1782 699 1811 Modus
722 1787 828 1811 autem
852 1783 1021 1822 operandi,
1046 1783 1101 1823 qui
1125 1784 1280 1823 optimam
1303 1796 1433 1826 quoque

381 1825 583 1863 constitueret
605 1825 770 1861 rationem,
787 1825 837 1855 hie
853 1835 919 1855 non
936 1833 982 1857 est
1003 1827 1152 1858 intentus.
1176 1828 1238 1858 Sed
1254 1835 1287 1858 tu
1316 1830 1362 1860 uti
1377 1830 1433 1860 illo

380 1875 552 1905 memento,
577 1879 651 1899 cum
674 1869 712 1898 de
736 1869 898 1899 voluntate
922 1876 952 1900 et
973 1870 1131 1901 intellectu
1151 1879 1294 1911 respectu
1317 1873 1376 1903 Dei
1399 1874 1433 1903 in

379 1913 479 1953 patria
500 1912 657 1953 loqueris:
682 1912 725 1942 ibi
749 1913 843 1949 enim,
859 1919 958 1944 stante
977 1914 1107 1953 paritate
1130 1915 1252 1952 obiecti,
1274 1926 1310 1947 ex
1333 1917 1432 1947 modo

379 1956 571 1997 praeeminet
593 1956 778 1987 intellectus.

434 2001 472 2031 V.
489 2001 540 2030 Ad
563 2000 684 2030 obiecta
707 2007 813 2030 autem
827 2000 860 2030 in
877 2001 1062 2040 oppositum
1074 1999 1090 2016 *
1114 2002 1226 2033 dicitur
1241 2005 1329 2044 quod
1345 2015 1432 2044 prae-

379 2054 450 2075 sens
473 2054 576 2074 sermo
603 2054 668 2074 non
692 2051 854 2084 comparat
875 2045 1031 2075 rationem
1058 2046 1211 2086 appetitui
1241 2047 1432 2079 intellectivo

379 2089 412 2119 in
436 2088 551 2128 specie:
575 2088 630 2118 sed
657 2088 809 2128 appetitui
837 2089 1001 2119 communi
1028 2090 1201 2127 voluntati,
1227 2091 1373 2123 irascibili
1403 2100 1434 2124 et

380 2132 625 2172 concupiscibili.
650 2132 742 2162 Unde
766 2138 850 2172 patet
866 2133 963 2173 quod,
988 2133 1068 2164 sicut
1090 2135 1169 2165 ratio
1193 2145 1248 2175 per
1272 2146 1304 2166 se
1328 2137 1432 2177 primo

380 2183 425 2207 est
448 2176 639 2212 universalis,
657 2182 687 2206 et
709 2176 819 2206 reflexe
842 2176 1053 2216 particularis;
1076 2178 1118 2208 ita
1141 2179 1298 2219 appetitus
1322 2191 1378 2221 per
1400 2192 1432 2212 se

378 2220 503 2260 respicit
517 2230 565 2250 res
588 2220 620 2250 in
635 2220 826 2260 particulari;
849 2221 1039 2261 permissive,
1059 2222 1249 2263 inquantum
1271 2224 1432 2256 intellecti-

378 2275 436 2294 vus
461 2272 515 2300 est,
540 2264 664 2304 respicit
687 2264 870 2295 universale.
898 2265 1103 2306 Comparatio
1126 2273 1233 2297 autem
1259 2267 1294 2298 fit
1322 2279 1432 2299 secun-

379 2309 457 2338 dum
480 2308 635 2348 pn'maria.
655 2317 720 2337 non
737 2309 912 2338 secundum
927 2310 1109 2339 secundaria
1128 2311 1258 2342 obiecta.
1276 2329 1295 2334 -
1311 2313 1434 2343 Dicitur

379 2353 519 2382 secundo
535 2352 634 2392 quod,
657 2351 731 2391 quia
755 2352 912 2392 appetitus
934 2352 996 2383 hoe
1025 2353 1131 2393 ipsum
1155 2355 1243 2394 quod
1270 2356 1377 2386 tendat
1399 2357 1432 2386 in

379 2396 562 2432 universale,
579 2395 672 2426 habet
695 2406 712 2425 a
735 2396 868 2432 ratione;
892 2396 964 2426 ideo
984 2397 1072 2433 ratio,
1091 2407 1172 2437 quae
1196 2408 1232 2428 ex
1255 2399 1357 2439 seipsa
1372 2400 1433 2431 hoc

378 2440 480 2476 habet,
499 2439 592 2469 etiam
616 2439 647 2469 in
670 2439 732 2469 hoc
755 2446 801 2469 est
823 2440 969 2471 nobilior.
991 2441 1033 2471 Et
1056 2448 1091 2472 ut
1123 2442 1304 2473 excludatur
1328 2444 1432 2474 omnis

379 2483 542 2518 cavillatio,
566 2483 660 2513 dicito
684 2484 772 2523 quod
794 2484 840 2513 vis
864 2483 992 2514 rationis
1023 2485 1164 2516 consistit
1190 2486 1223 2515 in
1247 2486 1322 2523 hoc,
1344 2489 1432 2528 quod

377 2527 456 2558 ratio
480 2527 579 2557 tendit
601 2537 638 2556 ex
661 2537 693 2556 se
716 2526 748 2557 in
773 2527 955 2563 universale,
975 2528 1018 2558 ita
1041 2529 1128 2568 quod
1152 2529 1246 2560 habet
1267 2530 1374 2570 ipsum
1398 2538 1433 2562 ut

378 2572 555 2611 proprium.
581 2571 679 2607 Quod
701 2571 780 2601 nulli
809 2571 896 2601 alteri
920 2572 1082 2610 convenit:
1112 2573 1187 2613 quia
1210 2574 1381 2613 appetitus,
1407 2575 1432 2605 si

378 2615 477 2646 tendit
500 2615 532 2645 in
556 2615 739 2651 universale,
756 2615 850 2645 habet
871 2615 932 2646 hoc
956 2626 992 2646 ex
1016 2616 1088 2652 alio,
1105 2623 1136 2647 et
1158 2624 1194 2647 ut
1218 2619 1432 2649 communica-

378 2667 456 2695 tum,
475 2666 504 2690 et
523 2658 745 2699 participative.
771 2659 806 2689 In
830 2658 919 2690 cuius
939 2659 1074 2699 signum,
1099 2661 1256 2701 appetitus
1279 2663 1379 2693 tendit
1400 2663 1432 2693 in

378 2703 550 2734 universale
574 2703 672 2742 magis
701 2713 737 2732 ex
760 2713 795 2733 ea
819 2710 906 2743 parte
930 2713 993 2744 qua
1021 2704 1216 2735 distribuitur
1238 2706 1270 2735 in
1294 2707 1431 2746 particu-

377 2747 462 2783 laria,
485 2757 582 2787 quam
605 2747 795 2787 inquantum
825 2747 857 2777 in
887 2757 918 2777 se
943 2747 1012 2778 unit
1034 2748 1101 2778 illa:
1125 2749 1215 2779 cuius
1246 2751 1433 2790 oppositum

377 2791 489 2821 accidit
511 2791 543 2821 in
566 2791 744 2828 intellectu,
769 2797 799 2821 et
822 2798 868 2821 est
895 2791 995 2831 magis
1025 2792 1062 2822 de
1091 2793 1210 2823 ratione
1239 2794 1431 2825 universalis.

376 2835 564 2875 Appetimus
581 2835 665 2864 enim
681 2835 814 2874 gloriam
830 2835 861 2864 in
878 2835 1055 2872 universali,
1069 2846 1127 2876 pro
1143 2844 1263 2877 quanto
1280 2838 1432 2869 vellemus

376 2879 508 2918 gloriam
532 2878 655 2909 extendi
674 2879 713 2908 ad
737 2888 867 2908 omnem
883 2879 1029 2918 gloriam;
1051 2887 1080 2910 et
1099 2880 1240 2911 similiter
1255 2882 1326 2912 odio
1341 2883 1433 2913 habe-

377 2932 447 2953 mus
461 2923 620 2953 latronum
636 2933 750 2963 genus,
769 2932 827 2962 pro
847 2930 966 2963 quanto
984 2924 1022 2953 ad
1042 2934 1154 2954 omnes
1170 2925 1305 2956 latrones
1321 2926 1433 2956 odium

376 2966 580 2997 extendimus.
597 2966 802 3006 Intelligimus
818 2967 894 2997 haec
910 2967 941 2996 in
958 2967 1133 3004 universali,
1151 2979 1166 2998 e
1186 2978 1353 3000 converso:
1374 2980 1432 3010 pro

377 3018 497 3050 quanto
521 3010 638 3040 scilicet
662 3010 759 3041 divisa
788 3011 826 3040 ad
850 3021 953 3046 unum
977 3012 1222 3052 contemplando
1246 3020 1401 3045 tenemus.

429 3055 479 3084 Ad
503 3054 673 3084 secundam
697 3061 803 3084 autem
827 3055 1038 3085 obiectionem
1064 3056 1175 3086 dicitur
1199 3058 1288 3099 quod
1311 3068 1377 3088 esse
1400 3058 1432 3088 in

378 3097 543 3128 universali
574 3108 640 3128 non
671 3098 806 3128 sumitur
832 3108 890 3138 pro
921 3099 1179 3130 denominatione
1212 3111 1292 3141 quae
1321 3101 1434 3132 dicitur

379 3141 606 3172 universalitas:
625 3142 679 3171 sed
698 3152 755 3182 pro
772 3152 837 3172 esse
851 3142 1059 3180 immateriali,
1076 3154 1094 3174 a
1109 3154 1184 3185 quo,
1201 3145 1234 3174 in
1251 3145 1355 3176 anima
1371 3145 1432 3176 exi-

377 3192 494 3221 stente,
518 3195 565 3216 res
590 3192 673 3216 extra
697 3186 918 3217 denominatur
935 3187 1102 3218 extrinsece
1126 3188 1318 3220 universalis.
1344 3189 1432 3220 Con-

377 3236 436 3260 stat
459 3236 564 3260 autem
591 3229 679 3270 quod
703 3240 769 3260 esse
797 3230 1001 3262 immateriale
1028 3239 1073 3263 est
1096 3232 1191 3268 reale,
1216 3240 1246 3263 et
1269 3233 1432 3263 nobilioris

376 3283 411 3303 ac
427 3273 543 3304 altioris
568 3273 702 3310 ordinis;
727 3274 805 3304 adeo
823 3281 857 3305 ut
873 3285 975 3305 unum
995 3275 1195 3306 individuum
1218 3277 1432 3307 immaterialis

377 3317 494 3347 ordinis
511 3318 706 3358 aequivaleat
725 3317 853 3348 infinitis
877 3319 1113 3358 particularibus
1138 3321 1345 3351 materialiter.
1358 3339 1378 3344 —
1392 3321 1433 3352 Et

377 3361 449 3391 licet
481 3371 546 3391 esse
569 3361 774 3392 immateriale
798 3372 903 3392 rerum
936 3364 1145 3394 materialium
1169 3364 1208 3395 sit
1232 3375 1297 3395 esse
1322 3375 1430 3395 earum

377 3405 552 3435 secundum
567 3406 652 3446 quid,
671 3412 716 3436 est
739 3412 844 3436 tamen
861 3406 893 3436 in
911 3417 952 3442 se,
971 3414 1000 3437 et
1019 3407 1051 3437 in
1071 3408 1180 3438 ordine
1197 3408 1343 3444 universi,
1365 3419 1431 3439 esse

377 3448 558 3488 simpliciter
581 3456 610 3479 et
633 3449 839 3480 eminentius:
865 3450 945 3481 sicut
968 3452 1025 3481 bos
1058 3451 1090 3481 in
1114 3452 1179 3482 sole
1204 3462 1269 3482 non
1300 3459 1346 3482 est
1374 3453 1432 3483 bos

377 3492 566 3532 simpliciter,
586 3500 691 3523 tamen
716 3503 781 3523 esse
805 3494 890 3530 solis,
907 3495 995 3535 quod
1017 3502 1062 3525 est
1091 3496 1263 3526 eminenter
1286 3497 1362 3532 bos,
1388 3503 1433 3527 est

376 3545 442 3566 esse
466 3536 646 3576 simpliciter
662 3538 809 3569 nobilius,
828 3538 920 3568 Unde
946 3539 1109 3570 consuevit
1128 3540 1187 3570 dici
1209 3541 1297 3580 quod
1312 3540 1370 3570 bos
1387 3546 1433 3571 est

143 2012 153 2020 “
170 2010 205 2032 Cf.
221 2016 284 2032 num.
299 2016 332 2032 ιιι.

1053 205 1317 262 QUAEsTio
1347 215 1484 262 LXVI,
1513 214 1807 251 ARTICULUS
1837 214 1886 250 111

1492 291 1674 330 simpliciter
1703 291 1761 320 bos
1783 291 1816 320 in
1849 290 2044 330 particulari,
2070 299 2100 323 et
2122 294 2180 323 bos
2204 294 2379 324 secundum
2411 293 2489 334 quid
2516 294 2549 324 in

1492 335 1612 364 anima:
1638 341 1683 365 est
1711 341 1815 364 tamen
1845 344 1900 364 ens
1928 335 2066 366 nobilius
2089 336 2121 366 in
2150 337 2255 368 anima
2278 348 2375 378 quarn
2399 338 2431 368 in
2455 338 2549 378 parti—

1492 377 1598 408 culari.
1616 378 1656 408 Et
1678 377 1740 408 hoc
1764 377 1878 408 sufficit
1901 379 2076 418 proposito,
2101 381 2156 411 ubi
2180 382 2218 411 de
2241 381 2404 412 nobilitate
2428 381 2547 422 simpli-

1492 421 1566 451 citer
1598 421 1728 457 obiecti,
1760 428 1790 451 et
1820 431 1885 451 non
1909 430 2051 462 respectu
2081 424 2176 455 huius
2202 435 2259 455 nec
2289 425 2374 455 illius
2406 425 2548 465 specialis

1491 465 1669 505 praedicati,
1686 471 1763 505 puta
1785 465 1885 501 bovis,
1906 465 1989 506 equi,
2010 473 2077 503 etc.,
2095 475 2141 498 est
2163 478 2278 499 sermo.

1514 512 1516 514 '
1546 509 1598 539 VI.
1624 509 1658 538 In
1683 509 1797 538 eodem
1819 509 1951 540 articulo
1974 511 2066 541 tertio
2090 512 2224 543 dubium
2251 519 2305 548 est,
2330 512 2406 552 quia
2427 515 2548 543 Auctor

1490 552 1613 582 videtur
1627 552 1660 582 in
1677 552 1759 583 calce
1776 553 1896 583 articuli
1912 553 2002 594 quasi
2017 561 2179 586 retractare
2195 556 2434 586 conclusionem
2452 556 2547 587 huius

1491 596 1622 632 articuli,
1640 596 1756 626 scilicet
1780 597 1869 636 quod
1883 597 2013 628 virtutes
2028 598 2252 630 intellectuales
2267 606 2349 636 sunt,
2366 599 2548 640 simpliciter

1490 640 1664 680 loquendo,
1680 639 1850 670 nobiliores
1874 650 1971 681 quam
1994 642 2129 672 morales
2137 652 2144 680 ;
2167 644 2244 674 dum
2264 643 2338 674 dicit
2352 643 2441 684 quod
2464 644 2547 674 ratio

1491 685 1619 715 virtutis
1640 685 1746 725 magis
1768 685 1914 724 competit
1937 685 2072 723 morali,
2096 693 2127 717 et
2149 688 2238 728 quod
2268 689 2402 719 virtutes
2425 687 2547 718 intelle-

1491 728 1613 758 ctuales
1634 733 1710 758 sunt
1724 728 1893 759 nobiliores
1914 729 2059 767 habitus;
2076 730 2166 770 quasi
2180 731 2261 762 dicat
2285 731 2376 771 quod
2391 741 2457 762 non
2473 737 2548 762 sunt

1491 771 1662 802 nobiliores
1685 771 1832 808 virtutes,
1857 773 2001 812 quamvis
2024 773 2087 804 sint
2109 774 2278 805 nobiliores
2305 775 2441 806 habitus.
2462 792 2484 798 -
2506 775 2549 806 Et

1492 814 1696 846 confirmatur
1723 815 1799 846 haec
1827 816 1979 847 sententia
2002 826 2040 847 ex
2061 817 2247 858 supradictis
2269 819 2302 849 in
2325 826 2382 850 art.
2409 820 2425 849 3
2450 828 2546 860 quae-

1492 859 1600 890 stionis
1615 870 1676 896 LVI,
1692 860 1747 890 ubi
1764 859 1884 891 dictum
1900 867 1946 891 est
1964 860 2054 901 quod
2075 861 2205 891 virtutes
2227 862 2451 894 intellectuales
2473 870 2547 894 sunt

1490 903 1619 934 virtutes
1643 904 1818 934 secundum
1841 903 1927 945 quid,
1948 904 2083 935 morales
2098 911 2205 935 autem
2228 913 2303 936 sunt
2321 906 2451 937 virtutes
2475 907 2547 937 sim-

1491 947 1620 987 pliciter,
1633 954 1764 988 propter
1778 947 1932 979 rationem
1947 948 1997 979 hic
2012 955 2136 985 tactam,
2152 955 2182 979 et
2196 948 2239 979 ibi
2255 949 2454 990 explicatam;
2471 951 2547 992 quia

1491 991 1607 1022 scilicet
1629 991 1757 1023 moralis
1784 991 1904 1031 perficit
1930 992 1970 1022 ad
1993 992 2212 1023 rectitudinem
2239 999 2326 1024 actus
2348 993 2382 1024 in
2404 1005 2437 1025 se
2460 1001 2491 1025 et
2513 994 2546 1025 in

1491 1035 1558 1065 eius
1582 1045 1652 1072 usu,
1676 1035 2021 1066 intellectualis-autem
2043 1036 2077 1066 in
2100 1046 2133 1066 se
2156 1043 2289 1068 tantum.
2313 1037 2361 1068 Ex
2375 1038 2437 1068 hoc
2460 1038 2546 1069 enim

1490 1079 1630 1119 arguitur
1652 1079 1741 1110 facile
1764 1079 1818 1110 sic.
1842 1080 1940 1116 Quod
1962 1086 2008 1110 est
2030 1080 2091 1110 tale
2114 1080 2315 1120 simpliciter,
2339 1087 2386 1113 est
2407 1082 2546 1113 nobilius

1489 1123 1522 1153 in
1546 1133 1612 1153 esse
1628 1123 1682 1154 tali
1698 1133 1795 1164 quam
1818 1123 1907 1164 quod
1931 1130 1977 1154 est
1999 1124 2060 1154 tale
2083 1124 2259 1155 secundum
2281 1125 2375 1165 quid:
2399 1125 2454 1156 sed
2476 1136 2546 1157 mo-

1489 1167 1561 1197 ralis
1591 1174 1638 1198 est
1659 1167 1758 1198 virtus
1788 1167 1987 1207 simpliciter,
2011 1167 2229 1199 intellectualis
2252 1169 2429 1199 secundum
2451 1169 2544 1210 quid:

1489 1221 1563 1251 ergo
1587 1211 1715 1241 moralis
1739 1217 1785 1242 est
1808 1211 1945 1242 nobilior
1966 1211 2065 1242 virtus
2088 1221 2186 1252 quam
2208 1212 2435 1244 intellectuali&

1544 1255 1611 1286 VII.
1629 1256 1679 1286 Ad
1701 1255 1764 1286 hoc
1787 1255 1900 1286 dicitur
1923 1255 2126 1286 concedendo
2152 1256 2242 1297 quod
2263 1259 2385 1287 Auctor
2406 1256 2440 1287 in
2463 1257 2548 1288 calce

1489 1299 1609 1330 articuli
1633 1299 1831 1330 declaraverit
1853 1299 2063 1331 intentionem
2086 1310 2193 1336 suam,
2221 1301 2311 1341 quod
2332 1300 2467 1331 intendit
2488 1301 2549 1332 has

1487 1350 1548 1374 tres
1564 1343 1798 1384 propositiones
1822 1354 1888 1374 esse
1904 1353 2002 1380 veras,
2019 1350 2050 1375 et
2068 1351 2148 1375 stare
2167 1344 2278 1375 simul:
2302 1345 2441 1376 Virtutes
2455 1345 2546 1376 intel-

1487 1387 1635 1419 lectuales
1658 1394 1733 1419 sunt
1754 1387 1926 1418 nobiliores
1949 1388 2138 1425 moralibus;
2162 1389 2301 1420 Virtutes
2320 1389 2546 1421 intellectuales

1487 1438 1561 1462 sunt
1584 1432 1756 1462 nobiliores
1785 1431 1910 1462 habitus
1940 1442 2038 1473 quam
2061 1432 2213 1469 morales;
2238 1433 2376 1464 Virtutes
2407 1432 2544 1465 morales

1488 1482 1561 1506 sunt
1583 1476 1753 1506 nobiliores
1775 1476 1904 1506 virtutes
1931 1486 2029 1516 quam
2058 1476 2292 1507 intellectuales.
2325 1477 2488 1515 Quoniam
2510 1478 2544 1508 in

1487 1520 1589 1561 prima
1612 1519 1647 1551 fit
1670 1520 1864 1560 comparatio
1881 1530 1947 1550 non
1970 1521 2146 1551 secundum
2164 1520 2245 1551 hanc
2267 1521 2318 1551 vel
2338 1521 2426 1552 illam
2448 1522 2544 1553 ratio-

1487 1574 1570 1601 nem,
1591 1565 1646 1595 sed
1676 1564 1873 1604 simpliciter;
1897 1564 1930 1594 in
1954 1565 2107 1600 secunda,
2131 1565 2164 1594 in
2196 1564 2317 1595 ratione
2344 1565 2486 1602 habitus;
2510 1566 2544 1596 in

1486 1609 1584 1645 tertia,
1608 1608 1641 1638 in
1664 1608 1784 1638 ratione
1806 1608 1938 1639 virtutis.

1542 1653 1604 1683 Sed
1626 1652 1700 1682 huic
1716 1651 1905 1691 expositioni
1921 1652 2024 1683 obstat
2047 1651 2162 1691 primo,
2178 1652 2253 1692 quia
2269 1662 2372 1683 sermo
2395 1653 2544 1684 Auctoris
2581 1665 2583 1667 ·

1487 1697 1579 1726 debet
1602 1706 1668 1726 esse
1691 1695 1832 1725 formalis
1840 1704 1847 1731 ;
1872 1705 1907 1725 ac
1926 1705 1981 1735 per
1996 1695 2067 1731 hoc,
2091 1695 2124 1724 in
2147 1702 2278 1726 tractatu
2303 1697 2341 1726 de
2363 1695 2542 1734 virtutibus,

1487 1739 1649 1770 conclusio
1666 1739 1771 1769 dicens
1787 1739 1875 1779 quod
1893 1739 2118 1769 intellectuales
2131 1739 2260 1770 virtutes
2277 1746 2352 1770 sunt
2372 1740 2544 1772 nobiliores

1486 1783 1668 1819 moralibus,
1689 1784 1780 1813 debet
1802 1782 1952 1813 verificari
1975 1782 2159 1822 formaliter,
2179 1783 2295 1815 scilicet
2318 1783 2357 1814 de
2375 1784 2543 1815 virtutibus

1485 1829 1677 1868 inquantum
1706 1827 1836 1857 virtutes
1859 1833 1942 1857 sunt.
1959 1844 1980 1849 —
2003 1826 2116 1858 Obstat
2146 1828 2303 1864 secundo,
2325 1828 2400 1869 quia
2422 1831 2545 1860 Auctor

1485 1872 1553 1912 ipse
1575 1872 1608 1901 in
1627 1871 1686 1901 hac
1708 1871 1810 1901 littera
1827 1871 1896 1901 vult
1915 1871 2004 1911 quod
2026 1870 2134 1907 virtus,
2149 1871 2342 1912 inquantum
2363 1873 2472 1910 virtus,
2489 1873 2544 1904 ha-

1485 1916 1538 1946 bet
1560 1915 1697 1955 speciem
1721 1925 1757 1945 ex
1780 1914 1914 1951 obiecto,
1930 1921 1960 1945 et
1983 1925 2020 1945 ex
2042 1914 2104 1946 hoc
2126 1915 2282 1947 iudicetur
2308 1916 2446 1947 nobilior
2468 1917 2543 1948 sim-

1486 1959 1615 1999 pliciter.
1633 1959 1665 1989 Si
1682 1958 1767 1989 enim
1783 1969 1800 1989 a
1817 1956 1958 1990 doctrina
1976 1969 2086 1989 sensus
2109 1959 2251 1990 formalis
2275 1960 2404 1997 tollitur,
2422 1960 2545 1992 obiecta

1485 2002 1712 2034 incertitudinis
1736 2003 1829 2042 plena
1852 2010 1935 2039 sunt,
1958 2009 1994 2033 ut
2016 2003 2129 2034 dicitur
2150 2003 2183 2033 in
2207 2004 2250 2034 IV
2272 2004 2455 2045 Metaphys.
2471 2005 2491 2024 *

1541 2047 1623 2078 VIII.
1651 2045 1830 2077 Dicendum
1858 2054 1904 2077 est
1932 2057 2006 2087 ergo
2037 2047 2126 2088 quod
2152 2047 2286 2078 intentio
2316 2048 2465 2079 Auctoris
2493 2047 2544 2080 hic

1486 2098 1533 2122 est
1560 2091 1637 2122 duas
1660 2097 1787 2122 tantum
1808 2091 2042 2131 propositiones
2060 2098 2250 2128 construere,
2266 2092 2384 2123 scilicet
2406 2092 2544 2133 primam

1485 2135 1676 2176 simpliciter,
1697 2141 1728 2165 et
1750 2135 1873 2165 tertiam
1897 2136 2073 2166 secundum
2096 2136 2182 2176 quid,
2200 2136 2280 2167 idest
2302 2146 2376 2167 cum
2399 2137 2547 2168 determi-

1485 2180 1622 2216 natione,
1639 2186 1674 2210 ut
1690 2179 1905 2210 declarabitur.
1930 2179 2074 2210 Secunda
2098 2179 2182 2210 enim
2201 2180 2311 2211 incidit
2333 2190 2408 2211 cum
2429 2181 2543 2222 prima,

1486 2231 1521 2254 ut
1543 2223 1763 2254 declarabitur:
1787 2223 1820 2253 in
1843 2233 1937 2253 sensu
1961 2223 2046 2253 enim
2065 2223 2218 2263 exposito,
2235 2224 2440 2265 impertinens
2465 2224 2545 2268 (non

1486 2268 1571 2298 enim
1593 2267 1644 2297 hic
1668 2267 1706 2297 de
1725 2267 1849 2298 habitus
1865 2267 1985 2298 ratione
2001 2266 2161 2310 tractatur)
2186 2275 2242 2299 est.
2258 2268 2309 2299 Ad
2324 2279 2465 2309 quorum
2481 2268 2544 2300 evi-

1485 2311 1634 2347 dentiam,
1651 2311 1815 2341 sciendum
1831 2318 1877 2341 est
1892 2311 1980 2351 quod
2004 2311 2170 2351 dupliciter
2184 2312 2299 2352 exponi
2318 2319 2424 2352 potest
2439 2322 2544 2343 sermo

1486 2356 1524 2385 de
1547 2355 1714 2385 virtutibus
1743 2355 1934 2394 inquantum
1956 2355 2101 2385 virtutes:
2126 2362 2232 2395 potest
2258 2366 2397 2396 namque
2427 2356 2470 2387 ibi
2494 2358 2543 2388 in-

1485 2404 1638 2439 quantum
1662 2398 1868 2428 determinare
1885 2398 2040 2428 rationem
2056 2409 2263 2429 communem
2275 2399 2415 2436 virtutis;
2440 2407 2471 2431 et
2484 2410 2542 2440 po-

1485 2450 1544 2474 test
1567 2442 1772 2473 determinare
1796 2441 1954 2482 specificas
1979 2442 2165 2473 differentias
2193 2443 2356 2474 virtutum.
2386 2444 2418 2474 Si
2441 2445 2544 2475 deter-

1486 2486 1623 2517 minetur
1646 2486 1825 2516 communis
1849 2486 1928 2516 ratio
1947 2485 2080 2523 virtutis,
2100 2486 2143 2516 sic
2166 2486 2296 2517 virtutes
2318 2487 2454 2518 morales
2470 2495 2544 2520 sunt

1485 2530 1656 2560 nobiliores
1678 2529 1956 2560 intellectualibus:
1981 2530 2056 2570 quia
2085 2530 2264 2561 communis
2296 2531 2375 2561 ratio
2398 2531 2541 2568 virtutis,

1486 2580 1521 2604 ut
1543 2574 1576 2604 in
1599 2573 1700 2604 littera
1723 2573 1846 2609 dicitur,
1863 2573 1998 2603 sumitur
2022 2583 2058 2603 ex
2081 2574 2190 2604 ordine
2215 2574 2254 2604 ad
2277 2581 2397 2611 actum,
2420 2575 2454 2605 in
2477 2584 2543 2616 quo

1486 2624 1644 2658 praestant
1667 2617 1802 2647 morales
1831 2617 2102 2648 intellectualibus.
2127 2618 2160 2648 Si
2187 2627 2262 2648 vero
2297 2618 2545 2650 determinentur

1486 2661 1648 2702 specificae
1672 2660 1862 2692 differentiae
1885 2661 2048 2697 virtutum,
2065 2661 2109 2692 sic
2130 2661 2356 2692 intellectuales
2386 2669 2544 2702 praestant

1486 2705 1676 2736 moralibus:
1702 2705 1776 2745 quia
1792 2705 1909 2736 habent
1930 2705 2069 2736 nobilius
2090 2705 2260 2743 obiectum,
2276 2707 2361 2736 unde
2385 2706 2544 2747 specificas

1486 2750 1660 2780 sortiuntur
1683 2749 1878 2780 differentias.
1895 2749 1936 2780 Et
1958 2756 2062 2780 totum
2087 2749 2274 2790 oppositum
2298 2757 2344 2781 est
2367 2750 2434 2781 eius
2453 2750 2543 2792 quod

1486 2793 1674 2834 praecedens
1697 2793 1851 2833 expositio
1867 2792 1886 2811 ⁴*
1910 2793 2048 2824 credidit.
2072 2793 2156 2830 Quia
2171 2793 2300 2824 virtutes
2316 2794 2544 2826 intellectuales

1486 2844 1560 2868 sunt
1583 2837 1764 2877 simpliciter
1786 2847 1852 2867 non
1876 2837 1982 2867 solum
2006 2837 2162 2867 nobiliora
2185 2838 2277 2873 entia,
2294 2838 2348 2868 sed
2371 2838 2542 2869 nobiliores

1485 2882 1625 2917 virtutes,
1642 2881 1830 2911 moralibus:
1851 2881 1923 2911 licet
1946 2881 2008 2912 sint
2030 2878 2233 2921 ignobiliores
2256 2882 2432 2912 secundum
2456 2893 2543 2914 com-

1487 2935 1618 2955 munem
1641 2925 1796 2955 rationem
1819 2925 1950 2961 virtutis,
1972 2935 2053 2965 quae
2069 2925 2168 2965 magis
2191 2926 2339 2956 convenit
2352 2926 2542 2963 moralibus;

1485 2969 1587 2999 immo
1611 2969 1654 2999 eis
1681 2969 1881 3008 simpliciter,
1905 2975 1934 2999 et
1957 2969 2218 2999 intellectualibus
2250 2970 2542 3011 secundum‘quid.

1486 3013 1547 3043 Sed
1566 3013 1642 3043 haec
1665 3013 1767 3043 maior
1785 3012 1940 3049 nobilitas,
1959 3013 2075 3044 scilicet
2097 3013 2210 3043 habere
2227 3023 2433 3044 communem
2449 3014 2543 3045 ratio-

1486 3067 1559 3087 nem
1578 3057 1701 3087 virtutis
1724 3057 1916 3097 simpliciter,
1932 3067 1998 3086 non
2014 3057 2067 3087 dat
2082 3057 2237 3087 maiorem
2256 3058 2455 3089 nobilitatem
2472 3058 2543 3089 sim-

1485 3101 1615 3141 pliciter,
1633 3101 1687 3131 sed
1710 3101 1886 3131 secundum
1909 3100 2005 3141 quid:
2029 3100 2104 3141 quia
2127 3107 2245 3141 spectat
2274 3101 2314 3131 ad
2338 3111 2404 3133 esse
2426 3101 2543 3143 princi-

1485 3145 1576 3185 pium
1592 3151 1689 3181 actus,
1706 3145 1800 3180 unde,
1814 3151 1849 3175 ut
1861 3145 1894 3175 in
1909 3145 2010 3176 littera
2026 3144 2148 3181 dicitur,
2164 3154 2230 3174 non
2247 3145 2382 3176 sumitur
2394 3145 2542 3177 nobilitas

1485 3188 1667 3229 simpliciter
1689 3189 1804 3226 maior,
1826 3189 1879 3219 sed
1904 3189 2080 3219 secundum
2107 3189 2194 3229 quid.
2216 3189 2256 3220 Et
2279 3189 2421 3220 similiter
2443 3200 2480 3223 ex
2502 3199 2541 3221 eo

1485 3233 1573 3273 quod
1603 3233 1826 3263 intellectuales
1849 3232 1979 3263 virtutes
2008 3239 2082 3263 sunt
2105 3233 2281 3263 secundum
2304 3233 2382 3274 quid
2412 3233 2541 3265 virtutes

1486 3277 1661 3307 secundum
1684 3287 1891 3307 communem
1913 3276 2036 3307 virtutis
2058 3276 2230 3314 rationem,
2254 3287 2321 3307 non
2344 3277 2404 3308 nisi
2431 3286 2541 3308 secun-

1486 3321 1563 3350 dum
1587 3320 1664 3362 quid
1692 3320 1895 3360 ignobiliores
1924 3327 2098 3351 censentur.
2125 3321 2165 3351 Et
2199 3327 2364 3362 propterea
2386 3320 2419 3352 in
2440 3320 2542 3352 littera

1486 3364 1684 3395 concluditur
1709 3365 1797 3404 quod
1819 3365 1949 3395 virtutes
1971 3364 2209 3401 intellectuales,
2230 3364 2302 3395 licet
2324 3364 2431 3396 minus
2454 3374 2541 3395 com-

1485 3418 1616 3438 munem
1639 3408 1761 3438 virtutis
1785 3408 1939 3438 rationem
1962 3408 2105 3444 habeant,
2123 3415 2197 3439 sunt
2219 3408 2390 3438 nobiliores
2413 3407 2539 3438 habitus

1484 3453 1679 3492 simpliciter,
1698 3459 1728 3482 et
1750 3462 1816 3482 non
1839 3452 1872 3482 in
1895 3451 2015 3482 ratione
2039 3452 2173 3483 habitus.
2197 3452 2230 3483 Si
2253 3451 2339 3482 enim
2362 3458 2464 3482 essent
2482 3461 2541 3482 no-

1485 3496 1609 3526 biliores
1626 3496 1658 3525 in
1681 3494 1802 3526 ratione
1825 3495 1949 3526 habitus
1966 3502 2099 3532 tantum,
2116 3502 2219 3527 essent
2240 3495 2410 3526 nobiliores
2429 3505 2541 3526 secun·

1487 3540 1564 3570 dum
1587 3540 1678 3580 quid:
1702 3550 1775 3570 cum
1799 3539 1837 3570 sit
1860 3539 2074 3579 praedicatum
2097 3540 2187 3570 valde
2211 3549 2390 3570 commune.

2570 2003 2580 2013 '
2590 2002 2627 2030 Cf.
2642 2009 2661 2025 ο.
2672 2002 2717 2025 Th.
2726 2002 2782 2024 lect.

2569 2035 2612 2051 vn.
2617 2029 2687 2052 mid.
2694 2028 2735 2051 lib.
2740 2028 2782 2056 ΠΙ,

2571 2061 2622 2084 cap.
2633 2062 2664 2083 tv,
2674 2062 2699 2079 n.
2711 2061 2744 2083 ιο,
2755 2060 2784 2077 u.

2569 2845 2578 2855 '‘
2589 2843 2624 2866 Cf.
2633 2848 2697 2866 num.
2704 2849 2782 2871 praec.
