2852 4152
3 224 6 241 .<
0 27 13 210 ..„‚,-²„

0 284 9 606 ·2·mn-—--·—ux-÷-q›⁷

1025 294 1290 342 QUAESTIO
1319 295 1422 342 VIII,
1451 295 1746 332 ARTICULUS
1775 296 1789 331 Ι
2441 297 2490 343 69

324 381 360 410 et
386 381 524 419 tacere,
554 379 590 409 et
617 372 688 409 alia
715 373 951 410 huiusmodi:
980 374 1019 410 in
1045 381 1249 422 utrumque
1278 373 1379 410 enim

323 426 462 463 horum
490 425 606 462 fertur
632 426 808 462 voluntas
837 426 907 462 sub
936 426 1080 463 ratione
1109 425 1211 462 boni.

375 479 434 516 An
449 489 608 515 Titanum
621 489 805 515 memnon
820 478 924 526 quod
940 479 1029 516 illud
1041 479 1144 527 quod
1158 491 1237 515 non
1248 485 1304 515 est
1314 490 1380 514 ens

322 530 361 567 in
380 542 507 568 rerum
526 537 672 576 natura,
693 531 872 579 accipitur
895 539 936 567 ut
956 544 1021 568 ens
1041 532 1079 568 in
1098 531 1258 568 ratione:
1278 531 1380 567 unde

322 583 541 632 negationes
559 590 597 619 et
613 582 845 631 privationes
865 583 1040 621 dicuntur
1058 584 1157 621 entia
1180 583 1333 620 rationis
1347 583 1378 620 ³².

1435 374 1509 409 Per
1536 383 1651 422 quem
1680 373 1790 410 etiam
1809 375 1967 411 modum
1988 375 2121 422 futura,
2141 382 2254 423 prout
2278 375 2491 424 apprehen-

1435 426 1586 472 duntur,
1614 433 1701 462 sunt
1728 425 1838 463 entia.
1869 427 2095 475 Inquantum
2120 426 2230 475 igitur
2253 435 2338 464 sunt
2361 427 2489 464 huius-

1434 477 1539 515 modi
1560 477 1670 525 entia,
1691 479 2026 527 apprehenduntur
2049 480 2119 516 sub
2149 479 2291 516 ratione
2318 479 2424 516 boni:
2454 487 2491 516 et

1435 531 1487 567 sic
1501 531 1677 568 voluntas
1691 531 1729 568 in
1745 544 1789 568 ea
1803 532 1932 568 tendit.
1949 532 2060 569 Unde
2073 531 2326 582 Philosophus
2342 532 2440 578 dicit,
2450 532 2488 568 in

1433 584 1469 620 V
1482 584 1601 620 Ethic.
1617 583 1648 631 *‚
1669 584 1773 633 quod
1792 596 1923 621 carere
1941 585 2041 622 malo
2060 586 2171 622 habet
2187 585 2370 622 rationem
2390 585 2487 621 boni.

995 678 1325 712 Commentaria
1347 677 1598 710 Cardihalis
1619 679 1818 712 Caietani

388 768 459 790 ntea
485 758 753 790 introductionem
777 758 969 798 quaestionis
993 766 1135 794 octavae,
1159 757 1314 798 quoniam
1337 757 1380 788 ibi

325 770 590 842 Cdistinguitur
617 809 704 832 actus
731 802 903 833 voluntatis
925 802 958 832 in
982 812 1036 833 eos
1060 802 1116 842 qui
1139 809 1213 832 sunt
1239 801 1325 837 finis,
1350 808 1381 832 et

321 847 354 878 in
378 857 432 877 eos
457 846 512 887 qui
535 852 609 876 sunt
631 855 743 876 eorum
767 856 848 886 quae
872 853 946 876 sunt
968 847 1007 876 ad
1034 845 1146 881 finem;
1171 845 1304 876 dubium
1327 854 1379 875 oc·

322 891 418 922 currit
433 901 472 921 an
497 891 588 921 detur
610 890 643 920 in
661 890 825 921 voluntate
847 895 938 920 actus
957 895 1078 920 neuter.
1103 889 1216 919 Scotus
1235 888 1329 924 enim,
1346 888 1379 918 in

322 935 334 965 I
353 935 452 972 Sent„
474 934 544 964 dist.
559 945 580 970 1,
598 944 652 974 qu.
670 944 713 970 111,
733 934 765 964 in
785 934 888 974 primo
912 934 1053 969 articulo,
1077 938 1162 963 tenet
1185 932 1250 962 dari
1273 938 1379 962 actum

320 978 354 1009 in
377 978 539 1009 voluntate
569 978 750 1008 tendentem
777 978 810 1008 in
838 977 956 1018 aliquid
987 987 1044 1007 nec
1067 983 1103 1006 ut
1125 975 1238 1011 finem,
1264 985 1321 1006 nec
1345 983 1380 1006 ut

321 1022 361 1052 ad
383 1022 490 1053 finem.
515 1022 556 1052 Et
578 1023 691 1062 probat
713 1022 766 1052 sic.
791 1021 955 1052 Voluntati
979 1027 1083 1061 potest
1103 1018 1227 1049 ostendi
1250 1018 1379 1059 aliquod

321 1067 444 1096 bonum
467 1066 625 1102 absolute,
651 1076 716 1096 non
740 1066 798 1096 sub
821 1065 942 1095 ratione
963 1071 1093 1104 propter
1116 1073 1148 1093 se
1170 1073 1228 1093 nec
1250 1070 1380 1103 propter

321 1110 408 1140 aliud
430 1110 516 1140 boni.
542 1108 582 1141 Et
604 1110 752 1140 voluntas
767 1116 873 1149 potest
888 1108 1000 1139 habere
1017 1106 1156 1148 aliquem
1172 1113 1277 1137 actum
1300 1106 1379 1137 circa

321 1154 382 1185 tale
406 1154 566 1185 obiectum
582 1164 648 1184 non
671 1153 897 1189 inordinatum,
921 1153 1080 1183 intellectu
1104 1151 1288 1181 ostendente
1302 1161 1378 1191 qua-

319 1197 390 1228 liter
407 1197 487 1228 illud
505 1198 680 1228 volendum
704 1204 759 1228 est.
784 1197 868 1236 Ergo
891 1203 995 1236 potest
1010 1196 1155 1225 voluntas
1172 1194 1319 1224 assentire
1334 1191 1379 1224 illi

321 1251 378 1272 nec
401 1249 530 1282 propter
552 1252 584 1272 se
608 1251 664 1272 nec
687 1247 816 1282 propter
838 1241 934 1276 aliud,
959 1241 1012 1270 sed
1036 1238 1189 1269 absolute.

379 1284 551 1326 Gregorius
573 1291 680 1316 autern
703 1284 742 1315 de
764 1283 919 1320 Arimino,
943 1283 976 1313 in
1001 1283 1127 1319 ISent.‚
1152 1281 1222 1311 dist.
1237 1290 1262 1317 1,
1279 1289 1333 1321 qu.
1350 1289 1378 1316 1,

321 1335 377 1360 art.
393 1339 419 1366 1,
444 1337 553 1360 tenens
576 1327 772 1369 oppositum,
796 1326 890 1357 solvit
912 1326 992 1357 hanc
1015 1326 1100 1356 Scoti
1116 1325 1280 1360 rationem,
1305 1332 1379 1354 con-

322 1381 410 1404 cesso
434 1379 614 1414 assumpto,
638 1371 784 1411 negando
807 1370 980 1410 sequelam.
1008 1369 1114 1404 Licet,
1138 1367 1254 1408 inquit,
1278 1366 1379 1407 possit

320 1416 446 1449 ostendi
471 1415 630 1453 vnlumti
659 1416 782 1445 bonum
812 1414 1009 1449 neutraliter,
1042 1419 1073 1442 et
1101 1411 1248 1441 voluntas
1279 1410 1380 1450 possit

315 1451 499 1498 cifc'a‘iiiud
514 1459 628 1489 habere
643 1465 765 1494 actum;
788 1467 855 1487 non
878 1456 993 1496 poterit
1016 1462 1121 1486 tamen
1145 1454 1258 1484 habere
1273 1460 1379 1484 actum

319 1502 504 1540 neutralem,
521 1501 576 1533 sed
591 1500 766 1533 necessario
781 1508 836 1531 aut
850 1507 980 1541 propter
994 1510 1027 1530 se
1042 1506 1097 1530 aut
1112 1504 1240 1539 propter
1253 1497 1348 1527 aliud.
1358 1514 1379 1519 -

319 1542 399 1578 Mihi
417 1551 524 1578 autem
547 1546 671 1577 videtur
686 1545 785 1586 quod,
802 1545 976 1575 secundum
996 1552 1072 1579 rem,
1097 1551 1163 1573 non
1186 1541 1278 1572 datur
1291 1547 1378 1571 actus

319 1596 444 1621 neuter:
467 1591 519 1630 pie
541 1597 648 1621 tamen
670 1589 913 1633 interpretando,
938 1587 1083 1618 sustineri
1106 1591 1222 1627 posset.

378 1634 416 1666 IL
441 1636 492 1666 Ad
514 1635 603 1666 cuius
617 1634 816 1670 evidentiam,
840 1631 918 1663 scito
941 1631 1040 1673 quod,
1057 1640 1131 1661 cum
1153 1629 1233 1660 inter
1255 1635 1377 1659 contra-

319 1678 452 1710 dictoria
474 1689 539 1710 non
555 1679 596 1710 sit
618 1678 771 1714 medium,
794 1684 825 1708 et
847 1676 1006 1707 distinctio
1025 1675 1114 1705 voliti
1137 1682 1233 1714 penes
1249 1679 1378 1713 propter

320 1731 354 1754 se
377 1729 407 1753 et
429 1729 558 1763 propter
580 1722 676 1758 aliud,
701 1723 740 1753 sit
763 1721 920 1752 distinctio
944 1730 999 1760 per
1018 1717 1267 1750 contradictoria.
1290 1716 1377 1747 Voli-

320 1773 391 1797 tum
415 1767 499 1798 enim
523 1773 653 1808 propter
675 1776 708 1796 se
732 1773 786 1796 aut
808 1764 993 1805 intelligitur
1021 1763 1173 1803 positive:
1194 1767 1225 1791 et
1247 1761 1308 1791 hoc
1332 1767 1378 1791 est

318 1809 524 1851 impossibile,
548 1810 623 1851 quia
646 1809 727 1841 sicut
750 1808 828 1840 nihil
851 1816 897 1840 est
915 1817 932 1838 a
948 1817 981 1838 se
1004 1806 1148 1847 positive,
1172 1804 1215 1836 ita
1238 1804 1317 1835 nihil
1332 1810 1379 1835 est

318 1859 449 1895 propter
478 1864 510 1886 se
538 1854 680 1896 positive.
712 1856 778 1884 Aut
807 1852 991 1892 intelligitur
1017 1851 1176 1891 negative,
1203 1849 1284 1879 idest
1311 1858 1377 1879 non

318 1905 450 1939 propter
470 1898 575 1930 aliud:
599 1905 630 1929 et
653 1898 696 1928 sic
718 1898 851 1928 habetur
874 1895 1032 1927 distinctio
1056 1893 1306 1926 contradictoria.

375 1939 442 1973 Nec
469 1943 573 1974 obstat
601 1943 627 1973 si
650 1942 817 1978 diceretur,
842 1951 879 1972 ex
902 1941 1015 1976 Scoto‚
1041 1939 1095 1970 ubi
1123 1948 1235 1979 supra,
1259 1938 1300 1967 ad
1323 1947 1376 1977 qu.

317 1986 455 2027 penult„
480 1986 569 2028 quod
591 1987 632 2018 ad
653 1986 808 2017 rationem
830 1984 902 2016 finis
926 1995 991 2015 non
1016 1983 1130 2014 sufficit
1152 1991 1218 2014 esse
1243 1981 1379 2012 volitum

317 2038 385 2060 non
406 2037 537 2072 propter
558 2030 645 2061 aliud
668 2030 820 2071 negative,
845 2030 899 2060 sed
923 2035 1050 2069 oportet
1072 2037 1138 2057 esse
1152 2025 1288 2057 volitum
1312 2035 1379 2055 non

317 2077 448 2114 propter
470 2074 555 2106 aliud
579 2074 741 2105 contrarie.
771 2073 843 2104 Hoc
867 2074 952 2103 enim
976 2072 1001 2102 si
1023 2081 1134 2102 verum
1151 2078 1213 2106 est,
1237 2069 1270 2099 in
1292 2069 1378 2099 idem

319 2123 447 2158 oportet
466 2118 577 2150 redire.
601 2117 784 2155 Quiavcum
807 2117 926 2158 aliquid
941 2123 988 2147 est
1002 2115 1139 2146 volitum
1161 2124 1228 2144 non
1251 2120 1379 2153 propter

318 2161 406 2196 aliud
426 2162 580 2202 negative,
603 2169 679 2193 tunc
701 2161 875 2192 affirmatur
896 2161 985 2201 quod
1007 2160 1088 2190 illud
1110 2165 1157 2189 est
1177 2157 1323 2193 volitum,
1348 2164 1378 2188 et

318 2212 450 2246 negatur
477 2206 587 2238 relatio
614 2206 654 2236 ad
677 2206 765 2236 aliud
786 2206 829 2241 in,
842 2205 898 2235 ino
926 2212 962 2235 ut
984 2204 1095 2234 volito.
1126 2202 1210 2234 Cum
1233 2210 1308 2231 vero
1332 2201 1377 2231 di-

317 2249 398 2280 eitur
421 2250 511 2290 quod
534 2249 654 2290 aliquid
677 2256 723 2280 est
745 2249 881 2280 volitum
904 2259 971 2279 non
993 2255 1124 2288 propter
1145 2246 1232 2277 aliud
1256 2252 1376 2276 contra-

317 2292 376 2330 rie,
401 2293 573 2324 affirmatur
599 2294 688 2335 quod
710 2293 789 2324 illud
813 2299 859 2323 est
880 2291 1033 2328 volitum;
1060 2299 1091 2322 et
1113 2298 1245 2330 negatur
1266 2289 1375 2319 relatio

316 2337 356 2367 ad
386 2337 473 2367 aliud
502 2337 535 2368 in
563 2336 619 2367 illo
643 2344 680 2368 ut
700 2337 816 2373 volito;
842 2343 872 2367 et
899 2336 1030 2376 ponitur
1056 2335 1301 2366 fundamentum
1323 2343 1376 2363 ne-

313 2385 405 2424 gatae
431 2380 591 2411 relationis
619 2381 659 2411 ad
687 2379 789 2416 aliud,
818 2379 938 2421 aliquid
964 2388 1143 2420 repugnans
1170 2376 1314 2409 relationi
1337 2376 1377 2407 ad

315 2424 404 2457 aliud
424 2425 614 2465 importatae
635 2425 669 2455 in
690 2425 724 2465 ly
736 2430 874 2465 propter
886 2425 978 2455 aliud
984 2430 998 2462 ,·
1019 2424 1101 2454 sicut
1123 2430 1197 2453 cum
1220 2422 1293 2452 dico
1312 2429 1375 2451 non

313 2468 422 2499 album
447 2469 610 2507 contrarie,
630 2479 719 2509 pono
734 2468 978 2500 fundamentum
998 2474 1128 2508 negatae
1154 2465 1306 2496 albedinis
1321 2465 1376 2495 ali-

314 2513 394 2555 quid
415 2522 594 2554 repugnans
615 2512 762 2544 albedini.
787 2512 1046 2544 Fundamentum
1062 2520 1169 2543 autem
1182 2516 1313 2550 negatae
1327 2519 1374 2539 re-

315 2556 441 2588 lationis
465 2556 505 2587 ad
527 2557 614 2588 aliud
635 2557 669 2587 in
691 2556 754 2587 fine
777 2557 888 2595 volito,
914 2567 988 2587 cum
1012 2566 1077 2586 non
1101 2555 1140 2586 sit
1163 2565 1200 2585 ex
1218 2560 1305 2594 parte
1331 2553 1374 2584 rei

315 2610 374 2631 nec
395 2600 664 2641 apprehensionis,
689 2601 775 2641 apud
799 2601 944 2637 Scotum,
970 2600 1026 2631 erit
1050 2610 1086 2630 ex
1108 2600 1179 2640 ipso
1202 2605 1274 2629 actu
1297 2597 1375 2628 voli-

314 2644 425 2675 isonis:
449 2645 493 2675 ita
516 2645 605 2686 quod
626 2644 765 2675 volitum
784 2654 820 2675 ex
843 2645 905 2675 hoc
919 2645 990 2684 ipso
1006 2643 1100 2674 habet
1114 2642 1270 2674 rationem
1283 2641 1374 2672 voliti

314 2696 383 2719 non
399 2696 532 2729 propter
553 2689 639 2720 aliud
662 2689 825 2724 contrarie,
849 2688 924 2729 quia
946 2695 1101 2728 repugnat
1123 2687 1191 2723 sibi,
1212 2693 1248 2717 ut
1261 2686 1305 2716 sic
1318 2695 1374 2716 vo-

315 2731 391 2768 lito,
414 2732 513 2763 amari
542 2739 672 2773 propter
701 2732 798 2763 aliud.
827 2733 869 2763 Et
891 2733 917 2762 si
939 2733 1001 2763 hoc
1025 2732 1155 2772 quidem
1184 2730 1375 2769 intelligatur

316 2782 474 2816 quantum
497 2777 536 2806 ad
556 2777 649 2808 illum
672 2783 788 2812 actum,
804 2777 883 2806 bene
899 2776 1018 2807 dictum
1034 2783 1089 2812 est,
1106 2772 1182 2807 etin
1196 2774 1281 2804 idem
1295 2773 1375 2804 redit

317 2829 391 2850 cum
413 2819 514 2850 volito
537 2830 604 2850 non
624 2827 753 2861 propter
767 2819 853 2850 aliud
867 2820 1027 2860 negative:
1052 2819 1127 2860 quia
1141 2817 1273 2861 quilibet
1287 2824 1374 2848 actus

315 2859 477 2893 volitionis
505 2864 618 2894 cadens
646 2873 741 2903 super
767 2864 854 2894 bono
883 2865 1001 2905 absque
1030 2864 1180 2894 relatione
1208 2862 1247 2892 ad
1270 2861 1372 2898 aliud,

316 2916 353 2937 ex
376 2907 439 2938 hoc
460 2907 531 2948 ipso
555 2908 644 2948 quod
665 2907 762 2938 fertur
776 2908 809 2938 in
824 2907 904 2938 illud
918 2909 1041 2938 bonum
1066 2915 1101 2938 ut
1119 2906 1301 2942 terminum,
1317 2915 1374 2936 nec

315 2951 416 2981 tendit
437 2952 529 2987 ultra,
553 2951 645 2991 ponit
667 2951 700 2981 in
714 2951 769 2982 illo
784 2951 1028 2982 fundamentum
1044 2952 1157 2982 relatae
1179 2950 1374 2990 negationis;

316 2994 398 3025 sicut
420 2995 452 3025 in
475 3002 567 3026 motu
591 2995 693 3030 locali,
711 3005 747 3025 ex
762 2995 823 3026 hoc
843 2995 914 3035 ipso
929 2997 1018 3035 quod
1031 3003 1139 3026 motus
1154 2994 1252 3026 utitur
1266 2994 1374 3034 aliquo

315 3039 388 3070 loco
412 3039 518 3070 medio
542 3046 578 3070 ut
592 3039 727 3069 termino
743 3039 904 3070 actualiter
918 3039 1106 3070 terminante
1120 3046 1247 3070 motum
1271 3037 1373 3073 illum,

316 3092 354 3113 ex
375 3083 437 3113 hoc
460 3083 531 3123 ipso
554 3083 647 3114 habet
669 3083 826 3114 rationem
848 3082 917 3113 finis
948 3090 977 3113 et
1007 3083 1152 3114 contrarii
1181 3080 1304 3114 termini
1328 3090 1374 3111 re-

316 3133 425 3166 spectu
447 3126 574 3157 termini
589 3137 607 3157 a
621 3137 698 3168 quo,
722 3134 878 3168 quantum
899 3128 938 3157 ad
954 3126 1046 3157 illum
1061 3132 1197 3158 motum.
1221 3125 1253 3156 Si
1267 3132 1374 3156 autem

315 3170 508 3210 intelligatur
529 3177 685 3212 quantum
709 3171 748 3201 ad
772 3181 902 3202 omnem
925 3178 1032 3201 actum
1061 3170 1244 3210 possibilem
1268 3177 1374 3209 super-

314 3214 422 3245 venire
443 3215 599 3246 voluntati
616 3221 717 3246 stante
731 3215 798 3252 illo,
813 3216 839 3246 si
854 3222 933 3246 stare
948 3221 1061 3255 potest,
1078 3221 1154 3245 tunc
1169 3211 1374 3245 falsissimum

315 3265 378 3297 est:
403 3258 558 3299 quoniam
581 3269 655 3290 cum
678 3259 740 3290 hoc
763 3260 852 3300 quod
874 3259 994 3300 aliquid
1016 3266 1139 3289 ametur
1161 3266 1197 3290 ut
1217 3256 1299 3294 finis,
1316 3263 1376 3288 stat

315 3302 404 3344 quod
418 3309 541 3334 ametur
563 3302 658 3333 etiam
676 3310 806 3344 propter
819 3303 919 3334 alium
933 3303 1103 3343 superioris
1126 3301 1245 3333 ordinis
1258 3299 1372 3338 finem;

315 3352 352 3377 ut
364 3353 451 3387 patet
464 3346 497 3377 in
512 3356 620 3377 amore
634 3354 764 3378 actuum
781 3347 1057 3388 speculativorum,
1071 3346 1127 3388 qui
1143 3352 1288 3377 amantur
1300 3355 1373 3385 pro-

228 3406 234 3414 ·
263 3401 289 3414 ··
315 3396 385 3432 pter
407 3400 440 3422 se
455 3397 491 3422 ut
509 3390 597 3427 fines,
617 3396 653 3422 ut
667 3398 753 3431 patet
768 3390 780 3422 I
795 3391 978 3432 Metaphys.
993 3391 1012 3410 ‘¹‘
1034 3398 1064 3422 et
1077 3391 1109 3421 in
1124 3392 1152 3421 X
1162 3390 1264 3422 Ethic.
1276 3389 1320 3426 *⁴2
1345 3396 1375 3420 et

207 3433 245 3472 ,'.
263 3432 289 3466 1.
316 3441 463 3465 amantur
485 3441 614 3475 propter
636 3435 742 3466 Deum
764 3442 800 3466 ut
822 3445 1008 3476 supremum
1031 3435 1138 3466 finem.

373 3478 462 3509 Licet
476 3478 571 3519 igitur
586 3479 722 3519 negatio,
738 3486 768 3510 et
781 3479 906 3520 negatio
923 3479 1084 3515 contrarie,
1100 3479 1275 3519 plurimum
1290 3479 1374 3510 diffe-

315 3529 399 3559 rant;
423 3523 456 3553 in
479 3522 538 3565 hac
561 3529 667 3554 tamen
690 3523 832 3560 materia,
857 3524 912 3555 ubi
934 3523 1178 3554 fundamentum
1202 3523 1375 3564 positivum

316 3565 401 3596 idem
425 3573 486 3603 est,
512 3577 544 3597 se
567 3567 715 3598 inferunt.
740 3567 780 3598 Et
802 3567 1072 3608 quandocumque
1095 3567 1214 3608 aliquid
1237 3574 1373 3604 amatur,

317 3617 348 3641 et
370 3620 436 3640 non
459 3618 589 3651 propter
611 3611 697 3642 aliud
720 3618 852 3647 amatur,
876 3618 1005 3652 propter
1027 3621 1060 3642 se
1077 3618 1111 3642 ut
1125 3611 1205 3648 finis,
1223 3618 1253 3642 et
1267 3621 1284 3642 e
1300 3621 1374 3642 con-

1433 769 1533 795 verso,
1550 767 1682 791 amatur.
1707 760 1741 790 In
1760 760 1822 791 hoc
1837 761 1922 791 enim
1934 760 2032 791 finem
2047 760 2195 791 constitui
2211 761 2354 797 dicimus,
2375 761 2407 792 in
2421 771 2487 803 quo

1433 803 1564 833 ultimus
1586 804 1746 834 volitionis
1769 804 1864 835 huius
1880 811 1926 835 est
1941 805 2104 835 terminus.
2129 804 2263 835 Constat
2278 812 2384 836 autem
2400 806 2488 846 quod

1432 847 1562 887 quando
1585 848 1704 888 aliquid
1726 855 1850 879 amatur
1871 849 2040 884 actualiter,
2065 855 2097 879 et
2111 858 2177 879 non
2192 855 2321 889 propter
2335 849 2421 880 aliud
2435 859 2488 880 ne-

1431 891 1550 930 gative,
1575 892 1663 932 quod
1693 892 1823 922 ultimus
1854 893 1939 922 illius
1962 892 2122 923 volitionis
2153 893 2305 923 terminus
2337 900 2382 923 est
2408 893 2488 924 illud

1431 934 1576 965 volitum.
1603 936 1637 965 In
1659 936 1721 965 hoc
1744 945 1818 975 ergo
1842 936 1898 967 erit
1920 936 1992 966 finis
2014 936 2098 966 illius
2113 943 2210 967 actus.
2235 937 2276 967 Et
2297 936 2358 967 hoc
2376 938 2488 977 procul

1433 978 1530 1009 dubio
1554 986 1600 1010 est
1622 989 1733 1010 verum
1756 987 1786 1010 et
1809 981 1991 1010 tenendum.

1490 1023 1541 1053 III.
1566 1023 1664 1060 Quod
1687 1030 1793 1054 autern
1816 1024 1931 1064 decipit
1954 1024 2140 1064 oppositum
2163 1023 2316 1060 dicentes,
2341 1031 2388 1055 est
2411 1025 2486 1065 quia

1432 1074 1506 1098 sunt
1537 1068 1693 1108 quaedam
1723 1067 1866 1098 absolute
1895 1067 1993 1098 volita
2018 1068 2068 1098 vel
2097 1067 2196 1098 nolita
2231 1078 2312 1108 quae
2336 1069 2487 1099 neutralia

1431 1112 1590 1147 videntur,
1615 1112 1670 1141 sed
1697 1121 1763 1141 non
1787 1118 1869 1142 sunt.
1901 1111 1989 1142 Patet
2012 1111 2050 1141 de
2073 1111 2130 1141 hac
2153 1111 2217 1142 vita
2241 1119 2432 1152 martyrum,
2457 1119 2488 1143 et

1431 1156 1625 1196 proiectione
1641 1155 1794 1186 mercium
1810 1155 1843 1185 in
1862 1164 1963 1185 mare:
1988 1162 2138 1195 martyres
2155 1155 2239 1185 enim
2258 1156 2371 1186 volunt
2384 1156 2487 1186 vivere

1431 1200 1584 1236 absolute,
1601 1206 1632 1229 et
1654 1209 1728 1229 cum
1751 1199 1812 1229 hoc
1827 1199 1941 1229 volunt
1954 1206 2083 1238 propter
2100 1199 2205 1228 Deum
2228 1200 2340 1239 privari
2356 1199 2432 1236 vita;
2457 1206 2488 1230 et

1432 1243 1574 1274 similiter
1595 1243 1805 1283 negotiatores
1829 1243 1943 1273 nolunt
1965 1242 2116 1282 proiicere
2131 1252 2260 1279 merces,
2284 1250 2314 1273 et
2337 1253 2410 1273 cum
2425 1243 2487 1274 hoc

1432 1288 1547 1318 nolunt
1568 1287 1696 1327 perdere
1719 1286 1817 1317 vitam
1845 1286 1996 1316 salvando
2019 1296 2147 1316 merces.
2177 1286 2211 1316 In
2239 1286 2306 1316 istis
2334 1286 2420 1317 enim
2441 1287 2486 1317 vi-

1432 1332 1523 1362 detur
1545 1331 1634 1371 quod
1656 1340 1714 1361 nec
1732 1336 1861 1371 propter
1883 1339 1931 1366 se,
1957 1339 2014 1360 nec
2041 1336 2169 1370 propter
2191 1329 2277 1360 aliud
2300 1329 2362 1361 sint
2390 1330 2488 1361 volita

1432 1381 1487 1405 aut
1508 1375 1617 1405 nolita.
1648 1375 1708 1405 Sed
1733 1375 1758 1404 si
1782 1374 1853 1414 quis
1883 1374 2047 1414 diligenter
2075 1373 2234 1414 inspiciat,
2259 1380 2376 1415 martyr
2402 1381 2487 1405 amat

1431 1418 1512 1448 hanc
1533 1419 1630 1448 vitam
1658 1425 1787 1458 propter
1809 1428 1856 1453 se,
1881 1417 2035 1458 quoniam
2063 1425 2147 1449 amat
2169 1427 2240 1448 eam
2263 1424 2391 1457 propter
2413 1427 2486 1458 pro-

1431 1462 1533 1501 priam
1563 1462 1661 1501 ipsius
1684 1462 1765 1492 vitae
1792 1461 1980 1498 bonitatem,
2003 1463 2123 1502 absque
2145 1461 2295 1492 relatione
2325 1462 2365 1492 ad
2387 1462 2487 1492 alium

1431 1505 1544 1536 finem:
1569 1506 1623 1535 sed
1646 1505 1721 1545 quia
1743 1505 1842 1545 magis
1865 1513 1949 1536 amat
1967 1506 2080 1541 Deum,
2106 1512 2136 1536 et
2157 1505 2216 1536 Dei
2239 1505 2373 1546 gloriam
2392 1516 2427 1536 ac
2443 1512 2486 1536 te-

1431 1548 1635 1585 stimonium,
1660 1559 1756 1589 quarn
1786 1548 1947 1588 propriam
1974 1549 2085 1585 vitam,
2110 1549 2181 1579 ideo
2205 1550 2273 1580 vult
2300 1550 2486 1590 oppositum

1430 1593 1511 1623 vitae
1534 1599 1663 1632 propter
1685 1592 1784 1630 aliud,
1809 1591 1924 1623 scilicet
1952 1591 2068 1623 Deum.
2098 1593 2139 1623 Et
2162 1593 2264 1623 simile
2287 1600 2334 1623 est
2357 1593 2395 1624 de
2418 1593 2486 1624 aliis

1430 1636 1594 1667 iudicium.

1488 1681 1539 1711 1v.
1560 1681 1610 1710 Ad
1633 1679 1788 1710 rationem
1803 1690 1877 1719 ergo
1892 1679 1977 1710 Scoti
1990 1679 2008 1699 *
2031 1680 2142 1710 dicitur
2157 1681 2256 1720 quod,
2271 1679 2353 1711 licet'
2365 1680 2486 1711 intelle-

1431 1731 1499 1755 ctus
1523 1724 1623 1765 possit
1646 1724 1766 1764 aliquid
1789 1730 1984 1764 praesentare
2000 1730 2035 1754 ut
2049 1724 2172 1754 bonum
2195 1724 2347 1761 absolute,
2371 1725 2485 1755 abstra-

1430 1768 1536 1798 hendo
1553 1778 1571 1798 a
1593 1775 1723 1808 propter
1745 1778 1778 1798 se
1801 1775 1832 1798 et
1854 1774 1983 1808 propter
2005 1768 2090 1798 aliud
2113 1768 2146 1797 in
2170 1775 2240 1798 actu
2265 1768 2403 1807 signat03
2427 1769 2485 1799 im-

1431 1812 1580 1853 possibile
1603 1818 1709 1842 tamen
1732 1818 1779 1842 est
1806 1812 1894 1852 quod
1922 1818 2130 1851 repraesentet
2158 1811 2277 1853 aliquid
2305 1819 2340 1842 ut
2362 1813 2486 1843 bonum

1431 1856 1575 1887 absolute
1597 1855 1652 1886 tali
1675 1855 1884 1892 absolutione,
1909 1861 1944 1886 ut
1968 1855 2084 1886 scilicet
2106 1855 2262 1886 abstrahat
2276 1866 2294 1886 a
2310 1863 2439 1896 propter
2454 1866 2486 1887 se

1431 1907 1462 1931 et
1485 1907 1614 1940 propter
1635 1900 1721 1930 aliud
1743 1899 1776 1930 in
1800 1906 1870 1930 actu
1895 1900 2039 1930 exercito.
2064 1899 2225 1936 Quoniam
2246 1906 2371 1940 oportet
2389 1910 2485 1931 omne

1430 1945 1555 1975 bonum
1572 1950 1848 1984 repraesentatum,
1866 1951 1920 1974 aut
1934 1944 2110 1974 secundum
2125 1944 2286 1984 propriam
2302 1944 2484 1981 bonitatem,

1431 1996 1486 2019 aut
1509 1989 1684 2019 secundum
1715 1989 1869 2024 alienam,
1893 1994 1948 2018 aut
1971 1988 2146 2018 secundum
2174 1995 2342 2028 utramque
2364 1998 2485 2029 reprae-

1432 2033 1555 2063 sentari.
1579 2033 1620 2063 Et
1642 2032 1668 2062 si
1691 2032 1821 2073 quidem
1844 2032 2020 2062 secundum
2042 2031 2213 2071 propriam,
2237 2039 2486 2072 repraesentatur

1431 2083 1467 2107 ut
1489 2084 1617 2116 propter
1641 2086 1673 2106 se
1691 2076 1724 2106 in
1749 2082 1819 2106 actu
1844 2075 1994 2106 exercito:
2018 2075 2080 2106 hoc
2104 2075 2188 2105 enim
2217 2083 2336 2106 exercet
2357 2076 2391 2117 ly
2407 2086 2484 2117 pro-

1424 2126 1500 2161 pter
1521 2129 1564 2151 se.
1590 2120 1867 2160 Quandocumque
1891 2119 1976 2149 enim
1999 2126 2246 2159 repraesentatur
2261 2121 2440 2151 delectabile
2455 2127 2486 2152 et

1429 2165 1595 2205 appetitur,
1620 2174 1687 2195 non
1710 2170 1836 2204 oportet
1858 2164 1947 2204 quod
1970 2170 2218 2203 repraesentetur
2237 2174 2311 2195 cum
2324 2164 2382 2195 hac
2399 2165 2484 2196 addi-

1429 2209 1526 2245 tione,
1551 2209 1641 2249 quod
1664 2215 1710 2239 est
1732 2215 1861 2248 propter
1883 2217 1916 2238 se
1939 2208 2072 2244 bonum,
2096 2208 2185 2248 quod
2209 2215 2289 2239 esset
2307 2208 2340 2238 in
2356 2215 2427 2240 actu
2444 2209 2483 2239 si-

1429 2259 1542 2293 gnato:
1565 2253 1620 2283 sed
1643 2252 1758 2282 sufficit
1780 2252 2004 2292 repraesentari
2027 2252 2203 2282 secundum
2217 2252 2378 2292 propriam
2394 2253 2484 2284 boni-

1428 2304 1526 2328 tatem
1549 2295 1813 2332 delectabilitatis,
1838 2302 1869 2326 et
1890 2302 1966 2326 tunc
1995 2302 2242 2335 repraesentatur
2268 2303 2299 2327 et
2327 2297 2485 2337 appetitur

1429 2347 1558 2381 propter
1581 2350 1614 2370 se
1636 2340 1669 2370 in
1692 2346 1763 2370 actu
1792 2339 1935 2370 exercito.
1965 2339 2242 2381 Quandocumque
2265 2350 2339 2370 vero
2363 2351 2483 2380 reprae-

1428 2391 1568 2415 sentatur
1595 2383 1772 2414 secundum
1800 2383 1937 2419 alienam
1963 2383 2156 2420 bonitatem,
2179 2391 2427 2424 repraesentatur
2448 2391 2485 2415 ut

1428 2435 1558 2469 propter
1579 2428 1665 2458 aliud
1687 2428 1721 2458 in
1745 2433 1816 2458 actu
1831 2427 1983 2458 exercito:
2008 2434 2166 2458 exercetur
2189 2428 2273 2458 enirn
2300 2428 2334 2469 ly
2350 2434 2485 2469 propter

1428 2473 1518 2504 aliud
1533 2482 1588 2513 per
1602 2481 1669 2503 esse
1687 2472 1774 2508 utile,
1791 2478 1845 2502 aut
1862 2470 2038 2511 expediens,
2054 2478 2123 2508 etc„
2139 2472 2179 2502 ad
2193 2472 2322 2512 aliquid.
2345 2473 2483 2509 Quando

1427 2524 1535 2547 autem
1557 2517 1734 2547 secundum
1766 2523 1933 2556 utramque
1963 2515 2154 2552 bonitatem,
2186 2523 2358 2557 utrumque
2388 2517 2484 2548 simul

1428 2560 1595 2592 concurrit.
1620 2560 1711 2591 Unde
1735 2570 1809 2590 cum
1831 2566 2079 2600 repraesentatur
2089 2560 2219 2600 »aliquid
2238 2567 2274 2590 ut
2289 2561 2411 2591 bonum
2431 2562 2483 2591 ab·

1427 2604 1548 2641 solute,
1573 2611 1651 2645 puta
1672 2604 1749 2640 vita,
1774 2603 1903 2634 salvatio
1927 2603 2096 2642 mercium,
2121 2604 2316 2634 conservatio
2340 2605 2483 2641 membri,

1427 2648 1601 2684 delectatio,
1619 2654 1688 2684 etc„
1713 2647 1784 2678 dico
1804 2648 1892 2688 quod
1906 2653 2154 2686 repraesentatur
2168 2654 2204 2678 ut
2219 2647 2341 2678 bonum
2356 2655 2486 2688 propter

1427 2702 1459 2723 se
1475 2693 1508 2722 in
1523 2699 1594 2723 actu
1614 2691 1758 2728 exercito,
1783 2691 1808 2721 si
1831 2699 1877 2722 est
1893 2691 2015 2721 bonum
2031 2691 2203 2722 honestum
2217 2698 2272 2722 aut
2286 2692 2480 2729 delectabile;

1425 2737 1476 2767 vel
1494 2742 1624 2776 propter
1646 2735 1742 2771 aliud,
1758 2742 1835 2775 puta
1852 2734 1950 2765 finem
1966 2735 2072 2765 minus
2086 2742 2238 2772 amatum,
2255 2736 2281 2766 si
2300 2742 2346 2766 est
2361 2737 2484 2767 bonum

1427 2780 1514 2816 utile,
1538 2787 1574 2810 ut
1596 2779 1724 2810 salvatio
1754 2778 1926 2815 mercium,
1950 2789 2031 2819 quae
2054 2779 2196 2810 absolute
2220 2787 2266 2810 est
2287 2779 2386 2810 volita
2408 2781 2483 2820 quia

1426 2823 1511 2855 utilis
1534 2824 1574 2854 ad
1598 2823 1750 2854 exteriora
1771 2823 1872 2859 bona,
1896 2822 2003 2854 minus
2026 2829 2132 2854 tamen
2156 2830 2258 2854 amata
2282 2834 2379 2864 quam
2402 2825 2479 2861 vita,

1427 2878 1508 2909 quae
1523 2875 1600 2898 orta
1622 2873 1807 2907 tempestate
1822 2873 1868 2897 est
1890 2866 1923 2896 in
1945 2866 2097 2907 periculo.
2121 2867 2162 2898 Et
2185 2868 2298 2898 eodem
2313 2868 2412 2898 modo
2429 2879 2482 2909 ap-

1427 2911 1543 2952 petitur
1566 2910 1718 2941 ordinate.

1479 2956 1610 2995 Propter
1622 2955 1721 2995 quod,
1733 2955 1758 2985 si
1773 2955 1844 2995 quis
1859 2954 1936 2984 haec
1951 2954 2092 2984 absolute
2102 2954 2208 2991 volita,
2222 2965 2361 2995 quorum
2377 2962 2482 2986 tamen

1427 2999 1575 3039 opposita
1588 2999 1749 3029 malumus
1772 3005 1901 3038 propter
1915 2997 2012 3028 finem
2027 2998 2127 3037 magis
2143 3005 2294 3035 amatum,
2315 2999 2396 3030 dicat
2416 3007 2483 3030 esse

1426 3043 1523 3074 volita
1546 3053 1603 3074 nec
1626 3049 1755 3083 propter
1778 3052 1810 3072 se
1833 3052 1890 3072 nec
1913 3049 2042 3082 propter
2065 3042 2138 3079 alia,
2162 3050 2291 3083 propter
2313 3043 2400 3073 illam
2423 3044 2482 3074 im-

1427 3086 1669 3127 perfectionem;
1690 3093 1720 3116 et
1742 3092 1908 3126 propterea
1931 3086 1996 3116 dari
2019 3093 2126 3116 actum
2140 3093 2289 3117 neutrum
2312 3087 2345 3117 in
2367 3088 2482 3118 volun-

1427 3137 1505 3161 tate:
1525 3131 1712 3161 sententiam
1729 3134 1845 3167 teneat,
1862 3130 1918 3160 sed
1933 3129 2077 3170 linguam
2093 3130 2234 3161 cohibeat
2247 3130 2274 3161 *.
2294 3131 2484 3171 Simpliciter

1426 3174 1521 3214 igitur
1543 3181 1657 3213 negato
1683 3173 1748 3203 dari
1778 3173 1811 3203 in
1834 3174 1996 3204 voluntate
2027 3181 2132 3204 actum
2163 3182 2330 3205 neutrum:
2355 3182 2386 3206 et
2409 3186 2483 3206 cum

1427 3218 1501 3248 divo
1525 3218 1663 3254 Thoma,
1688 3217 1720 3247 in
1743 3217 1853 3254 littere,
1874 3217 2058 3258 distinguito
2072 3217 2105 3248 in
2121 3225 2227 3249 actum
2242 3225 2384 3259 respectu
2400 3219 2481 3257 finis,

1427 3269 1482 3293 aut
1505 3269 1634 3302 propter
1656 3261 1763 3292 finem.

1494 3359 1564 3380 ch
1587 3349 1727 3390 primum
1750 3349 1918 3380 articulum
1941 3357 2068 3381 octavae
2096 3350 2298 3391 quaestionis,
2320 3351 2484 3391 diligenter

1431 3360 1618 3424 Cadverte
1643 3393 1718 3424 duo.
1742 3393 1860 3430 Primo,
1885 3394 1972 3434 quod
1996 3404 2100 3424 sermo
2119 3394 2202 3424 tituli
2227 3401 2257 3425 et
2282 3395 2421 3435 corporis
2436 3405 2483 3425 ar-

1429 3437 1516 3468 ticuli
1540 3437 1578 3467 de
1602 3437 1781 3475 voluntate,
1806 3444 1852 3468 est
1874 3438 1913 3468 de
1944 3444 2014 3468 actu
2037 3438 2208 3468 voluntatis
2239 3438 2294 3479 qui
2323 3446 2370 3469 est
2392 3439 2481 3470 velle.

1429 3481 1490 3512 Hic
1519 3481 1604 3511 enim
1634 3487 1680 3511 est
1708 3481 1891 3518 inclinatio;
1920 3481 1971 3512 hic
2001 3489 2047 3513 est
2074 3482 2231 3522 appetitus
2258 3482 2386 3513 actualis
2417 3493 2483 3523 quo

1429 3525 1570 3565 potentia
1599 3525 1768 3565 appetitiva
1795 3525 1961 3556 inclinatur
1989 3526 2022 3556 in
2046 3525 2234 3556 conveniens
2263 3526 2338 3563 sibi;
2362 3526 2413 3557 hic
2436 3537 2483 3557 se-

1429 3569 1536 3610 quitur
1551 3569 1688 3599 formam
1704 3570 1932 3611 apprehensam
1955 3576 1990 3600 ut
2009 3569 2068 3606 sic;
2092 3569 2142 3600 hic
2158 3576 2204 3600 est
2218 3570 2325 3601 solum
2340 3577 2483 3611 respectu

1429 3613 1515 3649 boni,
1539 3619 1596 3644 etc.

2611 572 2619 587 Ι
2637 572 2728 589 n.10.-

2516 566 2541 614 .S.
2555 572 2600 614 Tg:
2615 582 2666 614 r'ect.
2681 599 2698 615 ι.

2512 1683 2522 1693 ·
2537 1683 2573 1705 Cf.
2588 1689 2652 1705 num.
2666 1689 2684 1705 t.

2508 3133 2558 3155 Ὀἱ
2566 3133 2604 3155 Au
2621 3149 2625 3154 .
2633 3133 2663 3155 de
2670 3133 2719 3155 (Σίν.

2508 3160 2560 3187 Der,
2567 3160 2608 3182 nb.

2637 3166 2720 3188 ,eap.1.
