2852 4152
327 241 402 279 310

379 322 438 358 AD
467 333 655 359 SECUNDUM
683 334 867 360 DtCENDUM
895 323 1000 372 quod
1020 323 1114 359 ratio
1134 322 1194 358 illa
1213 320 1386 369 procedit

327 374 374 411 de
403 374 533 410 habitu
558 375 769 412 secundum
790 375 894 424 quod
914 375 1127 423 intelligitur
1146 373 1286 421 aliquid
1306 385 1385 409 me-

327 427 432 464 dium
462 427 558 464 inter
584 428 728 464 habens
758 436 793 465 et
820 427 859 465 id
882 428 987 476 quod
1015 428 1190 464 habetur:
1211 426 1263 462 sic
1283 425 1386 461 enim

328 488 383 516 est
411 479 606 528 quoddam
635 481 1006 529 praedicamentum,
1035 487 1076 516 ut
1105 479 1245 515 dictum
1277 485 1331 513 est
1353 477 1384 513 ²¹⁶.

380 534 438 569 AD
467 544 626 570 TERTmM
654 545 835 570 met-:Noun
869 532 973 581 quod
1006 531 1199 579 dispositio
1229 530 1386 578 quidem

328 597 480 634 semper
507 585 686 634 importat
714 585 888 622 ordinem
917 585 1072 621 alicuius
1101 583 1274 619 habentis
1302 594 1387 631 par-

327 646 401 674 tes:
431 638 498 675 sed
525 639 600 675 hoc
620 637 797 685 contingit
817 637 1017 686 tripliciter,
1042 644 1083 672 ut
1102 635 1225 672 statim
1244 635 1386 672 ibidem

326 690 582 739 Philosophus
611 690 747 736 subdit,
778 690 916 726 scilicet
940 695 1007 726 aut
1027 688 1231 725 secundum
1251 688 1386 734 locum,

88 488 98 499 ⁸
113 487 138 508 In
154 492 257 514 corpore.

1000 244 1266 290 QUAESTlO
1296 243 1434 289 XLIX,
1464 241 1758 278 ARTICULUS
1788 242 1820 277 11

1438 326 1696 357 camentorum
1715 319 1746 367 ²⁸,
1776 322 2052 369 comprehendit
2078 334 2207 359 omnes
2234 321 2498 370 dispositiones.

1444 372 1667 420 Corporales
1695 373 1855 420 quidem,
1885 373 1922 410 in
1951 386 1994 411 eo
2022 375 2123 424 quod
2148 374 2235 411 dicit
2255 389 2274 407 «
2296 374 2498 411 secundum

1438 425 1561 462 locum
1575 437 1613 462 »:
1631 433 1667 461 et
1681 425 1755 462 hoc
1773 425 1934 473 pertinet
1952 426 2000 464 ad
2018 427 2369 476 praedicamentum
2386 426 2498 472 Situs,

1439 477 1504 526 qui
1533 485 1589 514 est
1616 477 1711 514 ordo
1740 478 1904 525 partium
1932 479 1971 516 in
2000 480 2097 516 loco.
2131 479 2241 521 Quod
2266 484 2391 516 autem
2415 479 2503 516 dicit

1442 545 1460 563 «
1473 530 1677 566 secundum
1700 530 1906 577 potentiam
1921 546 1954 577 »,
1975 532 2130 569 includit
2146 532 2227 568 illas
2246 531 2499 580 dispositiones

1440 594 1536 630 quae
1562 588 1650 618 sunt
1675 583 1710 619 in
1733 584 2028 631 praeparatione
2054 590 2090 621 et
2115 584 2311 621 idoneitate
2334 584 2500 620 nondum

1434 636 1616 683 perfecte,
1650 635 1746 672 sicut
1778 636 1932 673 scientia
1960 644 1997 674 et
2022 638 2142 674 virtus
2171 637 2358 673 inchoata.
2393 636 2503 677 Quod

1441 694 1564 724 autem
1580 688 1668 724 dicit
1683 703 1702 720 «
1714 689 1917 725 secundum
1932 689 2138 740 speciemss»,
2151 690 2304 727 includit
2312 689 2501 738 perfectas

327 749 395 780 aut
418 744 621 780 secundum
644 743 862 791 potentiam,
890 748 957 779 aut
981 741 1186 778 secundum
1214 741 1384 789 speciem.
1441 740 1704 788 dispositiones,
1734 752 1831 788 quae
1857 741 2031 778 dicuntur
2056 742 2214 789 habitus,
2235 742 2329 779 sicut
2348 741 2501 779 scientia

293 830 297 833 Δ
327 797 373 832 In
402 807 487 844 quo,
515 803 557 832 ut
585 794 801 844 Simplicius
822 794 909 832 dicit
932 794 970 831 in
995 795 1212 831 Commento
1235 794 1388 830 Praedi-

382 891 400 923 ι)
419 891 554 922 complete.
571 904 590 909 -
607 890 737 921 completa
755 890 800 914 sD.

1443 801 1478 830 et
1505 793 1623 830 virtus
1653 794 1841 841 complete
1861 799 1880 830 ¹.

997 941 1329 974 Commentario.
1351 942 1602 975 Cardinalis
1623 942 1824 975 Caietani

359 1025 378 1045 N
403 1021 534 1055 corpore
555 1013 676 1043 articuli
693 1012 787 1054 primi
802 1012 996 1053 quaestionis
1015 1012 1387 1053 quadragesimaenonae,

332 1027 554 1088 Idiscutienda
577 1063 656 1087 esset
679 1063 790 1087 natura
813 1056 952 1093 habitus,
978 1056 1221 1097 praedicamenti
1244 1062 1274 1086 et
1302 1063 1387 1096 post-

328 1101 586 1142 praedicamenti:
611 1102 709 1141 quod,
726 1101 801 1141 quia
816 1100 942 1131 alterius
958 1100 1087 1140 negotii,
1106 1100 1179 1130 ideo
1194 1100 1245 1130 vel
1262 1100 1301 1130 ad
1317 1110 1387 1140 par-

327 1145 489 1176 ticularem
509 1145 737 1185 quaestionem,
757 1145 806 1175 vel
825 1145 865 1175 ad
881 1145 907 1174 II
926 1145 1108 1184 Metaphys.
1127 1144 1289 1184 spectabit;
1314 1154 1388 1183 pro—

327 1189 432 1230 posito
457 1189 541 1219 enim
564 1189 720 1229 praesenti
735 1195 781 1219 sat
800 1196 845 1220 est
861 1188 1005 1219 habitum
1021 1188 1183 1224 discutere,
1201 1188 1239 1218 de
1260 1197 1326 1228 quo
1343 1194 1389 1218 est

328 1243 442 1264 sermo,
464 1233 565 1264 Cuius
589 1232 729 1264 definitio
753 1242 790 1263 ex
809 1233 837 1263 V
861 1233 1045 1273 Metaphys.
1069 1231 1194 1262 affertur
1216 1232 1248 1262 in
1272 1231 1387 1268 littera,

328 1277 444 1308 scilicet
471 1277 559 1318 quod
587 1283 633 1307 est
655 1277 816 1317 dispositio
839 1286 902 1317 qua
929 1276 1007 1307 bene
1030 1276 1080 1307 vel
1103 1277 1187 1306 male
1209 1276 1389 1316 disponitur

327 1322 511 1361 dispositum
534 1320 707 1351 secundum
730 1331 765 1351 se
788 1321 838 1351 vel
861 1321 904 1351 ad
927 1321 1076 1351 alterum.
1102 1320 1209 1357 Quam
1233 1319 1389 1350 definitio-

328 1375 402 1395 nem
425 1365 588 1395 mandabis
611 1365 798 1401 memoriae,
823 1371 853 1395 et
875 1364 952 1404 figes
975 1364 1006 1394 in
1032 1374 1067 1394 ea
1093 1364 1192 1394 aciem
1214 1363 1388 1403 intelligen-

329 1409 403 1439 tiae:
429 1409 581 1449 quoniam
606 1418 642 1439 ex
665 1419 701 1439 ea
725 1408 844 1439 videbis
859 1416 906 1439 tot
930 1408 1055 1438 habitus
1077 1407 1285 1444 conditiones,
1309 1415 1390 1449 quot

330 1460 440 1483 natura
463 1453 546 1482 illius
570 1452 738 1489 illucescet,
763 1460 799 1483 ut
817 1452 935 1492 patebit
947 1452 975 1482 ’ἦ

385 1497 421 1527 ΙΙ.
446 1497 481 1526 In
505 1497 711 1536 responsione
734 1497 773 1526 ad
796 1496 924 1527 tertium
947 1496 980 1526 in
1003 1496 1127 1532 eodem,
1151 1496 1254 1537 incipe
1271 1505 1308 1526 ex
1325 1496 1390 1526 iam

330 1540 411 1572 dicta
434 1539 616 1571 definitione
640 1541 796 1580 colligere.
815 1541 861 1571 Ex
878 1550 915 1571 eo
935 1550 1073 1581 namque
1094 1541 1183 1580 quod
1202 1540 1327 1571 habitus
1344 1547 1390 1570 est

330 1584 506 1625 dispositio,
532 1591 561 1615 et
577 1584 743 1624 dispositio
759 1591 804 1615 est
823 1585 902 1615 ordo
924 1584 1066 1615 habentis
1078 1589 1204 1624 partes,
1220 1591 1288 1621 etc„
1313 1594 1390 1614 con-

331 1639 465 1668 sequens
489 1635 536 1659 est
563 1629 650 1669 quod
679 1628 804 1659 habitus
829 1628 868 1659 sit
891 1629 970 1659 ordo
997 1628 1140 1659 habentis
1168 1636 1280 1669 partes
1305 1628 1391 1659 Cum

331 1679 438 1703 autem
461 1672 551 1703 audis
570 1673 726 1709 ordinem,
745 1682 810 1703 non
825 1673 979 1712 intelligas
995 1680 1175 1713 respectum
1191 1672 1319 1708 ordinis,
1335 1673 1389 1702 sed

91 1458 102 1469 ⁴
115 1457 140 1479 In
155 1457 198 1479 hac
212 1461 300 1485 quaest.

1442 1012 1508 1042 eius
1537 1012 1687 1042 radicem:
1718 1019 1764 1043 est
1792 1012 1877 1043 enim
1906 1012 2041 1052 qualitas
2070 1012 2188 1042 habens
2220 1013 2315 1044 talem
2346 1014 2501 1047 ordinem.

1441 1055 1666 1095 Dispositionis
1689 1055 1809 1096 quippe
1832 1065 1951 1086 nomen
1975 1066 1992 1086 a
2015 1055 2175 1095 positione
2198 1056 2341 1088 ordinata
2363 1058 2503 1098 partium

1442 1099 1618 1130 derivatum
1645 1099 1782 1135 videtur;
1813 1107 1842 1130 et
1869 1106 2036 1140 propterea
2064 1110 2082 1129 a
2105 1099 2246 1140 partibus
2273 1101 2501 1142 quantitativis,

1442 1143 1557 1184 quibus
1581 1143 1686 1183 primo
1711 1143 1859 1174 convenit
1881 1143 2009 1183 positio,
2034 1153 2100 1174 non
2124 1144 2231 1174 solum
2253 1144 2294 1174 ad
2317 1151 2420 1185 partes
2442 1146 2504 1186 spi-

1442 1187 1584 1223 rituales,
1610 1188 1664 1218 sed
1688 1188 1727 1217 ad
1750 1188 1919 1218 habentem
1942 1194 2046 1228 partes
2069 1195 2305 1228 transumptum
2328 1195 2384 1220 est.
2409 1189 2501 1220 Unde

1442 1242 1508 1262 non
1531 1231 1655 1262 videtur
1681 1232 1770 1272 quod
1794 1238 1840 1262 est
1863 1231 1943 1262 ordo
1966 1231 2118 1272 partium,
2144 1232 2199 1262 sed
2221 1232 2364 1263 habentis
2388 1239 2501 1272 partes.

1442 1276 1483 1306 Et
1505 1276 1650 1316 quamvis
1674 1285 1739 1306 non
1763 1275 1803 1306 sit
1826 1285 1909 1315 opus
1933 1275 2044 1306 omnes
2069 1275 2285 1316 dispositionis
2308 1276 2425 1307 modos
2444 1276 2503 1307 sal·

1441 1329 1514 1350 vare
1536 1320 1569 1350 in
1592 1319 1716 1356 habitu,
1742 1319 1822 1350 sicut
1845 1329 1903 1350 nec
1933 1330 2045 1350 omnes
2074 1319 2218 1350 animalis
2246 1320 2366 1360 species
2388 1320 2422 1350 in
2444 1320 2502 1351 ho-

1442 1363 1540 1399 mine;
1565 1370 1601 1394 ut
1616 1364 1771 1394 adductus
1794 1370 1899 1394 tamen
1920 1363 1953 1394 in
1969 1364 2070 1394 littera
2093 1364 2274 1404 Simplicius
2290 1364 2374 1400 dicit,
2391 1374 2503 1395 omnes

1443 1408 1602 1438 salvantur
1617 1408 1650 1438 in
1666 1407 1784 1444 habitu,
1798 1418 1856 1447 pro
1870 1414 1990 1448 quanto
2004 1408 2108 1438 omnis
2124 1407 2249 1438 habitus
2264 1408 2314 1438 vel
2328 1415 2374 1438 est
2387 1408 2503 1438 haben-

1442 1452 1480 1483 tis
1503 1458 1606 1492 partes
1630 1452 1818 1493 corporales,
1840 1451 1920 1482 sicut
1942 1451 2156 1492 pulchritudo,
2181 1452 2305 1488 sanitas,
2332 1452 2448 1482 macies
2473 1459 2503 1483 et

1442 1496 1641 1532 huiusmodi;
1660 1496 1711 1526 vel
1733 1503 1850 1536 partes,
1874 1496 1955 1526 idest
1977 1495 2119 1536 partialia
2145 1495 2303 1536 requisita,
2327 1503 2382 1526 aut
2396 1496 2429 1525 in
2445 1506 2503 1536 po-

1443 1540 1552 1576 tentia,
1577 1547 1613 1571 ut
1636 1540 1791 1580 contingit
1817 1540 1850 1570 in
1873 1540 2060 1570 habentibus
2089 1540 2251 1570 scientiam
2277 1540 2328 1570 vel
2353 1539 2503 1570 virtutem

1443 1584 1673 1624 imperfectam;
1699 1591 1752 1615 aut
1775 1584 1807 1614 in
1830 1590 1912 1620 actu,
1937 1591 1973 1614 ut
1996 1584 2150 1623 contingit
2167 1583 2200 1613 in
2220 1583 2408 1614 habentibus
2431 1593 2503 1624 per-

1444 1628 1537 1664 fecte;
1561 1628 1607 1659 illi
1626 1628 1711 1659 enim
1734 1628 1767 1658 in
1786 1627 1928 1668 potentia
1951 1628 2067 1658 habent
2090 1637 2126 1657 ea
2149 1637 2230 1667 quae
2247 1627 2450 1667 requiruntur
2463 1627 2504 1658 ad

1443 1672 1605 1702 scientiam
1629 1679 1683 1703 aut
1706 1671 1916 1712 prudentiam,
1940 1671 1990 1702 isti
2012 1681 2088 1701 vero
2111 1671 2176 1701 iam
2199 1671 2374 1711 possident.

1096 1799 1411 1841 ARTICULUS
1441 1799 1738 1841 SECUNDUS

782 1874 935 1904 UTRUM
959 1874 1145 1904 HABITUS
1170 1874 1235 1904 SIT
1260 1873 1575 1904 DETERMINATA
1599 1874 1769 1905 SPECIES
1793 1873 2054 1910 QUALITATIS
2110 1871 2112 1874 ’

1233 1935 1274 1959 De
1291 1934 1395 1964 Virtut„
1416 1937 1460 1967 qu.
1474 1942 1496 1966 1,
1515 1940 1562 1959 art.
1579 1943 1601 1960 1.

542 2016 564 2040 D
584 2016 773 2041 SECUNDUM
788 2016 841 2041 s1<:
856 2016 1094 2041 PROCEDITUR.
1114 2004 1272 2041 Videtur
1287 2005 1391 2052 quod

362 2019 423 2038 Ἰ--ω
466 2030 498 2046 st‘

356 2036 417 2073 'm‘
449 2044 507 2086 ἶ
541 2056 690 2093 habitus
711 2069 789 2093 non
809 2057 852 2094 sit
872 2057 1118 2094 determinata
1138 2057 1282 2105 species
1298 2069 1389 2105 qua-

348 2060 649 2151 ‘nynlssf'htatis
691 2110 791 2156 Quia
835 2117 877 2146 ut
909 2110 1050 2146 dictum
1081 2117 1136 2146 est
1157 2109 1177 2131 ²¹⁴
1221 2109 1372 2146 habitus

367 2144 371 2158 ὁ
388 2138 447 2191 ἑ
499 2138 753 2199 &secunaum
772 2139 876 2211 qiiod
897 2170 952 2199 est
971 2162 1142 2210 qualitas,
1165 2139 1298 2199 d'icitur
1321 2139 1392 2199 dis3

323 2214 459 2262 positio
486 2215 689 2252 secundum
718 2227 832 2263 quam
861 2217 953 2252 bene
980 2221 1047 2252 aut
1068 2215 1167 2252 male
1186 2215 1392 2263 disponitur

330 2267 555 2314 dispositum.
586 2269 662 2304 Sed
695 2268 769 2304 hoc
802 2268 982 2316 contingit
1013 2268 1224 2304 secundum
1258 2280 1391 2316 quam—

329 2319 419 2356 libet
445 2320 684 2367 qualitatem:
713 2332 803 2356 nam
825 2328 860 2356 et
885 2320 1096 2357 secundum
1120 2321 1281 2368 figuram
1302 2332 1391 2357 con-

329 2372 435 2420 tingit
463 2373 603 2421 aliquid
631 2373 728 2409 bene
756 2373 818 2409 vel
847 2374 945 2409 male
975 2385 1057 2409 esse
1087 2372 1325 2421 dispositum,
1355 2380 1392 2410 et

331 2424 498 2461 similiter
517 2426 726 2462 secundum
747 2426 913 2462 calorem
929 2433 966 2462 et
984 2426 1111 2473 frigus,
1128 2432 1164 2462 et
1179 2425 1391 2462 secundum

331 2478 462 2514 omnia
489 2477 721 2515 huiusmodi.
752 2479 854 2526 Ergo
874 2477 1023 2515 habitus
1043 2490 1122 2514 non
1142 2485 1197 2514 est
1216 2478 1392 2515 determi-

328 2538 418 2567 nata
446 2530 589 2578 species
618 2530 814 2578 qualitatis.

386 2595 419 2619 2.
437 2584 668 2630 PRAETEREA,
690 2583 956 2632 Philosophus,
973 2583 1010 2619 in
1024 2583 1341 2620 Praedicamentis
1357 2584 1389 2630 ¹²,

332 2635 556 2672 caliditatem
581 2644 617 2672 et
636 2635 874 2683 frigiditatem
903 2635 991 2673 dicit
1020 2647 1101 2672 esse
1127 2635 1390 2683 dispositiones

330 2689 391 2725 vel
419 2688 580 2735 habitus,
611 2689 705 2725 sicut
724 2688 998 2736 aegritudinem
1019 2695 1054 2724 et
1073 2688 1283 2725 sanitatem.
1315 2689 1391 2726 Sed

332 2742 434 2778 calor
453 2748 489 2777 et
508 2741 622 2788 frigus
642 2748 728 2778 sunt
745 2741 782 2778 in
802 2741 909 2778 tertia
928 2741 1053 2789 specie
1073 2740 1271 2789 qualitatis.
1288 2741 1389 2788 Ergo

330 2794 480 2830 habitus
507 2795 570 2830 vel
599 2794 794 2843 dispositio
823 2806 901 2830 non
929 2793 1206 2842 distinguuntur
1234 2794 1282 2830 ab
1311 2794 1391 2830 aliis

331 2846 529 2895 speciebus
556 2847 754 2895 qualitatis.

387 2901 420 2936 3.
442 2900 674 2946 PRAETEREA,
690 2899 841 2947 difficile
859 2898 994 2935 mobile
1013 2911 1090 2935 non
1112 2906 1167 2935 est
1182 2898 1391 2936 differentia

331 2952 523 3000 pertinens
552 2953 600 2989 ad
628 2965 745 3000 genus
774 2951 971 3000 qualitatis,
1002 2952 1069 2988 sed
1089 2951 1209 2999 magis
1232 2951 1392 3000 pertinet

333 3005 381 3041 ad
409 3012 556 3041 motum
584 3006 646 3042 vel
673 3005 902 3054 passionem.
933 3005 1091 3041 Nullum
1121 3011 1248 3040 autem
1272 3016 1392 3051 genus

334 3057 604 3094 determinatur
627 3058 675 3094 ad
699 3057 864 3106 speciem
885 3070 953 3106 per
973 3057 1221 3094 differentiam
1240 3057 1391 3094 alterius

334 3110 496 3157 generis3
513 3110 579 3146 sed
594 3118 742 3158 oportet
758 3110 988 3147 differentias
1003 3122 1071 3158 per
1081 3122 1120 3146 se
1133 3110 1311 3146 advenire
1327 3122 1388 3158 ge—

335 3162 427 3208 neri,
442 3169 483 3199 ut
498 3162 750 3211 Philosophus
767 3163 865 3210 dicit,
882 3163 920 3199 in
934 3163 1002 3199 VII
1018 3163 1260 3211 Metaphys.*
1274 3163 1390 3211 Ergo,

336 3227 422 3252 cum
438 3215 588 3252 habitus
604 3216 748 3252 dicatur
763 3227 843 3252 esse
859 3215 1018 3263 qualitas
1036 3215 1189 3263 difficile
1206 3215 1352 3252 mobilis
1359 3216 1390 3262 ²¹²,

334 3268 484 3304 videtur
498 3268 603 3316 quod
617 3280 695 3305 non
706 3268 1013 3305 sitrdeterminata
1028 3268 1174 3317 species
1189 3268 1388 3316 qualitatis.

389 3321 462 3357 SED
483 3332 627 3357 CONTRA
642 3333 707 3357 EsT
722 3320 826 3369 quod
841 3321 1096 3369 Philosophus
1111 3321 1209 3368 dicit,
1226 3321 1264 3358 in
1277 3323 1392 3358 Prae-

335 3373 550 3410 dicamentis
560 3373 591 3421 ⁹¹²,
609 3373 713 3422 quod
733 3385 808 3410 una
827 3374 963 3421 species
979 3374 1164 3422 qualitatis
1179 3380 1232 3410 est
1248 3375 1394 3411 habitus

337 3431 372 3462 et
397 3426 594 3474 dispositio.

93 2119 102 2128 '
116 2118 167 2139 Art.
183 2118 287 2145 praeced.

96 2598 104 2606 ·
120 2596 178 2624 Cap.
191 2602 227 2623 vl,
243 2602 266 2618 n.
280 2602 303 2622 4.

96 3181 104 3190 ·
114 3179 184 3201 S.Th.
193 3179 302 3201 lectam·

97 3206 151 3227 Did.
159 3205 247 3232 lib-VI,
256 3211 307 3233 cap.

97 3238 213 3279 ybs-1133..
223 3263 308 3285 praec„

101 3290 149 3311 arg.
161 3283 208 3306 Sed
218 3286 307 3305 contra.

102 3387 111 3395 ⁸
126 3385 183 3406 Loc.
198 3384 236 3405 cit.
251 3390 274 3405 n.
287 3390 309 3412 3.

1498 2006 1723 2041 RESPONDEO
1738 2017 1922 2042 DICENDUM
1937 2005 2040 2054 quod
2056 2005 2323 2054 Philosophus,
2339 2005 2378 2042 in
2391 2006 2506 2042 Prae·

1445 2057 1661 2094 dicamentis
1677 2058 1708 2104 ²³,
1734 2057 1841 2106 ponit
1859 2057 1955 2094 inter
1973 2065 2135 2106 quatuor
2154 2058 2300 2106 species
2320 2058 2506 2107 qualitatis

1445 2110 1619 2158 primam,
1648 2110 1922 2158 dispositionem
1950 2116 1987 2147 et
2010 2111 2189 2148 habitum.
2221 2111 2396 2157 Quarum
2424 2110 2506 2159 qui—

1446 2162 1534 2199 dem
1555 2162 1767 2211 specierum
1789 2162 2018 2200 differentias
2033 2163 2085 2200 sic
2100 2163 2263 2211 assignat
2278 2163 2506 2212 Simplicius,

1444 2214 1483 2251 in
1516 2216 1734 2252 Commento
1756 2216 2154 2253 Praedicamentorum
2178 2216 2216 2263 ³¹⁸,
2244 2216 2373 2254 dicens
2401 2216 2507 2265 quod

1445 2268 1665 2315 qualitatum
1693 2269 1879 2316 quaedam
1906 2275 1994 2305 sunt
2019 2269 2224 2315 naturales,
2254 2280 2351 2318 quae
2377 2281 2506 2306 secun-

1445 2320 1739 2357 dum‘naturam
1769 2321 1903 2366 insunt,
1928 2327 1963 2357 et
1979 2333 2147 2369 semper:
2175 2322 2360 2369 quaedam
2380 2326 2504 2358 autem

1443 2378 1531 2409 sunt
1555 2373 1789 2419 adventitiae,
1814 2384 1911 2420 quae
1929 2374 1978 2409 ab
1997 2374 2205 2410 extrinseco
2224 2373 2450 2422 efficiuntur,
2471 2379 2506 2410 et

1439 2430 1597 2473 possunt
1628 2425 1757 2462 amitti.
1786 2426 1836 2461 Et
1861 2426 1932 2462 hae
1959 2426 2119 2474 quidem,
2139 2437 2238 2474 quae
2257 2432 2344 2463 sunt
2362 2426 2505 2463 adven-

1444 2477 1556 2524 titiae,
1576 2483 1664 2515 sunt
1678 2478 1823 2514 habitus
1838 2484 1874 2514 et
1886 2478 2149 2526 dispositiones,
2169 2478 2373 2515 secundum
2381 2479 2504 2526 facile

1445 2535 1481 2566 et
1497 2530 1648 2578 difficile
1665 2530 1866 2567 amissibile
1883 2530 2095 2580 differentes
2115 2536 2143 2568 α.
2167 2531 2415 2568 Naturalium
2434 2543 2501 2568 au-

1444 2588 1516 2618 tem
1545 2583 1766 2630 qualitatum
1786 2583 1971 2631 quaedam
1990 2589 2078 2619 sunt
2091 2583 2295 2620 secundum
2315 2583 2354 2620 id
2369 2582 2386 2612 fl
2404 2585 2506 2631 quod

1444 2635 1587 2683 aliquid
1612 2641 1667 2672 est
1691 2635 1728 2672 in
1754 2636 1940 2685 potentia:
1968 2641 2004 2672 et
2027 2636 2081 2672 sic
2100 2641 2154 2672 est
2177 2636 2340 2672 secunda
2366 2636 2504 2683 species

1445 2688 1642 2735 qualitatis.
1677 2688 1870 2729 Quaedam
1899 2699 1988 2724 vero
2015 2688 2218 2725 secundum
2247 2688 2349 2736 quod
2364 2688 2507 2737 aliquid

1445 2746 1499 2777 est
1523 2741 1560 2777 in
1589 2747 1692 2777 actu:
1721 2746 1757 2777 et
1781 2742 1852 2778 hoc
1876 2741 1936 2778 vel
1954 2741 1991 2777 in
2014 2741 2262 2789 profundum,
2291 2741 2351 2777 vel
2375 2753 2506 2778 secun·

1445 2794 1533 2830 dum
1561 2794 1806 2842 superficiem.
1827 2794 1869 2830 Si
1887 2794 1924 2830 in
1938 2794 2173 2842 profundum
2194 2793 2354 2842 quidem,
2378 2794 2431 2830 sic
2450 2799 2503 2830 est

1445 2846 1552 2882 tertia
1566 2847 1705 2894 species
1719 2846 1923 2894 qualitatis:
1938 2847 2243 2896 secundumflvero
2257 2847 2504 2894 superficiem,

1445 2904 1499 2935 est
1515 2905 1650 2947 quarta
1669 2900 1806 2947 species
1825 2899 2022 2947 qualitatis,
2042 2899 2284 2949 sicutfigura
2304 2905 2340 2935 et
2351 2900 2501 2947 forma,

1445 2963 1542 3000 quae
1569 2958 1622 2988 est
1637 2953 1775 3001 figura
1795 2952 1962 2989 animati.
1983 2973 2008 2979 -
2029 2952 2106 2989 Sed
2125 2951 2194 2988 ista
2213 2951 2401 2989 distinctio
2421 2963 2504 2998 spe·

1446 3005 1589 3041 cierum
1610 3005 1799 3052 qualitatis
1818 3004 2092 3042 inconveniens
2106 3004 2269 3042 videtur.
2291 3005 2387 3041 Sunt
2401 3004 2503 3044 enim

1444 3058 1584 3094 multae
1612 3058 1755 3105 figurae
1785 3065 1822 3094 et
1848 3058 2045 3106 qualitates
2073 3057 2268 3105 passibiles
2297 3069 2375 3094 non
2397 3065 2505 3095 natu-

1445 3111 1552 3157 rales,
1570 3111 1636 3147 sed
1658 3110 1901 3148 adventitiae:
1922 3117 1958 3146 et
1976 3110 2118 3147 multae
2139 3109 2404 3157 dispositiones
2423 3121 2503 3146 non

1445 3162 1684 3210 adventitiae,
1705 3164 1773 3200 sed
1793 3163 1992 3210 naturales,
2014 3162 2109 3199 sicut
2127 3162 2266 3199 sanitas
2287 3169 2323 3199 et
2340 3161 2504 3212 pulchri-

1444 3216 1537 3252 tudo
1550 3223 1585 3252 et
1599 3215 1831 3253 huiusmodi.
1844 3216 1894 3252 Et
1906 3220 2128 3264 praetereaY
2143 3216 2218 3252 hoc
2232 3227 2311 3252 non
2325 3214 2504 3252 convenit

1445 3268 1568 3306 ordini
1596 3268 1826 3317 specierum:
1856 3280 2008 3317 semper
2037 3267 2139 3304 enim
2167 3268 2273 3316 quod
2298 3266 2502 3306 naturalius

1447 3329 1517 3367 est,
1547 3321 1650 3369 prius
1679 3329 1745 3358 est.

1499 3375 1548 3410 Et
1576 3374 1662 3411 ideo
1692 3373 1798 3411 aliter
1825 3373 2046 3422 accipienda
2074 3380 2130 3410 est
2157 3372 2342 3410 distinctio
2376 3371 2503 3419 dispo-

1447 3426 1626 3463 sitionum
1656 3434 1691 3463 et
1718 3426 1917 3463 habituum
1946 3427 1994 3462 ab
2024 3426 2103 3462 aliis
2132 3424 2382 3475 qualitatibus.
2411 3424 2502 3460 Pro-

390 3522 416 3549 α)
437 3521 594 3554 differentes.
611 3534 630 3540 -
648 3521 710 3545 Post
729 3521 911 3552 dispositiones
931 3527 1031 3553 ponunt
1050 3522 1159 3546 codices.

391 3555 415 3588 β)
436 3557 471 3580 id.
489 3570 508 3575 -
526 3564 552 3581 sc
572 3557 599 3585 C,
618 3564 670 3580 om.
690 3557 748 3587 Al<3
768 3564 815 3588 pro
835 3557 913 3580 altero
933 3557 1010 3588 quod,
1032 3557 1059 3581 id
1079 3558 1149 3589 quod
1167 3557 1303 3582 AFGl-llK.

1498 3524 1524 3556 γ)
1541 3527 1692 3554 praeterea.
1710 3537 1728 3542 —
1742 3526 1887 3555 propterea
1908 3523 1936 3552 E.
1953 3526 2066 3554 propter
2085 3523 2171 3556 {³po
2191 3527 2216 3546 et
2234 3529 2260 3546 a.

2528 330 2536 338 ·
2552 328 2610 355 Cap.
2624 328 2654 350 de
2664 328 2740 356 Quali

2527 356 2551 376 et
2565 354 2654 382 Qualit-

2533 2069 2545 2081 '
2559 2068 2618 2091 lbid.

2535 2228 2544 2237 ·
2559 2226 2616 2254 eap.
2631 2225 2662 2248 ae
2672 2225 2749 2254 quau
