2852 4152
144 489 200 512 ·.Cf
212 494 237 510 ca

144 516 186 538 -S.
192 515 237 537 Th.

142 3411 154 3450 Ξ
168 3408 246 3456 aa..

389 186 458 210 lOO

380 259 560 300 parantur
587 251 793 288 artificialia
811 252 861 288 ad
880 259 999 288 artem
1020 252 1241 298 humanam,
1263 251 1312 288 ita
1333 263 1437 287 com-

380 311 560 352 parantur
588 304 716 340 omnia
744 304 924 342 naturalia
953 304 1002 341 ad
1030 312 1149 341 artem
1179 304 1358 341 divinam.
1389 304 1437 339 Et

380 356 467 393 ideo
496 356 590 393 ordo
619 365 776 405 apparet
803 357 841 394 in
867 357 925 394 his
945 369 1044 404 quae
1072 364 1276 393 moventur
1304 367 1437 392 secun·

382 409 472 445 dum
501 417 692 457 naturam,
713 410 807 446 sicut
826 417 862 446 et
881 409 918 445 in
938 409 995 446 his
1024 421 1120 456 quae
1142 415 1346 445 moventur
1368 419 1438 454 per

382 461 567 498 rationem
593 460 622 509 θ,
651 469 691 498 ut
719 462 852 499 dicitur
879 462 918 498 in
946 460 1185 508 11Physic.*
1213 461 1262 495 Et
1290 471 1334 495 ex
1361 459 1436 495 hoc

382 514 559 562 contingit
586 514 691 562 quod
719 514 757 550 in
786 514 963 562 operibus
988 514 1183 549 brutorum
1213 511 1435 548 animalium

381 574 564 615 apparent
592 566 783 614 quaedam
803 566 1031 613 sagacitates,
1053 564 1276 611 inquantum
1294 564 1436 600 habent

242 455 254 480 θ

240 496 261 537 ξ.
268 495 289 515 V,
301 495 323 510 ΓΙ.
330 495 349 510 2.

253 519 296 537 eet
304 521 352 537 Vll!-

1060 174 1326 220 QUAESTIO
1356 175 1460 219 xm,
1491 174 1785 210 ARTicuLus
1816 175 1863 208 111

1492 251 1774 287 inclinationem
1806 251 2017 287 naturalem
2050 251 2098 287 ad
2132 252 2319 299 quosdam
2352 249 2549 287 ordinatis-

1493 304 1609 339 simos
1636 314 1848 351 processus,
1877 309 2008 350 utpote
2027 311 2050 338 a
2069 314 2221 340 summa
2245 309 2322 340 arte
2343 303 2546 340 ordinatos.

1492 356 1541 391 Et
1558 363 1714 403 propter
1737 356 1811 391 hoc
1830 354 1948 391 ‘etiarn
1967 354 2158 402 quaedam
2178 355 2355 391 animalia
2375 355 2548 392 dicuntur

1491 407 1691 455 prudentia
1722 408 1784 443 vel
1817 406 1985 454 sagacia:
2021 418 2099 443 non
2127 407 2232 454 quod
2260 407 2299 443 in
2328 407 2379 443 eis
2411 407 2458 443 'sit
2484 406 2558 443 ali-'

1492 471 1566 507 qua
1599 459 1693 495 ratio
1724 460 1785 495 vel
1815 459 1946 495 electio
1971 459 2001 495 ²⁸.
2038 459 2154 505 Quod
2189 471 2233 494 ex
2267 459 2342 495 hoc
2374 466 2545 507 apparet,

1491 511 1595 559 quod
1624 511 1754 548 omnia
1781 523 1879 559 quae
1911 519 1997 549 sunt
2028 511 2141 548 unius
2173 518 2345 558 naturae,
2381 510 2549 547 similiter

1493 571 1708 611 operantur.

2574 464 2585 475 '⁴
2600 464 2628 486 D.
2644 470 2704 492 ¹⁰77-

433 669 456 702 θ)
473 678 523 702 per
543 671 680 695 rationem.
693 670 863 694 —secundum
887 669 1015 692 rationem
1036 668 1068 697 H,
1088 668 1230 692 secundum
1250 671 1335 691 artem
1357 668 1402 691 Pa.

1050 745 1380 777 Commenta-ia
1403 745 1653 777 cardinalis
1675 744 1875 777 Caietam
1897 730 1899 732 ¹

445 846 515 866 111οΑ
537 836 706 870 rationem,
731 834 849 864 omisso
874 833 978 872 primo
1002 833 1146 869 articulo,
1170 833 1308 873 positam
1331 832 1364 863 in
1389 843 1435 863 se-

383 847 550 910 Ccundo
567 879 707 914 articulo,
722 879 856 908 dubium
870 877 1006 907 occurrit
1020 877 1059 907 de
1073 877 1157 907 illius
1179 876 1324 907 efficacia.
1348 877 1435 907 Fun-

380 924 471 954 datur
493 923 577 953 enim
599 922 678 952 ratio
703 931 796 961 super
819 920 990 950 differentia
1012 921 1093 951 inter
1115 920 1291 961 appetitum
1314 921 1435 951 intelle-

379 967 497 997 ctivum
521 973 551 996 et
567 965 751 996 sensitivum
766 965 798 994 in
822 965 893 1000 hoc,
911 965 999 1005 quod
1022 964 1179 1004 appetitus
1197 964 1361 994 sensitivus
1381 974 1434 994 na-

379 1011 517 1040 turaliter
537 1016 583 1039 est
601 1008 823 1039 determinatus
840 1008 879 1038 ad
898 1018 1001 1038 unum
1016 1008 1210 1047 particulare,
1226 1008 1434 1038 intellectivus

378 1063 452 1083 vero
467 1054 506 1083 ad
522 1054 645 1083 bonum
660 1053 692 1082 in
709 1052 883 1082 communi.
901 1052 988 1082 Haec
1005 1059 1112 1082 autem
1131 1051 1301 1081 differentia
1317 1058 1371 1081 aut
1387 1062 1433 1081 as-

379 1097 475 1127 sumit
491 1097 619 1132 falsum;
644 1103 698 1126 aut
712 1102 758 1126 est
776 1095 926 1126 inefficax.
944 1097 1027 1126 Nam
1046 1096 1071 1126 si
1085 1095 1219 1126 intendit
1234 1095 1323 1135 quod
1339 1104 1433 1134 appe—

378 1141 453 1171 titus
469 1140 634 1171 sensitivus
651 1146 697 1171 est
712 1140 937 1170 determinatus
953 1140 992 1170 ad
1017 1149 1118 1169 unum
1137 1138 1333 1178 particulare,
1354 1138 1434 1168 idest

378 1195 480 1215 unum
503 1194 646 1220 numero,
665 1183 780 1214 falsum
804 1184 944 1214 assumit.
962 1183 1095 1214 Constat
1118 1182 1203 1212 enim
1226 1183 1313 1222 quod
1338 1192 1433 1221 appe-

377 1228 451 1259 titus
476 1227 641 1259 sensitivus
661 1227 728 1257 ovis
747 1237 812 1257 non
832 1234 879 1257 est
898 1226 1121 1257 determinatus
1140 1226 1179 1256 ad
1198 1225 1278 1255 hanc
1298 1236 1432 1256 numero

377 1272 523 1302 herbam:
548 1271 689 1312 alioquin
713 1281 779 1301 non
803 1277 910 1310 posset
933 1270 1098 1301 comedere
1122 1270 1225 1300 aliam.
1241 1269 1307 1300 -Si
1326 1276 1433 1300 autem

377 1316 510 1347 intendit
532 1316 621 1356 quod
644 1322 690 1345 est
714 1315 937 1345 determinatus
957 1314 995 1344 ad
1012 1323 1115 1344 unum
1138 1313 1332 1353 particulare,
1353 1314 1433 1344 idest

377 1360 520 1399 speciale,
545 1366 622 1399 puta
641 1358 822 1389 delectabile
846 1358 1023 1391 secundum
1046 1364 1176 1397 tactum,
1194 1363 1272 1394 tunc
1290 1357 1433 1388 inefficax

377 1410 423 1434 est
445 1412 619 1453 processus.
638 1401 801 1439 Quoniam
824 1402 913 1438 sicut,
935 1408 1034 1433 stante
1058 1400 1318 1432 determinatione
1341 1409 1433 1436 natu-

376 1446 432 1477 rali
455 1446 610 1487 appetitus
633 1445 812 1476 intellectivi
828 1445 868 1475 ad
883 1445 1030 1476 bonurn
1022 1455 1054 1475 111
1071 1445 1245 1481 0011111111111,
1270 1451 1330 1476 stat
1345 1446 1433 1486 quod

377 1491 524 1521 electivus
540 1490 579 1521 sit
595 1490 832 1529 particularium
851 1490 1013 1520 bonorum
1032 1495 1256 1520 contentorum
1271 1490 1330 1520 sub
1345 1490 1432 1520 bono

376 1535 409 1564 in
433 1534 612 1570 communi;
637 1534 691 1570 ita,
713 1540 814 1564 stante
837 1533 1097 1566 determinatione
1115 1533 1250 1564 naturali
1274 1533 1433 1573 appetitus

376 1578 515 1609 sensitivi
538 1578 577 1612 ad
599 1577 660 1608 tale
682 1578 806 1616 bonum
828 1577 861 1607 in
883 1587 996 1618 genere
1019 1578 1069 1608 vel
1083 1577 1117 1608 in
1133 1577 1246 1618 specie,
1268 1584 1330 1608 stat
1345 1578 1434 1618 quod

376 1622 415 1652 sit
439 1622 586 1663 electivus
609 1620 846 1661 particularium
868 1622 1030 1661 bonorum
1049 1627 1272 1652 contentorum
1296 1622 1355 1652 sub
1378 1621 1433 1651 illo

378 1666 551 1696 communi.
573 1665 660 1696 Sicut
675 1665 760 1695 enirn
777 1665 933 1705 appetitus
949 1665 1156 1696 intellectivus
1174 1665 1434 1695 indeterminatus

377 1716 423 1740 est
438 1710 478 1740 ad
493 1708 689 1749 particularia
705 1709 754 1739 sui
778 1708 901 1745 obiecti,
918 1709 961 1740 ita
984 1709 1141 1749 appetitus
1161 1709 1326 1740 sensitivus
1348 1709 1435 1739 inde—

376 1753 561 1784 terminatus
584 1759 631 1783 est
645 1753 684 1783 ad
707 1753 904 1792 particularia
927 1753 976 1783 sui
999 1753 1124 1784 obiecti.
1148 1753 1241 1783 Unde
1264 1763 1300 1783 ex
1323 1753 1436 1783 maiori

377 1797 607 1829 universalitate
623 1797 737 1830 obiecti
750 1797 835 1828 illius
851 1797 1008 1837 appetitus
1024 1807 1123 1838 quam
1136 1797 1234 1833 istius,
1250 1807 1315 1827 non
1332 1803 1437 1837 potest

376 1841 483 1872 inferri
505 1841 564 1872 nisi
576 1841 690 1891 quod
700 1840 810 1884 electio
833 1841 917 1880 illius
941 1841 981 1871 ad
1001 1840 1108 1880 multo
1127 1841 1220 1880 plura
1241 1851 1275 1871 se
1299 1841 1436 1872 extendit

376 1895 475 1925 quam
498 1876 608 1915 electio
632 1881 731 1915 istius.
755 1883 796 1915 Et
818 1891 924 1916 tamen
946 1884 980 1917 in
992 1876 1097 1917 littera
1118 1884 1251 1922 infertur
1273 1886 1362 1925 quod
1383 1885 1435 1916 ille

377 1927 477 1969 eligit,
498 1935 529 1959 et
550 1928 607 1961 iste
630 1937 704 1958 non.

429 1972 476 2003 Ἠ.
488 1972 539 2002 Ad
558 1970 746 2001 evidentiam
761 1970 857 2001 huius
880 1969 1081 2007 difficultatis,
1099 1971 1262 2001 sciendum
1287 1972 1437 2011 estquod

377 2015 543 2055 dupliciter
571 2014 676 2055 aliqua
703 2014 846 2054 potentia
868 2015 1072 2045 determinata
1100 2014 1258 2045 invenitur
1286 2015 1326 2044 ad
1349 2015 1436 2045 obie-

377 2067 476 2090 ctum:
494 2059 609 2099 primo,
625 2059 801 2089 secundum
814 2058 964 2098 seipsam;
982 2058 1132 2094 secundo,
1149 2059 1325 2089 secundum
1339 2068 1441 2089 suum

377 2110 484 2134 actum
498 2103 677 2134 exercitum.
695 2103 737 2133 Et
751 2102 976 2145 determinatio
987 2102 1118 2144 quidem
1141 2102 1301 2142 potentiae
1324 2113 1435 2134 secun-

377 2148 455 2178 dum
475 2142 631 2187 seipsam,
657 2146 826 2177 attenditur
849 2157 963 2189 penes
969 2146 1188 2197 habitudinem
1210 2147 1369 2187 potentiae
1396 2147 1438 2178 ad

377 2192 537 2229 obiectum
560 2190 692 2221 formale
725 2191 953 2240 adaequatum:
977 2189 1082 2220 omnis
1106 2190 1191 2220 enim
1221 2190 1363 2230 potentia
1396 2191 1436 2221 ad

377 2226 538 2267 obiectum
565 2234 695 2275 aliquod
725 2240 771 2264 est
798 2233 842 2264 sic
866 2234 1080 2265 determinata.
1109 2234 1336 2264 Determinatio
1360 2244 1435 2265 vero

376 2279 554 2310 secundum
576 2285 683 2309 actum
706 2277 885 2314 exercitum,
904 2278 1074 2308 attenditur
1095 2287 1192 2318 penes
1215 2277 1433 2308 habitudinem

379 2330 466 2353 actus
490 2322 585 2363 positi
603 2322 637 2352 in
660 2332 765 2352 rerum
789 2328 899 2352 natura
922 2322 962 2352 ad
986 2322 1157 2353 obiectum.
1177 2322 1235 2352 Est
1258 2329 1379 2358 autem,
1401 2329 1437 2353 ut

377 2377 395 2396 a
417 2366 595 2399 notioribus
614 2365 756 2397 doctrina
778 2365 841 2403 fiat,
858 2366 940 2397 inter
957 2365 1153 2397 intellectum
1175 2372 1206 2397 et
1225 2375 1354 2399 sensum
1376 2366 1436 2397 dif-

374 2401 506 2450 Terentia
528 2410 561 2440 in
583 2410 655 2447 hec,
672 2410 768 2451 quod
783 2409 959 2455 intellectus
982 2419 1039 2441 nec
1059 2410 1236 2443 secundum
1259 2420 1292 2440 se
1308 2420 1366 2441 nec
1387 2420 1434 2440 se-

378 2447 519 2485 cundum
543 2463 638 2484 suum
663 2453 833 2484 exercitum
856 2450 962 2485 actum
991 2453 1215 2484 determinatus
1243 2461 1289 2485 est
1315 2453 1373 2490 nisi
1396 2455 1436 2485 ad

378 2499 444 2528 ens
456 2498 488 2528 in
512 2497 693 2528 communi:
713 2498 757 2528 ita
780 2498 870 2548 quod
893 2507 959 2528 non
982 2498 1089 2528 solum
1111 2492 1297 2534 intellectus,
1315 2498 1397 2528 sed‘
1388 2508 1435 2528 ln-

377 2541 514 2581 telligere
545 2542 580 2572 in
603 2548 674 2572 actu
703 2541 851 2578 exercito,
878 2542 921 2572 ita
949 2541 1279 2572 indeterminationem
1306 2542 1435 2579 retinet,

377 2586 466 2625 quod
481 2585 639 2617 terminari
652 2592 760 2636 potest
771 2586 814 2618 ad
830 2595 885 2617 ens
900 2585 933 2616 in
951 2585 1126 2617 communi.
1143 2585 1260 2616 Sensus
1274 2595 1349 2616 vero
1363 2586 1437 2617 licet

377 2630 553 2661 secundum
581 2640 613 2660 se
636 2629 675 2660 sit
702 2629 926 2664 determinatus
955 2639 1022 2660 non
1045 2629 1085 2660 ad
1108 2629 1170 2661 hoc
1197 2629 1360 2667 sensibile,
1382 2630 1451 2661 sed-

376 2673 437 2703 tale
461 2683 560 2714 genus
581 2673 746 2712 sensibilis,
765 2680 843 2714 puta
864 2666 998 2710 visibile;
1022 2673 1136 2707 sentire
1158 2681 1275 2710 tamen,
1294 2680 1372 2724 puta
1391 2674 1437 2704 vi-

377 2715 459 2753 dere,
483 2717 517 2747 in
540 2724 611 2748 actu
635 2715 779 2754 exercito,
797 2727 963 2761 nunquam
987 2723 1033 2748 est
1056 2718 1095 2748 ad
1119 2717 1303 2748 obiectum
1294 2728 1328 2748 111
1348 2728 1436 2757 corn-

378 2761 468 2791 muni
491 2768 545 2792 aut
567 2759 787 2797 communiter,
809 2767 885 2802 puta
909 2754 1086 2792 coloratum
1110 2761 1284 2792 universale
1307 2767 1362 2792 aut
1385 2771 1437 2792 co-

377 2805 516 2836 loratum
538 2814 629 2846 vage;
654 2806 708 2836 sed
731 2815 855 2846 semper
877 2811 924 2836 est
947 2806 986 2835 ad
1005 2805 1066 2836 hoc
1090 2805 1268 2837 coloratum
1292 2805 1437 2836 determi-

1490 840 1611 864 natum.
1629 833 1730 869 Unde,
1755 833 1795 863 ad
1818 839 1941 872 partem
1959 833 2163 873 appetitivam
2186 834 2416 871 descendendo,
2434 833 2546 864 dicitur

1489 873 1578 917 qu'od
1600 877 1680 907 inter
1695 877 1870 917 appetitum
1893 876 2119 907 intellectivum
2134 883 2165 908 et
2187 877 2371 908 sensitivum
2390 883 2477 908 tanta
2501 884 2546 907 est

1489 920 1670 957 differentia,
1688 921 1776 961 quod
1791 920 1843 951 ille
1859 931 1917 951 nec
1937 920 2113 951 secundum
2127 930 2159 951 se
2182 931 2239 952 nec
2259 922 2435 952 secundum
2450 931 2547 951 suurn

1488 970 1594 994 actum
1618 963 1796 1000 exercitum,
1815 964 2038 995 determinatus
2061 971 2108 995 est
2123 963 2182 994 nisi
2199 965 2239 994 ad
2262 965 2386 995 bonum
2402 965 2435 995 in
2458 973 2544 995 com-

1489 1008 1592 1038 muni:
1617 1008 1674 1038 iste
1696 1017 1770 1038 vero
1795 1009 1972 1038 secundum
1991 1018 2023 1038 se
2042 1008 2172 1048 quidem
2195 1009 2419 1040 determinatus
2443 1015 2488 1039 est
2506 1009 2546 1038 ad

1488 1051 1620 1090 speciale
1636 1052 1769 1087 bonum,
1786 1058 1864 1091 puta
1888 1052 2078 1082 conveniens
2094 1058 2223 1082 naturae
2238 1052 2415 1089 sensitivae;
2435 1061 2545 1083 secun-

1488 1095 1567 1125 dum
1590 1101 1696 1125 actum
1714 1104 1789 1126 vero
1806 1105 1902 1125 suum
1925 1095 2104 1131 exercitum,
2121 1095 2345 1126 determinatus
2361 1103 2407 1127 est
2422 1096 2462 1126 ad
2484 1095 2546 1125 hoc

1487 1138 1643 1178 singulare
1666 1139 1799 1174 bonum,
1822 1148 1917 1175 nunc,
1934 1139 1994 1175 hic,
2015 1139 2067 1175 sic,
2086 1145 2154 1175 etc.,
2177 1140 2329 1170 oblatum.
2350 1140 2439 1170 Licet
2461 1138 2546 1169 enim

1487 1182 1640 1226 appetitui
1662 1182 1812 1213 sensitivo
1836 1192 1902 1214 non
1925 1183 2118 1223 adaequetur
2135 1183 2198 1213 hoc
2221 1183 2386 1223 singulare,
2411 1183 2467 1213 sed
2485 1181 2546 1212 tale

1487 1236 1586 1266 genus
1610 1226 1702 1262 boni3
1726 1226 1786 1266 ipsi
1809 1233 1916 1257 tamen
1946 1226 1979 1256 in
2003 1226 2135 1266 singulis
2157 1226 2222 1257 suis
2253 1227 2374 1258 actibus
2397 1236 2430 1256 se
2462 1235 2546 1256 exer-

1487 1270 1569 1301 centi
1588 1270 1804 1310 adaequantur
1822 1270 2004 1310 singillatim
2023 1270 2200 1311 singularia,
2219 1270 2278 1307 hic,
2296 1280 2390 1306 nunc,
2408 1270 2461 1306 sic,
2477 1269 2546 1310 qui-

1488 1315 1547 1344 bus
1570 1324 1637 1344 non
1661 1313 1806 1345 accidunt
1828 1314 1886 1344 hae
1911 1314 2179 1351 circumstantiae,
2207 1315 2262 1344 sed
2285 1315 2329 1345 eis
2357 1313 2448 1355 quasi
2472 1322 2546 1344 con-

1487 1359 1670 1390 stituuntur.
1688 1358 1766 1389 Ovis
1790 1358 1884 1395 enim,
1905 1365 1941 1390 ut
1963 1358 1998 1389 in
2018 1358 2226 1399 responsione
2247 1359 2289 1388 ad
2313 1357 2490 1389 secundum
2506 1357 2546 1388 κὶα

1486 1402 1588 1433 littera
1611 1402 1733 1439 dicitur,
1748 1402 1916 1433 refutando
1934 1402 2022 1433 illam
2038 1403 2168 1434 herbam
2188 1409 2222 1433 et
2237 1402 2320 1433 hanc
2343 1398 2546 1442 acceptando,

1486 1446 1560 1477 facit
1578 1446 1640 1477 hoc
1670 1446 1745 1487 quia
1769 1446 1994 1477 determinatus
2017 1453 2063 1477 est
2090 1446 2247 1487 appetitus
2271 1446 2338 1477 eius
2360 1451 2407 1477 ut
2418 1445 2455 1476 111
2471 1449 2547 1477 Html

1487 1490 1621 1521 exercito
1644 1490 1735 1526 hanc,
1751 1499 1846 1526 nunc,
1863 1490 1922 1526 hic,
1946 1490 1990 1522 sic
2006 1491 2154 1526 oblatam,
2178 1496 2413 1531 prosequatur.·
2454 1487 2484 1515 {tf
2511 1494 2543 1516 'w‘

1542 1534 1583 1565 Et
1605 1534 1682 1564 haec
1700 1533 1864 1564 manifeste
1880 1541 1926 1564 est
1941 1533 2073 1564 intentio
2089 1533 2222 1564 litterae:
2245 1540 2280 1564 ut
2295 1532 2453 1574 praedicta
2467 1530 2548 1563 ratio

1488 1577 1644 1608 clarificat.
1660 1578 1702 1608 Et
1724 1587 1762 1608 ex
1784 1587 1820 1608 ea
1835 1577 1968 1608 habetur
1986 1578 2160 1609 intentum:
2185 1577 2339 1618 quoniam
2355 1586 2392 1607 ex
2414 1578 2558 1617 utraque*

1489 1621 1749 1654 determinatione
1763 1621 1895 1652 infertur
1911 1622 2040 1661 negatio>
2058 1621 2227 1662 utriusque
2235 1621 2388 1652 libertatis
2403 1620 2562 1652 inventae*

1488 1666 1521 1696 in
1536 1666 1697 1696 electione.
1711 1665 1879 1706 Appetitus
1900 1666 2057 1706 siquidem
2072 1666 2220 1697 electivus
2237 1672 2268 1696 et
2282 1671 2329 1696 est
2343 1665 2422 1696 liber
2434 1664 2477 1694 ad
2492 1663 2574 1694 elim<

1489 1710 1629 1750 gendum
1646 1717 1675 1740 et
1690 1719 1757 1740 non
1773 1709 1982 1749 eligendum;
1992 1716 2022 1740 et
2040 1710 2080 1741 ad
2098 1710 2160 1741 hoc
2183 1709 2233 1746 vel
2251 1708 2331 1740 illud
2354 1708 2546 1750 eligendum.

1489 1754 1536 1784 Ex
1560 1754 1621 1784 hoc
1644 1759 1751 1786 autem
1774 1754 1863 1794 quod
1886 1753 2045 1795 appetitus
2064 1753 2230 1784 sensitivus
2253 1752 2478 1784 determinatus
2501 1757 2549 1782 est

1489 1798 1664 1828 secundum
1695 1797 1837 1838 seipsum
1865 1798 1904 1828 ad
1932 1797 2078 1838 speciale
2093 1798 2234 1834 bonurn,
2261 1797 2395 1827 habetur
2421 1794 2571 1837 110811ῑί0·-

1489 1842 1611 1882 primae
1624 1841 1792 1873 libertatis:
1816 1841 1970 1882 quoniam
1990 1851 2057 1872 non
2067 1841 2185 1882 eligere
2207 1849 2274 1871 non
2293 1840 2471 1872 continetur
2489 1839 2560 1870 sub*

1489 1886 1557 1916 illo
1575 1885 1702 1926 speciali
1730 1886 1817 1916 bono
1848 1885 1937 1926 quod
1964 1891 2010 1916 est
2037 1885 2104 1916 eius
2131 1886 2343 1926 adaequatum
2365 1884 2546 1919 obiectum)

1491 1939 1526 1960 ac
1554 1939 1611 1970 per
1635 1929 1699 1960 hoc
1726 1939 1793 1960 non
1815 1935 1920 1979 potest
1947 1929 2054 1970 appeti
2081 1929 2136 1961 tali
2159 1929 2310 1970 appetitu.
2333 1929 2380 1959 Ex
2402 1936 2454 1967 effi
2470 1937 2564 1962 -vero

1490 1973 1578 2013 quod
1610 1972 1768 2013 appetitus
1796 1971 1961 2003 sensitivus
1985 1973 2161 2004 secundum
2189 1983 2287 2005 suum
2309 1979 2416 2005 aetum
2438 1971 2551 2012 exemi·-v
2574 1991 2575 1994 =

1490 2023 1560 2047 tum
1584 2016 1787 2047 necessitatut¹
1801 2017 1983 2049 naturaliter
2005 2017 2045 2047 ad
2067 2017 2130 2047 hoc
2145 2016 2390 2059 determinatum
2412 2012 2549 2056 particu-

1489 2060 1553 2090 lare
1576 2060 1730 2096 oblatum,
1748 2069 1850 2096 1111110,ι
1862 2059 1923 2096 1110,
1941 2060 1993 2096 sic,
2011 2066 2080 2097 etc.,
2098 2058 2230 2091 habetur
2251 2055 2377 2100 negatio
2394 2057 2549 2090 secundae

1489 2103 1667 2135 libertatist
1674 2104 1764 2144 quod
1780 2103 1865 2134 enim
1881 2104 1921 2134 ad
1943 2104 2006 2134 hoc
2021 2104 2265 2135 determinatum
2288 2104 2343 2140 'estl
2360 2110 2430 2134 11011
2438 2103 2579 2143 potest„

1490 2148 1523 2178 in
1545 2148 1633 2179 aliud
1645 2147 1816 2183 declinare.
1836 2148 1878 2181 Et
1898 2157 1954 2188 per
1970 2148 2048 2180 haec
2066 2154 2158 2188 pateo
2167 2147 2344 2216 responsio·
2356 2147 2396 2178 ad
2412 2146 2577 2182 obiectum

1491 2199 1522 2223 et
1544 2201 1642 2232 quam
1667 2191 1781 2225 efficax
1797 2191 1837 2223 sit
1857 2191 1978 2234 litterae
2000 2191 2090 2223 ratio.
2174 2213 2187 2222 ‚,
2522 2207 2555 2216 a·
2561 2208 2578 2215 ι·

1545 2235 1663 2266 111.1n
1689 2235 1897 2276 responsione
1924 2231 1964 2268 ad
1991 2236 2168 2268 secundum
2195 2243 2226 2267 et
2254 2235 2381 2267 tertium
2407 2213 2565 2285 eiusdem

1489 2271 1618 2310 secundi
1642 2279 1778 2316 articuli,
1801 2279 1939 2310 adverte
1950 2279 2055 2320 quOd,
2084 2289 2158 2310 cum
2185 2289 2234 2310 ars
2257 2288 2323 2310 non
2349 2277 2459 2323 possit·
2477 2277 2568 2308 dare*

1489 2330 1618 2354 naturae
1642 2322 1848 2353 substantiam
1867 2327 1968 2359 actus,
1993 2323 2049 2353 sed
2071 2322 2223 2359 modium
2244 2329 2276 2354 et
2297 2321 2408 2353 electio
2423 2326 2499 2352 non
2510 2316 2574 2351 srs‘

1489 2365 1619 2407 gnificet
1635 2366 1773 2397 modum
1796 2372 1904 2402 actus,
1929 2366 1989 2397 sed
2008 2366 2131 2406 ipsum
2152 2373 2259 2397 acmm
2287 2365 2561 2402 substantialiter

1490 2411 1578 2449 nulla
1591 2417 1656 2442 arte
1671 2410 1738 2442 fieri
1760 2416 1866 2450 potest
1888 2417 1925 2443 ut
1946 2410 2077 2451 aliquod
2095 2411 2225 2442 brutum
2247 2410 2352 2450 eligat.
2374 2409 2438 2441 Sed
2456 2409 2571 2450 quoe-r

1490 2461 1620 2495 apparet
1649 2454 1864 2496 discretionis
1875 2460 1906 2485 et
1934 2454 2096 2487 electionis
2125 2454 2161 2485 in
2189 2454 2342 2494 operibus.
2363 2453 2549 2490 simiarum,

1491 2508 1620 2538 canum,
1645 2505 1675 2529 et
1698 2497 1866 2534 similium,
1887 2497 1965 2528 mire
1987 2497 2282 2538 disciplinatorum,-
2300 2497 2335 2528 fit
2356 2497 2413 2529 ino
2437 2497 2552 2529 eodem

1490 2541 1589 2573 modo
1613 2551 1679 2583 quo
1703 2551 1721 2572 a
1744 2521 1878 2573 naturali
1901 2542 2050 2573 instinctu
2074 2549 2222 2582 aguntur.
2243 2541 2330 2572 Sicut
2352 2541 2438 2572 enim
2461 2546 2551 2572 natu-

1489 2586 1588 2617 ralem
1603 2585 1800 2616 instinctum
1807 2585 1851 2616 sic
1865 2586 2047 2616 ordinatum
2066 2585 2174 2617 sonita
2194 2582 2274 2616 sunt
2286 2584 2434 2616 animalia
2456 2586 2569 2626 quae-=

1490 2630 1574 2666 dam,
1598 2636 1634 2660 ut
1655 2630 1689 2660 in
1711 2629 1812 2660 littera
1836 2629 1964 2666 elicitum
1987 2629 2031 2660 ita
2049 2629 2174 2660 habitus
2188 2629 2362 2671 acquisitus
2382 2628 2421 2659 in
2437 2627 2499 2659 illis
2515 2633 2557 2658 ux*

1490 2673 1666 2715 frequentia
1688 2680 1828 2710 actuum,
1851 2673 2066 2707 indinatfflos
2084 2674 2294 2714 perimodum
2311 2673 2488 2704 instinctus.
2511 2672 2563 2703 Et
2567 2682 2575 2701 ς

1490 2717 1576 2748 hoc·
1567 2727 1675 2758 ipsum
1690 2717 1779 2759 quod
1793 2717 1983 2751 inclinabilia
1993 2723 2071 2749 sunt
2085 2717 2232 2749 animalia
2251 2717 2428 2749 secundum
2436 2710 2586 2753 hainam«

1490 2761 1579 2792 modi
1602 2771 1716 2798 mores,
1741 2771 1777 2792 ex
1800 2767 1913 2795 natura
1929 2761 2045 2793 habent
2061 2761 2249 2798 inchoative,
2274 2760 2462 2801 completive
2477 2769 2574 2799 vero

1491 2806 1530 2836 ab
1555 2805 1792 2866 assuefactione.

1179 2957 1495 3026 ARTICULUS
1522 2957 1769 3014 TERTIUS

803 3049 958 3080 UTRUM
978 3049 1173 3082 ELECTIO
1197 3026 1264 3079 SIT
1288 3049 1434 3080 SOLUM
1460 3049 1615 3080 EORUM
1637 3049 1756 3086 QUAE
1780 3048 1893 3080 SUNT
1915 3049 1975 3079 AD
1999 3048 2147 3084 FINEM,

1052 3093 1136 3124 VEL
1160 3093 1297 3125 ETIAM
1321 3092 1597 3132 QUANDOQUE
1620 3093 1749 3128 IPSLUS
1766 3093 1880 3129 Emis
1894 3104 1937 3126 xx
2007 3108 2026 3122 ι·
2059 3111 2064 3124 ι
2162 3104 2182 3123 ·1

659 3170 771 3198 ISent„
791 3170 850 3195 dist.
868 3178 917 3199 xu,
937 3175 983 3195 art.
1006 3179 1032 3202 13
1051 3171 1081 3201 11,
1101 3171 1160 3196 dist.
1178 3175 1234 3202 xxv,
1253 3164 1309 3196 111-1.
1321 3171 1344 3202 3,
1362 3171 1396 3196 ad
1415 3178 1444 3202 23
1464 3170 1506 3195 De
1530 3171 1618 3201 Verit„
1638 3179 1683 3204 qu.
1702 3178 1766 3201 xxxv,
1786 3175 1833 3195 art.
1851 3178 1868 3200 1,
1887 3170 1919 3194 ad
1940 3177 1984 3202 203
2004 3168 2036 3194 111
2055 3168 2148 3199 Eehic„
2169 3170 2227 3194 lect.
2244 3177 2269 3194 ν.

568 3302 724 3339 electio
744 3314 823 3339 non
843 3301 888 3338 sit
906 3310 1052 3339 tantum
1074 3316 1209 3340 eorum
1231 3315 1330 3352 quae
1351 3311 1439 3341 sunt

438 3366 560 3430 ἐιγ
540 3357 562 3396 (1
592 3355 641 3391 ad
673 3355 803 3391 finem.
834 3355 932 3391 Dicit
962 3355 1064 3392 enim
1094 3356 1372 3405 Philosophus,
1381 3356 1439 3393 in

240 3290 513 3445 ιι1,11..8ἒζῗχ“

262 3435 313 3457 Μ
329 3442 352 3456 Χ
382 3460 431 3495 cit
456 3460 590 3496 virtus.-
619 3471 876 3509 quaecumque
902 3466 1026 3497 autem
1065 3460 1163 3498 illius
1189 3462 1316 3511 gratia
1348 3467 1438 3498 nata

446 3272 457 3279 κ
500 3285 504 3292 ,
516 3268 569 3312 ᾖ(
590 3262 612 3287 1)
640 3261 799 3297 reanum
819 3261 872 3286 sm
891 3261 1131 3288 nocem-rua.
1151 3250 1310 3289 Videtur
1333 3243 1440 3300 quod

490 3396 641 3444 *QVI
671 3408 788 3444 Ethic.
810 3406 841 3454 *,
863 3407 968 3455 quod
988 3407 1202 3445 electionem
1220 3414 1361 3446 rectam
1371 3410 1440 3456 fa-

2485 3155 2593 3173 ,η’ἱὶ

1480 3235 1691 3299 Ἰ.1ἰινι1]“ὶεν1”,
1707 3231 1781 3288 non⁴
1794 3236 1893 3288 vsunt
1910 3227 2074 3297 'vir-tutis,
2093 3250 2159 3286 sed
2175 3250 2328 3287 alterius
2349 3247 2547 3298 potentiae.

1494 3304 1589 3340 Illud
1609 3311 1735 3340 autem
1754 3303 1860 3340 cuius
1879 3302 1996 3350 gratia
2010 3303 2053 3339 fit
2080 3302 2234 3351 aliquid,
2256 3310 2311 3340 est
2327 3302 2425 3341 finis.
2446 3301 2548 3349 Ergo

1494 3356 1626 3393 electio
1657 3364 1712 3393 est
1738 3355 1837 3394 finis.

1548 3421 1582 3445 2.
1598 3410 1830 3456 PRAETEREA,
1846 3408 1979 3445 electio
1999 3407 2178 3456 importat
2195 3406 2548 3457 praeacceptionem

1494 3461 1606 3498 unius
1642 3468 1816 3511 respectu
1844 3461 2007 3498 alterius.
2039 3460 2119 3498 Sed
2148 3460 2245 3499 sicut
2281 3470 2413 3498 eorum
2451 3470 2548 3507 quae
