2852 4152
110 767 119 776 ·
135 765 194 793 Cap.
208 770 251 786 vn.

119 1440 131 1450 ·
145 1439 212 1462 Vm.
225 1444 247 1462 2.

117 2020 130 2032 ’
135 2019 184 2048 Qu.
190 2026 254 2048 xxxi,
260 2023 302 2042 nrt.
309 2026 331 2049 3.

126 3223 138 3235 *
151 3222 219 3246 Ver..
234 3230 256 3252 5.

960 251 1224 299 QUAESTio
1253 251 1414 297 xxxv,
1444 250 1737 286 ART1CULUs
1767 251 1815 296 11,
1846 251 1894 285 111

2433 262 2502 296 241

1110 384 1427 427 ARTICULUS
1458 383 1754 431 SECUNDUS

968 478 1123 509 UTRUM
1146 476 1363 508 TRISTITIA
1386 475 1451 506 SIT
1476 475 1582 505 1DEM
1605 474 1726 511 QUOD
1751 474 1900 505 DOLOR

566 557 634 581 Part.
649 556 688 587 111,
708 563 752 588 qu.
766 564 807 585 ιν,
826 562 872 581 art.
891 556 907 581 6
914 565 921 588 ;
940 557 971 581 111
991 557 1072 587 sent„
1094 557 1151 581 dist.
1165 563 1206 585 κν,
1225 563 1270 588 qu.
1287 562 1315 584 11.
1335 560 1382 579 art.
1402 554 1424 583 3,
1445 555 1492 586 qu*
1516 561 1536 582 1,
1558 561 1586 583 2;
1607 554 1648 578 De
1672 554 1760 583 Verit„
1781 562 1825 586 qu.
1838 562 1903 584 xxvi,
1923 559 1970 579 art.
1984 554 2007 584 3,
2027 555 2058 578 ad
2072 562 2103 588 9;
2123 561 2169 580 art.
2183 563 2208 587 4,
2227 556 2258 579 ad
2276 563 2301 587 4.

393 682 414 694 ψ
426 679 431 681 μ
440 668 449 690 ².
470 669 525 693 „K
536 670 541 680 ,-
563 657 586 682 D
601 656 795 682 SECUNDUM
809 657 862 681 Slc
877 657 1114 683 PROCEmTUR.
1130 644 1288 682 Videtur
1301 642 1407 692 quod

382 678 541 757 {J
564 697 706 734 tristitia
725 710 803 734 non
823 698 868 735 sit
887 698 1007 735 dolor.
1028 698 1128 735 Dicit
1156 697 1257 734 enim
1276 698 1403 743 Augu-

372 754 413 800 ·,,”
432 768 486 785 ν»
503 738 693 795 ''stinus,
723 751 812 786 XIV
839 751 884 786 de
916 751 995 787 Civ.
1015 751 1090 787 Dei
1105 750 1136 797 *,
1164 749 1270 797 quod
1301 747 1409 785 dolor

374 797 387 809 ”
411 781 470 839 ᾧ
523 797 601 841 Χίη
630 803 848 850 corporibus
875 803 1011 840 dicitur
1028 808 1056 840 ².
1086 802 1252 840 Tristitia
1280 808 1407 838 autem

355 855 488 893 dicitur
503 855 622 902 magis
636 855 674 892 in
689 855 826 892 anima.
847 857 949 903 Ergo
965 855 1105 892 tristitia
1123 867 1202 892 non
1217 861 1273 891 est
1288 854 1407 890 dolor.

409 920 444 945 2.
466 909 697 954 PRAETEREA,
719 908 829 945 dolor
855 921 933 945 non
962 916 1017 945 est
1043 908 1114 945 nisi
1142 908 1189 944 de
1221 905 1410 955 praesenti

355 961 470 998 malo.
492 961 569 998 Sed
596 961 738 997 tristitia
756 967 880 1009 potest
909 973 990 998 esse
1011 961 1058 997 de
1076 959 1277 1009 praeterito
1306 966 1343 995 et
1363 958 1409 995 de

355 1014 501 1051 futuro:
531 1014 626 1050 sicut
645 1013 876 1062 poenitentia
894 1021 950 1050 est
968 1013 1110 1050 tristitia
1130 1013 1176 1050 de
1196 1011 1409 1060 praeterito,

357 1073 392 1104 et
420 1066 585 1103 anxietas
606 1066 653 1103 de
672 1066 808 1103 futuro.
829 1067 931 1114 Ergo
959 1066 1101 1103 tristitia
1125 1065 1282 1102 omnino
1303 1076 1325 1101 a
1345 1064 1412 1101 do-

355 1120 436 1156 lore
465 1118 600 1156 differt.

412 1172 446 1209 3.
467 1172 700 1218 PRAETEREA,
722 1171 831 1208 dolor
858 1183 937 1208 non
962 1171 1114 1209 videtur
1141 1169 1323 1219 consequi
1341 1169 1413 1206 nisi

357 1236 512 1261 sensum
540 1231 672 1261 tactus.
703 1224 781 1261 Sed
807 1223 951 1260 tristitia
986 1231 1111 1272 potest
1148 1222 1331 1272 consequi
1369 1233 1413 1258 ex

358 1276 536 1314 omnibus
572 1276 755 1313 sensibus.
785 1277 886 1323 Ergo
914 1276 1056 1313 tristitia
1093 1288 1172 1313 non
1201 1283 1256 1312 est
1283 1275 1412 1321 dolor,

358 1330 426 1367 sed
453 1341 494 1366 se
521 1329 636 1366 habet
662 1328 701 1365 in
727 1328 910 1376 pluribus.

413 1382 487 1418 SED
507 1392 652 1420 CONTRA
675 1392 741 1416 EST
759 1380 864 1428 quod
883 1381 1090 1428 Apostolus
1113 1380 1213 1427 dicit,
1233 1381 1285 1417 ad
1301 1382 1413 1417 Rom.

358 1433 449 1471 11¹³:
478 1433 640 1470 Tristitia
668 1438 722 1469 est
738 1433 832 1469 mihi
856 1444 1012 1481 magna,
1033 1439 1069 1469 et
1094 1433 1290 1470 continuus
1307 1433 1416 1470 dolor

358 1485 467 1523 cordi
491 1497 586 1531 meo,
606 1497 676 1533 pro
706 1485 845 1522 eodem
872 1493 981 1522 utens
1007 1485 1152 1522 'tristitia
1179 1493 1216 1522 et
1244 1485 1387 1523 dolore.

411 1539 636 1575 RESPONDEO
664 1549 848 1575 DtCENDUM
875 1538 981 1585 quod
1018 1538 1214 1575 delectatio
1244 1547 1280 1576 et
1307 1539 1416 1576 dolor

359 1603 406 1628 ex
423 1590 560 1639 duplici
579 1591 881 1639 apprehensione
903 1591 1048 1628 causari
1066 1599 1249 1640 possunt:
1278 1592 1416 1629 scilicet

359 1655 406 1681 ex
433 1644 735 1692 apprehensione
769 1644 960 1681 exterioris
993 1656 1147 1691 sensus;
1179 1652 1214 1681 et
1233 1643 1248 1674 β
1277 1657 1322 1682 ex
1350 1658 1416 1694 ap-

358 1697 611 1745 prehensione
643 1697 808 1733 interiori
835 1696 913 1734 sive
941 1697 1149 1736 intellectus
1177 1697 1257 1735 sive
1285 1698 1415 1746 imagi-

359 1749 534 1786 nationis.
565 1749 723 1786 Interior
742 1757 869 1786 autem
889 1750 1142 1799 apprehensio
1171 1751 1220 1787 ad
1246 1751 1355 1799 plura
1375 1763 1414 1788 se

361 1802 525 1839 extendit
560 1814 675 1850 quam
715 1802 893 1839 exterior:
924 1815 970 1839 eo
1006 1803 1111 1852 quod
1149 1815 1415 1853 quaecumque

360 1854 498 1891 cadunt
525 1856 595 1891 sub
625 1855 797 1892 exteriori
829 1855 1147 1904 apprehensione,
1178 1857 1317 1893 cadunt
1345 1858 1415 1894 sub

358 1906 536 1954 interiori,
557 1908 625 1945 sed
653 1920 732 1945 non
751 1921 772 1944 e
793 1920 990 1945 converso.
1013 1909 1103 1946 Sola
1130 1909 1239 1956 igitur
1266 1909 1326 1946 illa
1351 1910 1415 1947 de—

358 1959 506 1996 lectatio
540 1973 639 2008 quae
659 1973 704 1997 ex
723 1961 889 1998 interiori
908 1962 1210 2010 apprehensione
1230 1970 1414 2010 causatur,

359 2012 540 2060 gaudium
578 2014 817 2061 nominatur,
846 2021 887 2050 ut
915 2027 1029 2063 supra
1049 2015 1068 2036 *
1097 2015 1236 2051 dictum
1270 2023 1337 2052 est.
1367 2016 1416 2051 Et

361 2064 527 2102 similiter
560 2066 619 2102 ille
657 2067 759 2103 solus
794 2066 905 2103 dolor
938 2067 1002 2116 qui
1031 2078 1075 2103 ex
1113 2068 1415 2115 apprehensione

359 2117 526 2154 interiori
555 2126 738 2166 causatur,
760 2119 977 2156 nominatur
996 2119 1148 2156 tristitia.
1170 2120 1219 2156 Et
1242 2120 1336 2159 sicut
1354 2121 1416 2158 illa

360 2170 557 2207 delectatio
586 2184 684 2221 quae
714 2184 759 2208 ex
794 2171 966 2208 exteriori
999 2172 1299 2221 apprehensione
1329 2186 1415 2210 cau-

359 2229 471 2270 satur,
500 2224 696 2261 delectatio
734 2224 889 2272 quidem
917 2225 1154 2272 nominatur,
1181 2237 1259 2262 non
1287 2235 1415 2263 autern

358 2275 562 2323 gaudium;
590 2277 641 2314 ita
667 2277 727 2313 ille
761 2277 871 2326 dolor
907 2277 972 2326 qui
1001 2290 1046 2314 ex
1075 2277 1248 2315 exteriori
1281 2291 1415 2328 appre-

358 2328 544 2365 hensione
564 2336 749 2376 causatur,
770 2329 989 2366 nominatur
1011 2329 1165 2378 quidem
1195 2330 1316 2377 dolor,
1338 2344 1416 2367 non

359 2387 487 2426 autem
506 2381 662 2419 tristitia.
679 2382 742 2419 Sic
759 2382 869 2430 igitur
887 2381 1030 2419 tristitia
1049 2390 1104 2419 est
1123 2383 1311 2431 quaedam
1332 2396 1414 2432 spe-

360 2433 435 2470 cies
464 2433 616 2482 doloris,
637 2434 732 2486 sicut
759 2435 939 2483 gaudium
969 2435 1255 2473 delectationiss

1513 643 1572 678 AD
1591 654 1728 679 PRIMUM
1755 654 1853 679 ERGO
1873 655 2055 680 DiCENDUM
2084 644 2186 692 quod
2210 645 2440 692 Augustinus
2460 648 2513 682 lo-

1461 694 1588 742 quitur
1606 695 1656 731 ibi
1676 704 1858 743 quantum
1877 695 1926 732 ad
1945 708 2058 732 usum
2080 697 2277 733 vocabuli:
2303 698 2390 746 quia
2408 699 2516 735 dolor

1461 747 1581 794 magis
1601 747 1757 784 usitatur
1775 748 1813 784 in
1841 749 2099 797 corporalibus
2120 750 2324 796 doloribus,
2345 751 2409 798 qui
2430 759 2516 788 sunt

1461 800 1580 847 magis
1608 800 1698 846 noti,
1720 813 1835 848 quarn
1863 801 1901 837 in
1926 802 2119 839 doloribus
2147 802 2408 851 spiritualibus.

1514 856 1573 889 AD
1601 864 1790 889 SECUNDUM
1827 865 2008 891 DICENDUM
2047 856 2151 902 quod
2188 868 2320 892 sensus
2357 856 2516 892 exterior

1463 918 1542 943 non
1568 906 1727 954 percipit
1762 906 1832 942 nisi
1859 919 2058 955 praesens:
2086 908 2144 945 vis
2173 916 2299 945 autem
2329 908 2515 956 cognitiva

1463 958 1617 995 interior
1642 966 1766 1007 potest
1793 960 1987 1007 percipere
2006 973 2195 1008 praesens,
2220 962 2461 1010 praeteritum
2482 969 2517 997 et

1463 1013 1642 1049 futurum.
1673 1012 1722 1048 Et
1740 1011 1826 1048 ideo
1846 1012 1988 1048 tristitia
2007 1021 2130 1061 potest
2149 1026 2230 1050 esse
2251 1014 2298 1051 de
2316 1014 2515 1063 praesenti,

1464 1064 1665 1114 praeterito
1696 1071 1731 1101 et
1758 1065 1904 1101 futuro:
1935 1065 2043 1101 dolor
2071 1074 2196 1103 autem
2218 1067 2430 1116 corporalis,
2452 1068 2516 1115 qui

1465 1118 1630 1166 sequitur
1662 1117 2004 1166 apprehensionem
2040 1130 2171 1155 sensus
2201 1120 2409 1167 exterioris,
2439 1133 2517 1157 non

1465 1178 1590 1219 potest
1618 1181 1700 1207 esse
1728 1169 1798 1206 nisi
1826 1171 1873 1207 de
1901 1171 2100 1218 praesenti.

1519 1225 1578 1260 AD
1597 1234 1756 1260 TERTIUM
1775 1234 1958 1260 DicENDUM
1974 1223 2078 1271 quod
2094 1224 2280 1261 sensibilia
2298 1233 2416 1262 tactus
2433 1235 2519 1265 sunt

1468 1276 1657 1323 dolorosa,
1674 1288 1753 1312 non
1771 1276 1896 1312 solum
1915 1275 2139 1324 inquantum
2155 1285 2240 1313 sunt
2254 1277 2520 1326 improportio-

1468 1337 1555 1366 nata
1580 1328 1707 1366 virtuti
1730 1329 2040 1377 apprehensivae,
2067 1329 2134 1366 sed
2163 1330 2274 1366 etiam
2295 1331 2519 1379 inquantum

1469 1382 1742 1418 contrariantur
1756 1389 1923 1418 naturae.
1940 1381 2113 1419 Aliorum
2127 1394 2220 1419 vero
2241 1395 2420 1420 sensuum
2437 1396 2521 1420 sen-

1469 1434 1589 1471 sibilia
1616 1442 1776 1483 possunt
1796 1434 1952 1483 quidem
1981 1447 2063 1471 esse
2083 1435 2420 1484 improportionata
2445 1437 2521 1474 vir-

1469 1486 1536 1523 tuti
1564 1487 1877 1536 apprehensivae,
1903 1499 1981 1524 non
2000 1495 2127 1525 tamen
2156 1489 2428 1526 contrariantur
2456 1502 2521 1526 na-

1469 1547 1594 1587 turae,
1624 1540 1695 1576 nisi
1722 1540 1761 1576 in
1789 1539 1921 1576 ordine
1949 1540 1999 1577 ad
2027 1541 2213 1578 sensibilia
2246 1549 2376 1579 tactus.
2410 1543 2521 1580 Unde

1469 1593 1572 1629 solus
1600 1593 1732 1640 homo,
1753 1593 1819 1640 qui
1847 1600 1903 1629 est
1930 1593 2069 1630 animal
2092 1595 2300 1642 perfectum
2329 1595 2367 1631 in
2396 1596 2522 1643 cogni-

1469 1645 1582 1692 tione,
1604 1646 1808 1682 delectatur
1830 1645 1868 1682 in
1896 1646 2133 1684 sensibilibus
2153 1647 2313 1684 aliorum
2342 1661 2523 1685 sensuum

1469 1699 1693 1736 secundumv
1711 1711 1750 1735 se
1770 1698 1871 1746 ipsa:
1901 1699 1972 1735 alia
1998 1711 2091 1736 vero
2115 1700 2291 1737 animalia
2319 1713 2396 1737 non
2425 1701 2523 1738 dele-

1469 1758 1617 1788 ctantur
1634 1752 1672 1788 in
1701 1752 1754 1788 eis
1781 1751 1851 1788 nisi
1879 1753 2090 1790 secundum
2119 1749 2224 1801 quod
2248 1754 2456 1790 referuntur
2475 1754 2524 1790 ad

1469 1805 1656 1841 sensibilia
1683 1812 1814 1851 tactus,
1834 1812 1875 1841 ut
1895 1805 2029 1841 dicitur
2051 1805 2090 1842 in
2119 1807 2167 1842 111
2196 1807 2314 1843 Ethic.
2331 1806 2350 1828 ’¹‘
2369 1808 2418 1843 Et
2436 1807 2522 1843 ideo

1469 1858 1516 1894 de
1537 1857 1774 1894 sensibilibus
1803 1857 1963 1894 aliorum
1989 1870 2170 1895 sensuum
2190 1871 2268 1895 non
2288 1859 2422 1895 dicitur
2442 1872 2522 1896 esse

1470 1910 1590 1958 dolor,
1612 1910 1823 1947 secundum
1852 1911 1957 1958 quod
1986 1911 2232 1948 contrariatur
2250 1917 2265 1939 Υ
2285 1912 2524 1949 delectationi

1469 1963 1646 2000 naturali:
1667 1963 1734 1999 sed
1749 1963 1868 2010 magis
1887 1963 2041 2011 tristitia,
2057 1976 2155 2012 quae
2176 1964 2420 2001 contrariatur
2434 1978 2523 2012 gau-

1470 2015 1533 2052 dio
1562 2015 1724 2052 animali.
1745 2036 1768 2042 -
1791 2015 1852 2052 Sic
1884 2015 1993 2062 igitur
2020 2015 2051 2052 si
2080 2016 2189 2053 dolor
2222 2017 2426 2065 accipiatur
2452 2031 2522 2066 pro

1470 2068 1657 2116 corporali
1687 2068 1831 2115 dolore,
1852 2069 1958 2115 quod
1984 2068 2153 2105 usitatius
2174 2076 2239 2117 est,
2262 2070 2371 2106 dolor
2390 2083 2435 2106 ex
2455 2083 2522 2119 op-

1467 2121 1592 2169 posito
1623 2121 1801 2157 dividitur
1829 2128 1958 2158 contra
1986 2121 2181 2170 tristitiam,
2211 2123 2421 2160 secundum
2451 2123 2523 2160 dis-

1470 2173 1688 2211 tinctionem
1709 2173 2017 2222 apprehensionis
2036 2173 2219 2212 interioris
2249 2183 2284 2212 et
2312 2175 2523 2222 exterioris;

1470 2227 1567 2273 licet,
1588 2233 1772 2275 quantum
1793 2226 1840 2263 ad
1861 2224 2019 2274 obiecta,
2042 2227 2236 2264 delectatio
2256 2225 2269 2249 ὃ
2289 2230 2337 2265 ad
2355 2229 2463 2277 plura
2485 2241 2524 2265 se

1472 2279 1646 2316 extendat
1684 2291 1799 2327 quam
1838 2279 1947 2315 dolor
1975 2280 2190 2328 corporalis.
2221 2280 2261 2317 Si
2287 2293 2380 2318 vero
2417 2281 2526 2318 dolor

1472 2331 1673 2380 accipiatur
1702 2331 1964 2378 communiter,
1990 2331 2042 2368 sic
2071 2333 2180 2370 dolor
2198 2337 2210 2353 ε
2240 2340 2294 2370 est
2320 2345 2438 2381 genus
2465 2334 2526 2370 tri-

1473 2384 1604 2432 stitiae,
1632 2391 1674 2420 ut
1702 2384 1844 2421 dictum
1873 2391 1928 2420 est
1948 2385 1979 2421 ²⁹.

411 2547 440 2580 a)
459 2547 565 2572 dicitur.
582 2560 602 2567 -
619 2547 719 2572 dicitur
737 2549 848 2573 tristitia
867 2549 1000 2582 BFHIpD,
1019 2549 1118 2574 dicitur
1136 2557 1191 2574 esse
1210 2550 1320 2575 tristitia
1338 2550 1370 2574 K.

413 2581 439 2616 β)
457 2583 556 2607 scilicet
614 2586 648 2607 et.
665 2596 686 2602 —
702 2584 787 2608 vel...
802 2585 843 2608 vel
861 2584 906 2608 Pa.

411 2619 438 2651 γ)
457 2618 650 2643 contrariatur.
667 2632 687 2638 -
704 2619 908 2643 contrariantur
925 2619 1162 2651 ABCEGHKLpD.

1526 2550 1550 2582 ὃ)
1571 2551 1719 2576 delectatio.
1736 2565 1755 2570 -
1774 2551 1885 2576 tristitia
1904 2552 1948 2576 sB.

1525 2585 1548 2618 ε)
1567 2587 1652 2611 dolor.
1669 2600 1687 2604 —
1706 2586 1766 2611 Om.
1786 2587 1814 2610 P.

1161 2763 1476 2805 ARTICULUS
1504 2764 1730 2806 TERTIUS

734 2846 890 2878 UTRUM
913 2847 1146 2884 TRISTITIA,
1171 2848 1251 2879 SEU
1274 2848 1442 2885 DOLOR,
1467 2849 1810 2880 SIT⁵CONTRAR1A
1832 2849 2156 2881 DELECTATIONI

622 2924 712 2956 Supra,
732 2932 776 2956 qu.
794 2932 860 2956 xxxx,
878 2930 923 2950 art.
942 2925 967 2956 8,
987 2926 1018 2950 ad
1038 2933 1052 2950 2
1059 2933 1068 2956 ς
1087 2927 1153 2951 Part.
1173 2927 1212 2958 ΙΙΙ,
1231 2935 1276 2959 qu.
1296 2935 1393 2960 mxxxii,
1414 2932 1460 2952 art.

418 3049 424 3056 .
483 3037 511 3056 a
574 3016 597 3040 D
616 3016 774 3042 TERTIUM
803 3017 855 3042 sn:
878 3016 1116 3042 PROCEDITUR.
1136 3005 1293 3043 Videtur
1312 3007 1417 3055 quod

415 3057 439 3078 ’ἕ
575 3058 684 3094 dolor
734 3058 971 3095 delectationi
1025 3070 1103 3095 non
1159 3059 1414 3097 contrarietur.

483 3131 493 3138 ν
544 3111 703 3148 Unum
724 3111 824 3149 enim
846 3110 1120 3148 contrariorum
1136 3123 1213 3148 non
1229 3119 1285 3149 est
1305 3124 1418 3149 causa

366 3215 642 3254 delectationis:
674 3217 808 3254 dicitur
836 3217 937 3254 enim
957 3218 1089 3254 Matth.
1111 3229 1134 3254 v
1152 3217 1189 3253 *ε
1218 3219 1330 3254 Beati
1355 3219 1422 3268 qui

366 3269 508 3319 lugent,
538 3270 716 3318 quoniam
745 3270 815 3319 ipsi
842 3275 859 3291 α
887 3269 1188 3307 consolabuntur.
1210 3271 1310 3318 Ergo
1341 3283 1419 3308 non

366 3329 452 3360 sunt
481 3330 677 3359 contraria.

419 3387 454 3412 2.
475 3376 716 3422 PRAETEREA,
740 3387 862 3412 unum
892 3376 1166 3413 contrariorum
1195 3388 1272 3413 non
1301 3377 1417 3413 deno-

366 3427 484 3465 minat
518 3428 631 3466 aliud.
662 3429 738 3466 Sed
767 3429 804 3466 in
833 3429 1059 3477 quibusdam
1097 3429 1177 3478 ipse
1215 3429 1324 3466 dolor
1356 3430 1419 3466 vel
1444 3427 1448 3479 Ι

420 3549 446 3580 α)
467 3549 526 3580 ipsi.
543 3562 563 3567 —
581 3549 642 3574 Orn-
661 3549 770 3574 codices.
1449 3544 1454 3583 Ι

509 3603 618 3626 Summi:
637 3602 736 3625 Timor..
757 3602 787 3625 D.
802 3602 915 3625 TnoMAr.
934 3601 966 3626 T.
985 3602 1025 3626 ΙΙΙ.

1479 2935 1504 2961 9,
1524 2928 1556 2952 ad
1577 2935 1606 2958 ας
1625 2928 1659 2953 1v
1679 2928 1761 2957 Sent.‚
1782 2929 1841 2954 dist.
1860 2936 1925 2960 χιιι,
1945 2936 1990 2962 qu.
2007 2936 2045 2960 111,
2065 2934 2111 2954 art.
2132 2929 2155 2960 3,
2175 2930 2222 2962 qu*
2245 2937 2266 2954 1.

1471 3007 1614 3044 tristitia
1643 3016 1698 3045 est
1717 3008 1966 3045 delectabilis:
1991 3009 2085 3046 sicut
2109 3009 2343 3057 Augustinus
2369 3010 2468 3057 dicit,
2489 3010 2527 3047 in

1473 3061 1521 3096 III
1556 3061 1720 3107 Confess.
1741 3060 1771 3108 ³¹²,
1793 3061 1897 3109 quod
1918 3061 2025 3098 dolor
2048 3061 2085 3098 in
2107 3062 2328 3110 spectaculis
2355 3063 2525 3100 delectat.

1472 3113 1520 3149 Et
1539 3114 1590 3149 IV
1615 3113 1779 3161 Confess.
1799 3113 1830 3160 ³⁸,
1852 3113 1940 3150 dicit
1964 3115 2069 3163 quod
2078 3115 2193 3163 fletus
2220 3127 2356 3152 amara
2385 3128 2444 3152 res
2463 3122 2526 3163 est,
2557 3130 2564 3139 ·

1472 3171 1508 3201 et
1525 3171 1647 3202 tamen
1667 3166 1890 3215 quandoque
1909 3167 2072 3204 delectat.
2090 3168 2190 3216 Ergo
2212 3168 2320 3205 dolor
2339 3181 2418 3205 non
2439 3182 2527 3205 con-

1472 3217 1646 3255 trariatur
1674 3219 1922 3257 delectationi.

1529 3271 1563 3308 3.
1589 3272 1829 3319 PRAETEREA,
1858 3284 1977 3309 unum
2015 3273 2289 3310 contrariorum
2318 3271 2334 3302 β
2361 3283 2438 3311 non
2475 3282 2528 3311 est

1474 3324 1630 3367 materia
1659 3325 1828 3361 alterius:
1858 3325 1950 3375 quia
1976 3326 2159 3362 contraria
2193 3326 2301 3362 simul
2340 3339 2421 3363 esse
2449 3339 2527 3363 non

1474 3384 1643 3425 possunt.
1675 3377 1751 3414 Sed
1781 3377 1890 3415 dolor
1916 3385 2040 3427 potest
2073 3391 2155 3415 esse
2184 3379 2340 3415 materia
2370 3380 2528 3416 delecta-

1474 3430 1603 3466 tionis:
1634 3430 1721 3467 dicit
1749 3430 1849 3467 enim
1864 3431 2116 3479 Augustinus,
2137 3431 2174 3468 in
2203 3431 2296 3468 libro
2325 3433 2370 3468 de
2396 3433 2528 3469 Poeni-

1535 3549 1559 3582 β)
1578 3551 1784 3575 contrariorum.
1802 3564 1821 3569 —
1839 3551 2002 3576 contrarium
2023 3550 2223 3576 ABCDEfflKL.

2551 1811 2759 1863 -(s³⁸.¹¹i·'1i‘.'12‘01⁷.⁸1i³r‘x¹{

2555 3076 2565 3086 ⁸
2580 3076 2636 3103 Cap.
2651 3082 2675 3098 u.
