2852 4152
125 1040 136 1051 *⁵
151 1040 199 1067 Qu⁴
209 1045 239 1066 w,
255 1042 297 1061 art.
309 1045 325 1060 1.

125 1298 136 1309 ¹*
149 1297 196 1324 Qu.
205 1303 221 1323 ι,
232 1301 275 1318 art.
284 1304 306 1324 4,
316 1301 338 1318 et

142 1330 164 1345 u.
180 1330 226 1349 xiv,
242 1327 283 1345 art.
299 1323 336 1350 16,

148 1353 260 1372 omment.

126 1518 134 1526 ¹
162 1516 241 1544 Topic.
257 1516 295 1537 lib.
314 1516 335 1543 1,

125 1548 175 1570 cap.
190 1549 222 1573 ¹¹.»
237 1548 259 1565 n.
274 1548 294 1570 5.

120 3063 129 3071 ·
141 3061 178 3083 Cf.
193 3065 233 3084 art.
249 3067 268 3087 2,
284 3067 332 3089 arg.

121 3087 171 3110 Sed
183 3091 274 3110 contra.

219 3212 235 3229 α

121 3273 130 3282 ·
146 3272 182 3294 cr.
196 3272 272 3294 Ειιιῑε.
293 3274 331 3295 lib.

121 3298 161 3346 Y}
178 3305 203 3346 ⁰T⁸
221 3305 331 3348 ἰ’ἑὲἒῆἳῐ

121 3357 173 3379 ὅςῆ.

370 215 416 250 32

368 293 435 329 sed
463 291 671 329 intellectus
699 293 954 341 speculativus
986 293 1100 329 habet
1133 293 1278 329 bonum
1307 292 1346 329 in
1374 305 1430 329 se-

368 345 464 393 ipso,
486 344 625 381 scilicet
646 345 1006 394 contemplationem
1026 345 1202 381 veritatis.
1224 346 1272 381 Et
1292 345 1321 381 si
1341 345 1429 382 illud

368 397 515 433 bonum
536 397 581 434 sit
600 398 822 446 perfectum,
849 410 893 434 ex
914 409 959 433 eo
980 404 1079 434 totus
1098 398 1217 434 homo
1237 397 1430 445 perficitur

370 457 407 487 et
433 450 476 486 fit
504 450 646 487 bonus:
675 450 779 498 quod
812 450 967 498 quidem
1000 450 1208 486 intellectus
1242 449 1428 498 practicus

368 515 447 539 non
476 503 601 549 habet,
623 503 689 540 sed
718 503 767 539 acl
795 502 886 539 illud
915 502 1073 539 ordinat.

421 557 479 591 AD
498 566 657 592 TERTIUM
676 567 859 592 mcaunum
876 555 981 604 quod
1000 554 1093 590 ratio
1114 553 1174 590 illa
1192 555 1426 602 procederet,

369 607 399 643 si
428 607 587 655 ipsemet
613 609 733 644 homo
763 615 862 644 esset
888 607 1042 644 ultimus
1070 606 1156 644 finis
1181 619 1271 643 suus
1291 612 1318 644 E:
1339 614 1428 644 tunc

1075 215 1340 260 QUAESTIO
1371 216 1438 262 111,
1468 215 1762 252 ARTICULUS
1790 215 1841 251 VI

1485 294 1587 330 enim
1611 292 1862 330 consideratio
1883 300 1920 329 et
1947 293 2135 330 ordinatio
2156 302 2309 331 actuum
2339 302 2374 331 et
2401 294 2543 343 passio-

1485 358 1577 383 num
1598 346 1676 382 eius
1697 353 1795 382 esset
1823 343 1903 382 eius
1923 344 1934 369 ζ
1953 346 2159 383 beatitudo.
2182 347 2258 384 Sed
2278 347 2366 394 quia
2390 347 2543 384 ultimus

1482 398 1648 435 hominis
1676 397 1761 434 finis
1791 405 1846 433 est
1873 397 2029 445 aliquod
2054 404 2072 425 η
2101 398 2250 435 bonum
2279 399 2542 447 extrinsecum,

1483 450 1622 487 scilicet
1650 452 1769 495 Deus,
1799 450 1847 486 ad
1875 462 1992 498 quern
2020 462 2089 498 per
2117 451 2377 498 operationem
2404 451 2543 489 intelle-

1484 511 1562 539 ctus
1591 502 1811 551 speculativi
1839 502 2073 550 attingimus;
2101 502 2188 539 ideo
2209 503 2329 550 magis
2348 504 2542 541 beatitudo

1481 555 1647 591 hominis
1668 555 1704 590 in
1726 555 1946 603 operatione
1975 555 2181 592 intellectus
2210 555 2429 604 speculativi
2454 568 2543 593 con—

1482 607 1585 654 sistit,
1616 619 1731 656 quam
1761 607 1799 644 in
1828 607 2050 656 operatione
2079 608 2286 645 intellectus
2313 608 2478 657 practici.

420 738 442 769 ε)
460 744 524 762 suus
540 752 559 756 —
578 738 638 762 Om.
658 738 720 762 PHa

419 772 444 804 ζ)
464 773 528 797 eius.
547 787 564 792 -
584 773 644 797 Orn.
664 773 746 797 PHIa.

1534 738 1561 769 η)
1580 737 1696 769 aIIquod.
1715 751 1733 756 —
1750 737 1825 761 aliud
1844 738 1888 761 Pa.

1040 852 1372 884 Commentama
1394 852 1644 885 Gardinalis
1667 852 1866 884 Caietam

398 954 418 974 N
442 942 573 973 articulo
594 941 716 981 quinto,
743 940 821 971 circa
843 940 897 970 illa
919 940 1023 976 verba,
1046 941 1199 971 Divinum
1223 941 1338 970 bonum
1364 950 1427 970 non

371 955 445 1018 Iest
459 987 612 1017 obiectum
631 985 808 1015 intellectus
817 985 966 1024 practici,
983 984 1105 1014 Scotica
1122 984 1257 1014 occurrit
1272 984 1426 1014 dubitatio

366 1041 402 1061 ex
417 1031 555 1069 Prologo
574 1030 584 1059 1
601 1029 687 1059 Sent.
704 1028 730 1064 *,
751 1028 805 1058 ubi
823 1038 859 1058 ex
879 1037 916 1058 eo
933 1028 1021 1068 quod
1040 1029 1127 1058 Deus
1144 1035 1190 1058 est
1205 1028 1365 1058 obiectum
1380 1037 1426 1057 re-

366 1074 568 1106 ctificativum
590 1073 765 1103 intellectus
783 1071 874 1102 creati
890 1072 930 1101 ad
944 1078 1060 1102 rectam
1077 1071 1295 1111 operationem
1313 1071 1426 1101 volun-

365 1118 445 1154 tatis,
463 1124 541 1158 puta
564 1117 680 1147 amoris
703 1116 802 1156 ipsius
826 1115 900 1152 Dei;
927 1122 957 1146 et
980 1125 1016 1146 ex
1039 1116 1108 1156 ipso
1133 1122 1303 1145 sumuntur
1325 1115 1427 1155 prima

365 1161 518 1203 principia
539 1161 667 1201 praxi&
692 1166 803 1200 utpote
827 1169 864 1190 ex
887 1159 1000 1190 ultimo
1033 1159 1112 1195 fine;
1136 1159 1205 1188 vult
1231 1159 1336 1188 Deum
1359 1168 1426 1188 esse

366 1206 527 1237 obiectum
542 1205 718 1235 intellectus
738 1203 874 1244 practici.
900 1203 1001 1233 Cuius
1018 1203 1205 1242 oppositum
1227 1202 1279 1232 hic
1303 1202 1425 1232 dicitur.

421 1250 482 1280 Sed
505 1250 545 1279 ad
559 1249 621 1279 hoc
646 1255 676 1278 et
699 1247 811 1278 similia
835 1247 924 1277 facile
941 1253 1026 1286 patet
1047 1246 1212 1286 responsio
1233 1256 1269 1276 ex
1289 1246 1377 1276 dictis
1393 1246 1426 1276 in

365 1295 377 1325 Ι
393 1294 474 1324 libro
489 1293 514 1324 *.
539 1293 590 1323 Ad
610 1292 770 1323 obiectum
787 1290 943 1331 siquidem
963 1290 1089 1331 practici
1108 1290 1284 1320 intellectus
1301 1300 1355 1320 seu
1372 1290 1426 1320 ha-

364 1338 457 1373 bitus,
483 1337 614 1377 exigitur
637 1335 724 1376 quod
748 1335 824 1365 haec
848 1341 878 1364 et
901 1334 1015 1364 similia
1037 1334 1150 1364 habeat
1172 1338 1266 1374 pure:
1291 1334 1316 1364 si
1340 1333 1426 1364 enim

364 1382 458 1412 habet
472 1381 548 1411 haec
571 1381 689 1410 elevate
703 1379 736 1408 in
759 1388 791 1408 re
808 1378 977 1418 superioris
993 1377 1120 1414 ordinis,
1138 1388 1233 1418 supra
1252 1378 1426 1418 practicum

365 1432 420 1456 est.
436 1424 620 1456 Ridiculum
635 1429 742 1453 autem
758 1428 837 1463 puto
855 1421 956 1453 dicere
972 1422 1061 1463 quod
1077 1422 1172 1452 etiam
1181 1422 1345 1452 Trinitatis
1361 1432 1428 1463 my-

365 1469 456 1500 steria
471 1469 537 1499 visa
559 1467 728 1508 practicam
751 1473 876 1497 tantum
899 1466 1115 1507 cognitionem
1131 1466 1267 1506 pariunt.
1291 1465 1426 1506 Oportet

363 1514 415 1544 hic
445 1522 564 1543 servare
594 1510 673 1542 illud
700 1510 887 1552 Philosophi
906 1510 939 1540 *2
967 1510 1112 1548 Quolibet
1135 1510 1325 1551 proferente
1352 1520 1425 1540 con-

364 1558 480 1595 traria,
504 1556 672 1587 sollicitum
697 1564 764 1586 esse
786 1555 918 1585 stultum
943 1560 999 1592 est,
1025 1561 1081 1585 etc.

420 1601 457 1632 11.
483 1601 518 1631 In
543 1600 656 1630 eodem
672 1599 784 1639 quinto
805 1598 948 1634 articulo,
966 1598 1046 1629 circa
1068 1597 1120 1628 illa
1142 1597 1245 1634 verba,
1263 1598 1362 1628 Actus
1378 1598 1424 1628 in—

364 1646 507 1676 tellectus
524 1645 663 1684 practici
687 1653 748 1674 non
769 1643 937 1683 quaeritur
949 1647 1085 1683 propter
1107 1643 1257 1682 seipsum,
1274 1642 1330 1672 sed
1346 1651 1424 1682 pro-

357 1695 434 1730 pter
462 1689 638 1725 actionem,
663 1687 797 1718 dubium
826 1686 970 1717 occurrit.
1002 1686 1165 1723 Quoniam
1192 1686 1331 1716 nobilius
1358 1695 1425 1716 non

364 1740 410 1764 est
433 1739 561 1774 propter
583 1731 754 1772 ignobilius
778 1737 813 1761 ut
834 1730 948 1761 finem:
973 1737 1095 1761 constat
1118 1736 1226 1760 autem
1249 1736 1356 1760 actum
1378 1730 1425 1760 in-

362 1777 504 1809 tellectus
528 1776 655 1817 practici
678 1785 744 1806 esse
768 1774 958 1805 nobiliorem
981 1774 1119 1805 actione:
1144 1783 1229 1813 ergo,
1253 1781 1311 1805 etc.

418 1821 469 1852 Ad
492 1821 563 1856 hoc,
581 1819 705 1850 omissis
729 1819 864 1849 aliorum
883 1818 1153 1859 responsionibus,
1176 1818 1424 1858 qualescumque

364 1865 434 1902 sint,
450 1864 658 1905 respondetur
681 1863 770 1904 quod
789 1869 876 1893 actus
899 1863 1074 1893 intellectus
1098 1862 1225 1902 practici
1244 1868 1349 1901 potest
1367 1863 1424 1892 du—

362 1909 484 1950 pliciter
507 1908 601 1939 sumi.
625 1907 698 1938 Uno
723 1908 839 1943 modo,
864 1913 900 1937 ut
929 1913 1016 1938 actus
1045 1913 1091 1936 est
1113 1906 1302 1936 intellectus:
1328 1912 1358 1936 et
1381 1905 1424 1936 sic

362 1953 476 1994 procul
492 1952 589 1983 dubio
612 1951 751 1982 nobilior
773 1958 820 1981 est
835 1951 968 1982 actione.
990 1950 1063 1981 Alio
1083 1950 1193 1986 modo,
1210 1956 1246 1980 ut
1268 1949 1423 1990 practicus

363 2004 424 2028 est:
449 2003 480 2028 et
503 1997 545 2027 sic
569 2002 615 2026 est
636 1995 806 2035 ignobilior
828 1994 960 2026 actione.

416 2041 468 2072 111.
488 2040 549 2071 Sed
568 2046 676 2070 contra
692 2039 753 2069 hoc
773 2045 828 2075 est,
844 2038 919 2079 quia
943 2048 1036 2069 causa
1059 2038 1159 2068 activa
1178 2047 1244 2067 non
1267 2044 1313 2068 est
1333 2037 1422 2077 igno-

361 2085 455 2115 bilior
478 2083 604 2115 effectu:
629 2090 716 2114 actus
740 2090 847 2114 autem
868 2083 1044 2113 intellectus
1067 2081 1207 2122 practici,
1234 2088 1268 2112 ut
1292 2081 1352 2117 sic,
1377 2087 1423 2111 est

363 2138 456 2160 causa
479 2128 578 2158 activa
601 2127 747 2158 actionis:
774 2136 858 2167 ergo.

417 2173 469 2203 Ad
483 2172 545 2203 hoc
561 2178 592 2202 et
606 2171 720 2202 similia
740 2171 800 2201 dici
815 2177 920 2211 potest
935 2170 1033 2211 quod,
1050 2169 1205 2210 quidquid
1221 2169 1261 2200 sit
1275 2169 1314 2199 de
1329 2178 1423 2199 causa

362 2227 441 2257 pure
455 2216 564 2252 activa,
581 2216 763 2255 negandum
778 2221 824 2246 est
842 2215 932 2255 quod
947 2224 1041 2245 causa
1063 2213 1306 2254 quodammodo
1323 2212 1423 2244 activa

362 2267 392 2292 et
407 2260 650 2302 quodammodo
669 2259 855 2300 dispositiva
870 2269 936 2289 non
956 2258 995 2289 sit
1013 2257 1238 2298 imperfectior:
1257 2257 1420 2297 quoniam,

362 2305 419 2336 etsi
442 2315 508 2335 non
530 2304 722 2345 inquantum
745 2303 856 2340 activa,
883 2303 1074 2344 inquantum
1097 2308 1203 2332 tamen
1227 2301 1420 2341 dispositiva,

361 2348 573 2389 imperfectior
596 2354 657 2384 est,
685 2354 715 2378 et
738 2347 900 2378 ordinatur
922 2347 962 2377 ad
989 2346 1021 2376 id
1044 2356 1102 2386 pro
1126 2356 1192 2387 quo
1223 2345 1363 2385 disponit
1386 2351 1422 2375 ut

360 2392 466 2423 finem.
492 2392 542 2423 Sic
565 2398 672 2422 autem
695 2398 741 2422 est
764 2392 796 2422 in
820 2390 1003 2432 proposito:
1029 2399 1104 2420 nam
1134 2396 1221 2420 actus
1244 2389 1421 2420 intellectus

360 2436 498 2477 practici,
521 2436 577 2467 etsi
599 2436 632 2466 in
655 2445 767 2476 genere
791 2445 902 2466 causae
926 2434 1086 2465 efficientis
1110 2434 1150 2465 sit
1172 2443 1266 2465 causa
1289 2433 1420 2464 actionis

1480 951 1535 970 seu
1560 940 1713 977 factionis,
1735 947 1780 971 est
1803 940 2010 970 nihilominus
2035 940 2129 970 etiam
2154 951 2246 972 causa
2271 941 2412 973 eiusdem
2436 943 2541 983 dispo-

1480 984 1578 1014 sitiva.
1596 984 1785 1024 Disponitur
1812 984 1896 1014 enim
1920 984 2020 1014 homo
2052 994 2108 1024 per
2137 991 2243 1015 actum
2271 985 2448 1018 intellectus
2472 997 2541 1027 pra-

1479 1027 1549 1058 ctici
1573 1028 1612 1057 ad
1630 1034 1712 1058 recte
1736 1028 1894 1067 agendum
1909 1028 1960 1058 vel
1982 1027 2180 1058 faciendum:
2205 1039 2280 1059 cum
2303 1030 2388 1060 enim
2411 1037 2476 1061 tam
2500 1031 2539 1061 ad

1479 1077 1560 1101 recte
1583 1072 1742 1111 agendum
1762 1071 2077 1111 quamtaciendum,
2102 1072 2245 1111 pluribus
2269 1072 2368 1104 homo
2392 1074 2539 1114 indigeat,

1480 1121 1586 1144 actum
1609 1115 1736 1155 practici
1765 1115 1941 1145 intellectus
1965 1115 2004 1145 ad
2027 1115 2089 1145 hoc
2113 1116 2310 1156 quaerimus,
2338 1124 2374 1148 ut
2397 1118 2540 1158 dispositi

1479 1158 1578 1188 simus
1602 1168 1637 1188 ac
1659 1158 1831 1199 propinqui
1855 1158 1895 1188 ad
1918 1165 1999 1189 recte
2032 1159 2191 1198 agendum
2212 1160 2263 1190 vel
2286 1160 2475 1192 faciendum.
2500 1162 2541 1192 Et

1479 1202 1523 1232 sic
1546 1209 1627 1233 recte
1651 1212 1741 1242 agere
1763 1203 1813 1232 vel
1836 1202 1937 1233 facere
1959 1202 2030 1233 finis
2053 1209 2108 1233 est.

1534 1245 1648 1276 Melius
1671 1253 1786 1283 tamen,
1803 1246 1920 1277 iudicio
1937 1256 2021 1283 meo,
2039 1247 2152 1278 dicitur
2172 1248 2262 1287 quod
2281 1248 2367 1278 aliud
2383 1255 2429 1279 est
2452 1258 2540 1280 com-

1479 1299 1587 1330 parare
1610 1300 1738 1320 causam
1759 1290 1894 1321 activam
1917 1290 2049 1327 effectui,
2071 1298 2101 1322 et
2123 1291 2210 1321 aliud
2228 1291 2354 1322 actioni.
2376 1292 2541 1330 Quoniam

1479 1334 1518 1364 ad
1541 1334 1632 1364 illum
1648 1341 1851 1374 comparatur
1873 1340 1909 1365 ut
1924 1344 2023 1375 aeque
2040 1341 2094 1365 aut
2117 1335 2218 1375 magis
2233 1335 2378 1377 perfecta,
2395 1336 2436 1366 ad
2458 1337 2539 1367 hanc

1479 1384 1514 1408 ut
1537 1377 1762 1417 imperfectior:
1787 1379 1941 1419 quoniam
1957 1379 2039 1409 actio
2064 1388 2175 1409 causae
2195 1378 2312 1411 activae
2336 1386 2383 1411 est
2405 1386 2494 1412 actus
2508 1387 2540 1411 et

1477 1421 1628 1461 perfectio
1652 1422 1728 1458 eius,
1747 1429 1778 1453 et
1793 1429 2022 1463 consequenter
2042 1432 2136 1454 causa
2155 1423 2254 1454 activa
2276 1431 2478 1464 comparatur
2500 1425 2541 1455 ad

1478 1465 1635 1496 actionem
1651 1473 1686 1496 ut
1701 1466 1843 1506 potentia
1858 1467 1899 1496 ad
1921 1473 2038 1497 actum.
2053 1467 2105 1498 Sic
2119 1474 2227 1498 autem
2241 1474 2288 1499 est
2307 1467 2341 1498 in
2355 1467 2538 1509 proposito:

1477 1510 1633 1550 quoniam
1648 1516 1736 1541 actus
1758 1510 1935 1541 intellectus
1951 1510 2088 1550 practici,
2105 1517 2141 1541 ut
2163 1511 2217 1547 sic,
2237 1511 2362 1551 respicit
2381 1512 2540 1543 actionem

1477 1563 1533 1584 seu
1556 1553 1727 1585 factionem
1743 1561 1779 1585 ut
1801 1554 1959 1585 actionem
1981 1554 2094 1595 ipsius3
2115 1561 2161 1585 est
2184 1554 2269 1585 enim
2289 1562 2419 1596 propter
2436 1555 2540 1596 ipsam

1478 1604 1514 1628 ut
1525 1607 1619 1628 suurn
1638 1598 1920 1638 complementum.
1936 1598 2020 1629 Cum
2038 1608 2112 1638 ergo
2131 1598 2244 1629 dicitur
2259 1599 2349 1640 quod
2364 1609 2458 1630 causa
2474 1609 2540 1630 non

1478 1648 1524 1672 est
1539 1641 1709 1681 ignobilior
1725 1641 1846 1678 effectu,
1863 1648 1927 1672 etc:
1952 1641 2024 1672 dico
2041 1643 2138 1682 quod,
2157 1642 2214 1672 etsi
2229 1652 2294 1673 non
2310 1649 2356 1674 est
2369 1643 2541 1682 ignobilior

1478 1685 1598 1722 effectu,
1619 1692 1666 1716 est
1688 1693 1794 1716 tamen
1817 1685 1986 1725 ignobilior
2007 1686 2140 1723 actione,
2157 1693 2193 1717 ut
2215 1687 2358 1727 potentia
2381 1693 2428 1718 est
2449 1687 2540 1727 igno-

1477 1729 1570 1760 bilior
1593 1737 1674 1760 actu.
1699 1730 1740 1760 Et
1761 1731 1851 1771 quod
1867 1737 1932 1760 tam
1947 1730 2029 1760 actio
2046 1739 2144 1771 quam
2166 1730 2261 1761 factio
2281 1738 2482 1771 comparatur
2499 1731 2540 1762 ad

1477 1781 1583 1804 actum
1602 1773 1777 1804 intellectus
1801 1774 1937 1814 practici,
1955 1781 1991 1804 ut
2013 1774 2168 1814 practicus
2182 1781 2247 1811 est,
2262 1782 2299 1806 ut
2319 1775 2400 1806 actio
2424 1782 2455 1806 et
2468 1785 2538 1816 per-

1477 1817 1570 1848 fectio
1586 1817 1683 1848 illius:
1709 1824 1744 1848 ut
1767 1818 1863 1848 etiam
1877 1818 1986 1858 ipsum
2009 1828 2127 1848 nomen
2140 1820 2280 1859 practici
2293 1825 2432 1856 testatur,
2448 1825 2540 1850 sonat
2551 1838 2560 1846 ·

1477 1861 1563 1892 enirn
1587 1862 1806 1902 operativum;
1828 1868 1951 1892 constat
1982 1861 2067 1892 enim
2090 1862 2179 1902 quod
2202 1862 2355 1903 operativi
2382 1869 2470 1894 actus
2493 1870 2539 1894 est

1477 1906 1616 1946 operari,
1643 1905 1847 1936 domificativi
1870 1905 2067 1942 domificare,
2097 1913 2128 1937 et
2150 1907 2265 1938 medici
2293 1907 2421 1938 mederi.
2446 1907 2538 1938 Unde

1477 1950 1584 1990 quoad
1607 1949 1775 1985 actionem,
1791 1950 1824 1979 in
1840 1949 1996 1990 principio
2012 1951 2189 1981 Moralium
2205 1950 2224 1970 *
2238 1951 2423 1982 Aristoteles
2442 1951 2537 1982 dixit:

1475 1994 1672 2024 Huiusmodi
1693 2003 1871 2024 sermonem
1894 1995 2094 2034 suscipimus,
2120 2004 2182 2025 non
2207 2000 2242 2025 ut
2264 1996 2400 2026 scientes
2421 1996 2536 2034 simus,

1475 2037 1532 2068 sed
1554 2042 1731 2078 operantes.
1763 2038 1804 2068 Et
1826 2037 1912 2068 idem
1940 2044 1987 2068 est
2013 2037 2167 2069 iudicium
2191 2038 2229 2069 de
2252 2038 2381 2070 scientia
2403 2038 2536 2070 artium:

1476 2091 1551 2111 nam
1575 2091 1640 2111 non
1664 2087 1700 2121 ut
1722 2081 1868 2118 scientes,
1893 2082 1948 2112 sed
1971 2088 2007 2112 ut
2030 2088 2195 2123 operantes
2219 2082 2328 2119 simus,
2345 2089 2425 2114 artes
2449 2082 2538 2114 disci·

1476 2135 1558 2161 mus,
1576 2135 1712 2166 quarum
1735 2132 1781 2156 est
1799 2124 1910 2156 facere.

1531 2169 1583 2200 IV.
1604 2169 1639 2199 In
1663 2169 1777 2199 eodem
1801 2169 1933 2200 articulo
1961 2169 2088 2210 quinto,
2115 2169 2149 2200 in
2170 2170 2379 2210 responsione
2407 2170 2447 2200 ad
2477 2169 2538 2211 pri-

1475 2223 1577 2249 mum,
1596 2213 1763 2243 recolenda
1778 2220 1853 2244 sunt
1874 2223 1910 2243 ea
1933 2223 2015 2254 quae
2038 2214 2071 2244 in
2090 2213 2196 2254 primo
2211 2214 2303 2250 libro,
2319 2214 2352 2244 in
2366 2214 2508 2254 Prologo
2521 2213 2540 2235 '⁸'

1475 2263 1506 2287 et
1521 2263 1640 2298 quaest.
1658 2267 1710 2287 xiv
1725 2256 1751 2293 *‚
1772 2257 1810 2287 de
1827 2257 1964 2297 practico
1981 2264 2012 2288 et
2026 2258 2220 2297 speculativo
2237 2258 2391 2289 diximus:
2416 2265 2447 2290 et
2462 2268 2536 2290 con·

1475 2307 1641 2342 sequenter
1657 2301 1718 2331 illis
1733 2300 1965 2342 interpretanda
1989 2308 2062 2332 sunt
2077 2302 2171 2332 verba
2193 2299 2312 2333 litterae
2327 2302 2432 2339 huius,
2450 2300 2539 2343 quod

1474 2345 1564 2375 Deus
1586 2345 1679 2375 habet
1700 2346 1864 2375 scientiam
1887 2345 2114 2385 speculativam
2139 2350 2263 2376 tantum
2287 2346 2327 2377 de
2343 2347 2455 2387 seipso.
2480 2346 2538 2378 Est

1475 2388 1561 2419 enim
1591 2388 1642 2419 hic
1671 2398 1775 2419 sermo
1799 2388 1884 2419 iuxta
1913 2399 2120 2420 communem
2149 2389 2303 2430 loquendi
2332 2400 2447 2429 usum,
2471 2399 2537 2431 quo

1475 2433 1580 2463 omnis
1600 2432 1728 2464 scientia
1751 2439 1805 2463 aut
1827 2433 1961 2473 practica
1985 2441 2039 2464 aut
2062 2433 2254 2473 speculativa
2276 2434 2399 2465 dicitur.

1175 2612 1491 2655 ARTICULUS
1521 2612 1728 2655 SEXTUS

499 2708 652 2739 UTRUM
675 2706 927 2738 BEAriruno
952 2705 1194 2737 CONslsTAT
1218 2706 1261 2736 IN
1285 2705 1665 2737 cousmERATmNE
1689 2705 1983 2736 SCIENTIARUM
2007 2703 2399 2736 SPECULATIVARUM

1021 2794 1052 2819 111
1074 2795 1150 2819 Cont.
1171 2796 1258 2824 Gent„
1279 2802 1334 2827 cap.
1351 2802 1444 2825 va1n5
1466 2794 1609 2827 Compend.
1632 2793 1728 2822 nent„
1748 2801 1804 2826 cap.
1824 2800 1875 2819 civ.

400 2925 411 2937 s
450 2910 455 2923 ι
573 2906 595 2930 n
624 2904 765 2930 saxruM
787 2904 841 2929 sm
869 2903 1107 2929 PROCEDITUR.
1137 2891 1296 2929 Videtur
1313 2891 1419 2939 quod

573 2946 767 2983 beatitudo
795 2945 963 2982 hominis
992 2945 1170 2982 consistat
1189 2944 1227 2981 in
1247 2944 1419 2981 conside-

558 2997 715 3036 ratione
732 2998 1051 3048 speculativarum
1067 2997 1318 3035 scientiarum.
1333 2997 1420 3034 Phi-

574 3052 755 3101 losophus
785 3051 887 3088 enim
916 3051 1018 3098 dicit,
1047 3050 1085 3088 in
1113 3051 1209 3087 libro
1237 3051 1356 3088 Ethic.
1382 3049 1418 3097 *‚

361 3103 466 3152 quod
491 3103 657 3152 felicitas
693 3110 749 3142 est
778 3105 943 3152 operatio
980 3104 1184 3141 secundum
1210 3104 1419 3152 perfectam

359 3157 544 3194 virtutem.
565 3159 614 3194 Et
629 3158 859 3205 distinguens
873 3157 1044 3204 virtutes,
1064 3169 1142 3194 non
1160 3156 1267 3206 ponit
1286 3168 1419 3205 specu-

359 3209 493 3247 lativas
513 3215 530 3231 α
558 3211 628 3247 nisi
655 3218 741 3257 tres,
761 3210 965 3256 scientiam,
985 3210 1206 3258 sapientiam
1227 3216 1263 3246 et
1281 3208 1418 3246 intelle—

360 3262 506 3309 ctum*;
528 3275 626 3312 quae
642 3275 777 3300 omnes
796 3263 985 3312 pertinent
1004 3263 1053 3299 ad
1073 3261 1416 3299 considerationem

359 3316 601 3354 scientiarum
621 3316 950 3365 speculativarum.
978 3316 1080 3363 Ergo
1100 3315 1232 3352 ultima
1250 3314 1416 3352 hominis

360 3369 554 3406 beatitudo
583 3369 622 3406 in
650 3369 952 3407 consideratione
981 3368 1222 3406 scientiarum
1247 3367 1416 3416 specula-

360 3422 523 3459 tivarum
552 3422 728 3459 consistit.

414 3545 439 3577 α)
459 3552 510 3569 non
528 3545 606 3576 ponit
624 3545 808 3577 speculativas.
827 3558 845 3563 —
863 3544 1039 3576 speculativas
1058 3551 1110 3568 non
1133 3545 1211 3576 ponit
1230 3544 1258 3568 P.

1527 2903 1562 2928 2.
1584 2892 1815 2937 ΡΚΑΕΤΕΚΕΑ,
1837 2891 1927 2928 illud
1946 2890 2097 2928 videtur
2117 2903 2198 2928 esse
2217 2890 2349 2928 ultima
2368 2890 2535 2928 hominis

1472 2944 1679 2991 beatitudo,
1709 2943 1813 2992 quod
1841 2943 2058 2981 naturaliter
2086 2943 2320 2981 desideratur
2342 2944 2392 2980 ab
2413 2943 2534 2980 omni-

1471 2997 1543 3034 bus
1571 3004 1726 3046 propter
1755 2996 1936 3045 seipsum.
1967 2997 2044 3034 Sed
2072 2995 2293 3034 huiusmodi
2327 3004 2383 3033 est
2411 2996 2535 3034 cousi-

1472 3050 1615 3087 deratio
1645 3049 1967 3098 speculativarum
1996 3049 2258 3086 scientiarum:
2289 3048 2388 3098 quia,
2417 3056 2460 3085 ut
2478 3048 2534 3086 di·

1472 3102 1565 3140 citur
1583 3103 1622 3140 in
1638 3104 1651 3139 Ι
1667 3102 1883 3151 Metaphys.
1894 3101 1927 3149 ²¹³,
1947 3113 2076 3139 omnes
2094 3101 2263 3139 homines
2282 3107 2420 3139 natura
2437 3102 2534 3139 scire

1471 3156 1682 3192 desiderant
1690 3169 1704 3200 ,·
1733 3163 1770 3192 et
1795 3162 1884 3204 post
1910 3167 2033 3204 pauca
2061 3154 2235 3192 subditur
2258 3154 2279 3177 ¹⁸
2311 3155 2416 3204 quod
2448 3167 2531 3204 spe—

1472 3209 1656 3246 culativae
1698 3208 1874 3246 scientiae
1916 3214 2072 3257 propter
2109 3207 2251 3256 seipsas
2287 3215 2530 3257 quaeruntur.

1472 3263 1572 3309 Ergo
1600 3261 1638 3298 in
1664 3260 1968 3298 consideratione
2006 3260 2247 3298 scientiarum
2282 3260 2532 3309 speculativa-

1472 3326 1556 3351 rum
1587 3313 1754 3351 consistit
1781 3313 1988 3350 beatitudo.

1527 3368 1560 3404 3.
1577 3368 1809 3412 quaraaaa,
1826 3365 2021 3404 beatitudo
2043 3373 2098 3403 est
2116 3366 2247 3404 ultima
2261 3364 2428 3403 hominis
2446 3377 2530 3414 per—

1472 3420 1595 3457 fectio.
1629 3419 1944 3468 Unumquodque
1961 3426 2088 3456 autem
2107 3419 2300 3468 perficitur
2319 3418 2530 3455 secundum

2565 1943 2717 2010 arb-§ir
2732 1991 2768 2010 ...

2564 2019 2589 2035 n.

2565 2221 2574 2231 ‘
2590 2219 2638 2248 Qu.
2651 2226 2672 2248 ι,
2687 2222 2729 2242 art.
2738 2225 2762 2246 4.

2563 2263 2575 2275 ⁸
2589 2264 2641 2286 Art.
2655 2263 2688 2286 ιδ.

2560 3114 2644 3164 §.⁰32
2657 3120 2712 3164 lig:
2725 3122 2745 3163 1¹:
2761 3127 2772 3132 ·

2560 3167 2710 3242 fffflsfi's.
2718 3174 2743 3216 Ρ·
2758 3174 2772 3217 ³:
