2846 4146
107 2189 158 2212 ‘u-
165 2188 263 2218 lle-,qm
269 2194 320 2218 cxx,

108 2227 152 2248 ⁸¹¹·
165 2229 187 2253 3·

107 2411 120 2423 ⁶
134 2409 173 2434 Cf.
185 2415 252 2434 nnm-
265 2415 302 2433 m.

1027 226 1292 272 QUAESTIO
1322 225 1422 272 LVI,
1452 224 1746 261 ARTICULUS
1774 224 1825 260 Vl

343 316 362 336 a
383 303 542 336 tendentia
566 303 599 333 in
622 303 683 334 tale
708 303 846 339 bonum,
872 304 910 333 ad
935 304 1023 343 quod
1047 311 1093 334 est
1121 314 1157 334 ex
1180 314 1212 334 se
1236 303 1383 334 inclinata
1391 312 1398 340 ;

344 349 402 384 ita,
427 354 463 378 ut
485 347 542 383 sic,
567 354 636 386 eget
659 346 768 377 habitu
792 347 831 376 ad
854 347 1062 378 resistendum
1090 347 1275 378 huiusmodi
1303 347 1402 387 impe-

345 390 502 422 dimentis.
1166 408 1170 412 ·

400 435 441 465 Et
460 434 485 464 si
501 434 552 465 hic
571 434 712 470 instetur,
729 433 804 474 quia
819 434 976 471 voluntas,
995 442 1030 466 ut
1044 435 1151 466 iuncta
1166 434 1319 475 appetitui
1335 444 1403 465 sen-

346 479 448 514 sitivo,
474 485 520 508 est
543 477 747 509 determinata
770 478 808 507 ab
828 478 950 508 bonum
970 479 1001 509 in
1021 478 1221 519 passionibus
1244 479 1403 518 appetitus

346 522 494 558 sensitivi‚
518 531 574 562 per
591 529 638 558 te;
655 528 686 553 et
703 521 860 557 voluntas,
885 530 920 553 ut
942 523 1050 553 iuncta
1072 522 1227 563 appetitui
1242 522 1403 558 sensitivo,

348 573 417 607 eget
434 566 543 596 habitu
567 566 606 596 ad
626 565 834 596 resistendum
852 567 1061 606 passionibus,
1077 567 1171 597 etiam
1187 576 1243 606 per
1259 573 1304 596 te:
1330 576 1404 606 ergo

347 611 463 641 falsum
486 616 532 640 est
561 610 649 650 quod
677 609 824 639 voluntas
853 617 898 640 est
926 621 963 640 ex
992 621 1024 640 se
1054 610 1258 641 determinata
1282 610 1321 640 ad
1344 610 1405 640 tale

347 656 481 692 bonum,
505 660 536 684 et
558 653 665 683 iuncta
689 653 793 683 sensui
818 661 886 694 eget
910 654 1031 690 habitu;
1057 655 1111 684 sed
1135 661 1170 684 ut
1184 654 1291 684 iuncta
1310 663 1405 693 appe-

347 698 418 729 titui
441 697 600 732 sensitivo,
621 697 714 727 habet
730 704 915 738 utrumque:
933 705 963 728 et
981 698 1025 729 sic
1041 698 1149 728 omnia
1163 704 1275 728 ruunt:
1292 715 1312 720 -
1328 698 1405 727 Pro-

348 743 439 772 batur
461 747 678 781 assumptum:
703 741 778 781 quia
800 742 947 772 voluntas
974 748 1114 782 separata
1141 751 1204 772 non
1238 748 1284 772 est
1306 742 1404 772 deter-

347 785 466 816 minata
488 785 527 815 ad
550 785 673 815 bonum
698 784 876 824 eligendum
901 786 932 816 in
957 786 1173 826 passionibus,
1198 792 1234 816 ut
1262 792 1348 825 patet
1373 785 1405 814 in

348 828 479 869 angelis;
504 835 535 858 et
558 838 594 858 ex
617 828 747 864 ratione,
767 829 842 869 quia
865 840 930 860 non
954 837 1000 860 est
1022 829 1188 869 proprium
1205 830 1328 859 bonum
1351 838 1406 858 vo-

346 872 455 904 lentis:
479 889 499 894 —
765 876 767 878 '

404 915 626 955 Respondetur
649 916 738 956 quod
761 915 876 947 falsum
900 916 1070 947 assumitur
1093 917 1200 957 quoad
1222 916 1293 952 hoc,
1318 916 1407 956 quod

347 960 504 995 voluntas,
530 966 564 990 ut
578 959 685 990 iuncta
709 961 824 996 sensui,
849 960 1072 991 determinetur
1087 960 1127 990 ad
1141 960 1265 990 bonum
1284 959 1317 989 in
1332 970 1407 999 pas-

347 1003 501 1035 sionibus,
525 1003 622 1034 Aliud
642 1011 688 1034 est
703 1003 788 1034 enim
803 1003 916 1040 dicere,
936 1004 1102 1040 Voluntas,
1119 1010 1155 1034 ut
1169 1004 1276 1034 iuncta
1291 1003 1406 1039 sensui,

348 1048 442 1078 habet
464 1047 701 1078 inclinationem
719 1048 759 1078 ad
773 1049 896 1078 bonum
912 1048 1078 1088 proprium
1094 1048 1297 1088 passionum:
1321 1047 1407 1077 aliud

349 1098 394 1122 est
413 1091 524 1127 dicere,
542 1092 707 1128 Voluntas,
725 1098 760 1122 ut
775 1091 882 1122 iuncta
900 1092 1015 1128 sensui,
1032 1092 1125 1122 habet
1141 1091 1228 1133 quod
1247 1091 1407 1122 inclinatio

348 1145 406 1166 sua
425 1135 573 1166 naturalis
592 1135 777 1167 terminetur
791 1136 830 1166 ad
846 1136 969 1166 bonum
984 1135 1017 1165 in
1033 1135 1240 1175 passionibus.
1265 1134 1407 1165 Primum

349 1179 434 1210 enirn
458 1178 611 1219 significat
632 1180 721 1220 quod
745 1179 927 1210 coniunctio
943 1179 1113 1213 voluntatis
1136 1180 1176 1209 ad
1199 1185 1320 1219 partem
1339 1190 1408 1210 sen-

349 1222 483 1259 sitivam,
508 1223 548 1253 sit
561 1223 640 1254 ratio
659 1224 749 1264 quod
771 1223 927 1253 voluntati
951 1223 1117 1253 conveniat
1139 1223 1300 1259 inclinatio
1320 1224 1405 1254 talis:

349 1267 525 1301 secundum
541 1273 657 1302 autem,
674 1267 762 1307 quod
779 1266 961 1297 coniunctio
981 1276 1047 1296 non
1062 1266 1101 1297 sit
1115 1266 1193 1297 ratio
1216 1268 1305 1307 quod
1323 1267 1409 1298 incli-

349 1310 435 1341 natio
451 1310 627 1346 conveniat,
641 1310 695 1340 sed
711 1310 800 1350 quod
814 1309 976 1340 inclinatio
993 1320 1090 1350 quam
1105 1310 1206 1346 habet,
1223 1311 1408 1341 terminetur

349 1354 389 1384 ad
411 1353 472 1384 tale
495 1354 628 1384 bonum.
653 1353 693 1384 Et
715 1353 855 1393 primum
880 1353 1010 1393 quidem
1033 1353 1148 1383 falsum
1165 1361 1219 1389 est,
1237 1354 1409 1384 formaliter

348 1397 528 1438 loquendo:
543 1396 733 1427 ,secundum
756 1403 880 1432 autem,
903 1406 1025 1427 verum.
1049 1414 1070 1419 -
1093 1397 1144 1426 Ad
1168 1397 1258 1427 cuius
1281 1397 1407 1428 eviden-

317 1455 323 1457 ⁴
343 1441 435 1476 tia‘m,
459 1440 538 1471 scito
562 1440 651 1480 quod
674 1440 831 1470 voluntati
853 1440 1011 1470 humanae
1035 1450 1072 1469 ex
1086 1450 1146 1470 suo
1165 1450 1277 1479 genere
1295 1450 1407 1471 conve-

349 1484 396 1515 nit
409 1484 499 1524 quod
514 1483 696 1514 naturaliter
717 1483 885 1514 inclinetur
898 1483 931 1513 in
946 1483 1112 1523 proprium
1135 1484 1259 1514 bonum
1278 1491 1344 1515 tam
1358 1485 1406 1515 sui

348 1537 447 1569 quam
462 1527 607 1563 volentis,
628 1534 662 1558 ut
676 1527 821 1568 superius
837 1527 870 1557 in
886 1537 940 1568 qu.
957 1537 977 1557 x
991 1527 1009 1546 *
1024 1534 1122 1567 patet:
1140 1527 1201 1558 hoc
1218 1528 1303 1558 enim
1320 1538 1405 1558 com—

348 1581 446 1604 mune
470 1577 516 1602 est
538 1570 627 1602 omni
650 1571 816 1602 voluntati.
841 1571 903 1602 Sed
925 1571 1014 1612 quod
1033 1571 1200 1612 proprium
1222 1572 1345 1602 bonum
1368 1572 1407 1603 sit

348 1615 381 1646 in
403 1615 457 1646 tali
481 1615 619 1651 materia,
644 1615 761 1646 scilicet
783 1615 815 1645 in
839 1614 1038 1655 passionibus
1060 1614 1205 1651 volentis,
1229 1615 1290 1646 hoc
1306 1621 1353 1646 est
1371 1626 1408 1646 ex

348 1659 572 1690 coniunctione
594 1659 766 1690 voluntatis
789 1659 829 1689 ad
853 1665 974 1699 partem
993 1658 1183 1690 sensitivam.
1209 1659 1300 1690 Unde
1319 1659 1407 1690 incli-

347 1702 435 1735 natio
457 1703 526 1744 ipsa
547 1703 720 1734 voluntatis
742 1703 775 1733 in
798 1703 964 1744 proprium
979 1703 1103 1734 bonum
1122 1703 1299 1734 secundum
1314 1703 1407 1734 ratio-

347 1757 432 1784 nem,
456 1747 488 1778 in
512 1757 715 1788 quacumque
733 1747 864 1778 materia
885 1747 934 1783 sit,
960 1753 1006 1778 est
1024 1745 1053 1777 ei
1067 1747 1216 1778 naturalis
1230 1757 1267 1778 ex
1281 1747 1408 1787 propria

347 1791 486 1823 ratione:
510 1791 566 1822 sed
581 1792 669 1832 quod
687 1791 764 1822 haec
780 1801 837 1822 sua
852 1790 1013 1822 inclinatio
1029 1790 1213 1822 terminetur
1228 1791 1267 1822 ad
1284 1792 1407 1822 bonum

347 1835 381 1876 in
403 1835 603 1876 passionibus
626 1835 779 1866 sensitivis
802 1835 945 1866 habentis
969 1835 1174 1871 voluntatem,
1199 1842 1246 1866 est
1268 1845 1305 1866 ex
1331 1845 1406 1866 con-

347 1879 510 1910 iunctione
527 1878 698 1910 voluntatis
713 1879 753 1909 ad
771 1885 893 1919 partem
909 1878 1099 1910 sensitivam.
1124 1879 1180 1910 Est
1193 1878 1288 1919 igitur
1301 1879 1335 1910 in
1352 1889 1408 1910 vo-

346 1923 467 1954 luntate
490 1929 606 1959 nostra,
630 1929 787 1964 quantum
810 1933 847 1953 ex
870 1929 957 1962 parte
979 1922 1151 1954 voluntatis
1175 1930 1231 1961 est,
1251 1922 1408 1954 sufficiens

345 1966 568 1998 determinatio
590 1967 690 2007 ipsius
714 1967 753 1997 ad
777 1966 944 2007 proprium
967 1967 1107 2003 bonum;
1131 1977 1167 1997 ac
1190 1977 1246 2007 per
1268 1967 1344 2003 hoc,
1369 1968 1408 1997 ad

347 2012 472 2043 bonum
494 2011 671 2042 secundum
689 2011 846 2042 rationem
863 2011 963 2051 ipsius
977 2010 1122 2041 volentis.
1138 2011 1180 2042 Et
1195 2021 1269 2041 cum
1283 2011 1354 2047 hoc,
1372 2021 1410 2041 ex

348 2054 572 2086 coniunctione
583 2055 622 2086 ad
634 2061 756 2096 partem
771 2054 960 2091 sensitivam,
976 2054 1105 2085 sortitur
1120 2055 1336 2087 necessitatem
1352 2055 1408 2085 ha-

344 2099 432 2141 bitus
455 2099 495 2130 ad
517 2099 726 2130 resistendum
750 2098 921 2135 contrariis,
946 2098 1062 2140 quibus
1085 2098 1235 2139 iungitur.

405 2142 447 2173 Et
469 2143 546 2174 haec
567 2142 743 2183 intelligito,
767 2142 951 2173 sustinendo
976 2142 1202 2173 continentiam
1221 2153 1287 2173 esse
1303 2143 1335 2173 in
1353 2153 1409 2173 vo-

347 2187 482 2218 luntate:
507 2187 596 2228 quod
619 2186 749 2217 inferius
763 2186 782 2206 *
805 2186 996 2217 discutietur.
1017 2184 1049 2218 Si
1069 2186 1154 2217 enim
1170 2187 1362 2217 continentia
1375 2186 1409 2216 in

347 2230 469 2262 ratione
492 2230 632 2272 ponitur,
656 2237 742 2271 patet
763 2231 853 2272 quod
876 2230 963 2261 nulla
987 2237 1033 2261 est
1056 2230 1221 2261 difficultas
1239 2230 1272 2261 in
1291 2240 1409 2271 propo-

347 2274 419 2307 sito.
442 2275 484 2305 Et
502 2281 609 2306 tamen
623 2274 736 2306 utilem
759 2274 1007 2315 disputationem
1021 2274 1104 2305 hanc
1118 2275 1229 2305 habes:
1247 2274 1337 2305 cuius
1353 2274 1410 2305 etsi
1427 2292 1430 2294 -

348 2318 431 2350 dicta
458 2318 621 2351 conclusio
649 2328 716 2349 non
744 2324 902 2354 teneatur,
931 2318 1032 2348 multa
1060 2325 1166 2349 tamen
1190 2318 1250 2348 alia
1278 2328 1350 2348 vera
1380 2324 1411 2349 et

348 2369 431 2394 certa
452 2361 486 2393 in
509 2372 546 2394 ea
569 2361 660 2399 dicta,
685 2362 820 2393 tenenda
843 2368 927 2392 sunt.

401 2405 484 2438 vm.
501 2406 553 2436 Ad
576 2406 754 2437 secundum
767 2405 786 2425 *
807 2415 882 2436 vero
907 2405 1020 2438 dicitur
1035 2405 1124 2446 quod
1139 2405 1182 2436 ibi
1199 2412 1245 2436 est
1261 2405 1410 2447 aequivo-

349 2447 430 2481 ‘catio
454 2450 495 2480 de
515 2450 603 2481 bono
621 2449 757 2481 iustitiae
776 2449 939 2486 obiective,
954 2450 1004 2480 vel
1021 2449 1202 2480 formaliter.
1219 2450 1270 2480 Ad
1287 2450 1410 2480 bonurn

2435 225 2507 261 363

1458 303 1542 334 enim
1565 302 1700 333 iustitiae
1719 302 1871 332 obiective
1888 312 1952 332 non
1970 303 2148 334 naturaliter
2165 303 2330 334 inclinatur
2344 305 2509 335 voluntas:

1457 347 1532 388 quia
1554 356 1619 377 non
1644 353 1690 376 est
1712 346 1893 385 proprium,
1918 346 1972 376 sed
1995 347 2135 383 alterius;
2160 347 2276 378 iustitia
2300 348 2384 378 enim
2407 348 2438 378 in
2463 349 2510 378 his

1457 400 1538 432 quae
1562 396 1638 421 sunt
1658 390 1697 420 ad
1721 389 1863 426 alterum,
1888 396 1943 420 est.
1968 390 2008 420 Et
2031 391 2068 420 de
2092 391 2144 421 tali
2167 391 2290 427 virtute,
2311 399 2341 422 et
2364 393 2402 422 de
2424 393 2510 422 bono

1458 434 1634 465 secundum
1650 433 1814 469 rationem,
1831 440 1877 464 est
1896 442 2010 469 sermo,
2028 443 2102 464 cum
2121 434 2234 464 dicitur
2250 436 2347 475 quod,
2364 435 2437 475 quia
2454 446 2511 476 po—

1457 478 1554 509 tentia
1583 476 1763 508 naturaliter
1789 477 1957 507 inclinatur
1984 477 2016 507 in
2040 478 2168 518 aliquod
2191 479 2330 514 bonum,
2355 489 2420 509 non
2444 486 2512 519 eget

1459 522 1566 553 habitu
1579 521 1718 552 virtutis:
1735 521 1876 561 potentia
1891 521 1985 556 enim,
1999 527 2035 551 ut
2044 521 2097 558 sic,
2115 522 2274 552 obiectum
2290 533 2344 562 per
2360 532 2392 552 se
2407 523 2511 562 primo

1459 565 1597 605 respicit;
1622 572 1652 595 et
1675 564 1799 595 habitus
1823 565 2012 605 operativus,
2037 566 2075 595 de
2098 575 2164 606 quo
2179 572 2225 596 est
2240 575 2353 602 sermo,
2371 573 2401 596 et
2415 567 2512 597 virtus

1459 609 1620 639 obiectum
1642 609 1829 648 respiciunt;
1853 618 1910 639 nec
1927 609 2050 639 virtutis
2066 616 2112 639 est
2127 609 2233 645 virtus,
2250 619 2307 639 nec
2321 609 2445 640 habitus
2460 610 2512 640 ha-

1459 653 1553 683 bitus.
1578 652 1723 683 Obiectio
1746 659 1852 683 autem
1868 653 2009 692 procedit
2025 653 2064 683 de
2079 654 2165 684 bono
2181 653 2315 683 iustitiae
2332 653 2511 689 formaliter,

1459 697 1547 737 quod
1563 703 1609 727 est
1624 696 1796 727 formaliter
1811 696 1878 736 ipse
1894 696 2018 727 habitus
2042 697 2192 727 iustitiae:
2218 697 2257 726 ad
2279 698 2368 737 quod
2392 704 2513 728 constat

1460 740 1635 780 potentiam
1651 739 1791 770 inclinari
1806 750 1872 770 non
1887 740 2043 771 mediante
2057 741 2119 771 alio
2138 741 2256 777 habitu,
2273 747 2308 771 ut
2322 748 2417 781 patet.
2442 742 2513 771 Hoc

1461 784 1546 814 enim
1566 791 1612 814 est
1627 793 1798 814 commune
1813 784 1902 814 omni
1917 784 2039 815 virtuti:
2064 784 2143 815 illud
2158 792 2264 816 autem
2281 795 2345 815 non
2362 791 2408 815 est
2426 795 2513 816 com-

1461 837 1558 858 mune
1581 827 1669 857 omni
1693 827 1816 857 obiecto
1839 827 1972 864 virtutis,
1996 835 2031 859 ut
2053 835 2146 868 patet.

1517 871 1568 902 IX.
1580 871 1631 901 Ad
1641 870 1832 901 obiectiones
1848 878 1955 902 autem
1967 882 2004 902 ex
2016 872 2112 903 Scoto
2125 879 2267 912 sumptas
2278 872 2305 902 *ε
2318 890 2339 895 -
2349 882 2414 902 non
2425 872 2514 913 quod

1460 914 1527 954 ipse
1550 914 1655 945 afferat
1678 924 1730 944 eas
1755 921 1862 945 contra
1886 925 1909 946 s,
1923 916 2100 952 Thomam;
2124 917 2178 946 sed
2201 916 2355 957 quoniam
2378 916 2455 956 ipse,
2480 923 2515 947 ut

1461 958 1581 989 dictum
1605 965 1663 994 est,
1689 958 1849 989 dissentiat
1871 969 1890 989 a
1912 969 1935 989 s.
1952 959 2094 996 Thoma,
2119 967 2150 991 et
2171 960 2227 990 has
2249 960 2385 990 rationes
2408 967 2516 991 contra

1462 1002 1644 1043 oppositam
1658 1001 1852 1042 positi0nem
1870 1002 1970 1033 affert:
1982 1021 2003 1026 —
2020 1004 2108 1034 cuius
2124 1003 2268 1041 rationes,
2285 1004 2356 1034 licet
2371 1014 2437 1034 non
2453 1004 2515 1035 sint

1462 1052 1600 1082 nostrae,
1623 1053 1829 1076 veruntamen
1859 1052 1894 1076 ut
1921 1047 2030 1077 novitii
2054 1047 2135 1078 cauti
2159 1048 2234 1084 sint,
2259 1048 2440 1088 proderunt.
2465 1049 2515 1078 Ad

1462 1090 1597 1130 primam
1621 1099 1695 1129 ergo
1719 1090 1831 1120 dicitur
1852 1090 1940 1130 quod
1956 1091 2090 1121 rationes
2107 1091 2274 1122 militantes
2289 1091 2327 1121 de
2343 1092 2515 1122 moralibus

1461 1134 1628 1164 virtutibus
1656 1133 1735 1164 circa
1764 1133 1941 1174 passiones,
1971 1145 2036 1164 non
2064 1135 2199 1166 militant
2221 1135 2259 1165 de
2282 1135 2418 1166 iustitia:
2442 1135 2516 1176 quia

1462 1177 1585 1207 bonum
1599 1177 1725 1208 illarum
1741 1184 1787 1208 est
1803 1177 1968 1218 proprium
1978 1179 2121 1216 volentis,
2132 1179 2268 1209 iustitiae
2282 1189 2356 1209 vero
2369 1179 2513 1210 alterum.

1517 1222 1568 1251 Ad
1591 1221 1762 1252 secundam
1779 1221 1891 1252 dicitur
1905 1222 2003 1263 quod,
2023 1223 2097 1263 quia
2112 1223 2234 1253 bonum
2250 1222 2378 1253 rationis
2394 1223 2426 1252 in
2446 1233 2515 1263 pas-

1462 1265 1603 1295 sionibus
1623 1272 1668 1295 est
1686 1265 1828 1295 medium
1844 1266 2020 1296 secundum
2035 1267 2199 1303 rationem,
2216 1273 2246 1297 et
2260 1277 2326 1297 non
2341 1267 2517 1297 secundum

1462 1318 1528 1338 rem
1551 1309 1584 1338 in
1607 1308 1816 1349 passionibus,
1842 1316 1877 1340 ut
1895 1317 1979 1350 patet
1994 1310 2027 1339 in
2043 1311 2069 1340 II
2086 1310 2187 1341 Etlzic.
2203 1310 2236 1346 *;
2262 1317 2291 1340 et
2313 1310 2455 1340 medium
2470 1321 2516 1340 ra-

1462 1351 1556 1382 tionis
1580 1362 1645 1381 non
1669 1352 1837 1383 attenditur
1853 1354 2028 1384 secundum
2044 1355 2250 1395 quantitatem
2264 1353 2451 1384 intensivain
2467 1364 2516 1384 so-

1461 1395 1535 1431 lam,
1560 1396 1614 1425 sed
1637 1396 1812 1426 secundum
1835 1406 1947 1427 omnes
1971 1397 2226 1434 circumstantias,
2251 1397 2367 1428 scilicet
2388 1399 2517 1438 quando

1463 1445 1597 1478 oportet,
1622 1439 1686 1475 ubi,
1710 1446 1840 1479 propter
1855 1441 1941 1481 quid,
1959 1448 2034 1477 etc.;
2059 1449 2089 1472 et
2110 1442 2143 1472 in
2160 1442 2221 1472 hoc
2236 1441 2400 1472 manifeste
2418 1442 2517 1472 inclu-

1462 1482 1546 1512 ditur
1569 1489 1651 1513 recte
1675 1483 1801 1522 eligere:
1825 1483 1898 1514 ideo
1920 1485 2082 1521 voluntas,
2107 1485 2310 1516 determinata
2333 1495 2369 1515 ex
2391 1485 2519 1526 propria

1462 1525 1584 1556 ratione
1607 1526 1646 1556 ad
1669 1526 1792 1556 bonum
1815 1528 1991 1558 secundum
2013 1529 2168 1559 rationem
2191 1530 2223 1559 in
2247 1529 2455 1568 passionibus,
2473 1536 2520 1559 est

1462 1579 1500 1599 eo
1517 1568 1588 1610 ipso
1608 1569 1721 1599 eodem
1737 1570 1836 1601 modo
1853 1571 2056 1602 determinata
2072 1573 2111 1602 ad
2127 1579 2208 1603 recte
2224 1572 2335 1611 eligere
2344 1581 2352 1608 ;
2377 1573 2518 1603 eiusdem

1462 1612 1547 1643 enim
1577 1612 1706 1644 rationis
1731 1621 1776 1644 est
1804 1614 1965 1645 inclinatio
1994 1616 2034 1646 ad
2057 1623 2242 1657 utrumque,
2267 1623 2297 1646 et
2320 1616 2459 1647 defectus
2486 1616 2519 1646 in

1460 1657 1558 1687 altero
1582 1656 1668 1688 alteri
1692 1657 1850 1688 defectum
1871 1658 2001 1689 inducit.

1518 1701 1569 1731 Ad
1592 1701 1715 1732 tertiam
1743 1701 1856 1732 dicitur
1878 1703 1967 1742 quod
1991 1709 2038 1733 est
2059 1702 2223 1733 manifeste
2242 1702 2413 1742 sophisma.
2434 1702 2520 1734 Con-

1463 1755 1550 1776 cesso
1574 1745 1669 1782 enim,
1690 1745 1771 1776 sicut
1786 1756 1897 1776 verum
1916 1753 1973 1784 est,
1993 1747 2080 1787 quod
2096 1746 2129 1776 in
2143 1747 2305 1777 voluntate
2325 1757 2362 1777 ex
2377 1746 2520 1787 frequen-

1462 1789 1545 1821 tibus
1568 1789 1658 1820 rectis
1682 1789 1886 1820 electionibus
1909 1789 1944 1820 fit
1967 1790 2091 1821 habitus
2114 1791 2252 1826 virtutis3
2277 1800 2343 1821 non
2364 1791 2518 1831 sequitur:

1462 1834 1547 1874 Ergo
1567 1843 1605 1863 ex
1623 1833 1839 1874 frequentibus
1863 1834 2067 1865 electionibus
2091 1835 2181 1866 rectis
2205 1835 2284 1865 circa
2307 1834 2401 1864 talem
2424 1841 2520 1865 mate-

1461 1877 1550 1914 riam,
1566 1877 1683 1908 scilicet
1697 1877 1859 1918 passiones
1875 1878 2028 1918 proprias,
2045 1878 2081 1909 fit
2095 1878 2128 1909 in
2143 1879 2306 1910 voluntate
2321 1878 2445 1909 habitus
2461 1878 2520 1908 vir-

1462 1921 1551 1958 tutis;
1575 1929 1612 1952 ut
1633 1927 1728 1961 patet.
1753 1922 1794 1952 Et
1816 1922 1895 1952 ratio
1911 1922 2040 1963 physica
2055 1929 2118 1953 est:
2143 1923 2218 1963 quia
2231 1922 2378 1953 voluntas
2394 1932 2459 1953 non
2475 1929 2521 1953 est

1463 1965 1706 1996 determinabilis
1731 1976 1767 1996 ex
1790 1975 1832 2001 se,
1857 1966 1912 1996 sed
1930 1966 2134 1997 determinata
2152 1967 2191 1997 ad
2206 1966 2266 1997 tale
2282 1967 2414 2002 bonum,
2433 1966 2521 2007 quod

1463 2009 1642 2050 frequenter
1664 2009 1767 2049 eligit;
1790 2010 1914 2040 habitus
1938 2017 2045 2043 autem
2063 2010 2132 2041 talis
2149 2010 2271 2041 virtutis
2285 2020 2350 2040 non
2367 2017 2413 2041 est
2428 2017 2520 2041 natus

1463 2053 1529 2084 fieri
1552 2053 1612 2084 nisi
1634 2053 1667 2083 in
1690 2053 1831 2084 subiecto
1855 2060 1929 2094 apto
1953 2061 2039 2090 nato,
2063 2055 2180 2085 scilicet
2201 2054 2453 2085 indeterminato.

1509 2098 1568 2128 -Ad
1583 2103 1727 2138 quartam
1746 2097 1809 2127 iam
1826 2104 1911 2138 patet
1925 2098 2102 2138 responsio:
2120 2099 2208 2139 quod
2223 2108 2325 2138 nuper
2341 2108 2519 2134 conversus,

1463 2148 1620 2183 quantum
1643 2147 1689 2172 est
1704 2151 1741 2172 ex
1759 2148 1846 2182 parte
1860 2142 2041 2178 voluntatis,
2058 2143 2235 2173 secundum
2251 2151 2283 2172 se
2298 2148 2457 2182 prompte,
2475 2141 2519 2172 fa—

1463 2185 1560 2216 ciliter
1578 2192 1609 2216 et
1632 2185 1852 2216 delectabiliter
1874 2185 1999 2225 eligeret
2020 2186 2143 2216 bonum
2162 2187 2195 2216 in
2211 2185 2427 2226 passionibus;
2447 2186 2520 2216 sim-

1462 2229 1583 2270 pliciter
1605 2236 1712 2260 autem
1740 2229 1806 2269 ipse
1833 2229 1943 2260 volens
1972 2229 2095 2260 difficile
2123 2230 2221 2270 eligit,
2246 2236 2375 2270 propter
2396 2229 2521 2260 habitus

1462 2273 1582 2313 priores
1606 2273 1779 2304 derelictos.
1804 2273 1871 2303 Iam
1888 2272 1906 2290 ὓ
1930 2273 2015 2303 enim
2037 2274 2157 2305 dictum
2181 2280 2226 2304 est
2249 2274 2337 2314 quod
2360 2273 2521 2304 inclinatio

1463 2317 1540 2348 haec
1562 2317 1734 2348 voluntatis
1757 2317 1923 2348 intrinseca
1945 2317 2133 2348 assimilatur
2148 2317 2269 2348 habitui
2287 2317 2407 2353 infuso;
2424 2327 2522 2358 quem

1464 2361 1641 2401 experimur
1663 2371 1730 2392 non
1749 2360 1869 2391 auferre
1886 2371 1904 2391 a
1918 2361 2010 2391 nobis
2026 2361 2241 2392 difficultatem
2257 2362 2337 2391 bene
2353 2361 2520 2401 operandi;

1463 2405 1609 2446 quamvis
1632 2411 1789 2446 quantum
1812 2411 1858 2435 est
1881 2415 1917 2435 ex
1936 2412 2022 2445 parte
2040 2405 2149 2446 ipsius,
2166 2412 2323 2446 prompte,
2348 2405 2477 2436 faciliter
2492 2411 2523 2435 et

1465 2449 1685 2480 delectabiliter
1708 2449 1760 2479 det
1783 2449 1917 2489 operari.

2542 880 2550 888 ·
2567 877 2603 900 Cf.
2618 883 2682 900 num.
2693 884 2724 900 tv.

2542 1311 2628 1364 105²&
2641 1317 2753 1360 Ῥὲῗτῆῑ

2544 1365 2596 1386 lect.
2611 1370 2643 1385 vr.

2548 2274 2557 2283 '¹
2575 2273 2646 2295 Num.
2657 2278 2697 2294 vu.
