2852 4152
126 1404 137 1415 ⁶
153 1403 210 1431 Cap.
224 1410 246 1424 x.

124 3438 135 3449 ⁴
150 3438 206 3465 Cap.
221 3443 252 3458 xi.

373 222 420 257 92
1071 209 1335 254 QVAESTIO
1366 210 1433 255 Xl,
1464 209 1758 246 ARTICULUS
1789 210 1837 244 ΙΙΙ

1173 343 1489 384 ARTICULUS
1518 343 1745 384 TERTIUS

974 435 1128 465 UTRUM
1152 433 1328 464 FRUITIO
1354 433 1420 463 siT
1444 434 1630 465 TANTUM
1655 434 1804 464 ULTIMI
1830 434 1936 466 F1N1s

1072 513 1081 536 1
1101 513 1183 541 Sem„
1204 512 1262 536 dist.
1281 519 1298 542 ι,
1319 519 1362 543 qu.
1381 519 1409 542 11,
1428 517 1474 536 art.
1493 519 1519 542 1;
1538 512 1582 536 Ad
1599 512 1717 542 Philem„
1738 513 1795 537 lect.
1815 520 1842 538 ιι.

393 655 427 701 s.
440 623 554 714 zi
579 600 1306 693 ἓςὲἓῗὲυὲοΞῖὲῑῖἑῖῗιὶᾞζῗὲῑζῖἀὲξῗζ.
1324 601 1428 690 ῗὲῖἓῖἶ

385 714 387 717 “
416 691 439 717 ‘s
469 693 546 753 ⁷4³²ss
560 706 566 711 ’
581 709 680 746 enim
696 709 914 756 Apostolus,
926 707 977 743 ad
989 705 1182 743 Philem.*:
1203 707 1275 751 Ita,
1284 708 1426 755 frater,

386 758 400 768 ”
425 777 434 788 κ
457 756 520 789 7⁴⁸³»
535 753 567 795 Κ
580 774 651 811 ego
666 768 699 798 te
701 763 824 809 fruar
838 761 874 796 in
890 759 1068 797 Domino.
1091 759 1167 797 Sed
1184 759 1426 796 manifestum

370 823 424 852 est
439 814 542 863 quod
555 815 693 851 Paulus
705 826 782 850 non
793 819 972 861 posuerat
985 811 1162 848 ultimum
1178 824 1291 849 suum
1307 813 1426 849 finem

367 868 405 905 in
424 868 591 904 homine.
617 868 717 914 Ergo
744 866 814 902 frui
839 878 917 902 non
937 872 1083 902 tantum
1109 872 1164 901 est
1186 865 1307 901 ultimi
1327 865 1424 902 finis.

421 932 455 956 2.
487 922 726 966 PRAETEREA,
753 919 894 955 fructus
923 925 979 954 est
1006 929 1083 966 quo
1112 917 1246 966 aliquis
1281 918 1424 955 fruitur.

368 973 444 1010 Sed
462 973 669 1021 Apostolus
689 971 786 1018 dicit,
803 971 854 1008 ad
872 970 992 1008 Galat.
1004 969 1072 1008 v*:
1092 971 1254 1007 Fructus
1269 971 1426 1019 Spiritus

367 1032 421 1062 est
438 1025 586 1071 caritas,
605 1025 802 1074 gaudium,
826 1036 927 1072 pax,
948 1031 984 1060 et
1004 1030 1128 1060 cetera
1147 1023 1368 1060 huiusmodi
1389 1021 1424 1069 93

366 1090 464 1126 quae
484 1090 562 1115 non
579 1078 722 1114 habent
741 1077 927 1114 rationem
955 1075 1077 1113 ultimi
1097 1076 1194 1112 finis.
1224 1077 1315 1112 Non
1335 1088 1424 1124 ergo

366 1131 488 1168 fruitio
520 1138 573 1167 est
601 1138 746 1167 tantum
775 1130 895 1167 ultimi
923 1130 1020 1166 finis.

420 1185 454 1221 3.
484 1185 720 1230 PRAETEREA,
755 1191 859 1220 actus
895 1181 1099 1219 voluntatis
1133 1192 1246 1228 supra
1279 1180 1424 1229 seipsos

365 1237 622 1274 reflectuntur:
643 1237 734 1274 volo
757 1236 858 1273 enim
879 1248 941 1272 me
960 1234 1069 1279 velle,
1088 1241 1123 1269 et
1138 1245 1227 1270 amo
1243 1245 1305 1270 me
1322 1246 1425 1271 ama-

365 1302 416 1326 re.
448 1290 524 1327 Sed
553 1290 623 1326 frui
654 1297 708 1326 est
735 1297 839 1325 actus
870 1286 1091 1324 voluntatis:
1119 1286 1293 1323 voluntas
1322 1287 1422 1323 enim

364 1349 418 1379 est
436 1355 509 1391 per
536 1355 649 1390 quam
667 1342 854 1390 fruimur,
883 1349 925 1377 ut
952 1339 1185 1388 Augustinus
1214 1339 1303 1376 dicit
1326 1341 1359 1377 X
1380 1341 1425 1377 de

368 1398 404 1432 T
399 1396 470 1432 rin.
486 1396 506 1417 ’¹‘
525 1397 626 1443 Ergo
646 1394 779 1443 aliquis
798 1393 931 1431 fruitur
950 1405 1018 1430 sua
1036 1392 1223 1430 fruitione.
1245 1392 1323 1430 Sed
1337 1393 1424 1430 frui-

363 1449 414 1484 tio
443 1461 522 1485 non
551 1456 605 1485 est
622 1448 776 1484 ultimus
804 1447 890 1484 finis
915 1445 1092 1491 hominis,
1123 1446 1190 1483 sed
1210 1446 1335 1482 solum
1356 1447 1423 1483 bo-

364 1513 458 1538 num
486 1501 707 1548 increatum,
738 1500 842 1549 quod
862 1508 917 1537 est
935 1501 1051 1536 Deus.
1078 1499 1169 1536 Non
1189 1510 1277 1546 ergo
1298 1499 1421 1536 fruitio

364 1562 420 1590 est
446 1555 571 1590 solum
599 1554 719 1591 ultimi
748 1553 845 1590 finis.

417 1607 491 1643 SED
520 1618 665 1643 CONTRA
697 1618 763 1643 EST
790 1605 895 1655 quod
923 1604 1156 1653 Augustinus
1185 1603 1283 1650 dicit,
1315 1605 1350 1640 X
1377 1605 1422 1641 de

367 1661 403 1696 T
399 1660 469 1696 rin.
489 1659 526 1696 *τ
546 1660 638 1696 Non
651 1659 803 1708 fruitur
819 1659 853 1695 si
870 1658 951 1707 quis
971 1658 1010 1694 id
1026 1658 1128 1706 quod
1143 1657 1180 1694 in
1194 1657 1421 1705 facultatem

362 1712 561 1749 voluntatis
575 1713 739 1759 assumit,
750 1717 908 1761 propter
921 1711 1025 1748 aliud
1039 1711 1186 1759 appetit.
1204 1709 1281 1747 Sed
1296 1711 1421 1747 solum

362 1765 515 1802 ultimus
534 1765 620 1802 finis
641 1773 696 1802 est
723 1765 789 1814 qui
816 1776 894 1801 non
912 1770 1069 1813 propter
1087 1763 1188 1801 aliud
1222 1763 1419 1812 appetitur.

362 1819 464 1866 Ergo
494 1818 610 1854 solius
638 1818 758 1855 ultimi
785 1817 872 1854 finis
901 1825 957 1854 est
984 1815 1119 1853 fruitio.

415 1872 639 1907 RESPONm-:o
668 1872 852 1907 mcENDUM
880 1869 997 1919 quod,
1018 1869 1112 1905 sicut
1141 1868 1282 1906 dictum
1312 1876 1366 1905 est
1388 1869 1419 1915 ²⁸,

362 1924 410 1961 ad
438 1923 624 1960 rationem
652 1923 793 1959 fructus
823 1923 899 1960 duo
919 1921 1126 1971 pertinent:
1154 1921 1292 1958 scilicet
1315 1922 1420 1969 quod

362 1976 407 2012 sit
433 1977 627 2022 ultimum;
650 1983 685 2012 et
704 1977 811 2024 quod
830 1974 1038 2025 appetitum
1057 1979 1073 2002 Υ
1093 1974 1234 2024 quietet
1253 1974 1420 2023 quadam

362 2029 561 2066 dulcedine
593 2029 654 2066 vel
690 2026 949 2066 delectatione.
984 2027 1171 2065 Ultimum
1205 2035 1333 2064 autem
1367 2034 1422 2064 est

361 2081 584 2131 simpliciter,
608 2089 643 2118 et
662 2082 875 2119 secundum
891 2081 998 2130 quid:
1015 2079 1419 2130 simpliciter'quidem,

360 2136 465 2183 quod
484 2136 533 2173 ad
552 2135 653 2172 aliud
681 2147 759 2171 non
787 2135 961 2180 refertur;
991 2133 1059 2170 sed
1079 2131 1291 2170 secundum
1315 2133 1418 2182 quid,

361 2188 467 2236 quod
486 2195 541 2224 est
559 2187 775 2236 aliquorum
794 2187 982 2224 ultimum.
1009 2182 1126 2233 Quod
1146 2197 1235 2234 ergo
1258 2193 1314 2222 est
1331 2186 1419 2223 sim-

360 2241 506 2289 pliciter
531 2241 719 2288 ultimum,
749 2241 788 2278 in
816 2251 893 2290 quo
922 2238 1064 2288 aliquid
1086 2239 1297 2288 delectatur,
1325 2239 1420 2276 sicut

361 2294 401 2330 in
428 2293 560 2331 ultimo
588 2294 681 2341 fine,
711 2294 786 2330 hoc
810 2290 823 2315 ⁶
850 2291 1003 2345 proprie
1032 2290 1168 2329 dicitur
1194 2288 1366 2328 fructus:
1385 2298 1420 2328 et

363 2358 408 2383 eo
437 2346 589 2395 proprie
618 2346 751 2386 dicitur
769 2345 900 2395 aliquis
928 2345 1010 2382 frui.
1031 2344 1193 2392 -Quod
1225 2348 1353 2381 autem
1381 2344 1420 2382 in

362 2399 487 2448 seipso
516 2412 595 2437 non
624 2406 679 2436 est
707 2398 938 2446 delectabile,
969 2398 1036 2435 sed
1063 2405 1210 2435 tantum
1234 2397 1421 2449 appetitur

361 2452 400 2489 in
429 2452 561 2490 ordine
590 2452 638 2490 ad
667 2451 778 2499 aliud,
809 2451 1034 2502 sicut'p'otio
1055 2460 1183 2488 amara
1212 2451 1259 2487 ad
1284 2449 1419 2489 sanita-

361 2513 456 2551 tem;
485 2506 588 2542 nullo
618 2506 736 2543 mo‘do
761 2506 901 2543 fructus
926 2504 998 2542 dici
1016 2511 1151 2553 potest.
1173 2525 1196 2531 -
1218 2504 1335 2551 Quod
1354 2516 1420 2541 au—

362 2566 438 2595 tem
457 2559 495 2595 in
514 2571 554 2595 se
573 2559 689 2595 habet
703 2557 898 2607 quandam
914 2556 1217 2604 delectationem,
1234 2556 1283 2594 ad
1303 2569 1419 2605 quam

361 2612 550 2659 quaedam
566 2617 578 2632 ⁵
597 2610 861 2661 praecedentia
881 2610 1104 2658 referuntur,
1124 2617 1248 2659 potest
1263 2610 1418 2659 quidem

361 2664 485 2713 aliquo
519 2665 636 2702 modo
673 2663 744 2702 dici
781 2665 943 2701 fructus:
973 2663 1041 2700 sed
1074 2674 1152 2700 non
1184 2662 1353 2713 proprie,
1383 2670 1420 2701 et

360 2718 572 2755 secundum
601 2718 831 2767 completam
861 2717 1048 2754 rationem
1068 2716 1219 2753 'fructus
1238 2715 1262 2763 ²,
1293 2728 1340 2753 eo
1365 2716 1419 2753 di-

412 2834 439 2866 α)
451 2833 560 2867 fruitio.
579 2846 597 2852 -
608 2832 671 2866 frui
689 2832 798 2857 codices.
815 2830 835 2852 -ὲ
852 2831 903 2856 Pro
923 2831 973 2859 Ita,
994 2831 1086 2863 Itaque
1105 2830 1206 2855 codices
1225 2833 1250 2854 et
1268 2836 1294 2854 a.

413 2868 438 2902 β)
457 2873 483 2894 et
500 2872 590 2895 cetera
607 2868 766 2894 huiusmodi.
779 2880 799 2886 -
816 2871 843 2892 et
860 2870 950 2892 cetera
964 2866 992 2897 F,
1008 2869 1034 2892 et
1052 2866 1074 2897 1,
1089 2869 1116 2891 et
1128 2868 1217 2891 cetera
1229 2868 1256 2891 et
1267 2864 1419 2890 huiusmodi

360 2906 445 2935 ceteri,
464 2907 490 2929 et
508 2903 659 2928 huiusmodi
676 2903 723 2927 Pa.

412 2941 438 2973 γ)
458 2940 612 2971 appetitum.
630 2952 650 2958 -
666 2938 839 2971 appetitivum
858 2937 1060 2969 ABCGHleD.

413 2974 438 3006 ὃ)
457 2975 514 3000 hoc.
531 2988 550 2994 -
567 2974 616 3000 hoc
633 2974 729 3006 quippe
747 2974 794 2999 Pa.

1484 599 1605 635 cimur
1632 600 1714 637 frui.
1753 601 1863 638 Unde
1891 602 2143 651 Augustinus,
2173 603 2211 640 in
2239 605 2275 640 X
2302 604 2347 640 de
2379 605 2415 640 T
2411 605 2482 641 rin.
2503 603 2579 652 ⁸⁸,-

1484 652 1570 689 dicit
1589 653 1694 700 quod
1703 654 1880 701 fruimur
1897 655 2056 704 cognitis
2083 656 2119 692 in
2141 657 2273 704 quihus
2290 656 2463 693 voluntas
2481 657 2542 694 de-

1482 705 1614 742 lectata
1634 705 1869 754 conquiescit.
1891 707 1983 744 Non
2002 715 2130 745 autern
2146 709 2304 757 quiescit
2323 709 2541 758 simpliciter

1481 758 1552 795 nisi
1580 758 1618 795 in
1646 758 1800 795 ultimo:
1830 758 1920 806 quia
1947 755 2116 808 quandiu
2143 761 2284 809 aliquid
2313 770 2538 811 expectatur,

1482 819 1610 848 motus
1629 811 1834 848 voluntatis
1863 816 2034 848 remanet
2060 813 2099 850 in
2126 826 2324 862 suspenso,
2353 815 2438 852 licet
2464 815 2540 852 iam

1482 864 1530 901 ad
1559 864 1700 912 aliquid
1727 864 1955 913 pervenerit.
1987 864 2090 902 Sicut
2113 865 2151 906 in
2170 874 2278 903 motu
2305 868 2425 915 locali,
2456 868 2540 906 licet

1481 916 1571 954 illud
1601 917 1706 966 quod
1735 924 1790 954 est
1817 917 1988 954 medium
2017 917 2055 957 in
2083 919 2354 967 magnitudine,
2375 920 2420 957 sit
2438 921 2539 970 prin-

1481 969 1623 1017 cipium
1653 977 1689 1006 et
1715 969 1822 1014 finis;
1853 982 1931 1006 non
1959 977 2088 1007 tamen
2116 970 2295 1019 accipitur
2320 980 2362 1010 ut
2387 973 2475 1011 finis
2501 973 2539 1011 in

1482 1029 1579 1068 actu,
1610 1022 1680 1059 nisi
1709 1022 1864 1070 quando
1893 1022 1932 1059 in
1959 1035 2006 1059 eo
2037 1023 2251 1071 quiescitur.

1534 1076 1591 1111 An
1607 1086 1743 1111 PRIMUM
1758 1086 1856 1111 ERGO
1871 1086 2054 1112 memnona
2074 1076 2191 1124 quod,
2203 1076 2298 1113 sicut
2307 1077 2539 1125 Augustinus

1482 1126 1568 1163 dicit
1589 1127 1626 1164 in
1647 1128 1661 1163 I
1683 1128 1728 1163 de
1746 1128 1876 1164 Doctr.
1904 1129 2036 1165 Christ.
2052 1128 2083 1175 ⁹⁸⁸,
2103 1144 2122 1161 «
2135 1129 2165 1165 si
2185 1129 2336 1166 dixisset
2355 1136 2388 1166 te
2409 1131 2537 1177 fruar,

1481 1187 1517 1216 et
1540 1192 1619 1216 non
1647 1180 1852 1217 addidisset
1871 1181 1908 1217 in
1927 1182 2105 1227 Domino,
2126 1181 2318 1218 videretur
2345 1183 2464 1219 finem
2485 1182 2538 1219 di-

1479 1232 1650 1270 lectionis
1672 1238 1690 1260 '2
1710 1233 1748 1269 in
1768 1245 1814 1269 eo
1839 1233 2023 1281 posuisse.
2055 1234 2132 1281 Sed
2156 1234 2244 1283 quia
2263 1234 2354 1271 illud
2382 1234 2536 1282 addidit,

1481 1285 1519 1322 in
1547 1285 1718 1322 Domino
1747 1297 1786 1322 se
1815 1286 1988 1334 posuisse
2016 1287 2151 1337 finem,
2182 1294 2293 1336 atque
2323 1299 2368 1324 eo
2398 1299 2438 1324 se
2467 1288 2538 1324 frui

1480 1338 1715 1387 significavit.
1731 1354 1749 1371 »
1772 1339 1822 1376 Ut
1840 1339 1893 1376 sic
1911 1340 2022 1376 fratre
2042 1352 2082 1377 se
2102 1339 2173 1376 frui
2202 1339 2333 1376 dixerit
2361 1352 2439 1377 non
2458 1348 2537 1378 tan-

1478 1404 1596 1439 quam
1625 1391 1798 1439 termino,
1828 1392 1895 1429 sed
1922 1400 2104 1441 tanquam
2137 1392 2278 1429 medio.
2536 1403 2539 1406 ·

1531 1446 1590 1481 AD
1610 1456 1799 1482 sECUNDuM
1819 1456 2002 1482 DICENDUM
2022 1445 2128 1492 quod
2147 1445 2288 1482 fructus
2308 1445 2412 1482 aliter
2432 1458 2536 1482 corn-

1476 1505 1630 1546 paratur
1662 1497 1710 1534 ad
1745 1497 1921 1533 arborem
1958 1497 2254 1546 producentem,
2290 1505 2326 1534 et
2356 1498 2461 1534 aliter
2488 1499 2536 1536 ad

1477 1550 1675 1587 hominem
1704 1550 1903 1587 fruentem.
1933 1551 1995 1588 Ad
2023 1551 2199 1586 arborem
2220 1550 2376 1598 quidem
2394 1551 2535 1599 produ—

1478 1610 1627 1640 centem
1663 1610 1906 1651 comparatur
1936 1610 1978 1639 ut
2006 1602 2162 1639 effectus
2191 1603 2240 1640 acl
2272 1614 2448 1640 causam:
2487 1604 2536 1644 ad

1476 1655 1664 1693 fruentem
1699 1662 1843 1702 autem,
1873 1655 1969 1693 sicut
1987 1653 2000 1676 θ
2027 1655 2203 1692 ultimum
2232 1662 2471 1705 expectatum
2501 1663 2537 1694 et

1477 1709 1678 1746 delectans.
1709 1708 1896 1745 Dicuntur
1923 1707 2032 1757 igitur
2060 1721 2104 1745 ea
2133 1719 2230 1758 quae
2255 1715 2454 1746 enumerat
2485 1709 2536 1747 ibi

1475 1762 1702 1811 Apostolus,
1735 1761 1902 1809 fructus,
1941 1761 2029 1811 quia
2062 1768 2150 1799 sunt
2185 1761 2342 1798 effectus
2378 1761 2536 1811 quidam

1478 1815 1636 1864 Spiritus
1666 1814 1793 1851 Sancti
1820 1814 1859 1850 in
1887 1813 2010 1862 nobis,
2039 1814 2142 1851 unde
2162 1821 2198 1850 et
2205 1814 2360 1862 fructus
2377 1814 2536 1864 Spiritus

1477 1868 1672 1909 dicuntur:
1702 1879 1781 1904 non
1810 1874 1937 1904 autem
1965 1866 2015 1904 ita
2042 1866 2146 1916 quod
2176 1866 2229 1903 eis
2257 1867 2428 1915 fruamur
2451 1874 2533 1905 tan-

1475 1933 1593 1968 quam
1621 1918 1756 1957 ultimo
1784 1919 1873 1957 fine.
1903 1941 1926 1947 -
1955 1920 2025 1957 Vel
2054 1920 2159 1957 aliter
2193 1919 2398 1959 dicendum
2430 1914 2536 1971 qued

1476 1973 1652 2010 dicuntur
1679 1973 1820 2011 fructus
1834 2002 1843 2020 ,
1871 1973 2084 2010 secundum
2111 1971 2360 2010 Ambrosium
2378 1972 2416 2020 ²⁸,
2445 1973 2535 2021 quia

1469 2031 1626 2074 propter
1657 2037 1697 2062 se
1727 2025 1888 2077 petenda
1921 2030 2028 2062 sunt:
2055 2036 2134 2062 non
2167 2025 2323 2081 quidem
2351 2024 2401 2075 ita
2430 2025 2537 2076 quod

1475 2079 1524 2116 ad
1552 2077 1823 2115 beatitudinem
1851 2089 1930 2115 non
1957 2078 2186 2125 referantur3
2216 2078 2283 2115 sed
2311 2076 2400 2128 quia
2419 2077 2458 2115 in
2476 2087 2537 2129 5ςῇ

1474 2130 1564 2181 ipsis
1591 2131 1736 2171 habent
1761 2131 1864 2168 unde
1891 2129 2002 2168 nobis
2029 2131 2179 2181 placere
2207 2131 2395 2181 debeant
2451 2143 2455 2146 ’

1528 2186 1586 2221 An
1605 2195 1764 2221 τΕκτιυΜ
1780 2195 1963 2223 mcENDUM
1979 2180 2096 2232 quod,
2113 2182 2209 2231 sicut
2222 2178 2534 2235 supra-*dietum

1476 2244 1541 2284 est,
1571 2237 1658 2274 finis
1686 2235 1820 2277 dicitur
1848 2236 2064 2288 dupliciter:
2094 2247 2173 2276 uno
2192 2235 2323 2286 modo,
2347 2235 2431 2285 ipsa
2450 2248 2533 2283 res;

1475 2289 1548 2327 alio
1576 2289 1709 2337 modo,
1739 2288 1891 2338 adeptio
1921 2288 1986 2326 rei.
2018 2290 2128 2337 Quae
2157 2284 2311 2337 quidem
2339 2299 2420 2327 non
2447 2297 2535 2327 sunt

1476 2343 1553 2380 cluo
1580 2342 1690 2390 fines,
1720 2341 1787 2380 sed
1815 2354 1914 2380 unus
1942 2341 2040 2389 finis,
2069 2341 2108 2378 in
2135 2353 2175 2378 se
2196 2341 2469 2389 consideratus,
2497 2349 2534 2379 et

1475 2395 1579 2433 alteri
1616 2395 1836 2445 applicatus.
1876 2395 1982 2433 Deus
2014 2394 2125 2443 igitur
2163 2401 2218 2431 est
2253 2393 2413 2432 uttimus‘
2445 2394 2540 2432 finis

1474 2449 1570 2486 sicut
1592 2460 1660 2489 vres
1694 2460 1792 2497 quae
1824 2448 1959 2485 ultimo
1997 2446 2211 2497 quaeritur:
2245 2445 2370 2484 fruitio
2403 2443 2531 2485 autem

1475 2501 1570 2539 sicut
1589 2501 1740 2550 adeptio
1759 2500 1871 2538 huius
1890 2500 2009 2537 ultimi
2037 2499 2123 2536 finis
2142 2496 2173 2537 ³¹².
2204 2499 2308 2537 Sicut
2326 2499 2436 2549 igitur
2453 2496 2532 2537 no'n

1475 2563 1529 2592 est
1567 2555 1661 2592 alius
1697 2554 1784 2591 finis
1820 2555 1943 2600 Deus,
1974 2561 2009 2590 et
2037 2552 2160 2590 fruitio
2197 2552 2290 2599 Dei;
2318 2552 2368 2590 ita
2396 2551 2530 2601 eadem

1474 2607 1567 2646 ratio
1596 2607 1780 2644 fruitionis
1809 2614 1864 2644 est
1891 2618 1966 2657 qua
1994 2605 2155 2657 fruimur
2177 2606 2274 2653 Deo,
2296 2612 2332 2644 et
2351 2617 2426 2654 qua
2443 2605 2532 2658 &¹²³7

1473 2673 1563 2698 mur
1589 2659 1716 2698 divina
1745 2659 1929 2697 fruitione.
1960 2660 2010 2697 Et
2033 2660 2167 2696 eadem
2189 2657 2281 2696 ratio
2302 2666 2358 2696 est
2377 2658 2424 2696 de
2443 2655 2531 2701 bea*-

1473 2712 1631 2752 titudine
1660 2720 1796 2760 creata,
1826 2725 1924 2762 quae
1953 2712 1991 2749 in
2018 2711 2192 2751 fruitione
2222 2711 2400 2767 consistit.
2458 2758 2465 2769 .

1524 2827 1546 2860 ε)
1565 2827 1743 2860 quaedam.,—
1760 2826 1865 2859 quidem
1885 2826 1996 2851 codices.

1524 2862 1551 2896 ζ)
1563 2863 1683 2897 fructus.
1699 2876 1718 2881 -
1734 2861 1798 2887 Om.
1810 2861 1922 2887 codices.
2508 2880 2510 2885 ,
2527 2878 2531 2885 ,

1524 2898 1551 2931 η)
1572 2897 1729 2927 dilectionis.
1740 2911 1759 2916 —
1772 2896 1955 2923 delectationis
1974 2896 2065 2927 PBKa.
2085 2896 2267 2931 delectationis
2286 2896 2327 2921 vel
2340 2895 2488 2925 dilectionis
2500 2895 2532 2921 E.

1471 2948 1490 2953 -
1502 2933 1552 2958 Pro
1571 2933 1638 2958 illud
1656 2932 1777 2962 addidit,
1797 2931 1907 2957 addidit
1925 2931 1951 2956 in
1972 2931 2089 2957 Domino
2107 2929 2161 2962 Pa5
2179 2931 2284 2957 eaedem
2304 2937 2352 2963 pro
2371 2937 2414 2959 eo,
2433 2930 2459 2955 in
2479 2936 2517 2955 eo.

1525 2967 1550 3001 0)
1569 2968 1644 2995 sicut.
1663 2981 1682 2988 -
1698 2971 1872 3000 conparatur
1888 2967 1959 2992 sicut
1976 2966 2086 2993 codices.
2502 2975 2505 2979 ’
2527 2970 2532 2980 '

1138 3124 1454 3166 ARTICULUS
1483 3122 1755 3181 QUARTUS

986 3218 1141 3248 UTRUM
1164 3216 1341 3248 rimmo
1366 3216 1432 3247 srr
1456 3215 1602 3246 soum
1626 3215 1732 3246 1²1le
1756 3213 1903 3245 HABITI

392 3330 403 3349 ἲ

498 3399 559 3434 ⁸1)—

378 3420 415 3477 ’μγ
438 3436 497 3475 „5
518 3427 539 3464 f,
573 3420 815 3468 Augustinus,
842 3421 875 3455 X
896 3420 941 3456 de
965 3420 1066 3455 Trin.
1082 3418 1113 3466 ³¹²,
1141 3418 1246 3466 quod
1254 3418 1346 3466 frui
1368 3424 1420 3454 est
1895 3467 1902 3474 .
1950 3467 1956 3474 ⁶
2044 3467 2051 3474 ·
2176 3465 2183 3472 ·
2430 3463 2436 3470 .

467 3465 657 3510 *Ncum
685 3473 827 3522 gaudio
865 3473 933 3518 uti,
964 3484 1037 3508 non
1075 3472 1199 3508 adhuc
1230 3472 1326 3519 spei,
1355 3471 1421 3507 sed
1474 3478 1529 3507 est
1556 3469 1707 3519 proprie
1742 3468 1811 3506 nisi
1838 3468 1959 3504 ultimi
1987 3468 2091 3515 finis,
2121 3477 2210 3514 quia
2237 3465 2340 3502 solus
2372 3465 2528 3501 ultimus

363 3525 437 3561 iam
467 3525 539 3577 rei.
566 3526 642 3563 Sed
662 3525 830 3574 quandiu
857 3537 934 3562 non
954 3525 1127 3571 habetur,
1157 3536 1233 3560 non
1255 3531 1311 3560 est
1329 3535 1419 3570 gau·
1473 3523 1559 3560 finis
1579 3522 1719 3571 quietat
1738 3521 1957 3570 appetitum.
1989 3520 2065 3557 Sed
2085 3518 2270 3568 appetitus
2290 3529 2368 3554 non
2387 3516 2529 3566 quieta-

418 3448 466 3499 <v

420 3490 455 3499 ..

387 3339 549 3427 {ff}
572 3367 696 3405 fruitio
713 3379 790 3404 non
805 3366 849 3403 sit
863 3366 934 3403 nisi
948 3366 1034 3403 finis
1050 3366 1179 3403 habiti.
1201 3366 1301 3402 Dicit
1315 3364 1418 3402 enim
1473 3364 1601 3402 habiti.

1528 3429 1562 3454 2.
1592 3418 1832 3462 PRAETEREA,
1863 3415 1957 3451 sicut
1986 3402 2128 3451 dictum
2157 3420 2213 3450 est
2230 3412 2266 3460 ²⁸,
2295 3411 2420 3449 fruitio
2449 3423 2528 3448 non

2595 617 2652 644 Cap.
2666 624 2690 639 x.

2567 1142 2577 1153 ⁴³
2594 1141 2651 1189 ζεῖ.
2668 1147 2750 1164 xxxin.
2766 1153 2776 1158 -

2567 1167 2744 1221 {it-...¹3:5¹3
2767 1168 2777 1190 ¹

2664 1239 2679 1263 η

2562 1982 2571 1990 ·
2582 1981 2661 2003 Glou.
2673 1981 2772 2004 interlin.

2561 2006 2704 2056 3⁴53&ae
2714 2013 2747 2050 ,0²
2765 2024 2771 2056 :

2560 2050 2671 2108 giiztgiqtr„
2679 2059 2690 2081 1
2698 2059 2771 2088 Sena,

2560 2196 2571 2207 ⁵
2588 2195 2636 2223 Qu.
2651 2201 2671 2224 i,
2687 2198 2730 2218 art.
2743 2195 2770 2222 83

2561 2228 2600 2251 qu.
2616 2228 2641 2249 n,
2657 2225 2699 2245 art.
2710 2228 2732 2250 7.

2559 2515 2568 2524 ⁶
2583 2514 2612 2536 D.
2627 2514 2671 2536 621.

2558 3427 2565 3436 ·
2581 3427 2631 3448 Art.
2646 3431 2667 3453 3.
