2852 4152
123 1993 132 2002 ·
139 1991 332 2019 Lib.11,cap.x111.

126 3104 135 3114 '¹
150 3103 180 3125 D.
194 3103 226 3126 61.

125 3208 138 3219 ⁴
151 3208 203 3231 Art.
215 3215 232 3231 1.

381 217 424 241 10

1090 198 1354 245 QUAESTIO
1385 199 1414 243 I,
1443 197 1737 233 ARTICULUS
1768 197 1816 232 111

1046 293 1372 325 Commentario,
1395 291 1642 323 cardinalis
1665 290 1864 326 Caietani

402 381 422 400 N
445 369 575 400 articulo
604 366 742 397 secundo
767 364 900 395 dubium
924 363 1074 399 occurrit,
1103 362 1180 402 quid
1204 361 1324 391 intersit
1346 360 1426 391 inter

376 383 633 454 Iapprehendere
638 411 750 451 finem,
767 416 796 439 et
811 407 1043 447 apprehendere
1063 407 1218 436 rationem
1229 405 1329 444 finis:
1344 404 1424 434 hanc

373 458 457 488 enirn
473 455 677 486 differentiam
693 452 854 483 constituit
867 451 967 481 littera
983 450 1117 480 radicem
1139 447 1327 478 differentiae
1346 447 1426 478 inter

371 500 534 532 rationalia
554 506 583 529 et
597 497 785 528 irrationalia
809 494 953 525 sensitiva
969 494 1001 523 in
1021 493 1143 533 agendo
1168 498 1297 531 propter
1315 490 1423 521 finem.

370 546 444 575 Non
468 544 552 574 enim
574 547 679 582 potest
701 540 761 570 dici
782 539 868 579 quod
885 547 940 577 per
953 537 1050 567 finem
1070 535 1252 574 intelligitur
1266 535 1318 565 hic
1329 535 1422 575 finis,

371 596 401 619 et
424 597 479 628 per
502 586 655 617 rationem
678 583 747 614 finis
770 582 953 621 intelligitur
976 580 1134 621 quidditas
1146 579 1248 620 finis:
1270 579 1425 619 quoniam

370 632 482 662 mulier
504 638 690 670 praeparans
714 627 800 656 cibos
824 632 859 656 ut
884 625 1028 655 comedat
1050 624 1129 653 hora
1152 622 1282 662 prandii,
1301 623 1424 663 quiddi-

369 682 466 706 tatem
490 672 690 704 comestionis
715 680 771 700 nec
794 670 826 699 in
845 668 1012 699 universali
1037 677 1094 697 nec
1117 667 1149 696 in
1173 666 1350 706 particulari
1366 676 1423 696 no-

369 719 426 754 vit;
446 718 499 748 sed
513 718 551 747 ad
563 717 647 746 hunc
659 715 755 744 finem
768 713 822 754 qui
841 719 886 743 est
899 719 973 742 tunc
990 711 1164 746 comedere,
1179 710 1422 750 apprehensum,

369 762 491 792 ordinat
514 759 782 800 praeparationem
806 766 905 786 suam.

424 806 460 836 11.
484 805 534 834 Ad
550 804 610 833 hoc
628 803 739 832 dicitur
753 801 849 841 quod,
868 809 940 830 cum
957 799 1034 828 ratio
1051 798 1121 828 finis
1138 797 1287 828 consistat
1307 798 1339 828 in
1362 798 1423 828 hoc

368 849 456 889 quod
480 855 524 878 est
548 857 613 877 esse
637 847 728 877 cuius
757 854 854 875 causa
879 853 933 873 seu
959 848 1094 882 propter
1116 842 1208 882 quid,
1234 851 1423 881 cognoscere

368 893 521 923 rationem
543 891 613 921 finis
637 897 683 920 est
706 897 894 928 cognoscere
911 886 1128 917 habitudinem
1143 885 1214 915 finis
1231 886 1271 915 ad
1286 886 1318 915 id
1334 886 1422 926 quod

1479 368 1525 392 est
1540 362 1580 391 ad
1595 361 1702 391 finem.
1728 361 1790 398 Qui
1808 360 1893 391 enim
1916 361 2158 402 proportionem
2178 362 2295 394 horum
2311 365 2482 404 cognoscit,
2500 365 2540 395 ad

1479 404 1575 435 finem
1599 415 1631 435 se
1655 414 1783 435 movere
1815 411 1938 444 potest:
1970 412 2000 436 et
2023 406 2078 446 qui
2102 415 2167 436 non
2191 407 2296 445 novit,
2329 417 2395 438 non
2423 415 2537 449 potest.
2579 437 2581 439 .

1479 448 1582 479 Cuius
1606 449 1732 488 signum
1752 454 1797 478 est
1820 449 1919 488 quod,
1937 450 2133 489 apprehenso
2149 450 2257 491 aliquo
2277 450 2349 488 fine,
2367 459 2444 492 puta
2458 452 2539 482 sani-

1479 498 1552 529 tate,
1569 492 1648 522 nihil
1664 492 1786 531 agimus
1801 499 1931 532 propter
1945 493 2058 532 ipsam,
2083 494 2185 524 donec
2206 505 2436 535 cognoscamus
2452 496 2538 526 habi-

1479 536 1623 565 tudinem
1639 536 1706 566 eius
1723 535 1762 565 ad
1781 536 1972 573 exercitium,
1989 537 2039 567 vel
2055 537 2200 574 diaetam,
2220 539 2270 569 vel
2286 539 2462 579 potionem,
2479 546 2537 570 etc.

1479 579 1514 609 In
1538 579 1719 618 cognitione
1749 589 1824 618 ergo
1848 581 2063 620 proportionis
2086 591 2141 612 seu
2164 582 2357 613 habitudinis
2386 583 2430 613 rei
2457 593 2538 624 quae

1479 629 1526 653 est
1547 622 1628 659 finis,
1653 623 1692 652 ad
1715 623 1747 652 id
1771 624 1859 663 quod
1883 630 1929 655 est
1951 625 1991 654 ad
2013 624 2111 655 finem
2126 632 2162 656 ut
2178 626 2235 663 sic,
2261 627 2403 657 consistit
2418 637 2537 666 cogno-

1479 676 1562 697 scere
1585 667 1740 696 rationem
1763 665 1844 697 finis.
1869 668 1910 698 Et
1925 668 1998 699 hinc
2013 669 2113 700 oritur
2136 669 2307 701 differentia
2327 670 2359 701 in
2377 671 2536 701 movendo

1479 721 1511 740 se
1537 711 1575 740 ad
1599 710 1695 740 finem
1726 711 1907 750 cognitum,
1937 718 1967 742 et
1996 722 2062 742 non
2087 723 2216 744 movere
2240 724 2289 750 se,
2317 721 2353 745 ut
2374 715 2408 744 in
2436 715 2538 745 littera

1479 754 1600 786 dicitur.
2405 793 2408 796 ⁴

1533 798 1585 828 111.
1611 798 1646 828 In
1670 798 1783 828 eodem
1807 798 1947 828 secundo
1966 799 2109 836 articulo,
2132 800 2165 830 in
2187 801 2393 841 responsione
2416 802 2455 831 ad
2477 808 2536 832 ter-

1477 842 1569 878 tium,
1587 848 1662 882 nota
1677 842 1832 872 rationem
1848 842 2005 882 optimam
2020 853 2117 883 quare
2131 853 2211 884 opus
2229 850 2366 876 naturae
2389 851 2435 876 est
2458 855 2537 885 opus

1479 887 1720 926 intelligentiae.

1167 1017 1483 1058 ARTICULUS
1511 1017 1739 1058 TERTIUS

855 1097 1011 1127 UTRUM
1034 1096 1176 1127 ACTUS
1200 1096 1380 1126 HOMINIS
1404 1095 1635 1126 RECIPIANT
1659 1095 1840 1127 SPECIEM
1863 1097 1920 1127 Ex
1943 1097 2042 1127 FINE

599 1163 672 1194 Infra,
692 1170 736 1195 qu.
755 1169 824 1191 xvm,
845 1166 891 1186 art.
906 1160 934 1192 6;
955 1169 998 1193 qu.
1018 1168 1094 1191 Lxxn,
1113 1165 1160 1185 art.
1181 1159 1209 1190 3;
1229 1160 1249 1184 11
1269 1160 1352 1188 Sent„
1372 1160 1431 1184 dist.
1449 1167 1489 1188 xL,
1510 1164 1556 1184 art.
1574 1167 1599 1190 1;
1615 1160 1657 1185 De
1674 1160 1783 1190 Virtut.‚
1801 1168 1846 1193 qu.
1858 1168 1880 1192 1,
1900 1165 1945 1185 art.
1962 1168 1985 1191 2,
2005 1161 2035 1185 ad
2057 1160 2084 1191 33
2104 1169 2149 1193 qu.
2163 1169 2194 1191 11,
2215 1167 2260 1186 art.
2278 1161 2300 1186 3.

529 1264 531 1266 -
573 1251 595 1275 D
615 1249 773 1274 TERTmM
793 1248 845 1273 SIC
869 1247 1107 1273 PROCEDITUR.
1133 1233 1292 1271 Videtur
1316 1234 1419 1283 quod

503 1283 549 1334 ”5³2
573 1298 677 1328 actus
705 1288 863 1326 humani
891 1301 970 1325 non
997 1287 1177 1336 recipiant
1205 1287 1374 1336 speciem
1398 1300 1420 1324 a

380 1345 495 1405 ᾖν»
521 1343 660 1395 fine.
691 1342 793 1379 Finis
831 1341 931 1378 enim
965 1348 1019 1378 est
1053 1353 1167 1377 causa
1199 1340 1417 1377 extrinseca.

420 1374 517 1439 §⁴5⁹³
531 1390 650 1442 Sed
683 1394 987 1442 unumquodque
1015 1394 1130 1431 habet
1167 1394 1335 1442 speciem
1370 1394 1419 1430 ab

363 1450 487 1498 aliquo
517 1448 700 1497 principio
735 1447 949 1484 intrinseco.
980 1447 1082 1494 Ergo
1121 1454 1224 1483 actus
1261 1446 1419 1483 humani

362 1515 440 1539 non
468 1501 652 1550 recipiunt
679 1500 846 1550 speciem
875 1512 896 1536 a
923 1500 1013 1536 fine.

416 1566 450 1592 2.
479 1555 711 1601 PRAETEREA,
741 1553 833 1590 illud
860 1552 965 1601 quod
986 1552 1049 1589 dat
1068 1551 1247 1600 speciem,
1270 1559 1419 1600 oportet

363 1621 444 1645 esse
471 1607 586 1656 prius.
618 1608 694 1644 Sed
721 1606 806 1643 finis
835 1613 890 1642 est
908 1605 1096 1654 posterior
1122 1604 1162 1641 in
1191 1617 1284 1642 esse.
1315 1606 1417 1652 Ergo

362 1669 465 1698 actus
494 1662 684 1697 humanus
712 1671 790 1696 non
818 1659 933 1695 habet
961 1657 1126 1707 speciem
1155 1670 1177 1694 a
1203 1658 1292 1694 fine.

417 1715 451 1751 3.
471 1714 708 1759 PRAETEREA,
729 1712 830 1749 idem
851 1724 929 1748 non
948 1718 1073 1760 potest
1093 1723 1174 1747 esse
1195 1710 1265 1747 nisi
1284 1709 1323 1747 in
1341 1722 1419 1747 una

362 1766 499 1815 specie.
531 1766 607 1803 Sed
636 1764 801 1802 eundem
830 1776 991 1800 numero
1012 1771 1139 1801 actum
1160 1763 1339 1810 contingit
1358 1775 1419 1799 or-

362 1819 482 1857 dinari
511 1819 559 1855 ad
588 1819 758 1856 diversos
786 1817 894 1854 fines.
924 1817 1026 1865 Ergo
1046 1816 1133 1853 finis
1154 1828 1232 1852 non
1253 1816 1316 1852 dat
1334 1828 1417 1865 spe-

362 1873 459 1909 ciem
488 1871 632 1908 actibus
660 1870 849 1908 humanis.

415 1926 487 1962 SED
509 1936 654 1961 CONTRA
672 1935 738 1960 EsT
757 1923 862 1971 quod
882 1921 968 1959 dicit
986 1921 1231 1969 Augustinus,
1260 1920 1298 1957 in
1321 1920 1416 1957 libro

360 1980 405 2015 de
422 1978 598 2014 Moribus
615 1976 806 2014 Ecclesiae
824 1980 860 2012 et
875 1975 1193 2011 Manichaeorum
1214 1974 1248 2010 *ε
1279 1975 1417 2010 Secun-

360 2032 448 2068 dum
481 2030 582 2078 quod
600 2029 695 2076 finis
727 2034 782 2064 est
807 2027 1000 2075 culpabilis
1031 2026 1092 2064 vel
1116 2026 1329 2071 laudabilis,
1362 2038 1417 2062 se-

360 2083 523 2121 cundum
550 2083 621 2119 hoc
647 2086 734 2118 sunt
750 2092 865 2128 opera
885 2085 1012 2116 nostra
1032 2078 1231 2127 culpabilia
1251 2078 1310 2115 vel
1337 2078 1416 2115 lau-

360 2136 510 2174 dabilia.

413 2190 634 2226 RESPONDEO
662 2197 846 2222 DICENDUM
874 2185 978 2233 quod
1004 2183 1310 2232 unumquodque
1338 2196 1417 2220 sor-

359 2242 447 2279 titur
474 2240 640 2289 speciem
661 2238 874 2275 secundum
894 2245 1032 2283 actum,
1054 2244 1090 2272 et
1108 2249 1187 2273 non
1206 2237 1417 2273 secundum

360 2294 587 2343 potentiam:
617 2292 719 2328 unde
748 2303 793 2327 ea
818 2302 916 2338 quae
936 2297 1023 2326 sunt
1042 2289 1254 2338 composita
1274 2302 1319 2326 ex
1339 2301 1418 2325 ma-

361 2347 454 2384 teria
489 2354 524 2383 et
555 2346 698 2391 forma,
738 2343 1015 2380 constituuntur
1042 2342 1080 2378 in
1109 2342 1185 2379 suis
1218 2342 1417 2391 speciebus

362 2412 430 2449 per
448 2398 620 2448 proprias
639 2398 792 2434 formas.
814 2397 863 2433 Et
875 2397 951 2433 hoc
966 2395 1079 2432 etiam
1101 2395 1418 2432 considerandum

363 2460 417 2489 est
436 2452 475 2489 in
493 2451 661 2489 motibus
689 2448 849 2499 propriis
870 2454 898 2486 α.
930 2449 1029 2485 Cum
1053 2447 1155 2485 enim
1177 2456 1303 2485 motus
1324 2460 1419 2497 quo-

363 2504 572 2542 dammodo
607 2503 854 2550 distinguatur
884 2514 954 2550 per
982 2500 1171 2537 actionem
1206 2508 1243 2538 et
1275 2501 1419 2550 passio-

362 2570 464 2605 nem,
493 2565 696 2605 utrumque
723 2556 863 2592 horum
884 2555 931 2591 ab
952 2561 1038 2590 actu
1058 2553 1224 2602 speciem
1245 2554 1417 2591 sortitur:

363 2610 459 2647 actio
481 2610 635 2658 quidem
656 2609 704 2645 ab
725 2616 812 2646 actu
833 2607 898 2657 qui
913 2614 974 2646 ,est
1005 2606 1232 2655 principium
1266 2607 1418 2655 agendi;

362 2663 487 2712 passio
514 2675 608 2700 vero
643 2662 691 2698 ab
721 2659 812 2698 actu
838 2660 903 2708 qui
935 2667 990 2696 est
1022 2659 1205 2696 terminus
1239 2668 1366 2696 motus
1391 2658 1417 2697 β.

362 2716 473 2754 Unde
503 2715 694 2752 calefactio
727 2714 824 2750 actio
858 2712 949 2750 nihil
969 2712 1068 2749 aliud
1089 2720 1144 2749 est
1163 2725 1279 2760 quam
1300 2712 1419 2750 motio

363 2768 553 2818 quaedam
587 2781 609 2805 a
648 2767 772 2804 calore
812 2765 1050 2815 procedens,
1095 2765 1288 2802 calefactio
1324 2778 1418 2802 vero

361 2822 488 2871 passio
517 2821 608 2858 nihil
636 2819 737 2857 aliud
771 2827 825 2856 est
854 2831 970 2868 quam
999 2825 1126 2855 motus
1155 2819 1204 2855 ad
1234 2819 1418 2855 calorem:

364 2874 531 2912 definitio
560 2881 687 2911 autem
716 2871 930 2908 manifestat
958 2871 1142 2908 rationem
1169 2871 1319 2920 speciei.

416 2928 464 2963 Et
491 2934 653 2975 utroque
681 2925 799 2962 modo
820 2932 924 2961 actus
943 2924 1111 2971 humani,
1141 2924 1222 2961 sive
1247 2924 1419 2961 conside-

364 2987 491 3016 rentur
518 2992 586 3028 per
614 2978 774 3016 modum
803 2977 1012 3023 actionum,
1049 2976 1130 3014 sive
1161 2989 1230 3026 per
1258 2977 1420 3014 modum

364 3032 608 3081 passionum,
639 3044 661 3068 a
687 3031 765 3067 fine
794 3030 960 3079 speciem
995 3030 1214 3067 sortiuntur.
1249 3030 1420 3078 Utroque

366 3085 467 3122 enim
493 3084 611 3121 modo
639 3090 799 3133 possunt
827 3082 1058 3119 considerari
1086 3090 1190 3120 actus
1209 3082 1421 3120 humanit:-

366 3150 411 3174 eo
440 3137 545 3186 quod
571 3138 690 3173 homo
720 3143 852 3173 movet
871 3135 1048 3183 seipsum,
1071 3143 1105 3172 et
1125 3143 1303 3174 movetur
1322 3149 1345 3173 a
1364 3148 1421 3173 se-

364 3191 461 3239 ipso.
491 3190 645 3227 Dictum
675 3197 729 3225 est
757 3196 884 3225 autem
913 3187 1061 3237 supra*
1089 3188 1194 3236 quod
1227 3196 1331 3226 actus
1365 3188 1420 3226 di-

365 3250 499 3280 cuntur
517 3242 687 3289 humani,
708 3242 932 3290 inquantum
951 3241 1164 3290 procedunt
1183 3254 1205 3278 a
1223 3242 1421 3279 voluntate

365 3296 580 3333 deliberata.
606 3295 810 3332 Obiectum
831 3302 957 3331 autem
975 3294 1180 3331 voluntatis
1200 3302 1255 3331 est
1274 3295 1421 3331 bonum

1475 1242 1511 1271 et
1524 1234 1622 1272 finis.
1644 1236 1692 1272 Et
1710 1235 1797 1272 ideo
1819 1236 2061 1274 manifestum
2083 1244 2138 1273 est
2157 1237 2261 1285 quod
2276 1237 2506 1287 principium
2520 1244 2536 1268 Υ

1473 1288 1729 1324 humanorum
1750 1296 1916 1334 actuum,
1936 1289 2162 1338 inquantum
2182 1297 2270 1326 sunt
2287 1291 2458 1338 humani,
2480 1299 2536 1329 est

1473 1340 1571 1377 finis.
1602 1341 1650 1377 Et
1678 1341 1845 1378 similiter
1873 1349 1928 1378 est
1960 1341 2145 1378 terminus
2181 1344 2413 1380 eorundem:
2442 1356 2534 1382 nam

1473 1393 1512 1430 id
1527 1393 1576 1430 ad
1592 1394 1696 1442 quod
1711 1394 1934 1431 terminatur
1948 1402 2053 1431 actus
2067 1395 2270 1442 humanus,
2287 1403 2343 1432 est
2356 1396 2395 1433 id
2405 1397 2510 1446 quod
2520 1395 2534 1419 ὅ

1473 1447 1650 1483 voluntas
1677 1446 1834 1483 intendit
1861 1455 2044 1494 tanquam
2073 1447 2213 1493 finem;
2233 1448 2339 1485 'sicut
2363 1449 2402 1486 in
2421 1462 2534 1497 agen-

1473 1499 1572 1535 tibus
1606 1499 1840 1536 naturalibus
1881 1500 2005 1537 forma
2033 1500 2199 1548 generati
2234 1509 2289 1537 est
2326 1502 2533 1540 conformis

1473 1552 1619 1588 formae
1647 1552 1872 1601 generantis.
1902 1553 1952 1589 Et
1983 1553 2082 1602 quia,
2112 1561 2153 1590 ut
2176 1554 2404 1591 Ambrosius
2433 1555 2532 1603 dicit,

1471 1616 1585 1653 super
1611 1606 1758 1642 Lucam
1772 1604 1803 1652 ³³⁶,
1837 1617 1962 1642 mores
1982 1607 2139 1655 proprie
2165 1606 2340 1644 dicuntur
2362 1609 2531 1654 humani,

1474 1666 1578 1694 actus
1606 1659 1770 1695 morales
1788 1658 1940 1707 proprie
1959 1659 2127 1707 speciem
2147 1659 2353 1698 sortiuntur
2372 1673 2418 1696 ex
2436 1661 2531 1698 fine:

1473 1723 1563 1747 nam
1591 1711 1694 1748 idern
1723 1718 1810 1748 sunt
1838 1718 1943 1748 actus
1971 1713 2136 1748 morales
2166 1719 2202 1748 et
2229 1719 2334 1749 actus
2360 1713 2531 1751 humani.

1524 1765 1583 1800 An
1613 1775 1750 1800 PmMUM
1777 1775 1875 1800 ERGO
1904 1776 2088 1802 DICENDUM
2117 1765 2224 1812 quod
2250 1765 2337 1802 finis
2365 1778 2444 1802 non
2478 1761 2534 1803 est

1473 1816 1630 1853 omnino
1660 1816 1802 1865 aliquid
1831 1816 2081 1854 extrinsecum
2110 1818 2159 1854 ab
2187 1825 2292 1854 actu:
2322 1818 2410 1867 quia
2430 1831 2533 1856 com-

1470 1876 1624 1917 paratur
1653 1869 1700 1906 ad
1725 1876 1851 1906 actum
1871 1877 1912 1906 ut
1929 1869 2159 1919 principium
2179 1871 2240 1907 vel
2267 1871 2468 1917 terminus;
2498 1879 2535 1909 et

1471 1923 1546 1958 hoc
1560 1927 1573 1943 ⁵
1591 1922 1718 1970 ipsum
1738 1929 1793 1958 est
1812 1922 1859 1959 de
1879 1922 2024 1959 ratione
2053 1930 2169 1970 actus,
2194 1930 2236 1960 ut
2254 1923 2393 1960 scilicet
2411 1924 2458 1962 sit
2484 1925 2532 1961 ab

1472 1974 1611 2022 aliquo,
1627 1982 1811 2024 quantum
1832 1975 1881 2011 ad
1901 1974 2104 2023 actionem,
2125 1983 2161 2012 et
2185 1983 2228 2013 ut
2245 1976 2292 2012 sit
2309 1977 2359 2013 ad
2378 1977 2531 2027 aliquid,
2570 2014 2574 2015 ⁷

1471 2034 1656 2075 quantum
1684 2028 1731 2063 ad
1754 2027 1985 2074 passionem.

1523 2081 1583 2115 AD
1612 2091 1801 2116 SECUNDUM
1839 2091 2023 2116 DmENDUM
2057 2080 2163 2128 quod
2195 2080 2282 2117 finis
2319 2081 2533 2119 secundum

1472 2131 1578 2180 quod
1612 2139 1667 2168 est
1702 2131 1806 2181 prior
1833 2132 1871 2169 in
1901 2132 2131 2180 intentione,
2164 2139 2206 2169 ut
2239 2131 2382 2170 dictum
2417 2141 2472 2171 est
2494 2133 2534 2182 ²⁸,

1471 2185 1682 2222 secundum
1717 2185 1793 2221 hoc
1824 2185 1984 2234 pertinet
2013 2185 2064 2222 ad
2099 2186 2349 2223 voluntatem.
2377 2187 2428 2225 Et
2459 2187 2535 2224 hoc

1472 2237 1591 2274 modo
1621 2237 1684 2274 dat
1711 2237 1879 2286 speciem
1908 2237 2006 2274 actui
2034 2239 2205 2275 humano
2235 2239 2316 2276 sive
2345 2239 2490 2277 morali.

1525 2291 1584 2327 An
1603 2301 1763 2327 TERTlUM
1781 2302 1966 2327 DICENDUM
1987 2290 2091 2339 quod
2110 2290 2214 2327 idem
2234 2298 2338 2328 actus
2357 2303 2531 2340 numero,

1473 2342 1684 2380 secundum
1715 2342 1819 2391 quod
1847 2343 1966 2379 semel
1995 2343 2183 2391 egreditur
2210 2344 2258 2380 ab
2278 2351 2426 2392 agente,
2453 2357 2540 2386 nonv

1473 2395 1669 2433 ordinatur
1695 2395 1766 2432 nisi
1793 2395 1842 2432 ad
1871 2407 1992 2432 unum
2019 2396 2140 2433 finem
2159 2396 2435 2446 proximum„a
2454 2409 2531 2446 quo

1472 2449 1587 2485 habet
1605 2448 1790 2496 speciem:
1811 2449 1876 2485 sed
1896 2455 2022 2497 potest
2041 2449 2206 2486 ordinari
2224 2449 2274 2486 ad
2288 2449 2416 2498 plures
2435 2450 2534 2488 fines

1474 2509 1654 2548 remotos,
1671 2513 1837 2550 quorum
1852 2513 1951 2538 unus
1968 2509 2023 2538 est
2036 2501 2123 2539 finis
2139 2501 2301 2539 alterius.
2313 2523 2337 2530 -
2349 2502 2534 2540 Possibile

1473 2562 1603 2591 tamen
1633 2562 1687 2591 est
1715 2554 1821 2603 quod
1847 2567 1947 2591 unus
1976 2561 2081 2591 actus
2115 2555 2328 2592 secundum
2363 2555 2533 2605 speciem

1474 2615 1641 2654 naturae,
1663 2606 1857 2644 ordinetur
1889 2607 1937 2644 ad
1967 2607 2139 2645 diversos
2174 2607 2271 2644 fines
2304 2608 2532 2646 voluntatis:

1473 2660 1568 2697 sicut
1604 2660 1679 2696 hoc
1711 2659 1837 2708 ipsum
1875 2660 1980 2708 quod
2015 2668 2070 2697 est
2103 2660 2276 2697 occidere
2313 2661 2534 2708 hominem,

1473 2713 1579 2761 quod
1598 2720 1654 2750 est
1671 2712 1775 2749 idern
1794 2713 2007 2750 secundum
2027 2713 2194 2762 speciem
2218 2720 2386 2761 naturae,
2410 2721 2536 2763 potest

1474 2765 1638 2803 ordinari
1667 2765 1762 2802 sicut
1789 2765 1828 2803 in
1855 2765 1974 2802 finem
2003 2766 2052 2803 ad
2082 2766 2415 2803 conservationem
2440 2766 2452 2791 ζ
2479 2766 2535 2804 iu-

1473 2818 1605 2865 stitiae,
1622 2825 1671 2855 et
1690 2818 1739 2855 ad
1758 2818 2064 2856 satisfaciendum
2084 2819 2173 2855 irae.
2199 2819 2248 2856 Et
2267 2831 2313 2856 ex
2332 2819 2407 2856 hoc
2426 2827 2537 2857 erunt

1474 2871 1614 2909 diversi
1642 2878 1746 2908 actus
1766 2871 1977 2908 secundum
1998 2871 2166 2920 speciem
2186 2871 2324 2909 moris:
2349 2871 2438 2920 quia
2457 2883 2534 2909 uno

1474 2924 1593 2961 modo
1629 2923 1696 2960 erit
1727 2931 1832 2960 actus
1859 2923 2027 2971 virtutis,
2063 2923 2136 2961 alio
2171 2923 2290 2962 modo
2325 2924 2394 2961 erit
2430 2932 2535 2962 actus

1473 2977 1564 3014 vitii.
1586 2977 1678 3014 Non
1698 2977 1799 3013 enim
1820 2984 1947 3014 motus
1967 2977 2098 3026 recipit
2115 2976 2281 3026 speciem
2299 2977 2347 3014 ab
2364 2989 2410 3014 eo
2431 2976 2536 3026 quod

1475 3037 1530 3067 est
1557 3029 1741 3067 terminus
1760 3042 1829 3078 per
1848 3029 2036 3077 accidens,
2062 3030 2130 3067 sed
2149 3029 2273 3068 solum
2295 3030 2342 3066 ab
2363 3042 2409 3067 eo
2430 3030 2536 3079 quod

1476 3090 1531 3120 est
1557 3082 1739 3119 terminus
1767 3094 1835 3131 per
1863 3095 1915 3120 se.
1945 3082 2058 3120 Fines
2086 3089 2213 3119 autem
2242 3083 2408 3120 morales
2425 3083 2536 3122 acci-

1475 3136 1568 3173 dunt
1595 3135 1647 3172 rei
1676 3135 1856 3181 naturali;
1887 3143 1923 3172 et
1949 3147 1968 3171 e
1996 3147 2184 3173 converso
2227 3135 2322 3172 ratio
2357 3135 2537 3174 naturalis

1474 3188 1561 3226 finis
1590 3188 1724 3226 accidit
1751 3187 1896 3226 morali.
1925 3188 1975 3224 Et
1994 3188 2081 3225 ideo
2102 3187 2193 3225 nihil
2220 3188 2400 3237 prohibet
2431 3196 2536 3227 actus

1476 3241 1540 3290 qui
1565 3249 1652 3278 sunt
1670 3241 1786 3279 iidem
1806 3246 1824 3268 η
1844 3241 2055 3278 secundum
2075 3240 2243 3290 speciem
2263 3249 2431 3289 naturae,
2453 3253 2537 3279 esse

1477 3294 1648 3331 diversos
1669 3293 1879 3331 secundum
1900 3293 2067 3342 speciem
2086 3293 2216 3342 moris,
2239 3302 2274 3331 et
2294 3307 2314 3331 e
2335 3306 2534 3332 converso.

418 3418 444 3449 α)
461 3417 589 3449 propriis.
602 3431 621 3436 —
640 3417 701 3441 Om.
720 3417 776 3441 DH.

419 3451 443 3484 β)
463 3456 557 3476 motus.
574 3466 593 3470 -
611 3451 696 3476 nostri
710 3452 767 3476 add.
783 3451 829 3476 Pa.

365 3530 409 3546 om
418 3487 630 3547 γζοςῖὲνὲξίρίωη.
642 3501 660 3506 -
678 3490 704 3511 et
718 3486 880 3518 principium
896 3485 1125 3511 ABCDEFGHIL.
1139 3500 1157 3505 —
1169 3490 1209 3511 est
1223 3492 1281 3519 post
1298 3487 1421 3512 similiter

1527 3416 1552 3448 ὃ)
1571 3418 1680 3449 quod.-
1699 3417 1724 3442 in
1744 3416 1815 3450 quod
1833 3417 1928 3441 sBF.-
1947 3417 1996 3440 Pro
2015 3417 2090 3446 sicut,
2109 3417 2178 3442 sicut
2196 3420 2222 3441 et
2240 3416 2464 3441 ABDEGHIKLa.

1528 3452 1549 3483 ε)
1569 3453 1624 3477 hoc.
1643 3466 1662 3471 -
1679 3452 1748 3477 idem
1762 3452 1819 3476 add.
1835 3451 1880 3475 Pa.

1526 3486 1551 3518 ζ)
1571 3487 1805 3512 conservationem.
1818 3500 1837 3506 -
1855 3486 2063 3511 observationem
2084 3487 2195 3511 codices.

1527 3523 1553 3554 η)
1574 3523 1682 3547 iidem-
1701 3522 1769 3547 idem
1789 3522 1890 3546 codices
1909 3527 1934 3545 et
1952 3529 1978 3546 a.

2560 1619 2570 1629 ·
2587 1618 2613 1640 tn
2627 1618 2738 1647 prologo.

2561 2139 2571 2150 '
2584 2139 2637 2161 Art.
2651 2144 2669 2166 1,
2683 2138 2712 2160 nd
2727 2144 2744 2160 1.
