2852 4152
97 2427 100 2430 ·
131 2409 252 2447 ‘Dyme
265 2416 320 2439 474·

1022 230 1287 277 QUAESTIO
1319 230 1456 274 XLIX,
1485 227 1781 265 ARTlCULUS
1812 227 1862 263 lV

2450 225 2522 261 315

1131 354 1447 397 ARTICULUS
1477 352 1747 406 QUARTUS

986 449 1140 479 UTRUM
1165 448 1231 479 sn*
1254 447 1554 478 NECESSARIUM
1578 446 1677 476 ESSE
1701 445 1900 476 HABITUM

782 526 813 551 Ill
833 526 915 556 sent„
935 527 994 552 dist.
1007 535 1076 557 xxm,
1095 535 1140 559 qu.
1154 535 1176 557 1,
1195 531 1243 551 art.
1261 534 1286 557 1;
1307 526 1348 551 De
1371 525 1458 555 Verit„
1479 533 1524 557 qu.
1536 533 1581 554 xx,
1602 530 1647 549 art.
1668 531 1697 555 2;
1718 524 1759 548 De
1783 523 1886 552 Vir-tut„
1907 530 1951 555 qu.
1966 529 1989 552 1,
2009 527 2055 546 art.
2072 530 2093 546 1.

392 630 453 665 „³1:ss
475 634 546 674 “31''
571 626 595 651 n
614 625 787 655 QUARTUM
806 626 859 650 sm
879 626 1116 651 PRoOEmTUR.
1133 615 1291 652 Videtur
1311 614 1416 662 quod

389 665 393 673 ‘
429 666 435 671 '
492 666 546 711 {iv
573 678 652 703 non
680 666 725 702 sit
744 667 1000 703 necessarium
1022 680 1102 704 esse
1121 668 1270 704 habitus
1290 673 1318 703 α.
1341 667 1416 703 Ha-

381 721 412 774 ,μζ
440 766 452 775 7
475 740 490 773 .'
509 704 671 755 ''bitus
696 719 796 756 enim
830 727 917 756 sunt
949 719 1085 767 quibus
1119 720 1259 768 aliquid
1291 719 1416 768 dispo-

528 763 673 808 &nitur
701 772 797 808 bene
830 773 891 809 vel
927 774 1026 809 male
1054 773 1103 810 ad
1135 772 1294 822 aliquid,
1325 772 1418 809 sicut

363 825 504 863 dictum
525 831 581 861 est
599 824 630 862 ²¹².
652 825 730 862 Sed
748 838 817 874 per
835 838 944 862 suam
968 826 1132 863 formam
1151 825 1292 874 aliquid
1320 826 1417 862 bene

361 878 424 915 vel
447 877 547 913 male
568 877 798 926 disponitur:
829 890 918 915 nam
940 879 1151 916 secundum
1171 879 1335 914 formam
1355 877 1419 913 ali-

361 929 453 979 quid
482 937 538 966 est
565 931 724 977 bonurn,
745 931 838 967 sicut
865 938 900 967 et
929 943 1007 967 ens.
1030 932 1131 979 Ergo
1161 931 1262 967 nulla
1291 942 1419 966 neees-

365 981 452 1019 sitas
482 989 537 1018 est
563 983 775 1020 habituum.

419 1047 454 1072 2.
483 1035 725 1083 PRAETEREA,
754 1035 904 1073 habitus
942 1036 1121 1084 importat
1158 1035 1332 1073 ordinem
1371 1034 1418 1072 ad

366 1095 506 1125 actum.
538 1088 616 1125 Sed
643 1089 810 1137 potentia
842 1089 1021 1137 importat
1055 1089 1282 1138 principium
1316 1095 1421 1124 actus

365 1140 615 1178 sufficienter:
649 1153 738 1178 nam
776 1149 812 1178 et
838 1141 1029 1190 potentiae
1062 1142 1250 1178 naturales
1277 1141 1420 1189 absque

365 1193 555 1230 habitibus
582 1202 668 1230 sunt
703 1194 888 1243 principia
916 1201 1080 1231 actuum.
1111 1195 1212 1242 Ergo
1247 1206 1326 1231 non
1355 1193 1422 1230 fuit

366 1246 622 1283 necessarium
650 1246 800 1283 habitus
829 1259 922 1283 esse.

422 1299 457 1336 3.
478 1299 711 1346 PRAETEREA,
740 1299 836 1336 sicut
862 1299 1030 1347 potentia
1067 1312 1108 1335 se
1135 1299 1250 1335 habet
1277 1299 1326 1336 ad
1354 1299 1422 1334 bo-

366 1363 461 1388 num
491 1358 526 1387 et
554 1351 711 1396 malum,
734 1351 784 1387 ita
813 1358 849 1387 et
875 1351 1045 1388 habitus:
1076 1359 1112 1388 et
1135 1351 1230 1387 sicut
1256 1351 1424 1398 potentia

360 1413 619 1451 annsemper
636 1403 720 1450 agit,
741 1403 791 1439 ita
810 1415 881 1439 nec
904 1403 1065 1439 habitus.
1087 1403 1342 1451 Existentibus
1360 1403 1424 1450 igi-

367 1462 428 1492 tur
453 1454 641 1503 potentiis,
663 1455 898 1504 superfluum
926 1455 994 1492 fuit
1021 1455 1192 1492 habitum
1221 1467 1316 1492 esse.

422 1507 495 1544 SED
524 1518 670 1544 CONTRA
697 1519 763 1544 EsT
791 1507 896 1556 quod
931 1507 1082 1544 habitus
1110 1515 1197 1544 sunt
1227 1508 1425 1556 perfectio-

367 1571 437 1597 nes
474 1559 686 1608 quaedam,
716 1568 758 1597 ut
791 1560 926 1597 dicitur
953 1561 992 1597 in
1019 1561 1088 1598 V11
1123 1561 1270 1609 Physic.
1300 1560 1320 1582 ’¹‘
1349 1561 1425 1597 Sed

368 1612 549 1661 perfectio
578 1620 635 1649 est
662 1612 825 1650 maxime
846 1613 1058 1650 necessaria
1077 1613 1150 1650 rei:
1181 1625 1268 1650 cum
1287 1614 1426 1650 habeat

369 1665 556 1702 rationem
574 1665 673 1703 finis.
689 1667 790 1714 Ergo
807 1666 1062 1703 necessarium
1078 1666 1146 1703 fuit
1160 1666 1310 1704 habitus
1330 1679 1424 1704 esse.

423 1719 648 1755 REspounno
671 1731 855 1756 DICENDUM
875 1719 991 1768 quod,
1008 1719 1103 1756 sicut
1121 1732 1235 1769 supra
1248 1719 1269 1741 '¹‘
1284 1719 1426 1757 dictum

371 1778 440 1817 est,
466 1771 615 1808 habitus
643 1771 822 1820 importat
850 1772 1136 1821 dispositionem
1165 1773 1359 1822 quandam
1387 1773 1424 1809 in

370 1822 501 1860 ordine
539 1825 588 1861 ad
619 1832 792 1861 naturam
822 1825 897 1872 rei,
928 1833 964 1862 et
991 1825 1039 1862 ad
1068 1826 1330 1874 operationem
1362 1827 1425 1862 vel

369 1875 489 1913 finem
509 1876 601 1924 eius,
621 1878 831 1915 secundum
851 1890 969 1927 quam
988 1877 1003 1907 β
1022 1879 1120 1915 bene
1142 1879 1205 1915 vel
1234 1879 1333 1915 male
1362 1879 1425 1915 ali-

371 1929 462 1978 quid
481 1929 529 1966 ad
557 1930 632 1966 hoc
652 1930 873 1979 disponitur.
894 1932 955 1968 Ad
982 1931 1058 1968 hoc
1082 1938 1210 1968 autem
1235 1931 1340 1979 quod
1360 1932 1423 1968 ali-

372 1981 464 2030 quid
491 1981 657 2030 indigeat
685 1983 835 2032 disponi
862 1984 911 2021 ad
939 1984 1109 2031 alterum,
1129 1983 1202 2020 'tria
1230 1984 1426 2033 requirun-

370 2041 442 2071 tur.
471 2034 598 2071 Primo
636 2035 812 2084 quidem,
841 2044 883 2073 ut
909 2036 947 2073 id
985 2037 1091 2085 quod
1121 2037 1350 2086 disponitur,
1381 2036 1427 2074 sit

372 2087 531 2124 alterum
564 2088 612 2125 ab
642 2100 688 2125 eo
715 2089 769 2126 *ad
797 2089 901 2137 quod
934 2089 1161 2138 disponitur3
1191 2097 1227 2127 et
1260 2090 1312 2127 sic
1340 2095 1356 2118 Υ
1385 2102 1424 2126 se

370 2140 510 2177 habeat
537 2140 586 2178 ad
613 2141 739 2189 ipsum
766 2149 808 2178 ut
835 2143 1002 2191 potentia
1030 2143 1079 2180 ad
1107 2150 1232 2179 actum
1261 2143 1292 2180 ³¹².
1314 2143 1424 2180 Unde

372 2193 402 2230 si
430 2193 572 2242 aliquid
598 2193 644 2230 sit
672 2194 778 2231 cuius
805 2203 939 2232 natura
965 2208 1044 2232 non
1072 2195 1118 2232 sit
1146 2196 1357 2245 composita
1382 2208 1427 2232 ex

371 2247 538 2295 potentia
567 2253 603 2283 et
630 2254 727 2294 actu,
749 2254 785 2283 et
812 2247 918 2285 cuius
941 2248 1148 2285 substantia
1176 2248 1222 2285 sit
1249 2261 1317 2285 sua
1337 2261 1427 2297 ope-

370 2299 478 2346 ratio,
509 2306 546 2335 et
571 2299 697 2347 ipsum
727 2299 773 2336 sit
805 2308 960 2349 propter
987 2301 1171 2349 seipsum;
1198 2301 1249 2337 ibi
1277 2301 1428 2338 habitus

370 2351 432 2388 vel
462 2351 656 2400 dispositio
694 2352 823 2389 locum
851 2365 930 2390 non
962 2354 1097 2400 habet,
1127 2353 1223 2390 sicut
1259 2361 1362 2403 patet
1388 2354 1427 2391 in

369 2404 454 2441 Deo
474 2403 506 2441 *.

424 2456 602 2494 Secundo
637 2457 836 2506 requiritur
867 2458 972 2507 quod
1005 2459 1044 2495 id
1077 2458 1180 2507 quod
1210 2466 1266 2495 est
1293 2459 1331 2496 in
1358 2472 1430 2509 po-

370 2509 485 2547 tentia
517 2510 567 2547 ad
595 2510 767 2557 alterum,
796 2511 916 2559 possit
947 2511 1118 2560 pluribus
1151 2511 1276 2549 modis
1309 2512 1430 2549 deter-

370 2562 518 2605 minari,
541 2569 576 2599 et
603 2563 652 2599 ad
680 2563 840 2600 diversa.
861 2564 973 2601 Unde
1002 2564 1032 2600 si
1061 2564 1200 2611 aliquid
1230 2563 1276 2601 sit
1303 2564 1341 2602 in
1360 2577 1429 2614 po-

371 2615 486 2651 tentia
513 2615 562 2651 ad
582 2615 753 2662 alterum,
774 2615 824 2652 ita
850 2623 978 2652 tamen
1006 2616 1109 2665 quod
1129 2629 1206 2653 non
1236 2617 1282 2653 sit
1303 2617 1342 2653 in
1360 2630 1428 2666 po-

310 2693 313 2695 ·
371 2667 487 2704 tentia
523 2667 593 2703 nisi
631 2667 679 2704 ad
715 2667 863 2716 ipsum,
891 2668 943 2705 ibi
981 2668 1176 2717 dispositio
1207 2676 1242 2705 et
1278 2670 1428 2707 habitus

131 2730 144 2742 ⁸
155 2729 186 2752 D.
200 2735 252 2752 uox.

229 2817 244 2843 ὃ

130 2940 196 2969 *Qn-
204 2945 343 2969 uv1,ut.2.

371 2719 501 2756 locum
530 2732 608 2757 non
636 2720 751 2757 habet
777 2720 818 2757 *z
848 2721 936 2769 quia
964 2722 1036 2758 tale
1056 2721 1268 2758 subiectum
1295 2734 1339 2759 ex
1359 2735 1428 2760 sua

371 2779 506 2809 natura
515 2773 630 2810 habet
645 2773 812 2810 debitam
827 2774 1088 2811 habitudinem
1099 2775 1147 2812 ad
1161 2776 1275 2812 talem
1287 2783 1425 2813 actum.

371 2825 482 2862 Unde
519 2826 549 2862 si
587 2823 600 2847 ⁶
633 2838 772 2874 corpus
809 2827 968 2864 caeleste
1005 2828 1051 2864 sit
1088 2828 1344 2877 compositum
1383 2841 1428 2865 ex

370 2878 527 2914 materia
556 2886 592 2915 et
629 2879 773 2926 forma,
804 2891 891 2916 cum
919 2879 980 2917 illa
1007 2881 1165 2917 materia
1200 2893 1279 2918 non
1316 2881 1361 2918 sit
1390 2881 1427 2919 in

370 2931 539 2979 potentia
561 2932 611 2969 ad
630 2931 741 2968 aliam
771 2932 948 2979 formam,
969 2940 1010 2969 ut
1037 2933 1075 2969 in
1094 2933 1224 2970 Primo
1243 2933 1263 2956 ²¹⁶
1283 2934 1426 2972 dictum

373 2991 437 3031 est,
463 2996 541 3020 non
569 2985 684 3022 habet
711 2984 761 3021 ibi
790 2985 918 3022 locum
956 2985 1150 3034 dispositio
1178 2987 1240 3023 vel
1273 2987 1425 3024 habitus

371 3037 418 3074 ad
447 3037 632 3083 formam3
653 3045 717 3074 aut
745 3038 858 3074 etiam
879 3038 927 3075 ad
947 3038 1218 3087 operationem,
1244 3039 1332 3087 quia
1361 3052 1427 3077 na-

422 3151 450 3182 α)
469 3151 582 3176 habitus.
600 3164 618 3170 -
636 3151 754 3176 habitum
773 3152 801 3176 P.

422 3185 447 3219 β)
467 3193 555 3218 quam.
572 3199 592 3205 -—
610 3193 685 3218 quem
704 3187 734 3211 Ρ.

421 3222 447 3254 γ)
466 3221 512 3246 sic.
530 3235 549 3241 -
567 3221 628 3246 Om.
642 3221 752 3246 codices.

420 3256 445 3289 δ)
465 3257 496 3281 si.
514 3271 532 3275 -
550 3264 608 3281 cum
628 3256 679 3287 EF,
698 3264 751 3281 om.
765 3257 795 3282 L.

1472 620 1554 649 tura
1583 611 1750 649 caelestis
1779 611 1948 659 corporis
1986 622 2064 647 non
2098 617 2154 646 est
2180 609 2217 646 in
2253 608 2423 658 potentia
2460 609 2529 645 nisi

1473 666 1520 702 ad
1549 677 1670 701 unum
1699 671 1846 700 motum
1877 663 2180 700 determinatum.

1526 718 1655 754 Tertio
1677 717 1875 766 requiritur
1894 716 1998 766 quod
2017 716 2127 765 plura
2147 721 2371 751 concurrant
2389 714 2437 751 ad
2458 713 2530 750 dis-

1473 770 1697 819 ponendum
1726 770 1936 806 subiectum
1967 769 2015 805 ad
2042 781 2163 805 unum
2197 779 2331 804 eorum
2364 767 2414 803 ad
2433 779 2529 814 quae

1475 831 1530 860 est
1558 823 1595 859 in
1624 823 1805 871 potentia,
1829 834 1926 870 quae
1951 821 2109 858 diversis
2137 820 2262 858 modis
2291 831 2530 856 commensu-

1475 875 1545 912 rari
1573 883 1743 924 possunt,
1773 882 1813 911 ut
1841 875 1894 911 sic
1922 874 2143 922 disponatur
2165 874 2263 910 bene
2282 873 2343 910 vel
2363 873 2462 909 male
2483 872 2530 909 ad

1475 929 1639 964 formam
1667 928 1729 965 vel
1763 928 1808 964 ad
1839 927 2100 975 operationem
2118 926 2149 963 *.
2183 926 2294 963 Unde
2332 925 2529 974 qualitates

1475 981 1664 1029 simplices
1698 980 1994 1026 elementorum,
2033 991 2131 1027 quae
2165 979 2374 1016 secundum
2411 990 2531 1015 unum

1475 1034 1636 1071 modum
1664 1032 1957 1070 determinatum
1980 1032 2119 1069 naturis
2144 1032 2421 1068 elementorum
2442 1043 2531 1067 con-

1476 1087 1644 1132 veniunt,
1671 1098 1748 1122 non
1770 1085 1929 1123 dicimus
1959 1084 2222 1134 dispositiones
2242 1085 2303 1121 vel
2330 1083 2480 1121 habitus
2498 1083 2530 1130 ²²⁶,
2560 1095 2568 1103 ·

1478 1139 1546 1176 sed
1572 1139 1754 1187 simplices
1782 1138 1996 1186 qualitates:
2026 1137 2186 1174 dicimus
2214 1144 2341 1174 autem
2374 1136 2532 1185 disposi-

1477 1192 1599 1229 tiones
1626 1192 1688 1228 vel
1715 1191 1865 1228 habitus
1898 1191 2111 1236 sanitatem,
2146 1189 2463 1238 pulchritudinem
2497 1196 2533 1225 et

1479 1245 1548 1282 alia
1579 1243 1816 1291 huiusmodi,
1846 1255 1945 1291 quae
1973 1242 2175 1291 important
2204 1243 2397 1290 quandam
2427 1253 2532 1278 com-

1478 1297 1800 1334 mensurationem
1815 1296 1980 1345 plurium
1996 1308 2094 1343 quae
2109 1295 2266 1332 diversis
2285 1294 2410 1332 modis
2427 1306 2533 1331 com-

1478 1350 1687 1386 mensurari
1706 1357 1875 1397 possunt.
1904 1350 2065 1397 Propter
2083 1348 2187 1396 quod
2205 1348 2459 1396 Philosophus
2479 1346 2533 1383 di-

1479 1402 1538 1448 cit,
1559 1403 1597 1438 in
1611 1402 1646 1438 V
1660 1402 1874 1450 Metaphys.
1895 1401 1926 1448 ²¹⁸,
1955 1401 2060 1450 quod
2088 1402 2234 1438 habitus
2258 1406 2312 1437 est
2334 1400 2532 1448 dispositio,

1480 1461 1516 1490 et
1535 1454 1729 1502 dispositio
1750 1461 1804 1490 est
1822 1454 1914 1490 ordo
1933 1454 2100 1490 habentis
2113 1459 2241 1501 partes
2254 1453 2315 1490 vel
2330 1453 2533 1490 secundum
2561 1468 2600 1488 ιι,

1480 1507 1615 1552 locum,
1631 1506 1691 1543 vel
1707 1507 1910 1543 secundum
1925 1507 2141 1554 potentiam,
2157 1506 2216 1542 vel
2233 1507 2435 1543 secundum
2454 1517 2534 1553 spe-

1480 1560 1596 1603 ciem;
1623 1566 1664 1595 ut
1691 1571 1804 1607 supra
1822 1558 1842 1580 '³‘
1871 1558 2012 1595 dictum
2041 1565 2107 1595 est.

1535 1611 1635 1657 Quia
1654 1611 1766 1659 igitur
1794 1612 1912 1648 multa
1931 1618 2017 1647 sunt
2041 1610 2183 1647 entium
2213 1610 2260 1647 ad
2286 1622 2450 1658 quorum
2470 1622 2534 1646 na-

1481 1671 1581 1701 turas
1602 1672 1637 1700 et
1665 1663 1904 1712 operationes
1930 1675 2083 1700 necesse
2105 1670 2159 1699 est
2177 1663 2285 1711 plura
2312 1675 2534 1699 concurrere

1481 1730 1580 1767 quae
1600 1716 1759 1754 diversis
1787 1716 1913 1753 modis
1935 1715 2233 1752 commensurari
2252 1723 2421 1764 possunt,
2449 1715 2535 1752 ideo

1480 1782 1636 1807 necesse
1665 1777 1720 1806 est
1747 1769 1895 1806 habitus
1925 1781 2018 1806 esse.

1534 1826 1597 1865 An,
1621 1834 1757 1859 PRIMUM
1785 1834 1883 1859 ERGO
1920 1833 2103 1859 DICENDUM
2133 1821 2236 1870 quod
2269 1833 2339 1869 per
2373 1821 2536 1857 formam

1480 1875 1673 1925 perficitur
1691 1883 1824 1912 natura
1852 1875 1923 1911 rei:
1954 1875 2021 1912 sed
2041 1882 2189 1923 oportet
2208 1874 2312 1922 quod
2340 1873 2378 1910 in
2404 1873 2536 1910 ordine

1481 1931 1529 1966 ad
1544 1929 1666 1978 ipsam
1682 1929 1845 1965 formam
1862 1927 2082 1976 disponatur
2096 1927 2305 1964 subiectum
2324 1926 2449 1974 aliqua
2464 1926 2536 1963 dis-

1480 1981 1677 2031 positione.
1690 2002 1713 2008 -
1730 1983 1814 2030 Ipsa
1829 1988 1957 2018 tamen
1973 1981 2096 2017 forma
2111 1980 2305 2017 ordinatur
2319 1979 2472 2016 ulterius
2487 1979 2536 2016 ad

1480 2034 1752 2084 operationem,
1774 2046 1872 2083 quae
1891 2034 1953 2070 vel
1975 2041 2029 2070 est
2055 2033 2152 2079 finis,
2171 2034 2233 2070 vel
2261 2033 2323 2070 via
2346 2032 2384 2069 in
2403 2033 2534 2069 finem.

1481 2089 1529 2125 Et
1557 2087 1587 2124 si
1614 2087 1769 2135 quidem
1798 2087 1936 2123 habeat
1963 2086 2087 2123 forma
2112 2085 2358 2123 determinate
2378 2090 2390 2106 ⁶
2417 2097 2534 2122 unam

1479 2148 1626 2178 tantum
1647 2139 1907 2190 operationem
1929 2139 2228 2186 determinatam,
2253 2139 2354 2175 nulla
2372 2137 2444 2174 alia
2463 2138 2536 2174 dis-

1481 2194 1616 2242 positio
1646 2192 1846 2241 requiritur
1874 2192 1922 2229 ad
1951 2192 2210 2241 operationem
2237 2199 2387 2240 praeter
2414 2191 2536 2239 ipsam

1482 2247 1657 2283 formam.
1689 2245 1728 2282 Si
1749 2252 1876 2282 autem
1896 2245 1942 2281 sit
1959 2245 2041 2281 talis
2069 2245 2191 2281 forma
2218 2256 2315 2293 quae
2335 2244 2454 2292 possit
2483 2243 2537 2280 di-

1481 2299 1699 2336 versimode
1719 2297 1880 2346 operari,
1900 2297 1994 2334 sicut
2013 2305 2068 2334 est
2087 2297 2234 2342 anima3
2260 2304 2409 2345 oportet
2433 2296 2537 2344 quod

1483 2352 1706 2400 disponatur
1720 2351 1769 2387 ad
1783 2363 1870 2387 suas
1886 2350 2124 2399 operationes
2137 2362 2207 2399 per
2218 2349 2363 2398 aliquos
2377 2349 2536 2386 habitus.

1535 2406 1594 2441 AD
1632 2415 1821 2441 SECUNDUM
1858 2415 2040 2440 D1CENDUM
2078 2403 2184 2451 quod
2217 2402 2385 2451 potentia
2417 2414 2535 2450 quan-

1485 2457 1611 2507 doque
1640 2470 1680 2494 se
1709 2457 1823 2494 habet
1842 2456 1891 2493 ad
1919 2457 2056 2492 multa:
2088 2463 2123 2492 et
2151 2455 2238 2492 ideo
2258 2462 2407 2504 oportet
2434 2455 2538 2504 quod

1484 2510 1612 2558 aliquo
1642 2510 1715 2546 alio
1735 2509 1747 2535 ζ
1768 2509 2046 2546 determinetur.
2068 2509 2109 2562 Si
2133 2521 2227 2546 vero
2256 2508 2300 2545 sit
2328 2507 2451 2556 aliqua
2470 2520 2538 2556 po-

1483 2563 1599 2600 tentia
1626 2575 1724 2611 quae
1745 2574 1823 2598 non
1843 2574 1882 2598 se
1910 2562 2048 2598 habeat
2072 2562 2119 2599 ad
2144 2563 2272 2608 multa,
2293 2573 2372 2598 non
2399 2561 2539 2608 indiget

1482 2615 1611 2652 habitu
1641 2615 1926 2662 determinante,
1946 2622 1987 2651 ut
2012 2614 2153 2651 dictum
2183 2622 2238 2651 est
2256 2613 2286 2650 ²¹³.
2308 2615 2357 2650 Et
2383 2621 2539 2662 propter

1483 2669 1557 2705 hoc
1584 2667 1684 2705 vires
1703 2668 1891 2704 naturales
1915 2680 1993 2704 non
2013 2674 2127 2715 agunt
2150 2667 2389 2716 operationes
2409 2672 2427 2694 η
2448 2679 2535 2703 suas

1483 2721 1737 2758 mediantibus
1765 2720 1951 2769 aliquibus
1969 2720 2179 2757 habitibus:
2208 2720 2297 2768 quia
2325 2719 2537 2757 secundum

1484 2774 1626 2823 seipsas
1655 2782 1741 2810 sunt
1770 2773 2041 2810 determinatae
2070 2773 2118 2810 ad
2146 2785 2277 2810 unum.

1535 2829 1594 2871 AD
1622 2839 1780 2863 TERTIUM
1809 2839 1993 2863 DlCENDUM
2022 2826 2126 2874 quod
2154 2839 2232 2863 non
2256 2826 2359 2863 idem
2387 2824 2538 2862 habitus

1483 2893 1523 2917 se
1551 2881 1666 2917 habet
1693 2881 1742 2917 ad
1770 2880 1916 2916 bonum
1945 2887 1981 2916 et
2008 2880 2164 2926 malum,
2186 2879 2279 2915 sicut
2303 2878 2398 2915 infra
2424 2877 2444 2899 ’³‘
2471 2890 2538 2927 pa·
2565 2888 2576 2899 *

1482 2933 1584 2970 tebit.
1610 2933 1758 2969 Eadem
1779 2940 1906 2969 autem
1934 2932 2103 2980 potentia
2121 2944 2160 2968 se
2189 2932 2304 2968 habet
2323 2931 2371 2968 ad
2391 2931 2538 2967 bonum

1483 2993 1519 3022 et
1547 2987 1690 3022 malum
1714 2985 1745 3022 ²¹⁸.
1776 2986 1824 3022 Et
1852 2985 1939 3022 ideo
1968 2985 2169 3022 necessarii
2198 2992 2284 3021 sunt
2318 2984 2468 3021 habitus
2500 2991 2540 3020 ut

1482 3039 1672 3086 potentiae
1701 3038 1995 3075 determinentur
2023 3039 2071 3075 ad
2099 3038 2256 3074 bonum.

1535 3153 1556 3184 ε)
1577 3153 1761 3177 determinate.
1779 3165 1798 3171 -
1816 3152 1995 3176 determinare
2015 3152 2061 3176 Pa.

1533 3187 1558 3220 ζ)
1577 3187 1667 3219 atiquo
1685 3188 1749 3212 alio.
1765 3201 1784 3206 -
1801 3187 1890 3219 aliquo
1909 3187 1987 3212 modo
2007 3187 2147 3218 EFGKsB,
2166 3186 2255 3219 aliquo
2275 3186 2353 3211 modo
2372 3186 2425 3210 alio
2445 3186 2467 3215 1,
2486 3186 2539 3210 alio

1480 3224 1558 3290 ΡΒἠ)
1579 3257 1754 3290 operationes.
1772 3271 1790 3276 -
1809 3257 1925 3282 actiones
1944 3258 2053 3282 codices.

1039 3327 1370 3361 Commentario.
1392 3328 1642 3362 Gardjnalis
1664 3328 1862 3362 Caietam·

371 3416 418 3478 IN
442 3406 534 3437 titulo
558 3406 660 3446 quarti
684 3405 820 3443 articuli,
845 3406 980 3437 dubium
1003 3406 1152 3437 occurrit:
1177 3406 1251 3447 quia
1279 3406 1423 3447 quaestio

398 3460 440 3481 an
465 3456 511 3481 est
542 3449 698 3490 praecedit
729 3457 844 3481 ceteras
878 3451 1077 3492 quaestiones
1108 3451 1266 3482 doctrinae
1295 3451 1405 3482 ordine
1414 3460 1422 3488 ;

368 3495 490 3526 Auctor
513 3502 619 3525 tamen
649 3494 718 3531 tria.
734 3494 887 3535 quaesivit
911 3502 1080 3536 antequam
1104 3502 1234 3535 quaerat
1264 3505 1349 3526 nunc
1382 3505 1422 3525 an

368 3537 513 3570 habitum
536 3549 602 3569 esse
627 3538 666 3569 sit
688 3536 823 3570 necesse.

1536 3408 1586 3438 Ad
1605 3407 1666 3438 hoc
1682 3407 1794 3438 dicitur
1811 3407 1899 3448 quod
1920 3418 1987 3438 rem
2006 3408 2144 3448 aliquam
2166 3417 2231 3437 esse
2260 3407 2426 3447 dupliciter
2440 3415 2539 3446 quae-

1480 3451 1568 3482 ritur.
1585 3451 1709 3487 Primo,
1734 3458 1768 3482 ut
1791 3451 1906 3482 sciatur
1927 3452 2030 3492 ipsam
2053 3462 2128 3482 esse.
2153 3452 2193 3482 Et
2216 3451 2259 3481 sic
2284 3457 2410 3491 oportet
2432 3449 2537 3490 primo

1479 3502 1552 3535 post
1574 3496 1650 3536 quid
1673 3497 1817 3533 nominis,
1843 3506 1990 3537 quaerere
2006 3506 2048 3526 an
2071 3497 2132 3526 sit:
2151 3495 2229 3525 nihil
2253 3495 2338 3525 enim
2363 3502 2408 3526 est
2431 3493 2538 3525 scibile

1477 3540 1516 3570 de
1540 3550 1604 3570 non
1629 3546 1709 3570 ente.
1733 3540 1773 3570 Et
1795 3540 1856 3570 hoc
1889 3550 1954 3570 non
1978 3540 2088 3570 accidit
2117 3539 2148 3569 in
2173 3539 2357 3580 proposito:
2382 3538 2535 3580 quoniam

2560 936 2568 944 '
2583 936 2611 957 D.
2627 935 2680 964 699.

2584 1094 2612 1115 D.
2627 1099 2672 1121 522.

2561 1410 2570 1418 '¹
2581 1408 2718 1430 S.·rh.1ect.
2728 1414 2771 1434 υς

2561 1435 2613 1456 Did.
2622 1435 2653 1456 lib
2671 1434 2710 1460 IV,
2721 1440 2771 1462 cap.

2609 1467 2631 1482 n.
2640 1467 2651 1482 2
2684 1461 2720 1482 Cf.
2729 1465 2771 1483 art.

2562 1494 2578 1514 1,
2608 1493 2641 1515 rg.

2566 2623 2575 2631 ·
2589 2621 2614 2643 In
2631 2627 2736 2649 corpore.

2646 2894 2690 2914 uv,
2705 2891 2747 2909 art.
2757 2893 2778 2916 3.

2567 2993 2578 3004 ⁴
2591 2992 2620 3014 D.
2635 2992 2686 3020 692.
