2846 4146
120 341 212 363 'Vera
251 357 256 363 .

118 1123 130 1135 ⁸
145 1123 192 1151 Qu.
202 1128 275 1149 mn,
286 1125 329 1144 art.

151 1155 191 1177 qu.
196 1152 327 1175 xxmnart.

151 1175 188 1198 nd.
197 1181 222 1202 2;
232 1181 271 1203 qu.
280 1180 328 1202 ιιι,

118 1204 161 1224 ιη.
174 1207 196 1229 a,
209 1200 238 1223 nd
251 1207 269 1223 1.

117 1280 128 1289 ·
141 1278 209 1301 Van.
237 1294 242 1300 .

115 1598 127 1608 ‘
141 1596 209 1620 ven.
223 1596 255 1619 16.

116 2071 130 2084 ’
143 2071 210 2095 ven.
223 2072 268 2101 ¹⁶5-

115 2854 238 2904 ὲςζῖἰῃι,
246 2860 270 2903 η..
278 2860 310 2903 ξφ..
318 2866 328 2871 -

1017 255 1281 302 QUAEsT1o
1310 256 1431 302 Lxx,

358 334 405 371 de
434 333 570 382 quibus
590 333 724 370 dicitur
741 332 858 380 Apoc.
879 332 944 368 ult.
964 332 1004 368 *z
1033 334 1097 369 Ex
1117 339 1273 381 utraque
1298 340 1410 381 parte

350 386 520 433 fluminis
548 386 692 435 lignum
718 385 828 430 vitae,
854 384 1016 433 afferens
1031 386 1185 433 fructus
1203 386 1408 423 duodecim.

358 438 458 484 Quia
484 449 579 474 vero
608 438 746 473 fructus
775 436 907 472 dicitur
943 437 1045 484 quod
1075 449 1119 473 ex
1153 437 1278 485 aliquo
1310 438 1410 486 prin-

358 490 456 539 cipio
485 489 656 538 procedit
683 488 777 524 sicut
805 500 850 524 ex
878 489 1022 525 semine
1049 490 1111 525 vel
1138 489 1272 536 radice,
1294 498 1411 526 atten-

358 542 483 579 denda
511 549 567 578 est
595 540 779 578 distinctio
807 541 947 577 horum
980 541 1167 577 fructuum
1198 543 1409 579 secundum

359 594 552 632 diversum
566 604 788 642 processum
809 593 968 640 Spiritus
988 593 1114 630 Sancti
1134 594 1171 630 in
1191 594 1312 630 nobis.
1334 595 1410 640 Qui

358 646 514 695 quidem
547 657 747 694 processus
776 645 976 682 attenditur
1010 646 1219 683 secundum
1248 647 1341 693 hoc,
1370 655 1412 683 ut

357 699 482 748 primo
506 696 522 728 β
550 709 658 734 1110115
688 697 854 734 hominis
886 697 923 733 in
956 697 1080 746 seipsa
1112 697 1324 743 ordinetur;
1354 711 1410 734 se-

358 752 482 789 cundo
510 761 626 797 vero,
665 749 858 786 ordinetur
889 750 938 786 ad
967 761 1010 786 ea
1045 762 1144 797 quae
1176 758 1262 786 sunt
1289 750 1411 796 iuxta3

357 803 464 841 tertio
490 814 597 849 vero,
626 802 675 838 ad
704 813 749 838 ea
776 813 874 850 quae
902 809 988 838 sunt
1015 801 1120 838 infra.

410 854 522 893 Tunc
548 862 675 891 autem
702 854 800 890 bene
829 865 938 890 mens
957 853 1123 890 hominis
1142 853 1352 901 disponitur
1374 853 1411 890 in

357 907 490 956 seipsa,
511 906 666 955 quando
686 918 795 942 mens
817 905 982 942 hominis
1011 906 1108 942 bene
1128 917 1167 940 se
1187 906 1301 941 habet
1321 913 1356 942 et
1375 906 1412 942 in

356 959 466 998 bonis
486 967 522 997 et
539 959 578 997 in
601 958 721 997 malis.
750 957 879 995 Prima
907 965 1033 994 autem
1062 956 1256 1004 dispositio
1275 957 1412 994 mentis

355 1013 546 1051 humanae
579 1011 627 1049 ad
659 1011 826 1056 bonum,
857 1017 913 1046 est
940 1020 1007 1059 per
1045 1021 1236 1055 amorem,
1267 1009 1329 1057 qui
1358 1018 1412 1046 est

354 1064 477 1114 prima
505 1063 653 1106 affectio
683 1070 719 1100 et
745 1062 918 1101 omniurn
947 1061 1191 1098 affectionum
1225 1061 1341 1108 radix,
1370 1069 1412 1099 ut

356 1129 470 1168 supra
487 1117 508 1139 *
536 1117 677 1155 dictum
704 1123 770 1152 est.
799 1115 849 1152 Et
867 1114 954 1151 ideo
973 1113 1069 1151 inter
1092 1114 1232 1150 fructus
1261 1114 1410 1162 spiritus

354 1169 478 1220 primo
507 1168 658 1218 ponitur
676 1168 835 1212 caritas;
862 1166 900 1204 in
929 1178 1004 1214 qua
1023 1165 1232 1215 specialiter
1251 1165 1410 1214 Spiritus

356 1223 514 1260 Sanctus
544 1222 664 1269 datur,
685 1220 780 1259 sicut
802 1219 841 1256 in
867 1218 1021 1268 propria
1044 1217 1299 1265 similitudine,
1322 1231 1409 1256 curn

355 1282 391 1312 et
417 1274 498 1324 ipse
522 1272 568 1311 sit
586 1286 705 1311 amor.
725 1272 837 1310 Unde
867 1271 1000 1309 dicitur
1017 1271 1129 1308 Rom.
1149 1283 1173 1307 v
1194 1272 1230 1308 *ε
1263 1272 1411 1309 Caritas

354 1327 430 1364 Dei
453 1326 590 1377 diffusa
611 1331 677 1372 ⁴est
706 1326 743 1362 in
771 1324 945 1361 cordibus
977 1324 1111 1361 nostris
1133 1335 1204 1372 per
1231 1324 1408 1371 Spiritum

354 1381 545 1425 Sanctum,
565 1378 631 1429 qui
646 1378 755 1416 datus
775 1383 829 1414 est
845 1377 961 1414 nobis.
973 1398 996 1404 -
1008 1377 1069 1414 Ad
1088 1388 1261 1414 amorem
1281 1385 1407 1414 autem

354 1427 588 1471 0011131ῐέοΧ
615 1430 835 1467 necessitate
863 1429 1032 1478 sequitur
1049 1429 1242 1476 gaudium.
1274 1429 1409 1467 Omnis

353 1484 455 1525 enim
483 1495 616 1521 amans
646 1482 786 1530 gaudet
818 1493 863 1517 ex
891 1481 1155 1518 coniunctione
1183 1481 1308 1518 amati.
1339 1482 1411 1519 Ca-

353 1536 442 1575 ritas
455 1542 584 1585 autem
600 1547 752 1584 semper
765 1535 880 1572 habet
892 1541 1132 1584 praesentem
1143 1534 1281 1581 Deum,
1293 1546 1407 1583 quem

353 1584 475 1636 amau
496 1587 713 1627 ,secundum
737 1587 829 1624 illud
847 1587 861 1623 I
883 1587 986 1624 loan.
1007 1599 1043 1624 ιν
1062 1587 1100 1623 *2
1134 1586 1208 1628 Qui
1227 1593 1354 1624 manet
1371 1587 1408 1624 in

353 1643 519 1688 caritate,
547 1642 584 1678 in
612 1642 694 1678 Deo
722 1645 860 1686 manet,
888 1645 924 1677 et
949 1639 1052 1677 Deus
1080 1639 1117 1676 in
1145 1651 1201 1676 eo.
1221 1639 1332 1677 Unde
1352 1653 1409 1677 se-

353 1695 464 1744 quela
480 1690 639 1734 caritatis
658 1701 714 1731 est
725 1693 921 1743 gaudium.
937 1713 961 1720 -
976 1691 1160 1730 Perfectio
1176 1699 1303 1730 autem
1319 1705 1409 1740 gau-

354 1748 405 1786 dii
420 1755 476 1786 est
488 1750 574 1798 pax,
586 1753 769 1796 quantum
786 1744 834 1783 ad
850 1744 940 1783 duo.
960 1744 1089 1782 Primo
1105 1745 1273 1794 quidem,
1291 1758 1408 1794 quan-

352 1809 434 1839 tum
462 1800 510 1838 ad
539 1800 706 1849 quietem
725 1799 774 1837 ab
804 1797 1049 1836 exterioribus
1076 1798 1407 1838 conturbantibus:

353 1865 432 1891 non
452 1852 553 1901 enim
575 1859 699 1902 potest
711 1851 875 1901 perfecte
896 1850 1060 1899 gaudere
1081 1851 1128 1888 de
1143 1850 1246 1888 bono
1267 1859 1407 1899 amato,

354 1901 419 1956 qui
446 1905 486 1944 in
513 1905 592 1947 eius
620 1904 793 1942 fruitione
822 1904 870 1941 ab
899 1903 978 1943 aliis
1001 1903 1260 1952 perturbatur3
1290 1912 1326 1940 et
1344 1904 1409 1941 ite-

354 1971 452 2007 rum,
480 1958 545 2007 qui
570 1958 734 2007 perfecte
763 1969 829 1995 cor
855 1955 970 1994 habet
998 1956 1035 1994 in
1063 1968 1141 1993 uno
1168 1965 1359 2006 pacatum,
1386 1971 1408 1995 a

354 2005 456 2051 nullo
473 2011 546 2051 alio
565 2009 755 2049 molestari
773 2016 908 2059 potest,
925 2021 1013 2046 cum
1033 2009 1103 2046 alia
1121 2009 1228 2058 quasi
1248 2009 1338 2047 nihil
1354 2023 1410 2047 re-

353 2072 474 2114 putet;
498 2065 600 2101 unde
619 2062 754 2101 dicitur
771 2062 810 2099 in
829 2061 982 2099 Psalmo
1002 2074 1107 2100 cxvtu
1125 2061 1160 2100 *ε
1188 2063 1275 2100 Pax
1292 2063 1408 2100 multa

353 2117 589 2167 diligentibus
617 2117 738 2167 legem
766 2122 869 2153 tuam
887 2120 916 2162 Ὺ,
944 2119 978 2152 et
1001 2126 1075 2152 non
1095 2120 1148 2152 est
1165 2115 1236 2153 illis
1252 2117 1410 2153 scanda-

355 2169 444 2216 lum,
473 2170 561 2219 quia
587 2168 724 2206 scilicet
742 2167 1056 2206 ata-exterioribus
1083 2179 1162 2205 non
1188 2170 1410 2217 perturban-

354 2231 434 2270 tur,
463 2222 556 2271 quin
589 2223 674 2259 Deo
703 2221 884 2259 fruantur.
918 2220 1112 2268 Secundo,
1143 2229 1327 2270 quantum
1361 2223 1410 2259 ad

354 2275 590 2327 sedationem
618 2274 792 2314 desiderii
824 2273 1059 2321 fluctuantis:
1087 2286 1166 2311 non
1195 2274 1297 2312 enim
1325 2287 1409 2323 per-

353 2329 450 2366 fecte
477 2327 616 2376 gaudet
641 2328 688 2365 de
717 2326 853 2375 aliquo,
875 2326 935 2365 cui
954 2339 1032 2364 non
1050 2326 1188 2379 sufficit
1205 2326 1242 2366 id
1264 2328 1311 2365 de
1332 2340 1409 2376 quo

353 2381 501 2429 gaudet.
532 2381 638 2417 Haec
661 2387 790 2416 autem
810 2379 887 2429 duo
906 2379 1086 2428 importat
1101 2391 1192 2428 pax:
1213 2379 1353 2418 scilicet
1370 2388 1412 2418 ut

353 2446 479 2482 neque
507 2434 555 2470 ab
581 2432 829 2471 exterioribus
864 2433 1147 2482 perturbemur3
1177 2440 1214 2470 et
1240 2441 1282 2470 ut
1315 2433 1410 2470 desi-

354 2486 458 2523 deria
476 2493 604 2523 nostra
623 2485 892 2533 conquiescant
910 2484 948 2521 in
965 2497 1057 2522 uno.
1085 2485 1198 2522 Unde
1217 2493 1303 2533 post
1322 2486 1412 2522 cari-

353 2546 470 2575 tatem
499 2546 535 2574 et
561 2537 756 2585 gaudium,
788 2537 897 2573 tertio
916 2537 1070 2584 ponitur
1083 2548 1177 2584 pax.
1198 2558 1221 2564 -
1242 2539 1284 2574 In
1305 2538 1411 2574 malis

355 2599 480 2627 autem
519 2591 618 2626 bene
655 2601 695 2625 se
732 2589 846 2626 habet
880 2601 989 2625 mens
1021 2597 1205 2637 quantum
1238 2591 1286 2627 ad
1321 2591 1410 2627 duo.

355 2643 486 2680 Primo
507 2642 674 2691 quidem,
694 2649 736 2678 ut
759 2653 837 2678 non
857 2642 1095 2690 perturbetur
1119 2653 1227 2678 mens
1254 2655 1324 2690 per
1343 2643 1412 2679 irn-

355 2695 576 2733 minentiam
586 2695 790 2731 malorum:
806 2694 911 2742 quod
921 2693 1080 2742 pertinet
1090 2694 1138 2731 ad
1146 2695 1378 2742 patientiam.
1388 2717 1411 2723 -

357 2749 547 2794 Secundo,
560 2755 603 2784 ut
617 2760 694 2784 non
708 2748 947 2796 perturbetur
961 2747 999 2783 in
1015 2747 1191 2784 dilatione
1207 2748 1410 2795 bonorum,

357 2801 462 2850 quod
499 2800 659 2850 pertinet
695 2800 744 2836 ad
776 2799 1119 2849 longanimitatem.-
1158 2812 1248 2837 nam
1282 2813 1413 2838 carere

357 2855 454 2891 bono
473 2855 584 2890 habet
601 2853 784 2889 rationem
803 2852 910 2898 mali,
934 2860 975 2889 ut
995 2852 1128 2889 dicitur
1146 2852 1184 2889 in
1202 2853 1237 2890 V
1254 2855 1373 2891 Ethic.
1394 2854 1414 2876 ’¹‘

409 2906 471 2943 Ad
499 2906 538 2943 id
565 2913 692 2942 autem
721 2905 827 2953 quod
847 2912 902 2941 est
920 2905 1020 2941 iuxta
1043 2905 1254 2952 hominem,
1275 2907 1416 2944 scilicet

355 2959 587 3008 proximum,
607 2959 706 2995 bene
726 2957 937 3006 disponitur
955 2970 1064 2994 mens
1091 2958 1268 3005 hominis,
1288 2960 1414 3007 primo

357 3012 530 3060 quidem,
560 3018 746 3059 quantum
775 3011 823 3047 ad
850 3011 1086 3047 voluntatem
1115 3011 1213 3047 bene
1239 3011 1413 3050 faciendi.

358 3065 407 3101 Et
421 3064 469 3101 ad
483 3065 558 3101 hoc
572 3063 733 3113 pertinet
747 3063 902 3100 bonitas.
919 3084 942 3090 -
959 3064 1150 3110 Secundo,
1166 3072 1351 3112 quantum
1367 3066 1415 3103 ad

358 3117 632 3154 beneficentiae
653 3116 925 3153 executionem.
947 3117 996 3152 Et
1013 3116 1063 3152 ad
1082 3116 1157 3152 1100
1176 3116 1337 3164 pertinet
1356 3119 1416 3154 be-

359 3170 541 3219 nignitas:
570 3170 743 3207 dicuntur
763 3168 864 3206 enim
884 3168 1036 3216 benigni
1064 3181 1161 3217 quos
1180 3170 1298 3206 bonus
1317 3171 1416 3219 ignis

359 3222 499 3259 amoris
519 3223 663 3259 fervere
683 3221 770 3258 facit
784 3222 832 3258 ad
852 3221 1166 3258 benefaciendum
1186 3222 1379 3270 proximis.
1391 3245 1414 3250 -

359 3275 507 3322 Tertio,
537 3282 721 3323 quantum
749 3274 798 3311 ad
825 3274 900 3311 hoc
928 3273 1033 3322 quod
1061 3274 1335 3323 aequanimiter
1361 3283 1416 3312 to-

359 3328 525 3364 lerentur
551 3328 653 3364 mala
680 3327 728 3364 ab
758 3325 838 3364 015δ
862 3326 972 3364 illata.
1003 3327 1052 3363 Et
1079 3327 1128 3364 ad
1154 3327 1230 3364 hoc
1257 3327 1418 3376 pertinet

359 3381 624 3426 mansuetudo,
655 3392 752 3428 quae
781 3379 932 3416 cohibet
958 3379 1043 3416 iras.
1063 3400 1087 3407 -
1109 3380 1267 3427 Quarto,
1298 3393 1415 3429 quan-

1460 256 1755 293 ARTICULUS
1783 258 1832 293 111
2443 254 2519 302 463

1464 340 1544 370 tum
1574 333 1623 370 ad
1650 334 1724 370 1100
1752 335 1856 382 quod
1875 347 1952 371 non
1981 336 2103 371 solum
2124 347 2192 383 per
2214 334 2308 371 iram
2337 334 2518 383 proximis

1464 398 1542 423 non
1570 397 1788 433 noceamus,
1815 387 1883 423 sed
1903 387 2015 423 etiam
2037 399 2158 434 neque
2179 399 2247 435 per
2265 387 2437 423 fraudem
2456 387 2520 423 vel

1463 450 1531 487 per
1559 439 1702 475 dolum.
1733 439 1781 474 Et
1809 440 1856 475 ad
1884 439 1957 475 11οο
1977 439 2135 487 pertinet
2147 439 2258 486 fides,
2280 439 2310 475 si
2330 451 2397 487 pro
2427 439 2519 475 fide-

1464 490 1563 526 litate
1592 498 1773 527 sumatur.
1804 490 1880 527 Sed
1909 491 1938 527 si
1967 499 2148 527 sumatur'
2160 503 2230 538 pro
2250 491 2327 527 fide
2347 503 2422 539 qua
2442 503 2518 527 cre-

1466 543 1562 579 ditur
1581 544 1619 579 in
1638 544 1777 589 Deum,
1803 543 1855 579 sic
1882 555 1951 591 per
1977 544 2075 580 hanc
2104 543 2296 579 ordinatur
2323 544 2440 579 homo
2470 543 2518 579 ad

1465 595 1501 631 id
1521 595 1626 642 quod
1646 603 1701 631 est
1729 607 1841 643 supra
1861 607 1918 632 se:
1938 603 1981 632 ut
1999 595 2134 632 scilicet
2153 595 2271 631 homo
2292 595 2518 631 intellectum

1466 660 1576 684 suum
1615 649 1699 684 Deo
1727 647 1919 694 subiiciat,
1948 656 1984 685 et
2016 660 2084 696 per
2121 659 2357 696 consequens
2391 647 2518 683 omnia

1466 711 1564 747 quae
1592 700 1708 748 ipsius
1736 708 1832 737 sunt.

1520 752 1596 788 Sed
1610 752 1658 788 ad
1673 752 1711 789 id
1731 752 1834 800 quod
1854 751 1947 789 infra
1967 759 2033 799 est,
2050 752 2146 788 bene
2163 751 2369 800 disponitur
2386 751 2517 796 homo,

1465 803 1588 851 primo
1618 804 1789 852 quidem,
1819 812 2003 852 quantum
2033 804 2081 841 ad
2110 804 2309 841 exteriores
2336 802 2518 849 actiones,

1465 867 1535 902 per
1561 856 1790 901 modestiam,
1820 868 1917 904 quae
1946 856 1983 893 in
2009 856 2188 893 omnibus
2208 856 2314 894 dictis
2334 863 2370 892 et
2388 854 2520 892 factis*

1467 907 1626 943 modurn
1656 909 1843 944 observat.
1864 929 1887 935 —
1909 909 2104 954 Quantum
2133 909 2180 945 ad
2208 908 2402 946 interiores
2431 919 2519 945 con-

1467 959 1725 1007 cupiscentias,
1746 972 1813 1008 per
1832 961 2093 998 continentiam
2122 969 2158 997 et
2186 962 2411 998 castitatem:
2439 959 2518 996 sive

1464 1012 1559 1048 haec
1595 1012 1672 1048 duo
1714 1012 1987 1059 distinguantur
2019 1025 2088 1061 per
2121 1014 2196 1050 hoc
2236 1013 2341 1062 quod
2374 1012 2519 1049 castitas

1464 1064 1625 1100 refrenat
1657 1064 1853 1101 hominem
1887 1065 1934 1101 ab
1969 1064 2119 1112 illicitis,
2161 1065 2387 1102 continentia
2425 1076 2518 1100 vero

1465 1115 1577 1152 etiarn
1597 1115 1608 1139 t
1629 1129 1651 1152 a
1669 1115 1795 1161 licitis;
1825 1116 1905 1152 sive
1925 1129 1992 1164 per
2011 1117 2085 1153 hoc
2112 1118 2217 1166 quod
2243 1117 2436 1155 continens
2454 1128 2519 1165 pa-

1463 1167 1550 1204 titur
1570 1168 1890 1216 concupiscentias
1921 1169 1986 1205 sed
2016 1182 2093 1206 non
2121 1170 2329 1217 deducitur,
2360 1177 2481 1206 castus
2501 1173 2518 1195 η

1463 1227 1590 1256 autem
1620 1232 1743 1268 neque
1770 1220 1908 1268 patitur
1935 1233 2058 1269 neque
2088 1223 2294 1260 deducitur.

1516 1274 1575 1309 AD
1595 1284 1731 1309 PRIMUM
1754 1284 1851 1310 ERGO
1875 1285 2056 1310 mel—:NDUM
2077 1275 2181 1324 quod
2210 1273 2454 1312 sanctificatio
2478 1273 2521 1310 fit

1463 1337 1532 1372 per
1552 1337 1686 1361 omnes
1700 1324 1874 1361 virtutes:
1890 1338 1958 1373 per
1973 1338 2065 1374 quas
2087 1327 2198 1364 etiam
2214 1334 2369 1376 peccata
2384 1327 2520 1363 tollun-

1463 1385 1533 1414 tur.
1560 1377 1671 1414 Unde
1695 1377 1836 1414 fructus
1859 1378 1910 1413 ibi
1931 1377 2163 1426 singulariter
2190 1379 2406 1416 nominatur
2433 1390 2520 1426 pro-

1463 1437 1546 1478 pter
1572 1429 1755 1466 unitatem
1781 1427 1793 1450 ⁰
1820 1430 1986 1477 generis:
2016 1432 2119 1479 quod
2147 1432 2184 1468 in
2212 1433 2348 1468 multas
2375 1430 2519 1479 species

1465 1482 1651 1528 dividitur,
1673 1482 1884 1519 secundum
1910 1495 2004 1532 quas
2033 1483 2207 1520 dicuntur
2233 1484 2338 1521 multi
2366 1484 2518 1520 fructus.

1515 1536 1575 1572 An
1594 1546 1783 1573 SECUNDUM
1803 1546 1985 1572 DICENDUM
2006 1537 2109 1584 quod
2124 1537 2265 1573 fructus
2281 1536 2518 1582 centesimus,

1463 1587 1719 1634 sexagesimus
1749 1595 1785 1623 et
1807 1587 2018 1634 trigesimus
2039 1601 2115 1625 non
2145 1589 2444 1626 diversificantur
2463 1601 2519 1625 se-

1463 1641 1632 1677 cundum
1670 1640 1838 1677 diversas
1875 1640 2019 1688 species
2052 1641 2309 1678 virtuosorum
2344 1648 2519 1677 actuum:

1462 1692 1529 1730 sed
1558 1692 1768 1729 secundum
1797 1692 1968 1731 diversos
1990 1693 2231 1741 perfectionis
2249 1694 2386 1741 gradus
2407 1693 2520 1730 etiam

1461 1745 1573 1783 unius
1600 1745 1757 1782 virtutis.
1788 1745 1893 1782 Sicut
1911 1745 2139 1782 continentia
2159 1746 2363 1794 coniugalis
2389 1745 2522 1782 dicitur

1461 1797 1662 1846 significari
1679 1811 1749 1846 per
1766 1798 1929 1834 fructum
1949 1798 2200 1846 trigesimum3
2221 1798 2448 1836 continentia
2465 1798 2522 1835 vi-

1462 1851 1581 1888 dualis
1595 1864 1664 1900 per
1683 1850 1978 1898 sexagesimum
1997 1851 2186 1900 virginalis
2205 1859 2333 1888 autem
2348 1863 2417 1900 per
2436 1864 2522 1887 cen-

1460 1905 1651 1942 tesimum.
1681 1905 1729 1940 Et
1756 1903 1835 1940 aliis
1855 1903 1967 1941 etiam
1993 1903 2117 1941 modis
2138 1904 2264 1941 Sancti
2292 1904 2522 1952 distinguunt

1460 1965 1535 1994 tres
1556 1956 1794 2004 evangelicos
1813 1957 1953 1993 fructus
1973 1957 2182 1994 secundum
2202 1964 2276 1994 tres
2295 1957 2432 2004 gradus
2447 1956 2521 1994 vir-
2565 1995 2571 1999 ,

1461 2009 1558 2047 tutis.
1589 2010 1638 2046 Et
1664 2010 1858 2058 ponuntur
1876 2017 1950 2046 tres
1975 2010 2125 2057 gradus,
2145 2009 2233 2059 quia
2253 2010 2449 2046 cuiuslibet
2468 2009 2520 2046 rei

1462 2063 1641 2112 perfectio
1678 2062 1880 2100 attenditur
1916 2062 2127 2100 secundum
2163 2062 2407 2111 principium,
2442 2074 2521 2099 rne-

1464 2116 1568 2154 dium
1599 2123 1634 2152 et
1661 2116 1811 2152 finem.¹
2411 2120 2413 2123 ’

1515 2171 1574 2205 An
1593 2180 1752 2205 TERTIUM
1777 2179 1959 2205 DICENDUM
1979 2168 2084 2216 quod
2102 2168 2177 2205 hoc
2195 2167 2320 2216 ipsum
2341 2167 2446 2216 quod
2466 2176 2521 2205 est

1463 2221 1501 2258 in
1528 2221 1680 2258 tristitiis
1708 2233 1787 2258 non
1819 2221 2050 2269 perturbari,
2080 2220 2265 2258 rationem
2294 2220 2520 2258 delectabilis

1463 2275 1588 2311 habet.
1614 2295 1636 2301 -
1671 2274 1720 2310 Et
1752 2273 1848 2310 fides
1881 2273 1994 2310 etiam
2028 2273 2058 2309 si
2090 2273 2294 2322 accipiatur
2324 2281 2438 2322 prout
2466 2281 2522 2310 est

1464 2327 1754 2364 fundamentum
1767 2325 1799 2369 ³¹⁵,
1813 2326 1928 2363 habet
1943 2326 2136 2376 quandam
2152 2326 2336 2363 rationem
2351 2326 2470 2363 ultimi
2486 2333 2522 2363 et

1466 2379 1714 2426 delectabilis,
1753 2378 1962 2416 secundum
2001 2379 2106 2428 quod
2139 2379 2304 2416 continet
2338 2379 2521 2416 certitudi-

1464 2446 1575 2470 nem:
1604 2432 1706 2469 unde
1735 2432 1871 2468 Glossa
1888 2432 1908 2453 *
1928 2431 2100 2480 exponit:
2128 2431 2249 2478 Fides,
2279 2432 2371 2468 idest
2395 2433 2440 2468 de
2468 2433 2522 2469 in·
2547 2450 2556 2458 -
2583 2456 2662 2472 nerm

1464 2485 1666 2522 visibilibus
1694 2484 1884 2520 certitudo.

1518 2539 1577 2573 An
1597 2548 1768 2578 QUARTUM
1782 2535 1803 2557 '¹‘
1821 2548 2002 2573 mOENDUM
2029 2535 2150 2583 quod,
2175 2536 2269 2573 sicut
2291 2537 2522 2584 Augustinus

1466 2590 1564 2636 dicit,
1586 2601 1699 2638 super
1723 2589 1920 2637 epistolam
1949 2589 2000 2625 ad
2020 2589 2142 2625 Galat.
2162 2588 2192 2635 ²¹²,
2221 2590 2420 2637 Apostolus
2447 2602 2521 2626 non

1467 2695 1600 2742 carnis,
1629 2695 1691 2731 vel
1718 2695 1860 2731 fructus
1888 2694 2072 2743 spiritus);
2100 2694 2166 2730 sed
2193 2700 2231 2730 ut
2257 2696 2461 2731 ostenderet
2486 2696 2522 2732 in

1466 2760 1539 2796 quo
1567 2759 1706 2797 genere
1739 2747 1802 2783 illa
1831 2747 2001 2793 vitanda,
2028 2743 2094 2783 'illa
2122 2759 2212 2783 vero
2239 2748 2413 2784 sectanda
2440 2749 2522 2785 sint.

1466 2801 1577 2838 Unde
1606 2800 1815 2849 potuissent
1842 2801 1904 2836 vel
1932 2801 2069 2848 plures,
2098 2801 2160 2836 vel
2189 2800 2301 2836 etiam
2325 2801 2523 2848 pauciores

1467 2855 1608 2890 fructus
1637 2852 1862 2890 enumerari.
1892 2854 1941 2889 Et
1967 2860 2095 2889 tamen
2124 2865 2259 2889 omnes
2279 2853 2468 2890 donorum
2490 2862 2525 2890 et

1466 2907 1647 2943 virtutum
1677 2913 1780 2942 actus
1804 2913 1963 2954 possunt
1981 2905 2193 2942 secundum
2222 2906 2415 2954 quandam
2436 2919 2524 2943 con-

1466 2959 1698 2996 venientiam
1715 2958 1763 2996 ad
1777 2959 1872 2995 haec
1887 2958 2026 3005 reduci,
2043 2958 2254 2995 secundum
2269 2959 2373 3006 quod
2389 2971 2524 2995 omnes

1466 3012 1623 3050 virtutes
1637 3019 1673 3048 et
1687 3012 1789 3048 dona
1803 3023 1958 3048 necesse
1974 3019 2028 3047 est
2043 3011 2146 3059 quod
2163 3011 2337 3048 ordinent
2356 3020 2524 3048 mentem

1469 3065 1596 3113 aliquo
1624 3063 1905 3112 praedictorum
1924 3063 1944 3085 ’¹‘
1972 3064 2189 3100 modorum.
2218 3064 2329 3101 Unde
2358 3072 2393 3101 et
2421 3072 2524 3100 actus
2551 3077 2562 3088 ·
2587 3082 2656 3097 neor
2673 3082 2711 3097 00

1469 3117 1688 3165 sapientiae,
1718 3124 1754 3153 et
1781 3120 2109 3165 quorumcumque
2130 3117 2320 3153 donorum
2350 3117 2525 3153 ordinan-

1468 3170 1562 3207 tium
1592 3170 1640 3206 ad
1669 3170 1831 3215 bonum,
1861 3169 2092 3206 reducuntur
2119 3170 2168 3206 ad
2197 3169 2406 3215 caritatem,
2436 3182 2524 3216 gau-

1471 3223 1574 3260 dium
1604 3229 1639 3258 et
1666 3234 1813 3270 pacem.
1833 3242 1857 3249 -
1878 3222 1968 3259 Ideo
1995 3229 2125 3259 tamen
2152 3222 2277 3271 potius
2297 3223 2390 3258 haec
2410 3234 2523 3269 quam

1471 3275 1542 3312 alia
1563 3274 1811 3322 enumeravit,
1829 3274 1917 3322 quia
1930 3274 1992 3311 hic
2011 3283 2230 3311 enumerata
2250 3274 2367 3322 magis
2384 3274 2525 3322 impor—

1471 3335 1550 3364 tant
1567 3328 1629 3364 vel
1649 3327 1865 3364 fruitionem
1885 3327 2088 3373 bonorum,
2109 3328 2171 3363 vel
2191 3326 2424 3364 sedationem
2446 3339 2525 3362 ma-

1473 3382 1614 3425 lorum;
1627 3380 1732 3427 quod
1745 3379 1896 3416 videtur
1909 3380 1957 3417 ad
1973 3380 2157 3416 rationem
2173 3379 2311 3416 fructus
2327 3378 2523 3427 pertinere.

411 3526 428 3551 γ
459 3519 542 3551 legem
562 3522 645 3543 tuam.
658 3532 678 3537 -
696 3525 788 3543 nomen
809 3523 882 3543 tuum
902 3519 1003 3543 codices
1022 3524 1047 3543 et
1065 3526 1091 3544 a.

413 3551 426 3575 ὃ
457 3553 490 3577 ab
508 3554 554 3578 eis.
565 3567 584 3572 -
602 3554 639 3578 eis
657 3554 700 3577 sB.

412 3586 435 3620 ε)
454 3589 586 3620 etfactis.
603 3603 622 3607 -
640 3589 700 3614 Om.
720 3589 771 3614 EF.
826 3587 829 3589 ’

413 3482 440 3585 13}
455 3484 555 3515 primo.
569 3497 588 3502 —
607 3483 632 3508 in
650 3483 740 3515 primo
759 3483 815 3508 Pla.

1523 3485 1547 3517 ζ)
1568 3485 1656 3509 etiam.
1675 3498 1688 3502 -
1712 3485 1772 3508 Om.
1793 3485 1852 3517 PpL
1872 3489 1896 3508 et
1915 3491 1940 3509 a.

1523 3521 1549 3552 η)
1570 3523 1666 3544 castus,
1681 3534 1699 3538 —-
1719 3519 1830 3544 castitas
1849 3520 1867 3543 Ρ

1523 3553 1547 3588 0)
1569 3554 1736 3579 unitatem.—
1756 3554 1878 3579 virtutem
1899 3552 2161 3577 PABCDEFGHILa.

2548 2340 2557 2349 '
2568 2339 2604 2361 Cf.
2613 2345 2696 2367 corpus
2711 2343 2754 2361 art.

2595 2557 2629 2579 rg.
2643 2550 2691 2572 Sed
2700 2556 2755 2571 con-

2549 2583 2682 2631 ·‹{²ip.v‚ve
2696 2610 2706 2625 s
2723 2609 2746 2624 22

1465 2644 1536 2679 hoc
1563 2642 1613 2679 ita
1640 2642 1808 2690 suscepit,
1839 2647 1879 2678 ut
1904 2642 2052 2678 doceret
2077 2647 2166 2690 quot
2191 2647 2278 2678 sunt
2303 2643 2379 2688 (vel
2407 2655 2524 2691 opera
2577 2646 2582 2651 '
