2852 4152
11 3295 15 3300 -
0 2828 16 3255 ”jn-W‘mmae
4 2786 11 2807 *-

89 1117 102 1130 ⁶
118 1115 192 1139 Arln.
206 1115 301 1137 Poeter.

88 1142 301 1192 &thema-¹·

1004 281 1268 330 QUAESTIO
1298 281 1402 327 VIlI,

324 367 366 397 Et
388 365 490 396 simile
513 370 559 394 est
578 373 652 394 cum
669 363 870 403 cognoscitur
893 363 1054 393 conclusio
1071 367 1199 402 propter
1214 360 1381 401 principia:

325 420 364 440 an
388 408 504 440 scilicet
531 407 593 437 sint
623 407 703 437 duae
732 407 945 447 cognitiones,
969 416 1106 447 quarum
1128 415 1191 436 una
1221 411 1267 435 est
1291 414 1383 434 causa

325 453 467 488 alterius3
490 461 530 481 an
553 461 617 490 una
641 450 721 481 circa
743 458 885 491 utraque.

379 496 464 528 Scito
479 495 629 530 secunde,
642 494 730 535 quod
745 495 898 525 iudicium
914 495 951 524 de
965 495 1024 525 hac
1043 493 1227 535 quaestione
1250 492 1383 523 omnino

326 540 519 572 contrarium
541 538 699 579 profertur
722 539 760 568 ab
776 538 824 568 his
848 539 903 578 qui
926 539 1002 568 haec
1022 537 1219 569 considerant
1241 547 1296 578 per
1315 547 1384 567 mo-

326 586 406 616 dum
417 593 523 614 rerum
537 582 739 619 naturalium,
753 582 820 612 aliis
836 583 1033 613 censentibus
1049 592 1116 613 esse
1132 581 1265 612 omnino
1282 591 1384 611 unum

326 634 463 663 motum,
485 626 552 657 aliis
576 626 709 656 omnino
734 626 906 656 distinctos.
928 626 991 663 Qui
1016 626 1102 657 enim
1124 625 1301 656 examinant
1319 634 1385 655 rem

326 673 407 703 hanc
430 681 486 712 per
508 670 644 700 modurn
667 669 816 699 naturalis
840 677 961 706 motuS‚
986 676 1016 700 et
1038 670 1145 701 vident
1167 670 1255 711 quod
1278 675 1386 700 motus

326 714 497 746 voluntatis
519 714 552 744 in
577 723 615 744 eo
635 713 723 754 quod
747 720 793 743 est
816 714 855 743 ad
877 713 983 750 finem,
1000 721 1035 744 ut
1049 714 1102 750 sic,
1120 714 1215 745 habet
1236 723 1295 753 pro
1318 723 1385 744 uno

328 766 359 790 et
377 759 491 790 eodem
506 757 642 789 termino
667 764 839 797 utrumque
856 757 1075 794 diversimode,
1091 758 1166 798 quia
1188 757 1221 788 id
1237 757 1325 798 quod
1341 763 1387 787 est

328 803 369 834 ad
390 802 488 833 finem
510 809 546 832 ut
568 801 737 837 materiale,
756 808 786 832 et
808 800 905 831 finem
924 808 959 832 ut
982 801 1128 839 formale;
1150 801 1289 832 iudicant
1312 811 1387 832 con-

328 852 495 887 sequenter
522 845 611 886 quod
633 844 684 875 hic
707 851 814 875 motus
845 852 892 875 est
918 845 1051 876 omnino
1075 855 1175 882 unus,
1200 845 1280 876 sicut
1301 846 1387 876 visus

328 890 443 922 coloris
466 896 498 920 et
519 886 659 919 luminis.
680 889 720 919 Et
742 889 843 919 simile
872 896 918 919 est
940 889 972 919 in
996 890 1199 920 conclusione
1222 896 1252 920 et
1273 889 1387 930 princi-

327 934 393 975 pio.
410 952 431 957 —
446 933 510 971 Qui
525 943 600 964 vero
616 943 682 963 rem
698 933 778 963 hanc
794 943 849 973 per
864 933 999 963 modum
1016 934 1206 964 naturalium
1222 943 1387 964 causarum

329 978 521 1021 examinant,
545 983 576 1008 et
597 977 706 1008 vident
728 978 816 1018 quod
839 977 1001 1008 conclusio
1025 987 1091 1007 non
1115 977 1203 1008 aliter
1225 977 1387 1017 cognosci-

328 1029 380 1054 tur
400 1029 531 1063 propter
554 1021 762 1062 principium,
786 1021 845 1053 nisi
868 1021 943 1062 quia
966 1021 1168 1062 cognoscitur
1196 1031 1251 1061 per
1274 1021 1388 1062 princi-

328 1065 420 1107 pium
430 1066 595 1106 cognitum
607 1063 724 1107 (omnis
736 1065 820 1095 enim
835 1065 982 1096 doctrina
995 1070 1026 1095 et
1036 1065 1202 1105 disciplina
1219 1075 1261 1096 ex
1270 1075 1386 1106 praee-

327 1112 464 1141 xistente
476 1110 523 1151 fit
545 1110 725 1150 cognitione
742 1107 788 1151 *);
805 1115 837 1139 et
855 1108 999 1139 similiter
1020 1110 1109 1149 quod
1132 1109 1165 1139 id
1184 1109 1272 1150 quod
1288 1117 1334 1141 est
1348 1110 1387 1140 ad

328 1153 442 1190 finem,
468 1163 533 1184 non
557 1159 681 1183 amatur
702 1153 790 1183 aliter
812 1159 941 1193 propter
962 1152 1069 1188 finem,
1087 1153 1145 1183 nisi
1168 1153 1243 1194 quia
1265 1161 1388 1184 amatur

328 1196 458 1239 propter
490 1196 588 1227 finem
618 1196 768 1232 volitum;
798 1197 1009 1232 concludunt,
1037 1204 1154 1228 attenta
1188 1196 1388 1228 distinctione

330 1252 441 1273 causae
464 1248 494 1272 et
518 1241 644 1276 causati,
662 1240 884 1271 omnimodam
907 1250 1019 1271 eorum
1043 1241 1284 1272 distinctionem.

383 1285 484 1316 Divus
506 1292 614 1316 autem
636 1284 781 1315 Thomas
803 1284 907 1314 media
922 1284 972 1314 via
993 1284 1128 1321 incessit,
1145 1291 1175 1316 et
1197 1285 1304 1325 posuit
1319 1295 1388 1315 mo-

329 1337 400 1361 tum
421 1329 594 1360 voluntatis
616 1329 648 1358 in
672 1338 711 1358 eo
741 1328 831 1368 quod
855 1334 902 1358 est
930 1329 969 1358 ad
996 1327 1093 1358 finem
1123 1336 1252 1368 propter
1281 1328 1387 1364 finem,

330 1383 397 1404 esse
420 1383 523 1404 unum
541 1372 671 1412 quidem
686 1380 832 1406 numero,
849 1371 1060 1411 pluralitatem
1075 1381 1150 1402 vero
1174 1372 1341 1402 formalem
1356 1372 1388 1402 in

330 1427 379 1448 eo.
394 1416 482 1447 Vidit
503 1415 590 1449 enim
611 1415 701 1456 quod
731 1415 837 1445 anima
859 1421 966 1445 nostra
995 1415 1156 1455 tripliciter
1179 1426 1210 1446 se
1234 1416 1327 1446 habet
1349 1416 1389 1445 ad

250 1447 260 1460 ¹
271 1476 278 1477 ff
327 1460 463 1496 obiecta,
476 1458 595 1491 scilicet
607 1458 816 1494 habitualiter,
830 1458 991 1489 actualiter
1006 1465 1036 1489 et
1050 1459 1235 1496 virtualiten
1257 1466 1287 1490 et
1302 1460 1390 1500 quod

130 1851 138 1861 -,
156 1858 158 1860 .
173 1846 196 1861 u
222 1846 286 1865 μαψ

329 1504 410 1548 ἰμςμ·
431 1510 560 1537 motum
573 1502 744 1534 voluntatis
759 1501 792 1532 in
808 1502 927 1543 aliquid
950 1502 1150 1534 habitualiter
1169 1510 1200 1534 et
1219 1503 1389 1540 actualiter.

329 1539 455 1623 ffledius
477 1553 524 1581 est
547 1553 654 1579 motus
672 1546 844 1577 voluntatis
866 1546 900 1577 in
917 1546 1000 1577 illud
1021 1547 1203 1578 virtualiter.
1226 1548 1267 1578 Et
1290 1547 1391 1578 simile

364 1594 378 1623 t
391 1590 425 1622 in
438 1590 609 1622 intellectu.
627 1589 714 1621 Cum
729 1589 815 1620 enim
837 1589 955 1620 habens
974 1590 1134 1622 caritatem
1157 1598 1265 1632 peccat
1286 1591 1391 1622 venia-

330 1632 410 1672 ufer,
423 1633 627 1666 habitualiter
644 1634 776 1675 quidem
798 1633 900 1674 diligit
921 1633 1036 1671 Deum,
1055 1635 1109 1665 sed
1132 1644 1198 1666 non
1222 1635 1390 1672 actualiter,

332 1686 369 1711 ut
391 1685 492 1720 patet;
516 1688 574 1709 nec
596 1678 778 1714 virtualiter,
795 1678 870 1718 quia
892 1685 1058 1718 peccatum
1080 1689 1146 1709 non
1170 1685 1216 1710 est
1239 1679 1392 1719 dirigibile

330 1723 504 1758 inmotum.
521 1722 608 1755 Cum
622 1729 730 1755 autem
752 1722 871 1753 habens
890 1722 1051 1754 caritatem
1074 1723 1216 1754 ambulat
1235 1724 1285 1754 vel
1303 1733 1403 1764 prae-

333 1767 425 1810 dicat,
441 1773 475 1809 et
493 1766 650 1809 quidquid
673 1766 759 1797 aliud
787 1776 854 1797 non
876 1766 952 1797 mali
975 1766 1063 1804 facit,
1091 1767 1236 1808 quamvis
1260 1768 1298 1798 de
1322 1768 1391 1798 Deo

332 1821 399 1854 non
422 1810 539 1851 cogitet
565 1810 747 1846 actualiter,
772 1817 860 1841 actus
883 1817 990 1841 tamen
1011 1811 1064 1842 ille
1087 1821 1154 1842 non
1184 1812 1292 1842 solum
1324 1812 1393 1842 talis

331 1854 455 1897 virtutis
469 1861 525 1891 est,
541 1854 596 1885 sed
614 1854 764 1885 caritatis:
789 1861 819 1885 et
833 1854 981 1885 voluntas
1004 1861 1079 1886 tunc
1101 1855 1274 1895 virtualiter
1296 1855 1394 1886 fertur

331 1895 504 1936 iff‘neum,
520 1905 551 1930 et
573 1908 639 1929 non
663 1898 770 1929 solum
791 1897 1009 1935 habitualiter,
1034 1894 1124 1940 quod
1151 1900 1298 1931 convenit
1322 1900 1393 1930 dor-

333 1943 444 1978 rfflenti
473 1949 504 1974 et
525 1942 668 1983 peccanti
701 1942 872 1973 venialiter.
899 1943 941 1973 Et
963 1942 1006 1974 sic
1034 1943 1130 1974 unico
1163 1951 1234 1975 actu
1258 1954 1392 1974 numero

331 1987 482 2022 woltun„
508 1986 609 2020 fertur
636 1986 671 2018 in
697 1993 828 2026 propter
849 1985 963 2023 finem,
987 1993 1017 2017 et
1037 1987 1072 2018 in
1093 1988 1201 2028 ipsum
1223 1987 1329 2019 finem.
1350 1988 1391 2019 Et

251 2061 263 2068 ,,
284 2052 289 2065 ,
333 2041 386 2064 εις
395 2031 537 2063 salvatur
558 2030 703 2062 identitas
727 2030 898 2062 numeralis
917 2037 1034 2068 motus,
1052 2038 1082 2063 et
1104 2032 1262 2063 distinctio
1287 2042 1393 2064 causa-

255 2076 281 2088 ”’
307 2079 313 2086 “
333 2075 683 2117 τψῃυοάαωωοάο,
699 2075 778 2106 dum
793 2084 877 2106 unus
900 2082 947 2106 est
961 2082 1049 2106 actus
1070 2076 1296 2108 numerositate
1320 2077 1393 2107 sub-

93 2166 106 2179 *
119 2165 158 2189 Cf.
170 2171 236 2189 nam.
252 2173 286 2190 ιιι.

333 2118 436 2156 biecti,
451 2125 482 2150 et
504 2119 611 2159 plures
634 2118 859 2150 numerositate
882 2118 1013 2150 formae.

386 2160 425 2194 V.
439 2162 482 2194 Et
496 2173 533 2193 ex
547 2162 597 2193 his
613 2157 703 2193 facile
726 2162 935 2203 respondetur
950 2164 989 2193 ad
1008 2163 1130 2194 obiecta
1144 2162 1169 2195 *.
1185 2164 1236 2195 Ad
1250 2164 1391 2204 primum

333 2206 466 2248 quidem
488 2206 603 2238 dicitur
619 2207 709 2248 quod
731 2206 802 2237 finis
821 2213 852 2237 et
874 2206 906 2236 id
929 2207 1018 2247 quod
1034 2214 1081 2238 est
1102 2208 1142 2238 ad
1163 2207 1270 2244 finem,
1286 2215 1322 2239 ut
1335 2218 1391 2238 vo-

332 2250 398 2287 lita,
413 2251 580 2291 dupliciter
601 2260 635 2282 se
658 2250 783 2282 habent.
800 2250 918 2287 Primo,
938 2251 1120 2289 formaliter,
1136 2259 1166 2283 et
1188 2262 1331 2283 seorsum
1346 2262 1393 2282 se-

334 2295 476 2327 cundum
504 2303 552 2326 se:
576 2301 608 2326 et
630 2295 675 2326 sic
698 2294 827 2326 diversis
855 2294 1061 2327 volitionibus
1093 2304 1254 2332 amantur,
1275 2303 1306 2327 et
1328 2306 1392 2327 una

1433 279 1728 316 ARTICULUS
1758 280 1806 314 111
2443 281 2491 327 73

1441 365 1487 389 est
1512 369 1606 389 causa
1629 358 1763 389 alterius.
1784 358 1942 393 Secundo,
1965 366 2000 388 ut
2023 368 2124 388 unum
2147 359 2319 389 virtualiter
2343 360 2497 391 clauditur

1439 403 1471 433 in
1489 403 1567 433 alio:
1589 409 1619 433 et
1633 402 1676 432 sic
1697 402 1790 432 unica
1806 402 1958 432 volitione
1975 402 2115 432 subiecto
2132 410 2285 433 amantur.
2296 404 2367 434 -Et
2383 405 2497 434 eodem

1439 447 1539 477 modo
1573 446 1686 476 dicitur
1709 446 1748 476 ad
1781 444 2045 476 confirmationes.
2073 446 2129 475 Est
2152 446 2235 475 enim
2268 446 2329 476 hoc
2361 448 2496 478 volitum

1438 498 1568 532 propter
1594 490 1674 521 illud
1701 489 1837 520 volitum
1862 489 2032 519 virtualiter
2059 489 2280 529 participatum
2303 490 2335 519 in
2358 491 2437 520 hoc:
2467 498 2498 521 et

1440 535 1602 566 conclusio
1626 540 1703 564 nota
1725 539 1855 574 propter
1882 533 2035 573 principia
2066 533 2237 563 virtualiter
2260 533 2442 573 participata
2465 535 2498 564 in

1440 579 1654 610 conclusione.
1671 578 1721 609 Sic
1735 577 1821 608 enim
1836 577 1876 607 ad
1899 577 2005 607 minus
2020 584 2199 613 occurrunt,
2216 584 2252 607 ut
2275 577 2353 607 ratio
2372 577 2498 607 videndi

1440 622 1696 661 conclusionem,
1724 617 1923 653 etsimiliter
1954 628 1989 652 ut
2012 621 2090 651 ratio
2115 621 2242 651 amandi
2273 621 2361 662 quod
2391 628 2437 651 est
2460 622 2498 651 ad

1439 666 1545 698 finem.
1569 667 1649 697 Dico
1682 673 1788 697 autem
1811 665 1854 696 ad
1877 667 1993 703 minus,
2021 665 2096 706 quia
2118 665 2196 695 nihil
2229 665 2375 705 prohibet
2404 665 2499 694 etiam

1440 711 1601 742 actualiter
1613 710 1708 740 unico
1725 717 1795 741 actu
1813 710 1938 740 tendere
1950 709 1983 739 in
1998 709 2234 749 eleemosynam
2245 715 2374 748 propter
2382 709 2498 744 Deum,

1439 755 1474 785 in
1487 755 1574 785 illam
1597 761 1633 785 ut
1649 754 1821 790 materiam,
1837 754 1869 784 in
1892 754 1954 784 hoc
1972 760 2009 784 ut
2030 753 2184 783 formam:
2209 752 2289 783 sicut
2313 752 2405 782 unica
2420 752 2499 782 visio

1442 799 1612 840 corporalis
1645 798 1744 829 tendit
1766 798 1799 829 in
1824 798 1965 829 colorem
1988 804 2019 828 et
2041 797 2160 828 lumen.
2182 797 2229 827 Ea
2257 806 2395 837 namque
2419 806 2500 836 quae

1441 850 1515 874 sunt
1537 843 1577 873 ad
1599 841 1709 879 finem,
1733 848 1956 882 comparantur
1979 842 2018 871 ad
2040 840 2137 871 finem
2164 848 2200 871 ut
2222 840 2352 871 materia
2375 841 2415 870 ad
2437 840 2500 870 for—

1441 897 1537 924 mam,
1553 893 1589 917 ut
1611 893 1697 926 patet
1719 897 1756 917 ex
1779 886 1964 926 supradictis
1982 886 2015 916 in
2038 895 2092 926 qu.
2108 895 2128 915 v
2148 885 2174 916 *.
2191 885 2231 915 Et
2254 885 2332 915 scito
2356 883 2445 925 quod
2468 884 2500 914 in

1441 931 1627 962 huiusmodi
1645 940 1726 972 quae
1749 931 1844 961 unico
1868 937 1939 961 actu
1964 930 2003 960 ad
2026 936 2198 969 utrumque
2222 928 2444 964 terminantur,
2469 928 2502 968 ly

1436 981 1571 1016 propter
1593 985 1659 1010 non
1682 974 1757 1006 dicit
1780 984 1907 1006 causam
1929 974 2101 1010 voliflonis,
2117 973 2172 1004 sed
2186 973 2294 1004 voliti:
2319 972 2394 1003 dicit
2416 972 2502 1002 enim

1442 1029 1570 1051 causam
1593 1029 1690 1060 quare
1712 1019 1792 1050 illud
1814 1018 1974 1050 materiale
2001 1018 2147 1049 terminat
2174 1025 2281 1048 actum
2303 1016 2448 1052 volendi;
2473 1023 2503 1046 et

1442 1074 1508 1094 non
1532 1063 1607 1094 dicit
1628 1063 1723 1093 aliam
1745 1062 1933 1093 volitionern
1957 1069 2139 1100 causantem
2161 1061 2264 1098 istam,
2280 1060 2341 1092 nisi
2363 1060 2501 1091 virtuali-

1442 1115 1497 1139 ter.
1514 1108 1555 1138 Et
1577 1107 1678 1138 simile
1702 1114 1748 1138 est
1770 1107 1802 1137 in
1826 1106 1995 1137 intellectu.

1495 1152 1545 1182 Ad
1569 1151 1744 1182 secundum
1767 1160 1898 1192 quoque
1921 1157 2007 1191 patet
2026 1149 2104 1190 quid
2127 1149 2313 1180 dicendum:
2337 1149 2427 1189 quod
2445 1148 2502 1178 sci-

1442 1195 1515 1227 licet
1536 1194 1660 1235 semper
1693 1202 1844 1236 appetens
1877 1194 1966 1235 quod
1989 1201 2035 1224 est
2058 1194 2097 1224 ad
2120 1193 2234 1230 finem,
2260 1193 2379 1234 appetit
2405 1192 2502 1222 finem

1443 1249 1508 1270 non
1531 1239 1738 1275 habitualiter,
1754 1239 1809 1270 sed
1831 1238 2002 1274 actualiter,
2020 1244 2055 1268 ut
2078 1237 2216 1268 extendit
2232 1247 2264 1267 se
2287 1237 2327 1267 ad
2343 1236 2503 1267 actualiter

1443 1291 1474 1315 et
1495 1283 1678 1314 virtualiter.
1691 1283 1748 1314 Est
1770 1282 1855 1313 enim
1877 1282 2049 1313 virtualiter
2069 1281 2116 1312 uti
2138 1281 2246 1322 aliquo
2263 1280 2344 1311 infra
2365 1280 2503 1311 latitudi-

1443 1338 1517 1358 nem
1549 1327 1678 1358 actualis
1709 1335 1802 1358 usus:
1833 1326 1976 1367 alioquin
2008 1335 2174 1366 nunquam
2206 1325 2389 1365 impleretur
2424 1324 2504 1354 illud

1443 1378 1662 1412 praeceptum,
1691 1371 1807 1402 Omnia
1830 1371 1862 1401 in
1885 1370 2025 1412 gloriam
2048 1370 2112 1400 Dei
2125 1369 2248 1410 facite,
2274 1375 2331 1399 etc.
2348 1368 2379 1405 *;
2404 1368 2504 1399 facere

1444 1415 1528 1446 enim
1552 1415 1713 1446 actualiter
1739 1414 1862 1455 operari
1885 1415 2045 1454 importat.

1497 1460 1548 1490 Ad
1562 1459 1688 1490 tertium
1704 1458 1818 1490 dicitur
1839 1459 1929 1499 quod
1951 1458 2037 1489 nolle
2054 1457 2088 1488 in
2109 1454 2172 1488 lioc
2186 1456 2287 1487 differt
2301 1467 2319 1487 a
2333 1466 2400 1487 non
2413 1456 2504 1493 velle,

1444 1503 1534 1544 quod
1556 1503 1618 1534 hoc
1636 1510 1683 1534 est
1697 1503 1823 1543 negatio
1838 1509 1938 1539 actus,
1957 1502 2037 1533 illud
2054 1511 2131 1532 vero
2154 1508 2200 1533 est
2221 1507 2308 1532 actus
2331 1500 2504 1541 negativus,

1445 1547 1525 1578 idest
1558 1545 1640 1578 velle
1662 1557 1735 1578 non.
1762 1547 1877 1578 Omnis
1906 1553 2015 1578 autem
2035 1552 2125 1577 actus
2155 1545 2319 1585 negativus
2347 1544 2505 1586 appetitus

1446 1591 1563 1622 claudit
1584 1591 1617 1622 in
1634 1601 1666 1622 se
1689 1591 1870 1627 virtualiter,
1887 1601 1942 1622 seu
1962 1589 2186 1632 participative,
2201 1596 2309 1620 actum
2331 1588 2506 1630 positivum

1446 1635 1495 1666 sui
1518 1635 1709 1676 principium
1732 1642 1763 1666 et
1785 1635 1935 1666 radicem:
1965 1634 2077 1665 odium
2105 1633 2208 1670 enim,
2233 1633 2308 1673 fuga
2331 1639 2361 1663 et
2383 1631 2506 1664 tristitia

1446 1689 1588 1710 amorem
1612 1679 1764 1710 claudunt
1784 1679 1817 1709 in
1841 1689 1873 1709 se
1890 1678 2122 1719 oppositorum,
2139 1684 2176 1709 ut
2190 1678 2228 1708 de
2250 1687 2283 1708 se
2298 1683 2392 1718 patet.
2413 1676 2506 1708 Unde

1446 1724 1572 1754 nullum
1603 1723 1827 1754 inconveniens
1851 1730 1896 1754 est
1924 1733 2027 1753 unum
2050 1729 2157 1753 actum
2183 1722 2336 1757 numero,
2357 1730 2506 1751 numero-

1447 1768 1536 1799 sitate
1565 1768 1717 1805 subiecti,
1740 1778 1807 1798 esse
1836 1767 1915 1798 velle
1942 1774 1972 1798 et
2001 1766 2086 1797 nolle
2117 1772 2260 1806 respectu
2291 1764 2505 1796 diversorum:

1446 1812 1559 1842 odium
1587 1812 1673 1842 enim
1700 1811 1818 1852 peccati
1841 1818 1970 1851 propter
1993 1811 2116 1847 Deum,
2140 1817 2187 1841 est
2209 1817 2240 1840 et
2262 1816 2349 1840 actus
2372 1809 2507 1840 caritatis

1446 1862 1589 1896 respectu
1612 1855 1682 1892 Dei,
1700 1855 1950 1893 etrefutationis
1973 1862 2116 1895 respectu
2139 1853 2266 1895 peccau’.

1499 1902 1542 1930 At
1565 1900 1591 1930 si
1615 1900 1686 1940 quis
1709 1899 1819 1930 dixerit
1851 1899 1939 1940 quod
1969 1898 2135 1929 adversarii
2157 1898 2234 1928 haec
2262 1897 2371 1928 omnia
2399 1906 2508 1927 conce-

1447 1944 1571 1980 derent,
1604 1944 1658 1974 sed
1688 1943 1748 1984 ipsi
1782 1944 1970 1983 impugnant
2000 1943 2107 1983 quoad
2139 1942 2294 1973 actualem
2318 1940 2507 1972 volitionem

1447 1988 1621 2029 utriusque,
1637 1994 1712 2019 etc.:
1729 1987 1840 2018 dicitur
1856 1987 1899 2017 eis
1914 1987 2002 2028 quod
2018 1987 2138 2017 discant
2153 1986 2295 2022 scribere,
2313 1995 2388 2016 cum
2401 1985 2507 2025 impu-

1447 2038 1544 2072 gnant
1567 2032 1751 2073 opiniones;
1768 2038 1798 2062 et
1820 2038 2013 2071 cognoscant
2035 2041 2068 2061 se
2090 2040 2190 2061 errare
2212 2030 2288 2071 quia
2309 2039 2376 2060 non
2399 2029 2506 2060 distin-

1445 2083 1559 2107 xerunt
1577 2076 1636 2107 nisi
1651 2076 1821 2107 actualiter
1839 2082 1870 2106 et
1884 2075 2098 2113 habitualiter,
2117 2074 2297 2106 omittentes
2313 2074 2505 2111 virtualiter,

1447 2127 1477 2151 et
1498 2130 1565 2151 non
1594 2120 1735 2151 videntes
1769 2119 1858 2161 quod
1887 2126 1958 2150 actu
1986 2118 2083 2150 fertur
2110 2118 2144 2149 in
2171 2118 2291 2160 aliquid
2318 2117 2373 2160 qui
2401 2124 2508 2148 actum

1446 2164 1520 2195 facit
1541 2164 1714 2195 virtualiter
1731 2164 1765 2194 in
1788 2163 1877 2194 illud.

1499 2208 1540 2239 Et
1563 2208 1640 2239 haec
1664 2208 1726 2239 sint
1748 2208 1799 2238 hic
1823 2207 1904 2238 dicta
1927 2217 1985 2248 pro
2008 2207 2078 2238 luce
2101 2213 2210 2238 motus
2232 2205 2404 2237 voluntatis
2420 2205 2452 2236 in
2469 2215 2507 2236 eo

1447 2253 1536 2292 quod
1564 2253 1603 2282 ad
1626 2251 1724 2283 finem
1746 2258 1876 2292 propter
1902 2251 2018 2281 finem:
2043 2251 2188 2292 quamvis
2211 2250 2311 2291 magis
2333 2249 2414 2280 forte
2438 2259 2507 2290 spe-

1446 2303 1530 2327 ctent
1556 2297 1596 2326 ad
1619 2307 1672 2337 qu.
1687 2306 1739 2332 xn,
1756 2303 1811 2326 art.
1828 2305 1860 2335 4,
1877 2295 1932 2326 ubi
1947 2295 1987 2326 de
2000 2295 2174 2326 intentione
2198 2293 2417 2335 disputabitur.

473 3663 580 3687 Summa
600 3663 699 3687 Tnnor.
721 3663 750 3686 D.
770 3662 883 3686 ΤΗοΜΑε
902 3662 933 3687 T.
954 3663 992 3687 111.

2336 3675 2364 3692 10

2529 887 2540 899 '⁸
2553 889 2605 910 Art.
2620 894 2641 915 7.

2532 1369 2540 1378 ·
2556 1369 2566 1390 1
2581 1369 2637 1390 Cor.
2653 1374 2704 1396 cap.
2718 1375 2742 1395 x,

2532 1401 2591 1417 vers.
2605 1401 2636 1424 3¹·
