2852 4152
0 947 4 963 ³
110 963 162 985 ·.n
177 937 222 984 621².

111 997 184 1025 'Qu.
199 1002 233 1024 ιι,
248 1000 290 1017 art.
300 1002 320 1024 3,

111 1023 139 1046 nd
152 1030 174 1052 3.

111 1202 321 1226 ‘Perm.1ib.

109 1229 136 1278 ξ’.
145 1235 199 1277 ᾖξ’
206 1234 266 1277 ιὶοξῖ
275 1234 321 1276 ξ’

92 1708 118 1729 μ’
132 1717 170 1741 ΑΔ
185 1723 223 1746 qu.
234 1717 321 1746 penult.

111 2196 178 2219 ’.Εἰ
199 2202 238 2224 qu.
256 2202 320 2222 xxti,

111 2250 139 2272 ι,
112 2212 322 2271 miffar&

113 2275 224 2298 occur-rit.

111 2318 196 2373 ia·
202 2318 322 2372 en

112 2423 176 2447 ·Cf.
186 2423 284 2452 Dionys.
294 2423 325 2444 de

112 2449 168 2499 33⁹:
177 2449 259 2499 ἕοῇἱῖ
270 2455 324 2498 ιῗοῖ.

113 2508 162 2530 nv,
174 2508 234 2524 nn.

1026 231 1291 277 QUAESTIO
1319 231 1444 277 XXV,
1473 230 1768 267 ARTICULUS
1798 231 1828 266 11

348 308 448 346 enim
483 307 602 345 tendit
635 307 672 344 in
705 308 822 344 finem
852 321 930 345 non
967 309 1315 358 proportionatum;
1345 321 1401 345 se-

348 361 484 406 cundo,
505 368 682 397 movetur
701 360 749 397 ad
777 361 917 406 finem;
946 362 1065 408 tertio,
1087 361 1244 409 quiescit
1267 361 1305 405 in
1324 361 1402 397 fine

346 420 432 463 post
452 413 531 449 eius
547 412 867 450 consecutionem.
886 415 970 462 Ipsa
990 421 1115 450 autem
1136 413 1305 462 aptitudo
1322 413 1401 450 sive

347 465 542 515 proportio
563 465 749 514 appetitus
769 466 818 502 ad
832 464 990 503 >bonurn
1013 475 1067 503 est
1092 478 1212 513 amor,
1229 466 1293 514 qui
1313 466 1403 502 nihil

348 518 451 555 aliud
471 525 526 554 est
544 530 661 566 quam
688 519 960 566 complacentia
984 519 1091 564 boni;
1121 526 1246 556 motus
1275 526 1402 555 autem

348 569 398 609 ad
424 571 580 607 ‘bonum
619 577 674 606 est
709 570 938 607 desiderium
975 573 1038 608 vel
1078 571 1402 620 concupiscentia;

349 623 456 673 quies
480 630 608 660 autem
633 623 672 659 in
700 623 804 659 bono
832 631 887 660 est
905 624 1085 671 gaudium
1111 625 1173 661 vel
1194 624 1401 661 delectatio.

349 677 399 713 Et
419 675 507 712 ideo
527 676 739 712 secundum
758 676 860 712 hunc
879 676 1065 723 ordinem,
1086 689 1194 714 amor
1213 676 1404 725 praecedit

349 728 596 774 desiderium,
626 735 663 765 et
699 728 928 766 desiderium
965 729 1155 777 praecedit
1192 728 1404 767 delectatio-

348 793 451 818 nem.
479 801 504 808 -
534 781 611 817 Sed
639 781 851 818 secundum
881 782 1056 819 ordinem
1084 781 1320 828 intentionis,
1350 788 1405 817 est

349 845 370 869 e
399 845 604 871 converso:
632 846 720 870 nam
746 834 941 872 delectatio
974 834 1116 871 intenta
1145 842 1272 870 causat
1309 833 1404 870 desi-

349 885 496 922 derium
531 894 567 923 et
598 898 783 923 amorem.
820 887 1029 924 Delectatio
1061 886 1163 923 enim
1192 893 1247 923 est
1280 885 1404 922 fruitio

348 938 440 975 boni
467 943 500 985 ⁸,
531 951 628 987 quae
666 939 956 987 quodammodo
990 946 1046 975 est
1077 938 1163 975 finis
1190 938 1210 960 '³‘
1242 938 1338 975 sicut
1370 944 1406 974 et

348 990 474 1040 ipsum
503 992 662 1038 bonum,
692 999 734 1028 ut
761 991 913 1041 supra*
941 991 1082 1029 dictum
1113 998 1178 1027 est.

401 1046 460 1081 An
488 1055 624 1081 mimum
644 1056 741 1081 ERGO
761 1056 944 1082 mcENDUM
963 1044 1069 1091 quod
1096 1044 1171 1079 hoc
1197 1043 1316 1080 modo
1337 1055 1406 1080 no-

349 1097 515 1134 minatur
534 1096 684 1145 aliquid,
705 1098 916 1134 secundum
936 1096 1040 1145 quod
1058 1096 1168 1133 nobis
1187 1095 1404 1133 innotescit:

347 1160 457 1186 voces
489 1149 591 1186 enim
627 1155 714 1186 sunt
747 1150 858 1199 signa
893 1149 1160 1194 intellectuum,
1194 1148 1406 1185 secundum

348 1201 625 1251 Philosophum
642 1203 673 1238 *.
686 1202 770 1238 Nos
785 1209 925 1248 autem,
941 1209 982 1237 ut
995 1201 1213 1249 plurimum,
1230 1213 1298 1249 per
1317 1200 1407 1237 effe-

350 1261 452 1292 ctum
481 1254 746 1302 cognoscimus
770 1266 936 1290 causam.
966 1253 1134 1289 Effectus
1154 1261 1281 1289 autem
1302 1265 1407 1289 amo-

349 1307 416 1355 ris,
445 1306 599 1356 quando
629 1306 783 1354 quidem
810 1306 971 1342 habetur
993 1305 1119 1353 ipsum
1148 1312 1331 1351 amatum,
1352 1312 1406 1341 est

2440 230 2507 266 185

1458 308 1675 346 delectatio:
1706 308 1860 358 quando
1889 321 1983 345 vero
2004 321 2081 345 non
2100 309 2271 354 habetur,
2293 316 2347 345 est
2367 308 2511 345 deside-

1458 361 1555 398 rium
1588 362 1652 398 vel
1689 361 2005 409 concupiscentia.
2041 361 2090 397 Ut
2127 368 2253 397 autem
2282 361 2512 408 Augustinus

1458 413 1555 461 dicit,
1586 413 1624 450 in
1652 414 1688 450 X
1706 414 1751 450 de
1774 415 1810 450 T
1805 414 1876 450 rin.
1896 414 1931 460 *‚
1958 425 2069 450 amor
2091 413 2214 462 magis
2241 414 2405 458 sentitur,
2426 425 2510 449 cum

1457 478 1542 503 eum
1563 467 1694 514 prodit
1718 466 1934 515 indigentia.
1964 465 2075 503 Unde
2103 465 2197 501 inter
2216 477 2350 501 omnes
2369 463 2512 513 passio-

1457 531 1524 555 nes
1554 519 1864 567 concupiscibilis,
1894 518 2014 565 magis
2043 517 2226 554 sensibilis
2256 525 2311 553 est
2336 517 2512 565 concupi-

1457 571 1609 608 scentia.
1631 573 1680 608 Et
1706 579 1861 620 propter
1886 572 1973 618 hoc,
1995 567 2050 607 'ab
2080 582 2125 606 ea
2153 569 2418 606 denominatur
2443 581 2512 617 po-

1456 624 1582 660 tentia.

1510 678 1569 712 An
1597 688 1786 713 SECUNDUM
1813 687 1996 713 morannum
2033 675 2138 723 quod
2166 675 2305 724 duplex
2339 681 2395 710 est
2420 672 2511 710 unio

1457 728 1572 765 amati
1591 728 1640 765 ad
1659 736 1864 765 amantem.
1885 729 1971 765 Una
1990 727 2145 776 quidem
2166 728 2285 774 realis,
2301 726 2512 764 secundum

1458 781 1595 817 scilicet
1622 779 1633 805 t
1663 781 1970 817 coniunctionem
2007 781 2054 817 ad
2083 792 2164 816 rem
2191 779 2326 828 ipsam.
2357 780 2405 816 Et
2431 778 2512 815 talis

1457 833 1548 870 unio
1568 833 1728 881 pertinet
1747 833 1795 869 ad
1815 833 1995 880 gaudium
2016 833 2078 869 vel
2099 832 2398 878 delectationem,
2414 843 2512 879 quae

1459 885 1626 934 sequitur
1654 885 1893 922 desiderium.
1924 907 1947 913 -
1975 885 2058 922 Alia
2086 892 2213 922 autem
2239 893 2295 922 est
2311 884 2402 922 unio
2422 883 2513 920 affe-

1459 937 1567 984 ctiva,
1594 950 1690 986 quae
1719 946 1774 974 est
1796 938 2006 975 secundum
2030 943 2048 965 η
2072 937 2318 986 aptitudinem
2341 937 2403 974 vel
2427 948 2514 984 pro-

1457 990 1695 1039 portionem:
1729 998 1841 1038 prout
1873 990 2012 1027 scilicet
2044 1002 2089 1026 ex
2122 991 2196 1027 hoc
2234 990 2339 1039 quod
2371 988 2512 1037 aliquid

1458 1043 1573 1079 habet
1605 1042 1853 1091 aptitudinem
1881 1043 1930 1079 ad
1958 1044 2116 1079 alterurn
2145 1050 2181 1079 et
2211 1042 2511 1087 inclinationem,

1458 1095 1535 1132 iam
1561 1095 1758 1144 participat
1785 1095 1923 1143 aliquid
1943 1095 2034 1132 eius.
2064 1096 2113 1131 Et
2131 1095 2183 1131 sic
2203 1107 2311 1132 amor
2329 1094 2512 1132 unionem

1459 1148 1638 1196 importat
1655 1147 1686 1184 ²⁸.
1716 1148 1827 1194 Quae
1851 1147 2006 1196 quidem
2034 1147 2125 1183 unio
2153 1147 2345 1195 praecedit
2363 1154 2512 1183 motum

1462 1200 1648 1237 desiderii.

1513 1255 1572 1289 An
1599 1264 1758 1290 TERTmM
1793 1264 1976 1289 monimum
2014 1251 2119 1299 quod
2153 1251 2348 1289 delectatio
2387 1258 2515 1287 causat

1462 1317 1646 1351 amorem,
1676 1305 1885 1342 secundum
1914 1305 2019 1352 quod
2046 1311 2100 1341 est
2118 1304 2221 1352 prior
2239 1304 2277 1341 in
2296 1303 2513 1341 intentione.

354 1432 512 1476 '‘Ysigmz
529 1457 548 1462 -
566 1443 628 1467 Om.
647 1443 675 1467 Ρ.

401 1477 426 1510 ζ)
444 1478 551 1503 scilicet.
568 1492 587 1496 -
604 1478 666 1502 Om.
684 1477 787 1502 PFIKa.

1510 1443 1537 1474 η)
1552 1442 1624 1474 vquae
1647 1446 1687 1467 est
1704 1443 1855 1468 secundum.
1873 1457 1892 1462 —
1910 1443 1971 1475 quia
1995 1444 2137 1468 secundum
2156 1443 2402 1475 ABCDFGHILpE,
2424 1450 2515 1468 secun-

1459 1477 1521 1502 dum
1540 1478 1640 1502 scilicet
1657 1478 1728 1509 quod
1745 1478 1849 1509 aliquid
1867 1478 1945 1502 habet
1962 1478 2008 1502 Pa.
2027 1492 2045 1497 -
2058 1481 2143 1510 prout
2161 1486 2215 1504 om.
2235 1479 2268 1503 H.

1024 1566 1354 1600 commentaria
1377 1566 1625 1599 Gmfflnalis
1647 1566 1844 1600 Caietani

378 1675 398 1696 n
422 1664 562 1695 secundo
586 1663 727 1698 articulo,
751 1663 875 1693 adverte
903 1672 1000 1703 quam
1023 1661 1195 1701 incongrue
1219 1662 1404 1701 passionum

351 1677 524 1740 Inotitiam
538 1707 698 1738 tradiderit
711 1707 834 1742 Scotus,
852 1706 966 1742 dicens,
979 1706 1012 1735 in
1023 1705 1140 1741 Primo,
1159 1706 1227 1736 dist.
1241 1716 1261 1741 1,
1279 1716 1333 1746 qu.
1347 1705 1403 1741 v*‚

348 1752 436 1794 quod
459 1751 616 1802 appetitus
640 1750 777 1781 sensitivi
793 1750 919 1790 proprie
938 1760 1004 1780 non
1018 1755 1064 1779 est
1079 1759 1193 1780 amare.
1218 1749 1303 1780 Cum
1320 1749 1404 1779 enim

347 1805 439 1826 amor
460 1795 501 1826 sit
527 1795 629 1835 prima
656 1794 760 1834 passio
792 1794 949 1834 appetitus
978 1793 1134 1829 sensifivi,
1158 1793 1183 1823 si
1207 1803 1311 1823 amare
1339 1803 1406 1823 non

349 1839 529 1871 conveniret
550 1838 677 1878 proprie
700 1838 852 1878 appetitui
880 1838 1046 1872 sensitiva,
1071 1847 1144 1877 ergo
1175 1847 1233 1868 nec
1261 1837 1405 1868 delectari

347 1893 406 1914 nec
427 1883 538 1914 timere
561 1882 688 1923 proprie
712 1881 886 1912 conveniet.
909 1884 938 1912 A
961 1881 1066 1921 primo
1083 1881 1168 1911 enim
1183 1881 1304 1922 reliqua
1327 1891 1404 1921 pen-

347 1927 432 1964 dent,
457 1933 487 1957 et
505 1935 648 1957 amorem
670 1925 777 1966 ipsum
796 1925 933 1966 reliquae
948 1924 1109 1965 passiones
1124 1925 1306 1956 includunt:
1330 1935 1405 1955 nam

348 1970 540 2001 delectamur
563 1976 679 2005 amato,
703 1969 852 2000 timemus
876 1969 998 1999 malum
1021 1969 1125 2004 amati,
1146 1969 1347 2009 desperamus
1367 1969 1405 1998 ab

349 2021 469 2050 amato,
494 2013 674 2044 ulciscimur
697 2013 888 2043 conturbans
916 2020 1067 2043 amatum.
1099 2013 1190 2043 Unde
1214 2013 1239 2042 si
1263 2019 1405 2042 amatum

349 2064 396 2089 est
416 2057 600 2098 improprie,
623 2057 761 2097 reliquae
785 2063 876 2087 erunt
898 2056 1060 2106 passiones
1079 2056 1259 2106 improprie,
1277 2056 1357 2087 sicut
1372 2056 1405 2085 in

349 2102 442 2132 rebus
465 2101 668 2132 naturalibus.
693 2101 734 2131 Et
756 2107 831 2130 tunc
854 2100 944 2136 ultra,
970 2100 995 2130 si
1018 2100 1179 2141 passiones
1198 2107 1272 2131 sunt
1286 2100 1405 2149 impro-

349 2145 416 2185 prie
429 2145 463 2175 in
478 2144 620 2195 appetitu
636 2144 798 2180 sensitivo;
814 2151 854 2180 et,
871 2144 1047 2175 secundum
1065 2144 1236 2180 veritatem,
1254 2151 1328 2174 sunt
1346 2143 1405 2173 mi-

349 2199 410 2220 nus
425 2189 551 2230 proprie
566 2188 600 2219 in
616 2188 757 2228 appetitu
777 2188 977 2218 intellectivo
978 2187 1008 2224 *;
1028 2188 1139 2219 nullibi
1162 2194 1253 2218 erunt
1267 2187 1403 2228 proprie.

405 2233 442 2263 11.
467 2232 503 2262 In
526 2242 658 2272 corpore
682 2231 810 2262 secundi
829 2231 949 2262 articuli
973 2232 1114 2263 eiusdem
1129 2231 1331 2272 quaestionis,
1349 2241 1405 2261 no-

349 2275 500 2307 vitiorum
529 2275 662 2306 dubium
692 2275 844 2313 occurrit,
869 2276 1035 2315 quomodo
1058 2275 1223 2315 vulgatum
1255 2281 1301 2305 est
1327 2274 1407 2304 inter

349 2319 560 2360 philosophos
577 2319 666 2359 quod
677 2319 780 2349 'omnis
794 2320 951 2358 appetitus
961 2324 1008 2350 est
1023 2319 1095 2350 boni
1105 2319 1131 2355 *‚
1149 2326 1179 2349 et
1193 2318 1280 2359 quod
1297 2318 1407 2348 nullus

316 2386 322 2392 .
350 2369 504 2404 operatur
525 2364 682 2403 aspiciens
703 2363 747 2393 ad
771 2363 890 2392 malum
906 2362 939 2392 ¹⁸:
964 2370 994 2393 et
1017 2373 1101 2393 nunc
1119 2363 1152 2393 in
1170 2362 1272 2392 littera
1295 2362 1408 2392 dicitur

350 2408 440 2451 quod
462 2407 584 2438 obiecta
607 2406 860 2446 concupiscibilis
883 2414 957 2438 sunt
979 2408 1102 2437 bonum
1126 2413 1156 2437 et
1177 2406 1310 2437 malurn.

406 2451 457 2482 111.
482 2451 534 2482 Ad
555 2451 617 2481 hoc
636 2450 768 2481 breviter
792 2450 905 2480 dicitur
927 2451 1025 2491 quod,
1041 2451 1116 2491 quia
1140 2451 1261 2480 malum
1281 2459 1346 2480 non
1362 2456 1408 2480 est

351 2495 511 2526 obiectum
539 2494 696 2536 appetitus
719 2501 755 2525 ut
777 2495 1045 2535 prosequendum,
1067 2495 1121 2524 sed
1144 2501 1179 2525 ut
1202 2494 1407 2533 fugiendum;

352 2545 383 2570 et
405 2539 515 2570 eadem
538 2538 658 2569 ratione
682 2548 744 2578 qua
768 2538 891 2568 bonum
914 2538 1080 2578 appetitur,
1098 2538 1219 2568 malum
1238 2537 1390 2567 refutatur
1398 2545 1406 2573 ;

350 2583 422 2613 ideo
446 2589 618 2622 utrumque
640 2581 832 2612 verificatur:
858 2581 974 2612 scilicet
1000 2589 1030 2612 et
1052 2582 1139 2622 quod
1168 2589 1340 2621 utrumque
1363 2586 1410 2610 est

352 2627 512 2658 obiectum
541 2625 766 2660 diversimode,
791 2631 822 2655 et
843 2626 932 2665 quod
955 2625 1077 2655 bonum
1101 2624 1312 2655 communiter
1334 2624 1407 2654 assi-

351 2677 464 2710 gnatur
487 2676 518 2700 et
540 2669 735 2708 divulgatur;
759 2668 834 2708 quia
857 2669 980 2698 bonum
1002 2678 1058 2708 per
1081 2678 1127 2703 se,
1152 2669 1274 2698 malum
1296 2677 1407 2698 verum

308 2743 310 2746 .
351 2723 408 2753 per
430 2713 581 2748 accidens,
604 2712 683 2742 idest
706 2722 762 2752 per
777 2711 872 2748 aliud,
892 2711 1008 2742 scilicet
1026 2713 1158 2748 bonurn,
1177 2719 1222 2742 est
1237 2711 1406 2742 obiectum.

407 2757 622 2787 Veruntamen
646 2762 712 2785 esto
736 2762 845 2786 cautus
868 2755 901 2785 in
927 2765 959 2786 re
979 2756 1046 2786 hac.
1070 2756 1244 2796 Dupliciter
1260 2755 1344 2786 enim
1359 2755 1407 2785 in-

352 2800 475 2831 venitur
497 2799 726 2830 accidentalitas
749 2799 781 2828 in
803 2799 884 2829 istis:
909 2799 1024 2830 scilicet
1047 2799 1208 2830 referendo
1232 2799 1407 2840 potentiam

353 2844 392 2874 ad
415 2844 584 2880 obiectum,
609 2850 639 2873 et
662 2842 824 2873 referendo
843 2850 950 2873 actum
969 2844 1008 2873 ad
1023 2844 1192 2874 obiectum.
1217 2844 1249 2874 Si
1265 2843 1407 2874 conside-

351 2894 437 2919 retur
459 2897 596 2928 namque
620 2886 760 2927 potentia
782 2887 815 2917 in
837 2887 947 2917 ordine
977 2888 1016 2917 ad
1046 2897 1142 2918 suum
1165 2897 1221 2927 per
1243 2898 1275 2918 se
1302 2887 1407 2927 primo

353 2932 522 2968 obiectum,
546 2931 590 2962 sic
613 2931 736 2961 bonum
759 2937 805 2961 est
827 2940 883 2970 per
894 2940 927 2961 se
943 2931 1103 2962 obiectum
1122 2931 1225 2962 omnis
1240 2931 1405 2972 appetituS,

352 2976 474 3006 malurn
496 2985 570 3006 vero
594 2985 650 3016 per
673 2974 823 3005 accidens.
848 2975 889 3004 Et
910 2974 972 3005 hoc
995 2981 1041 3005 est
1064 2975 1152 3015 quod
1175 2982 1299 3006 resonat
1321 2985 1406 3005 com-

352 3019 490 3050 muniter
511 3019 544 3049 in
568 3029 621 3049 ore
645 3018 921 3058 philosophorum.
942 3019 982 3049 Et
1005 3018 1083 3049 ratio
1106 3018 1280 3058 assignatur
1302 3019 1334 3048 in
1358 3028 1406 3048 ar-

352 3064 448 3094 ticulo
473 3063 624 3103 sequenti,
642 3063 674 3092 in
690 3062 896 3102 responsione
911 3063 950 3092 ad
972 3062 1107 3093 tertium.
1120 3079 1141 3085 -
1156 3062 1188 3093 Si
1211 3072 1285 3092 vero
1306 3062 1406 3093 consi-

353 3108 476 3138 deretur
499 3107 611 3148 aliquis
635 3106 775 3146 specialis
798 3113 884 3136 actus
909 3106 1064 3146 appetitus
1083 3106 1115 3136 in
1132 3106 1240 3136 ordine
1256 3106 1295 3136 ad
1312 3116 1407 3136 suum

493 3583 602 3607 Summa
621 3582 721 3605 Tin-201..
740 3581 770 3605 D.
783 3581 896 3605 Tnoms
915 3581 947 3606 T.
966 3581 1004 3605 111.

1459 1660 1626 1710 proprium
1649 1660 1818 1698 obiectum,
1839 1661 1881 1691 sic
1905 1668 1935 1691 et
1958 1668 2099 1701 respectu
2119 1663 2194 1692 boni
2217 1670 2247 1693 et
2270 1670 2410 1704 respectu
2429 1664 2515 1700 mali,

1458 1703 1617 1734 invenitur
1635 1714 1697 1744 per
1718 1714 1752 1735 se
1776 1712 1806 1735 et
1822 1715 1886 1745 per
1907 1706 2063 1736 accidens.
2088 1708 2186 1736 Actus
2210 1706 2294 1736 enim
2315 1707 2444 1737 tendens
2460 1718 2516 1748 per

1459 1757 1491 1777 se
1514 1747 1547 1777 in
1571 1748 1704 1784 bonum
1721 1755 1767 1778 est
1783 1759 1838 1788 per
1854 1749 1989 1779 modum
2007 1750 2242 1790 prosequentis:
2268 1757 2297 1780 et
2311 1751 2441 1781 tendens
2460 1761 2516 1791 per

1459 1801 1491 1821 se
1515 1791 1547 1821 in
1571 1792 1702 1828 malum,
1727 1799 1773 1822 est
1791 1802 1847 1832 per
1861 1794 1996 1823 modum
2011 1794 2198 1824 recedentis:
2223 1794 2337 1824 bonum
2362 1794 2446 1824 enim
2469 1800 2515 1826 est

1459 1835 1543 1875 quod
1564 1837 1670 1866 omnia
1684 1841 1837 1876 appetunt
1852 1837 1885 1872 *‚
1910 1837 2032 1867 malum
2051 1848 2125 1868 vero
2149 1839 2236 1878 quod
2256 1838 2362 1868 omnia
2378 1838 2513 1878 fugiunt.

1459 1879 1551 1909 Unde
1575 1880 1666 1910 docet
1688 1879 1721 1910 in
1744 1880 1805 1910 hoc
1828 1887 1958 1911 tractatu
1974 1881 1991 1900 *
2013 1884 2134 1912 Auctor
2156 1882 2244 1922 quod
2272 1882 2445 1932 desperatio
2469 1891 2515 1914 est

1459 1930 1546 1953 actus
1570 1923 1727 1963 appetitus
1750 1934 1806 1964 per
1828 1925 1970 1955 accidens
1993 1932 2134 1966 respectu
2159 1926 2253 1960 boni,
2277 1926 2352 1966 quia
2367 1926 2513 1957 recedita

1459 1967 1563 2002 b0n03
1589 1974 1618 1998 et
1641 1967 1771 1998 audacia
1790 1975 1836 1998 est
1851 1975 1938 1999 actus
1954 1979 2010 2008 per
2026 1969 2167 1999 accidens
2182 1977 2323 2009 respectu
2339 1970 2423 2006 mali,
2439 1971 2513 2011 quia

1459 1990 1576 2041 accedit
1599 2011 1638 2040 ad
1660 2011 1796 2047 malum;
1824 2011 1920 2042 timor
1947 2022 2020 2042 vero
2051 2019 2097 2043 est
2123 2019 2210 2043 actus
2232 2023 2288 2053 per
2315 2023 2347 2044 se
2370 2021 2511 2054 respectu

1459 2054 1543 2090 mali,
1563 2055 1637 2095 quia
1655 2054 1758 2094 fugit'
1750 2065 1867 2096 ipsum.
1892 2056 1974 2086 Inter
1988 2056 2136 2096 speciales
2152 2067 2225 2097 ergo
2242 2064 2328 2087 actus
2344 2057 2513 2088 differentia

1459 2104 1520 2135 est,
1544 2099 1632 2138 quod
1655 2099 1706 2129 alii
1729 2109 1785 2139 per
1807 2109 1853 2135 se,
1878 2100 1929 2130 alii
1952 2110 2007 2140 per
2030 2100 2171 2130 accidens
2193 2107 2336 2140 respectu
2365 2102 2440 2132 boni
2463 2102 2514 2132 vel

1459 2121 1534 2171 mali
1557 2149 1643 2173 sunt:
1668 2143 1809 2182 potentia
1833 2150 1939 2174 autem
1962 2144 2031 2184 ipsa
2058 2154 2114 2184 per
2136 2154 2169 2174 se
2193 2145 2299 2175 solum
2321 2146 2443 2175 bonum
2468 2156 2513 2176 re-

1459 2185 1559 2225 spicit.
1580 2187 1620 2217 Et
1642 2196 1709 2216 non
1732 2194 1778 2217 est
1800 2187 1850 2218 hic
1870 2197 1972 2218 sermo
2002 2188 2040 2218 de
2058 2188 2091 2228 ly
2103 2198 2167 2228 per
2184 2189 2330 2219 accidens
2348 2196 2384 2219 ut
2402 2189 2511 2220 distin-

1459 2229 1565 2269 guitur
1589 2236 1697 2260 contra
1713 2240 1777 2270 per
1798 2240 1842 2268 se,
1867 2231 1948 2261 sicut
1971 2231 2104 2261 dicimus
2129 2232 2217 2271 quod
2241 2232 2350 2262 album
2373 2233 2514 2264 aedificat

1460 2282 1526 2302 non
1549 2283 1605 2313 per
1628 2284 1674 2310 se,
1699 2274 1754 2304 sed
1776 2284 1833 2313 per
1855 2275 2013 2305 accidens:
2039 2275 2092 2305 sed
2117 2282 2152 2305 ut
2175 2275 2375 2315 distinguitur
2405 2283 2514 2307 contra

1454 2326 1517 2356 per
1539 2317 1639 2354 aliud,
1664 2318 1752 2358 quod
1776 2324 1845 2358 stat,
1859 2328 1925 2348 esse
1947 2328 2004 2358 per
2026 2329 2058 2349 se
2082 2319 2231 2355 secundo,
2256 2326 2291 2349 ut
2313 2326 2408 2359 patet.

1516 2361 1568 2392 IV.
1581 2362 1628 2393 ,In
1643 2362 1850 2401 responsione
1865 2363 1905 2393 ad
1921 2363 2062 2402 primum
2080 2362 2222 2393 eiusdem
2237 2363 2365 2393 secundi
2383 2363 2514 2400 articuli,

1462 2405 1595 2436 dubium
1619 2405 1755 2436 occurrit
1778 2405 1856 2436 circa
1885 2406 1937 2436 illa
1960 2407 2069 2437 verba:
2099 2407 2190 2437 Inter
2216 2417 2324 2438 omnes
2347 2409 2514 2447 passiones

1462 2450 1721 2490 concupiscibilis,
1745 2451 1851 2491 magis
1870 2455 1916 2481 est
1930 2451 2085 2481 sensibilis
2103 2452 2366 2491 concupiscentia.
2384 2452 2513 2482 Falsum

1462 2493 1547 2523 enim
1570 2494 1631 2524 hoc
1647 2493 1778 2529 videtur,
1797 2494 1985 2534 experientia
2004 2501 2097 2524 teste:
2122 2504 2196 2524 nam
2213 2495 2335 2525 tristitia
2351 2495 2513 2526 manifeste

1463 2537 1561 2577 magis
1585 2538 1725 2573 sentitur,
1751 2544 1786 2567 ut
1805 2544 1890 2577 patet
1907 2538 1939 2568 in
1956 2538 2142 2568 cruciatibus
2163 2538 2318 2578 corporis;
2336 2545 2367 2569 et
2382 2539 2512 2569 delecta-

1461 2581 1562 2611 tiones
1573 2588 1692 2612 tactum
1704 2588 1931 2622 consequentes
1946 2581 2218 2612 vehementissime
2230 2583 2414 2613 sentiuntur.
2427 2582 2513 2612 Con-

1463 2631 1522 2655 stat
1544 2631 1651 2655 autem
1673 2625 1729 2654 has
1753 2634 1819 2655 esse
1842 2625 2003 2665 passiones
2027 2625 2288 2665 concupiscibilis.
2313 2626 2409 2666 Ergo.

1516 2669 1567 2698 Ad
1590 2668 1651 2698 hoc
1681 2668 1794 2698 dicitur
1821 2669 1910 2709 quod
1936 2668 2098 2709 passiones
2129 2679 2195 2699 esse
2224 2669 2323 2709 magis
2354 2669 2513 2700 sensibiles

1463 2711 1616 2752 contingit
1639 2712 1819 2752 dupliciter:
1844 2713 1958 2752 primo,
1982 2720 2018 2743 ut
2040 2723 2073 2743 se
2096 2720 2203 2743 tenent
2217 2723 2252 2743 ex
2268 2720 2356 2752 parte
2374 2713 2512 2752 animae;

1463 2756 1615 2792 secundo,
1641 2762 1677 2786 ut
1704 2766 1736 2786 se
1759 2762 1865 2787 tenent
1893 2766 1929 2787 ex
1955 2763 2042 2796 parte
2072 2757 2222 2796 corporis.
2246 2757 2287 2787 Et
2314 2757 2418 2797 quod,
2442 2756 2514 2787 licet

1463 2799 1602 2830 secundo
1626 2800 1725 2830 modo
1750 2800 2002 2840 concupiscentia
2025 2810 2090 2830 non
2106 2800 2145 2831 sit
2160 2801 2258 2840 magis
2277 2801 2438 2836 sensibilis,
2459 2801 2514 2830 sed

1463 2843 1564 2880 dolor,
1581 2851 1611 2874 et
1627 2844 1706 2874 forte
1726 2843 1906 2882 delectatio;
1925 2844 2029 2884 primo
2049 2851 2153 2874 tamen
2174 2845 2273 2874 modo
2290 2845 2513 2884 concupiscen-

1462 2887 1504 2918 tia
1526 2888 1607 2918 inter
1635 2887 1797 2927 passiones
1827 2887 2078 2928 concupiscibilis
2108 2894 2154 2918 est
2176 2888 2312 2918 maxime
2342 2888 2511 2918 sensibilis:

1461 2932 1579 2972 absque
1596 2932 1750 2972 corporali
1766 2941 1904 2972 namque
1922 2931 2151 2968 coniunctione,
2170 2932 2346 2971 experimur
2364 2932 2514 2972 concupi-

1461 2985 1544 3006 scere
1568 2976 1667 3016 magis
1697 2975 1881 3006 sensibiliter
1904 2985 2001 3016 quam
2024 2985 2137 3012 amare,
2155 2975 2267 3012 odisse,
2293 2983 2350 3006 etc.
2375 2976 2415 3006 Et
2438 2975 2513 3016 quia

1461 3018 1549 3059 quod
1573 3029 1604 3049 se
1628 3026 1712 3050 tenet
1736 3030 1772 3050 ex
1787 3026 1873 3058 parte
1890 3018 2021 3055 animae,
2042 3026 2088 3049 est
2103 3018 2234 3049 formale
2250 3019 2282 3049 in
2298 3019 2511 3059 passionibus;

1460 3062 1542 3099 ideo,
1563 3063 1601 3093 de
1621 3063 1818 3102 passionibus
1842 3063 1907 3094 istis
1926 3063 2099 3093 formaliter
2121 3063 2296 3103 loquendo,
2324 3063 2444 3094 dictum
2467 3069 2513 3093 est

1461 3107 1549 3147 quod
1572 3107 1826 3146 concupiscentia
1849 3113 1894 3137 est
1917 3106 2016 3146 magis
2040 3106 2202 3138 sensibilis.

2540 426 2547 433 ·
2564 424 2620 452 Cap.
2634 430 2675 446 ιιι.

2640 778 2656 807 ζ

2637 947 2653 969 ⁷1

2540 1157 2549 1164 ⁶
2566 1155 2594 1177 D.
2610 1161 2654 1183 ¹05-

2542 1839 2751 1862 ·Cf.Aristot.1oc.

2542 1866 2617 1914 oiim-t.
2630 1898 2656 1920 3;
2670 1896 2711 1914 art.
2722 1899 2750 1919 4,

2541 1918 2570 1939 ad
2588 1925 2615 1947 3;
2636 1925 2674 1946 qu.
2694 1925 2749 1946 xm,

2541 1948 2583 1966 art.
2597 1951 2617 1966 2.
