2852 4152
106 476 222 504 'Quoad
247 481 317 504 quae-

105 503 204 524 stionem
222 502 280 523 hanc
294 504 317 523 et

105 529 162 550 duas
181 531 316 556 sequentes,

104 554 157 576 vide
184 554 317 576 comment.

106 584 159 608 post
182 584 224 602 art.
242 587 259 606 4
277 585 316 607 qu.

105 612 171 628 xuu.

107 692 174 714 ’.Εἰ
193 698 233 720 qu.
246 697 316 718 xxvi,

105 722 181 767 Ἤάς
203 724 242 746 qu.
257 723 316 744 xxx,

105 1229 274 1263 *uene-ius,
289 1235 318 1257 de

105 1261 164 1312 ἔξαιΐ
167 1262 257 1312 5⁰31».
265 1268 317 1316 13,

104 1305 158 1344 dc
167 1318 214 1343 117,
221 1315 258 1337 vd
266 1319 317 1336 nu.

108 2285 120 2295 ·
134 2283 192 2312 cup.
207 2289 233 2312 n,
247 2290 272 2306 ιι.
285 2290 306 2306 2.

2 3086 22 3225 -ᾼ-,γ

12 4006 24 4152 nauta-2,

1023 260 1287 307 QUAESTIO
1316 259 1454 305 XLVI,
1483 258 1778 296 ARTJCULUS
1808 259 1839 294 11

2441 256 2515 303 293

1017 382 1347 416 commentaria
1369 380 1618 414 cardinalis
1639 379 1840 412 Caietam

373 479 393 500 ιι
407 469 539 500 articulo
559 469 663 509 primo
678 469 872 509 quaestionis
892 470 1289 510 quadragesimaesextae,
1263 468 1280 488 *
1307 469 1339 499 in
1355 478 1401 499 re-

346 481 546 554 Isponsione
569 513 609 543 ad
631 513 786 552 primurn,
812 514 935 543 adverte
960 513 1048 553 quod
1075 513 1128 543 illa
1150 513 1244 543 verba
1267 492 1400 548 litterae,

343 557 387 588 ad
409 558 491 588 iram
515 558 742 594 terminantur,
760 563 895 596 possunt
911 557 1024 587 habere
1039 558 1121 587 duos
1135 567 1254 587 sensus.
1275 556 1401 586 Primus

344 608 391 631 est
418 601 506 642 quod
535 601 651 640 singuli
673 606 781 631 motus
805 600 980 636 irascibilis,
1007 601 1123 631 scilicet
1149 607 1258 631 motus
1281 599 1348 640 spei
1372 606 1402 630 et

343 650 451 676 motus
466 644 691 684 desperationis
714 650 745 674 et
767 644 888 694 reliqui,
909 644 1117 675 terminantur
1139 645 1179 674 ad
1200 643 1296 680 iram;
1321 643 1402 674 sicut

345 688 512 719 diximus*
527 688 616 728 quod
639 698 729 718 amor
751 688 936 718 terminatur
955 689 993 718 ad
1011 688 1260 719 delectationem.
1285 687 1325 718 Et
1347 687 1398 718 hic

344 741 454 762 sensus
477 738 524 762 est
546 731 659 762 falsus:
684 741 748 761 non
774 731 859 762 enim
883 741 953 771 spes
977 732 1162 762 terminatur
1185 731 1223 761 ad
1246 731 1342 767 iram,
1366 737 1402 761 ut

1293 815 1398 823 *ww

1454 474 1548 508 patet.
1564 485 1586 491 -
1601 467 1765 498 Secundus
1780 474 1827 497 est
1842 467 1930 507 quod
1946 475 2058 496 omnes
2081 466 2242 505 passiones
2265 465 2426 496 irascibilis
2450 471 2514 496 ter-

1454 512 1615 542 minantur
1629 511 1668 541 ad
1683 511 1772 547 iram,
1796 510 1876 541 idest
1891 509 2044 540 finiuntur
2059 509 2091 539 in
2106 509 2160 545 ira,
2178 516 2329 549 tanquam
2348 509 2380 539 in
2399 509 2509 539 ultima

1455 555 1609 595 passione.
1634 555 1675 585 Et
1696 554 1758 585 hoc
1781 561 1827 585 est
1851 554 1951 584 dicere
1970 553 2057 594 quod
2073 552 2118 582 ira
2133 560 2179 583 est
2195 553 2306 583 ultima
2322 553 2437 592 passio,
2458 563 2513 583 seu

1455 599 1586 630 ultimus
1601 606 1709 630 motus
1731 598 1826 628 huius
1849 597 2018 638 potentiae,
2036 604 2067 627 et
2089 597 2211 627 notior:
2232 603 2262 626 et
2278 603 2444 636 propterea
2460 597 2513 626 de-

1455 643 1630 673 nominavit
1653 642 1838 682 potentiam.
1862 642 1902 672 Et
1924 642 1975 672 hic
1998 650 2108 673 sensus
2131 648 2178 671 est
2191 650 2294 676 verus,
2310 647 2345 670 ut
2369 646 2453 680 patet
2477 650 2514 670 ex

1455 686 1598 727 superius
1621 685 1640 704 ¹¹*
1663 686 1763 717 dictis.

1105 873 1317 916 ARTICU
1324 873 1421 915 LUS
1452 873 1750 915 SECUNDUS

880 962 1036 993 UTRUM
1059 961 1284 993 OBIECTUM
1308 961 1407 991 IRAE
1431 961 1498 991 SIT
1521 960 1687 996 BONUM,
1712 960 1797 990 VEL
1821 960 1977 991 MALUM

1113 1035 1188 1064 [nfra.
1209 1039 1256 1060 art.
1275 1034 1306 1066 ὃς
1327 1035 1368 1060 De
1386 1035 1469 1064 Malo,
1489 1043 1534 1067 qu.
1551 1042 1595 1066 ιιι,
1614 1039 1660 1059 art.
1682 1041 1705 1065 2,
1723 1042 1750 1066 4.

476 1144 533 1195 355(
555 1138 577 1164 D
592 1136 782 1163 SECUNDUM
797 1136 850 1162 sxc
864 1135 1103 1162 puocam‘run.
1119 1123 1277 1161 Videtur
1297 1122 1402 1182 quod

378 1174 425 1227 ‘22⁴¹
439 1187 484 1223 ἦ.
483 1175 529 1226 ’4
556 1177 749 1216 obiectum
785 1177 862 1215 irae
894 1177 940 1214 sit
973 1177 1129 1215 malurn.
1166 1176 1266 1213 Dicit
1299 1175 1400 1213 enim

363 1216 484 1284 ’,ᾖξε
496 1214 526 1284 'fg
557 1229 763 1279 Gregorius
777 1228 1015 1278 Nyssenus*
1032 1228 1164 1278 quod'
1156 1241 1211 1266 ira
1226 1235 1281 1265 est
1295 1228 1402 1278 quasi

349 1274 489 1318 1⁴⁸4
491 1293 500 1310 ²
524 1289 547 1315 X
540 1283 750 1333 armigera
796 1282 1138 1330 concupiscentiae:
1176 1281 1401 1340 inquantum

345 1335 484 1375 scilicet
501 1335 698 1386 impugnat
716 1334 754 1372 id
778 1334 884 1382 quod
913 1333 1259 1382 concupiscentiam
1282 1333 1400 1381 impe-

346 1388 410 1428 dit.
428 1388 527 1434 Sed
553 1399 669 1430 omne
708 1385 1026 1445 impedimentum
1063 1386 1178 1422 habet
1215 1385 1401 1422 rationem

344 1433 475 1483 φῶθ’
462 1439 592 1488 Ergo
583 1451 639 1477 ira
657 1437 806 1487 respicit
823 1438 968 1475 malum
989 1445 1171 1496 tanquam
1196 1437 1400 1474 obiectum.

342 1532 426 1582 ctu:
454 1543 649 1593 utriusque
674 1542 775 1580 enim
805 1550 860 1580 est
887 1541 1024 1579 inferre
1048 1549 1324 1579 nocumentum
1353 1541 1403 1578 al-

342 1597 424 1658 teri.
455 1596 532 1634 Sed
566 1596 698 1635 odium
736 1594 886 1645 respicit
913 1594 1056 1632 malum
1083 1602 1266 1654 tanquam
1301 1593 1403 1630 obie-

311 1674 318 1681 -
343 1642 461 1704 ctum,
481 1657 522 1686 ut
549 1661 665 1698 supra
690 1648 712 1670 *⁸
739 1648 881 1686 dictum
910 1655 977 1685 est.
998 1648 1101 1696 Ergo
1131 1647 1244 1684 etiam
1274 1654 1310 1684 et
1336 1646 1401 1683 ira.

399 1703 435 1740 3.
460 1703 702 1748 PRAETEREA,
730 1701 786 1739 ira
820 1708 993 1738 causatur
1027 1713 1073 1737 ex
1109 1699 1272 1738 tristitia:
1301 1699 1404 1737 unde

294 1770 318 1807 j
345 1743 602 1810 Philosophus
630 1730 730 1801 dicit,
758 1753 797 1791 in
810 1754 880 1791 VII
907 1753 1028 1790 Ethic.
1048 1752 1068 1775 *²
1070 1753 1204 1802 ,quod
1233 1753 1291 1790 ira
1320 1764 1404 1801 ope-

346 1812 454 1845 ratur
490 1820 576 1844 cum
612 1807 770 1851 tristztia.
801 1806 879 1844 Sed
919 1805 1084 1843 tristitiae
1121 1805 1313 1844 obiectum
1350 1812 1406 1842 est

345 1860 503 1906 malum.
523 1860 626 1909 Ergo
656 1867 693 1896 et
719 1859 808 1897 irae.

400 1913 475 1950 SED
503 1924 650 1951 CONTRA
677 1924 743 1950 EST
771 1913 876 1961 quod
903 1911 1135 1959 Augustinus
1168 1909 1275 1957 dicit,
1305 1909 1344 1947 in
1373 1911 1404 1946 ΙΙ

232 1983 239 1991 ·
287 2005 290 2015 ,
342 1951 518 2015 Ifonsess.
537 1965 569 2013 *‚
590 1966 697 2015 quod
717 1965 775 2002 ira
795 1965 933 2013 appetit
958 1964 1172 2002 vindictam.
1196 1940 1275 2000 Sed
1292 1975 1406 2012 appe-

345 2018 433 2055 titus
461 2016 649 2069 vindictae
680 2025 735 2054 est
762 2017 949 2067 appetitus
977 2017 1089 2054 boni:
1121 2029 1209 2054 curn
1240 2016 1407 2054 vindicta

345 2068 396 2108 ad
432 2062 609 2108 iustitiam
638 2070 833 2119 pertineat.
864 2070 966 2117 Ergo
1006 2069 1198 2107 obiectum
1236 2068 1314 2113 irae
1352 2074 1408 2105 est

346 2123 506 2160 bonum.

401 2187 437 2213 2.
458 2176 766 2223 PRAETEREA,'1ra
785 2187 937 2224 semper
957 2182 1012 2212 est
1032 2187 1120 2212 cum
1140 2187 1224 2223 spe:
1245 2174 1346 2211 unde
1372 2180 1408 2209 et

311 2269 315 2273 ,
348 2228 636 2266 delectationem
666 2236 805 2275 causat,
831 2235 872 2264 ut
900 2228 987 2265 dicit
1013 2228 1281 2275 Philosophus,
1306 2226 1343 2263 in
1374 2227 1405 2261 II

345 2282 534 2319 Rhetoric.
555 2281 576 2303 '¹‘
595 2281 671 2318 Sed
691 2282 771 2330 spei
792 2288 828 2317 et
847 2280 1104 2317 delectationis
1131 2279 1323 2316 obiectum
1353 2286 1408 2315 est

347 2334 508 2372 bonum.
529 2334 630 2382 Ergo
661 2341 697 2370 et
724 2333 812 2370 irae.

400 2387 626 2424 Ri-:spounsso
654 2397 839 2423 montinum
877 2385 982 2434 quod
1019 2392 1146 2422 motus
1179 2383 1406 2433 appetitivae

345 2439 492 2477 virtutis
512 2439 681 2488 sequitur
699 2446 826 2475 actum
846 2437 992 2474 virtutis
1012 2437 1324 2488 apprehensivae.
1339 2437 1406 2473 Vis

346 2499 475 2529 autem
503 2491 783 2541 apprehensiva
812 2490 1008 2540 dupliciter
1027 2489 1168 2539 aliquid
1195 2490 1407 2538 apprehen-

347 2544 416 2582 dit:
437 2557 516 2582 uno
536 2544 667 2591 modo,
683 2556 752 2593 per
766 2544 928 2580 modum
946 2542 1188 2592 incomplexi,
1203 2543 1299 2579 sicut
1318 2554 1405 2579 cum

346 2596 586 2645 intelligimus
613 2596 706 2645 quid
727 2603 782 2632 est
809 2596 949 2640 hom0;
979 2595 1052 2632 alio
1081 2594 1212 2641 modo,
1229 2606 1298 2643 per
1325 2607 1408 2631 mo-

346 2649 442 2688 dum
470 2649 671 2697 complexi,
691 2648 787 2685 sieut
814 2660 903 2684 cum
931 2647 1170 2694 intelligimus
1196 2647 1326 2683 album
1354 2647 1407 2683 in-

348 2714 431 2739 esse
458 2701 618 2739 homini.
638 2700 749 2738 Unde
778 2707 941 2748 utroque
969 2700 1088 2737 modo
1116 2699 1176 2736 vis
1203 2699 1408 2748 appetitiva

346 2761 472 2803 potest
498 2754 653 2792 tendere
672 2753 713 2791 in
739 2753 886 2790 bonum
907 2760 943 2789 et
965 2753 1123 2789 malum.
1144 2753 1218 2789 Per
1245 2752 1408 2789 modum

348 2806 504 2855 quidem
540 2805 720 2855 simplicis
749 2813 785 2842 et
815 2804 1067 2854 incomplexi,
1097 2817 1183 2842 cum
1220 2804 1406 2853 appetitus

349 2858 566 2908 simpliciter
593 2859 760 2907 sequitur
788 2858 851 2895 vel
878 2857 1048 2895 inhaeret
1076 2858 1192 2904 bono,
1221 2858 1282 2894 vel
1312 2858 1409 2894 refu-

401 2962 429 2997 α)
449 2965 570 2995 apparet.
587 2976 606 2981 -
618 2965 698 2994 patet
716 2963 762 2987 Pa.

403 2996 428 3030 β)
447 2997 564 3030 aliquod.
581 3011 601 3017 -
619 2997 680 3022 Om.
699 2997 927 3022 ABDEFGKLsC.

1455 1122 1507 1170 git
1535 1123 1692 1160 malum.
1721 1123 1770 1159 Et
1801 1123 1892 1160 tales
1926 1130 2053 1160 motus
2091 1130 2177 1160 sunt
2215 1121 2444 1166 desiderium
2483 1128 2519 1158 et

1454 1187 1552 1224 spes,
1570 1173 1767 1212 delectatio
1786 1182 1822 1211 et
1839 1174 1994 1222 tristitia,
2015 1183 2050 1211 et
2069 1174 2141 1212 alia
2154 1174 2386 1213 huiusmodi.
2403 1172 2429 1202 -’
2442 1174 2518 1214 Per

1457 1227 1617 1265 modum
1639 1235 1766 1264 autem
1796 1227 1995 1276 complexi,
2016 1227 2110 1264 sicut
2130 1240 2219 1265 cum
2238 1227 2426 1277 appetitus
2445 1227 2515 1265 fer-

1456 1287 1516 1317 tur
1534 1280 1572 1318 in
1591 1281 1666 1317 hoc
1695 1280 1798 1328 quod
1819 1279 1975 1330 aliquod
2003 1280 2149 1318 bonum
2176 1281 2239 1317 vel
2267 1280 2412 1317 malum
2432 1278 2518 1316 insit

1455 1333 1518 1369 vel
1546 1333 1612 1369 fiat
1641 1333 1739 1368 circa
1767 1333 1939 1379 alterum,
1963 1333 2024 1369 vel
2052 1332 2245 1370 tendendo
2274 1331 2313 1370 in
2340 1333 2427 1379 hoc,
2455 1332 2517 1368 vel

1457 1385 1677 1432 refugiendo
1707 1385 1755 1421 ab
1782 1386 1869 1422 hoc.
1895 1385 1999 1422 Sicut
2026 1385 2222 1424 manifeste
2251 1393 2408 1434 apparet
2435 1390 2452 1406 ‘²
2480 1384 2518 1421 in

1457 1449 1589 1474 amore
1619 1445 1654 1474 et
1682 1437 1790 1474 odio:
1817 1449 1992 1474 amamus
2021 1438 2124 1475 enim
2152 1437 2330 1487 aliquem,
2359 1437 2518 1487 inquan-

1457 1496 1538 1526 tum
1567 1490 1748 1526 volumus
1777 1489 1811 1527 ei
1840 1489 1961 1526 inesse
1988 1489 2143 1538 aliquod
2172 1491 2336 1536 bonum;
2366 1490 2517 1528 odimus

1458 1549 1586 1577 autem
1615 1541 1793 1590 aliquem,
1814 1541 2038 1589 inquantum
2058 1543 2238 1580 volumus
2259 1542 2292 1580 ei
2310 1542 2433 1580 inesse
2453 1543 2516 1580 ali-

1458 1593 1564 1641 quod
1591 1592 1606 1622 β
1634 1595 1791 1630 malum.
1823 1594 1873 1630 Et
1899 1594 2068 1631 similiter
2097 1602 2152 1632 est
2178 1595 2217 1631 in
2244 1595 2317 1632 ira:
2347 1595 2518 1644 quicum-

1459 1658 1534 1694 que
1564 1645 1665 1682 enim
1694 1645 1884 1693 irascitur,
1914 1646 2060 1695 quaerit
2085 1647 2270 1684 vindicari
2298 1648 2344 1684 de
2378 1648 2517 1696 aliquo.

1459 1699 1508 1735 Et
1527 1698 1578 1734 sic
1597 1706 1724 1735 motus
1744 1698 1821 1735 irae
1848 1698 1967 1736 tendit
1985 1699 2024 1735 in
2044 1699 2142 1736 duo:
2172 1699 2311 1736 scilicet
2329 1700 2367 1737 in
2395 1700 2519 1749 ipsam

1458 1751 1679 1798 vindictam,
1701 1750 1817 1800 quam
1841 1751 1983 1800 appetit
2002 1759 2039 1788 et
2056 1759 2183 1800 sperat
2209 1751 2305 1789 sicut
2323 1753 2519 1801 quoddam

1459 1804 1618 1850 bonum,
1639 1804 1742 1842 unde
1763 1811 1799 1841 et
1827 1804 1874 1841 de
1893 1804 1976 1853 ipsa
2005 1804 2230 1843 delectatur:
2259 1805 2378 1842 tendit
2406 1805 2519 1842 etiam

1453 1857 1498 1894 'in
1518 1856 1623 1894 illum
1644 1857 1690 1893 de
1711 1869 1788 1905 quo
1809 1857 1952 1906 quaerit
1969 1857 2188 1905 vindictam,
2207 1857 2302 1897 sicut
2319 1858 2358 1896 in
2373 1865 2519 1895 contra-

1461 1909 1559 1947 ιίιιιιι
1575 1916 1612 1949 et
1625 1909 1821 1956 nocivum,
1843 1910 1947 1959 quod
1961 1910 2122 1960 pertinet
2141 1910 2190 1948 ad
2208 1910 2396 1948 rationem
2415 1909 2516 1948 mali.

1513 1962 1583 1999 Est
1601 1970 1730 1999 tamen
1748 1967 1764 1990 Υ
1785 1961 1922 2011 duplex
1942 1962 2153 2000 differentia
2172 1963 2401 2000 attendenda
2421 1963 2519 2000 circa

1461 2015 1547 2063 hoc,
1563 2013 1640 2053 irae
1660 2014 1708 2052 ad
1730 2014 1862 2052 odium
1878 2022 1914 2052 et
1933 2015 1980 2053 ad
2001 2028 2186 2055 amor-em.
2203 2015 2378 2062 Quarum
2396 2016 2520 2064 prima

1462 2074 1529 2115 est,
1551 2067 1656 2116 quod
1674 2067 1729 2104 ira
1757 2079 1908 2116 semper
1928 2068 2078 2117 respicit
2106 2068 2182 2106 duo
2213 2068 2379 2106 obiecta:
2410 2080 2520 2107 amor

1460 2132 1553 2157 vero
1576 2127 1611 2156 et
1639 2120 1770 2157 odium
1791 2119 2022 2171 quandoque
2042 2120 2247 2169 respiciunt
2274 2134 2394 2158 unum
2415 2119 2518 2157 obie-

1463 2181 1564 2209 ctum
1592 2179 1750 2220 tantum,
1771 2172 1866 2210 sicut
1887 2185 1974 2209 cum
2004 2173 2138 2210 dicitur
2157 2173 2288 2222 aliquis
2313 2186 2444 2211 amare
2462 2173 2518 2209 vi-

1461 2238 1554 2262 num
1574 2226 1636 2262 vel
1656 2225 1798 2273 aliquid
1816 2225 2047 2272 huiusmodi,
2068 2234 2132 2262 aut
2151 2226 2264 2262 etiam
2284 2226 2401 2263 odire.
2413 2247 2437 2254 -
2453 2227 2520 2263 Se-

1463 2277 1586 2314 cunda
1615 2275 1804 2326 est,‘quia
1832 2286 2036 2326 utrumque
2066 2278 2303 2315 obiectorum
2331 2279 2435 2327 quod
2463 2291 2519 2315 re-

1462 2330 1570 2379 spicit
1588 2343 1709 2377 amor,
1731 2338 1786 2367 est
1804 2331 1972 2367 bonum:
1992 2332 2074 2367 vult
2094 2330 2195 2367 enirn
2216 2343 2349 2368 amans
2373 2332 2519 2368 bonum

1461 2383 1583 2430 alicui,
1609 2390 1791 2431 tanquam
1820 2382 1890 2420 sibi
1916 2383 2165 2420 convenienti.
2186 2384 2398 2432 Utrumque
2426 2396 2519 2420 vero

1463 2448 1597 2472 eorum
1617 2447 1716 2484 quae
1741 2435 1891 2484 respicit
1910 2435 2053 2483 odium,
2069 2437 2184 2472 habet
2203 2436 2389 2473 rationem
2409 2436 2519 2473 mali:

1461 2489 1543 2525 vult
1571 2488 1673 2525 enim
1695 2488 1828 2525 odiens
1857 2490 2002 2526 malum
2027 2489 2147 2536 alicui,
2167 2496 2348 2537 tanquam
2369 2489 2520 2526 cuidam

1461 2541 1754 2578 inconvenienti.
1783 2541 1860 2577 Sed
1897 2541 1951 2577 ira
1986 2541 2136 2590 respicit
2171 2554 2292 2578 unum
2328 2541 2520 2578 obiectum

1462 2594 1672 2630 secundum
1687 2594 1871 2630 rationem
1892 2593 1994 2640 boni,
2011 2594 2150 2630 scilicet
2168 2594 2388 2642 vindictam,
2405 2606 2522 2643 quam

1462 2646 1624 2695 appetit:
1654 2653 1691 2682 et
1709 2646 1810 2683 aliud
1839 2646 2051 2683 secundum
2080 2646 2265 2683 rationem
2294 2647 2384 2683 mali
2401 2646 2432 2693 ⁸³,
2453 2647 2522 2684 sci-

1461 2698 1545 2735 licet
1571 2698 1770 2735 hominem
1799 2698 2001 2746 nocivum,
2033 2699 2079 2735 de
2108 2711 2186 2748 quo
2213 2700 2294 2736 vult
2323 2675 2520 2737 vindicari.

1464 2752 1512 2788 Et
1538 2751 1625 2788 ideo
1664 2759 1720 2788 est
1746 2751 1871 2800 passio
1909 2751 2200 2800 quodammodo
2236 2752 2449 2801 composita
2477 2764 2523 2793 ex

1463 2803 1657 2840 contrariis
1684 2803 1936 2853 passionibus.

1516 2856 1565 2893 Et
1593 2868 1661 2905 per
1688 2857 1763 2894 hoc
1789 2864 1892 2905 patet
1920 2857 2116 2906 responsio
2146 2857 2194 2894 ad
2224 2857 2383 2895 obiecta.

1516 2962 1543 2995 γ)
1564 2966 1661 2988 tamen.
1679 2976 1698 2982 -—
1717 2963 1785 2987 enim
1805 2963 1837 2992 K,
1855 2965 1944 2988 autern
1964 2963 1992 2986 P.

1028 3076 1358 3109 Commentariun
1380 3075 1629 3109 Garamans
1649 3060 1849 3109 'Caietam

379 3176 399 3196 N
427 3165 558 3197 articulo
588 3164 728 3196 secundo
756 3164 898 3196 eiusdem
921 3164 1114 3205 quaestionis
1142 3163 1412 3206 quadragesimae

352 3177 493 3245 Isextae‚
517 3208 595 3239 scito
618 3209 707 3249 quod
731 3208 888 3240 distinctio
913 3207 1015 3239 facta
1006 3219 1040 3239 in
1064 3208 1174 3245 littera,
1191 3208 1280 3252 quod
1302 3215 1411 3239 motus

351 3253 509 3293 appetitus
533 3252 631 3283 fertur
656 3253 690 3283 in
720 3252 881 3284 obiectum
902 3261 959 3292 per
988 3252 1124 3283 modum
1152 3231 1361 3292 incomplexi,
1381 3258 1412 3282 et

349 3307 408 3338 per
436 3298 572 3327 modum
595 3296 770 3337 complexi,
793 3296 977 3336 intelligitur
1005 3295 1178 3326 formaliter
1199 3302 1230 3326 et
1252 3295 1410 3336 explicite.

348 3348 388 3372 ut
406 3348 492 3381 patet
513 3341 546 3372 in
561 3340 733 3372 numeratis
755 3340 956 3380 passionibus
978 3350 1034 3380 per
1053 3341 1189 3371 modum
1211 3339 1411 3380 incomplexi.

350 3385 553 3417 Desiderium
573 3386 660 3415 enim
683 3391 713 3415 et
735 3394 816 3425 spes,
842 3384 868 3415 si
892 3384 1129 3416 considerentur
1151 3383 1273 3414 obiecta
1301 3393 1412 3414 secun-

354 3429 432 3459 dum
455 3429 616 3470 implicita,
635 3428 889 3468 complexionem
903 3428 1034 3458 habent:
1057 3428 1164 3458 nullus
1188 3427 1273 3458 enim
1291 3427 1412 3458 deside·

354 3479 401 3503 rat
423 3473 482 3502 nisi
506 3473 565 3503 sibi
591 3472 641 3502 vel
669 3472 756 3502 alteri
783 3473 922 3508 bonum,
949 3478 979 3502 et
1002 3472 1143 3502 similiter
1174 3471 1280 3502 nullus
1309 3478 1412 3511 sperat

353 3516 477 3547 bonurn
496 3516 585 3547 nulli.
602 3516 664 3546 Sed
680 3516 705 3546 si
719 3515 895 3547 secundum
911 3515 1053 3556 explicita
1077 3515 1198 3546 obiecta
1214 3515 1412 3546 consideren-

354 3566 415 3597 tur,
435 3560 648 3601 incomplexio
679 3560 854 3591 invenitur:
876 3566 922 3590 est
945 3559 1030 3590 enim
1059 3559 1249 3590 desiderium
1277 3556 1412 3590 absentis

1465 3164 1557 3200 boni,
1582 3171 1614 3195 et
1636 3174 1707 3204 spes
1731 3164 1837 3197 futuri.
1861 3167 1978 3195 Amare
2001 3171 2109 3195 autem
2137 3171 2185 3196 est
2210 3165 2291 3196 uelle
2318 3165 2434 3196 bonum
2463 3165 2524 3196 ali-

1464 3209 1526 3246 cui,
1544 3215 1580 3239 ut
1602 3208 1635 3238 in
1659 3208 1858 3240 11Rhetoric.
1878 3208 1896 3228 *
1919 3208 2049 3241 dicitur:
2073 3209 2128 3241 ubi
2151 3209 2295 3250 explicite
2317 3216 2403 3249 patet
2426 3210 2524 3250 appli-

1465 3252 1546 3283 catio
1569 3252 1665 3283 huius
1684 3252 1724 3282 ad
1747 3251 1818 3288 hoc,
1843 3262 1880 3283 ex
1900 3259 1989 3293 parte
2012 3252 2136 3284 obiecti.
2155 3253 2292 3284 Intendit
2306 3263 2380 3293 ergo
2404 3256 2525 3287 Auctor

1465 3296 1552 3337 quod
1577 3295 1733 3337 quaedam
1756 3295 1919 3336 passiones
1942 3303 2020 3328 sunt
2039 3306 2175 3338 quarum
2205 3297 2326 3328 obiecta
2350 3297 2526 3328 consistunt

1465 3340 1608 3380 explicite
1637 3339 1670 3370 in
1698 3339 1913 3380 applicatione·
1936 3340 2031 3372 huius
2049 3341 2095 3371 'ad
2122 3341 2200 3378 hoc,
2232 3341 2388 3382 quaedam
2418 3347 2524 3371 autem

1466 3394 1540 3415 non.

1519 3428 1561 3458 Et
1577 3438 1614 3458 ex
1630 3427 1691 3458 hoc
1706 3428 1874 3460 solvuntur
1887 3429 1968 3459 duae
1985 3428 2179 3460 obiectiones
2194 3428 2221 3459 *.
2234 3428 2339 3459 Prima
2354 3435 2401 3460 est
2416 3429 2454 3459 de
2470 3438 2526 3469 spe

1465 3478 1495 3502 et
1519 3472 1683 3508 desiderio,
1701 3473 1867 3513 quomodo
1887 3479 2111 3513 computentur
2126 3473 2207 3503 inter
2223 3482 2273 3502 eas
2289 3482 2371 3513 quae
2385 3482 2442 3512 per
2457 3483 2526 3503 mo-

1466 3516 1544 3546 dum
1559 3516 1751 3556 incomplexi
1767 3523 1856 3547 sunt:
1879 3527 1952 3547 cum
1968 3516 2134 3557 respiciant
2150 3518 2284 3554 bonum,
2301 3523 2331 3547 et
2346 3526 2524 3556 personam.

1466 3559 1611 3590 Secunda
1634 3566 1689 3596 est,
1710 3561 1878 3601 quomodo
1901 3570 1991 3591 amor
2015 3560 2286 3601 concupiscentiae
2310 3570 2376 3601 quo
2404 3567 2528 3591 amatur

2544 680 2552 688 ·
2565 679 2649 705 Qu.xx

2651 685 2672 704 v,
2680 681 2723 700 art.
2732 684 2754 706 3.

2550 2651 2558 2659 ·
2575 2649 2604 2670 Β.
2619 2654 2671 2676 790·

2553 3215 2562 3224 ·
2578 3214 2680 3241 Cap.¹v,
2696 3219 2719 3233 n.
2729 3218 2748 3233 ι.

2553 3436 2569 3466 ᾗ
2579 3435 2616 3465 Cf.¹
2631 3440 2714 3462 corpus
2729 3439 2765 3455 ar-

2553 3464 2617 3484 ticuli
2622 3477 2627 3481 .
