2846 4146
146 2023 158 2038 a
177 2033 182 2038 .
196 2023 226 2044 ιν,
241 2022 263 2038 n.
274 2022 294 2044 3.
307 2026 318 2032 -

179 2058 185 2064 .
203 2044 254 2065 lect.
271 2049 301 2064 tv.

116 3385 256 3434 &aaz
261 3388 326 3433 ἒῗὲὲ.

343 236 420 271 420

344 305 433 346 quod
456 304 588 344 qualitas
611 303 664 333 illa
691 314 772 344 quae
791 310 837 334 est
853 303 1027 343 dispositio
1045 313 1210 344 nunquam
1227 302 1283 333 erit
1299 311 1400 332 essen-

344 349 457 379 tialiter
467 347 599 383 habitus,
616 348 760 388 quamvis
776 345 855 378 forte
869 348 992 378 habitus
1008 348 1142 377 modum
1158 347 1271 376 habere
1287 345 1399 386 possit:

344 393 399 423 sed
423 392 587 432 dispositio
612 398 657 422 est
680 391 812 432 qualitas
832 391 1007 422 secundum
1023 401 1055 420 se
1072 391 1161 421 facile
1180 389 1322 424 mobilis;
1347 388 1400 418 ha-

344 436 427 466 bitus
446 446 520 466 vero
538 442 583 466 est
598 435 731 476 qualitas
748 445 784 465 ex
801 442 911 465 natura
927 445 982 464 sua
1002 434 1125 464 difficile
1149 432 1285 463 mobilis.
1303 450 1323 455 —
1340 431 1400 461 Ve-

343 490 416 510 rum
435 479 619 510 huiusmodi
638 479 770 520 qualitas
787 479 879 509 habet
903 478 1061 518 duplicem
1085 484 1210 507 statum.
1235 476 1292 506 Est
1316 475 1400 505 enim

345 524 538 574 quandoque
561 523 594 553 in
618 533 649 553 se
673 523 803 573 quidem
824 523 957 557 habitus,
975 521 1030 551 sed
1045 531 1100 560 per
1118 521 1252 550 modum
1268 518 1400 558 disposi-

345 567 439 598 tionis
462 567 617 603 inhaeret,
642 567 716 607 quia
745 566 832 599 facile
860 565 1019 604 corrumpi
1047 571 1166 604 potest:
1192 570 1226 593 ut
1254 569 1339 602 patet
1362 562 1413 591 de‘

345 611 472 642 scientia
488 621 543 651 per
561 611 697 650 primam
713 609 1013 640 demonstrationem
1030 607 1189 648 acquisita,
1208 613 1238 637 et
1253 616 1318 636 non
1334 616 1400 635 me-

345 656 496 686 ditatione
520 654 650 684 firmata.
677 654 877 703 Quandoque
895 659 1000 682 autem
1017 658 1046 682 et
1062 651 1093 680 in
1110 661 1142 680 se
1159 658 1204 680 est
1219 650 1353 685 habitus,
1371 655 1401 679 et

344 699 376 729 in
401 706 482 730 statu
505 698 647 728 habitus:
672 697 745 738 quia
761 707 815 736 per
831 696 965 726 modum
990 695 1127 730 habitus,
1149 694 1280 724 habetur
1304 693 1400 723 firmi-

344 750 404 779 ter,
429 750 486 773 etc.

401 787 438 817 II.
454 787 541 817 Sicut
556 792 661 815 autem
677 784 708 814 in
726 783 992 814 communissimis
1007 782 1179 812 rationibus
1196 781 1314 821 primae
1331 791 1399 821 spe-

345 830 402 861 ciei
425 829 581 870 qualitatis
604 828 761 858 invenitur
783 827 907 857 habitus
931 826 1105 866 dupliciter,
1130 826 1246 856 scilicet
1259 835 1315 865 per
1331 835 1400 855 mo-

345 875 423 905 dum
447 872 670 913 dispositionis,
688 878 718 901 et
733 881 789 910 per
805 871 938 900 modum
962 870 1103 908 habitus;
1128 876 1158 900 et
1181 877 1301 910 praeter
1324 869 1400 900 haec

345 917 520 966 dispositio,
537 917 600 946 sive
620 925 676 955 per
698 915 833 945 modum
856 913 1081 954 dispositionis,
1106 913 1170 944 sive
1194 923 1249 953 per
1265 914 1400 943 modum

344 962 484 991 habitus:
509 960 551 990 ita
570 959 601 989 in
617 959 730 989 virtute
750 965 785 989 ut
800 958 852 994 sic,
877 968 959 998 quae
982 964 1027 988 est
1050 957 1167 998 species
1191 957 1326 993 habitus,
1350 957 1398 987 in-

343 1005 467 1035 venitur
482 1003 614 1044 qualitas
630 1012 710 1043 quae
727 1010 772 1032 est
788 1001 989 1032 essentialiter
1011 1001 1119 1039 virtus,
1145 1001 1320 1041 dupliciter,
1344 1001 1400 1031 sci-

343 1050 414 1079 licet
429 1048 546 1078 habens
569 1053 684 1077 statum
706 1045 839 1081 virtutis,
864 1052 895 1076 et
917 1055 982 1075 non
998 1045 1116 1075 habens
1132 1052 1248 1075 statum
1264 1045 1400 1081 virtutis;

344 1100 374 1123 et
396 1098 516 1132 praeter
537 1091 613 1120 haec
631 1090 788 1120 invenitur
804 1090 861 1119 sub
879 1089 981 1129 specie
997 1089 1222 1129 dispositionis,
1239 1088 1400 1119 inclinatio

344 1146 398 1166 seu
416 1134 580 1175 dispositio
597 1135 636 1164 ad
650 1134 807 1164 virtutem.
828 1134 875 1163 Ex
890 1133 939 1163 his
962 1140 1068 1163 autem
1084 1133 1192 1169 tribus,
1210 1133 1326 1163 scilicet
1340 1133 1401 1162 vir-

343 1186 409 1210 tute
432 1179 464 1209 in
489 1185 569 1209 statu
593 1178 724 1214 virtutis,
741 1178 854 1208 virtute
870 1187 935 1207 non
951 1177 983 1207 in
1001 1183 1082 1207 statu
1098 1177 1230 1213 virtutis,
1248 1183 1279 1207 et
1294 1177 1401 1217 dispo-

344 1224 456 1254 sitione
472 1223 511 1252 ad
525 1222 686 1258 virtutem;
703 1222 770 1252 sola
786 1221 887 1261 prima
899 1221 996 1252 virtus
1013 1220 1148 1261 perfecta
1164 1227 1210 1251 est
1225 1228 1255 1252 et
1271 1221 1400 1251 dicitur:

343 1269 454 1303 immo,
479 1273 515 1296 ut
537 1266 569 1296 in
592 1272 704 1306 quarto
725 1265 855 1296 articulo
881 1265 1006 1302 dicitur,
1031 1265 1107 1296 haec
1131 1265 1197 1295 sola
1221 1265 1402 1305 simpliciter

344 1318 374 1342 et
397 1310 523 1351 proprie
545 1310 643 1340 virtus
672 1309 793 1340 dicitur.
822 1309 863 1339 Et
891 1309 970 1340 ratio
1001 1309 1033 1340 in
1061 1316 1213 1349 promptu
1238 1315 1301 1339 est:
1326 1309 1402 1349 quia

343 1355 491 1385 virtutem
507 1354 633 1394 proprie
649 1361 679 1384 et
694 1353 876 1393 simpliciter
899 1360 1025 1393 oportet
1041 1363 1107 1383 esse
1123 1353 1314 1393 principium
1328 1363 1402 1393 ope-

343 1399 384 1429 ris
395 1398 526 1428 virtuosi
541 1397 731 1437 simpliciter,
752 1404 782 1428 et
797 1407 863 1427 non
879 1397 1055 1428 secundum
1071 1397 1148 1438 quid
1157 1406 1165 1433 ;
1181 1397 1280 1427 virtus
1295 1403 1401 1428 autem

344 1453 410 1473 non
432 1442 465 1472 in
481 1448 562 1473 statu
585 1441 717 1478 virtutis,
742 1441 802 1472 tale
826 1451 908 1481 opus
931 1451 997 1472 non
1021 1441 1102 1478 facit,
1123 1441 1198 1482 quia
1221 1441 1402 1472 defectuosa

345 1494 399 1523 est,
425 1492 535 1526 utpote
558 1486 676 1525 privata
700 1485 830 1525 proprio
853 1491 957 1516 statu..

400 1530 450 1561 Sic
473 1539 547 1570 ergo
570 1529 693 1560 virtutis
723 1529 876 1569 perfectae
905 1529 1052 1565 nomine,
1082 1528 1215 1570 qualitas
1247 1539 1328 1570 quae
1356 1536 1402 1560 est

344 1575 456 1610 virtus,
481 1580 598 1604 statum
619 1573 743 1604 virtutis
766 1573 900 1609 habens,
924 1572 1117 1612 intelligitur.
1141 1573 1272 1604 Virtutis
1295 1580 1402 1604 autem

344 1618 545 1658 imperfectae
567 1617 707 1653 nomine,
731 1617 803 1647 licet
825 1618 1001 1648 secundum
1016 1616 1242 1657 proprietatem
1257 1618 1403 1648 vocabuli

345 1663 412 1692 sola
434 1662 532 1692 virtus
555 1662 730 1692 secundum
750 1661 917 1691 essentiam
940 1667 971 1692 et
986 1660 1133 1692 deficiens
1148 1661 1290 1692 videatur
1312 1661 1403 1692 intel-

345 1706 408 1746 ligi,
426 1706 500 1747 quia
514 1706 612 1736 virtus
635 1705 817 1745 imperfecta
833 1705 907 1735 dicit
921 1705 1069 1736 virtutem
1085 1711 1116 1735 et
1130 1705 1403 1745 imperfectionem

346 1750 429 1786 eius;
454 1757 581 1781 extenso
609 1756 714 1780 tamen
743 1759 797 1779 seu
821 1749 1063 1779 accommodato
1085 1749 1256 1785 vocabulo,
1280 1749 1403 1780 virtutis

345 1794 545 1834 imperfectae
561 1793 691 1823 nomine
707 1793 890 1832 intelligitur
905 1800 969 1823 tam
984 1792 1083 1823 virtus
1099 1792 1244 1823 deficiens
1261 1794 1292 1823 in
1309 1800 1400 1829 statu,

346 1848 445 1878 quam
468 1837 632 1877 dispositio
656 1838 695 1867 ad
717 1837 875 1872 virtutem,
899 1836 1081 1876 praesertim
1105 1837 1131 1866 si
1155 1843 1201 1867 est
1225 1836 1356 1868 firmata.

404 1882 438 1911 In
462 1891 527 1922 quo
551 1887 658 1911 autem
677 1880 826 1910 consistat
840 1880 962 1910 virtutis
978 1880 1119 1916 essentia,
1137 1890 1173 1910 ex
1188 1890 1242 1920 qu.
1258 1891 1298 1911 ιν
1315 1881 1400 1912 colli-

344 1936 416 1966 gere
438 1925 564 1965 poteris.
589 1925 624 1954 In
647 1934 714 1964 quo
738 1930 845 1954 autem
865 1923 1015 1964 perfectio
1038 1930 1136 1954 status
1151 1924 1274 1955 virtutis
1298 1925 1401 1956 consi-

345 1976 414 2007 stat,
438 1979 475 1999 ex
497 1968 598 1999 littera
620 1968 750 2009 quidem
773 1967 868 1998 unico
891 1968 987 1998 verbo
1011 1967 1116 2004 habes,
1140 1969 1248 2008 quoad
1271 1969 1401 2005 morale,

344 2013 460 2044 scilicet
483 2013 571 2054 quod
594 2013 728 2042 inclinat
743 2012 785 2042 ad
800 2012 915 2042 bonum
931 2011 1017 2042 bene.
1041 2011 1088 2042 Ex
1104 2012 1130 2042 11
1146 2018 1254 2042 autem
1268 2013 1370 2044 Ethic.
1385 2013 1403 2032 *

345 2057 526 2098 explicatius
549 2056 644 2086 habes
669 2056 757 2096 quod
779 2056 892 2094 sciens,
910 2055 998 2096 quod
1017 2056 1149 2096 eligens,
1167 2057 1255 2096 quod
1268 2062 1404 2098 propter

345 2103 413 2139 hoc,
438 2101 527 2142 quod
550 2100 750 2130 immobiliter
772 2100 890 2130 habens
909 2100 1022 2139 ipsam,
1047 2105 1205 2140 operetur.
1230 2101 1272 2131 Et
1295 2111 1403 2131 conse-

344 2152 476 2186 quenter
504 2144 686 2184 imperfecta
713 2143 810 2174 virtus
835 2150 881 2174 est
916 2143 941 2173 si
970 2143 1090 2184 aliquid
1119 2144 1237 2175 horum
1264 2144 1402 2177 deficiat:

344 2189 489 2231 quamvis
513 2189 598 2219 enim
620 2189 743 2218 bonum
766 2194 842 2218 tunc
864 2187 960 2224 fieret,
985 2198 1050 2218 non
1073 2195 1180 2218 tamen
1202 2189 1292 2219 bene.

403 2233 454 2263 III.
478 2233 518 2263 Et
541 2232 630 2268 scito,
654 2232 782 2268 novifie,
807 2232 895 2272 quod
918 2231 1011 2262 alicui
1034 2231 1176 2273 qualitati
1193 2232 1354 2264 inclinanti
1370 2233 1403 2264 in

345 2279 468 2308 bonum
491 2276 619 2317 aliquid,
644 2275 810 2315 dupliciter
828 2276 935 2306 deesse
947 2282 1051 2315 potest
1066 2275 1172 2317 aliqua
1187 2277 1310 2307 virtutis
1329 2287 1404 2308 con-

346 2321 433 2352 ditio.
457 2320 582 2356 Primo,
612 2319 650 2349 de
674 2319 900 2359 pertinentibus
928 2319 967 2349 ad
995 2319 1132 2359 speciem
1158 2330 1214 2350 seu
1237 2321 1404 2352 essentiam

346 2364 478 2395 virtutis.
503 2364 546 2395 Ut
569 2364 594 2393 si
618 2363 762 2393 deficeret
784 2370 866 2394 recta
888 2363 966 2394 ratio
989 2363 1039 2393 vel
1058 2363 1169 2394 electio
1184 2364 1235 2394 vel
1257 2365 1404 2404 proprius

346 2408 417 2439 finis
440 2409 473 2438 in
495 2407 604 2438 habitu
627 2407 804 2446 agibilium,
829 2417 895 2437 non
918 2414 998 2438 esset
1020 2407 1053 2437 in
1076 2407 1204 2438 veritate
1226 2408 1324 2438 virtus
1347 2419 1405 2440 nec

346 2452 483 2493 perfecta
502 2462 558 2482 nec
574 2451 770 2491 imperfecta:
796 2450 949 2482 diceretur
966 2458 1072 2482 tamen
1090 2451 1188 2482 virtus
1211 2451 1404 2492 imperfecta,

347 2497 427 2527 sicut
450 2495 614 2535 dispositio
634 2495 674 2525 ad
689 2495 846 2525 virtutem.
872 2495 964 2525 Unde
979 2495 1004 2524 si
1021 2495 1092 2535 quis
1108 2495 1287 2526 habituatus
1304 2503 1350 2527 est
1365 2497 1404 2526 ad

346 2539 550 2570 abstinentiae
565 2539 615 2569 vel
635 2538 780 2569 castitatis
796 2539 959 2569 materiam
983 2548 1048 2568 non
1069 2539 1245 2569 secundum
1262 2540 1404 2579 regulam

347 2583 485 2619 rationis,
511 2589 565 2613 aut
587 2593 654 2613 non
677 2582 828 2612 elecn'one
851 2589 981 2622 propter
997 2582 1104 2622 ipsum
1119 2583 1242 2613 bonum
1258 2583 1404 2620 rationis;

346 2628 416 2658 talis
438 2627 562 2658 habitus
578 2636 635 2657 nec
650 2634 704 2662 est,
721 2636 779 2656 nec
794 2626 852 2656 erit
870 2636 1014 2667 unquam
1029 2626 1143 2663 virtus;
1168 2627 1222 2657 sed
1238 2627 1404 2667 dispositio

346 2678 471 2702 tantum
485 2671 524 2701 ad
539 2671 698 2701 virtutem.
714 2688 735 2693 -
752 2670 908 2707 Secundo,
926 2671 965 2701 de
983 2670 1211 2710 pertinentibus
1230 2671 1269 2701 ad
1288 2678 1405 2703 statum

347 2722 471 2746 tantum
486 2714 617 2746 virtutis.
646 2715 688 2745 Ut
704 2715 729 2744 si
746 2713 891 2745 deficeret
905 2714 1110 2745 immobilitas
1127 2722 1181 2745 aut
1197 2715 1336 2746 extensio
1352 2723 1406 2747 aut

349 2759 452 2790 debita
468 2759 633 2799 dispositio
650 2758 789 2794 subiecti,
803 2765 883 2788 esset
897 2758 1027 2799 quidem
1042 2758 1223 2798 imperfecta
1238 2759 1346 2796 virtus,
1363 2760 1406 2791 sic

348 2803 436 2843 quod
459 2809 564 2842 potest
587 2803 696 2832 eadem
719 2811 854 2832 numero
871 2812 937 2833 esse
953 2802 1090 2843 perfecta
1105 2809 1135 2833 et
1150 2802 1332 2843 simpliciter
1347 2804 1405 2834 vir·

348 2854 409 2883 tus,
435 2846 543 2877 ablatis
565 2847 626 2876 illis
650 2846 832 2877 defectibus.

405 2890 574 2930 Oportebit
596 2900 669 2930 ergo
694 2897 724 2921 te
748 2897 877 2921 cautum
901 2900 976 2926 esse,
1001 2900 1075 2921 cum
1098 2891 1137 2921 de
1159 2890 1273 2922 virtute
1292 2891 1406 2932 imper-

350 2934 429 2965 fecta
453 2941 498 2965 est
520 2943 638 2965 sermo:
663 2945 702 2964 an
725 2934 915 2973 intelligatur
943 2934 986 2964 ibi
1016 2935 1054 2965 de
1081 2934 1263 2976 imperfecta
1287 2935 1407 2966 ratione

350 2985 466 3015 status;
490 2989 530 3009 an
546 2978 620 3019 quia
635 2978 799 3018 dispositio
819 2985 943 3009 tantum
959 2985 1014 3009 est.
1038 2979 1079 3009 Et
1095 2979 1205 3009 eadem
1221 2986 1346 3020 oportet
1361 2980 1407 3011 uti

351 3022 480 3058 cautela,
505 3032 579 3052 cum
602 3022 707 3061 negari
730 3022 886 3052 inveneris
909 3022 1065 3056 rationem
1081 3023 1207 3063 proprie
1223 3023 1272 3054 vel
1288 3023 1407 3064 simpli—

351 3066 425 3096 citer
440 3066 572 3096 virtutis.
589 3066 672 3096 Scies
689 3073 795 3096 autem
815 3066 986 3096 discernere
1002 3066 1211 3097 intentionem
1226 3067 1354 3104 litterae,
1372 3068 1407 3105 si,

351 3109 526 3140 secundum
549 3119 633 3139 nunc
656 3110 755 3146 dicta,
779 3110 948 3150 inspexeris
972 3120 1011 3140 an
1035 3111 1145 3141 eadem
1168 3111 1301 3152 qualitas
1324 3121 1408 3152 quae

351 3160 482 3192 negatur
496 3153 604 3189 virtus,
621 3153 659 3183 sit
674 3154 882 3193 postmodum
897 3154 1004 3190 virtus,
1022 3155 1072 3184 vel
1087 3164 1152 3185 non
1165 3163 1171 3185 x
1192 3155 1356 3195 quoniam,
1373 3162 1408 3186 ut

351 3203 445 3236 patet,
459 3197 484 3227 si
497 3197 637 3237 primum
653 3197 817 3233 inveneris,
835 3197 872 3228 de
889 3207 953 3228 non
969 3198 1083 3228 virtute
1099 3199 1275 3230 secundum
1290 3205 1408 3230 statum

352 3247 398 3271 est
421 3250 542 3277 serm0;
567 3240 592 3270 si
612 3241 797 3277 secundum,
823 3241 860 3271 de
884 3251 949 3271 non
972 3242 1086 3273 virtute
1110 3243 1285 3274 secundum
1302 3253 1406 3274 essen-

351 3284 438 3314 tiam.
463 3285 504 3315 Et
525 3285 588 3315 hoc
606 3284 632 3314 si
655 3284 833 3320 servaveris,
858 3294 923 3314 non
945 3286 1104 3325 vagaberis
1128 3287 1168 3316 ad
1191 3287 1407 3327 quaerendum

353 3328 554 3359 constitutiva
571 3328 725 3359 virtutum
745 3327 778 3358 in
801 3338 868 3358 esse
891 3328 1013 3360 virtutis
1037 3330 1069 3359 in
1095 3339 1207 3370 genere
1230 3331 1407 3368 relationis,

353 3379 388 3402 ut
411 3372 524 3402 Scotus
547 3372 668 3412 putavit
683 3371 715 3402 *z
741 3372 795 3402 sed
818 3371 1043 3412 perfectionem
1067 3380 1207 3404 statuum
1229 3375 1407 3415 perquires;

353 3422 408 3446 aut
430 3426 531 3446 novae
552 3415 674 3446 virtutis
689 3415 923 3456 generationem
939 3416 1072 3453 facilem,
1091 3424 1165 3457 post
1183 3417 1278 3448 talem
1293 3428 1329 3449 ac
1343 3425 1409 3450 tan-

353 3465 419 3490 tam
443 3459 693 3500 dispositionem.

412 3503 464 3534 IV.
489 3503 524 3533 In
547 3504 660 3534 eodem
683 3503 786 3543 primo
811 3503 942 3534 articulo
970 3504 1163 3544 quaestionis
1189 3505 1410 3545 sexagesimae-

355 3546 492 3586 quintae,
512 3547 646 3577 dubium
670 3547 707 3577 de
725 3547 920 3578 connexione
935 3547 1088 3578 virtutum
1104 3558 1140 3578 ex
1156 3549 1251 3579 Scoto
1268 3549 1409 3589 resurgit.

1039 224 1303 270 QUAESTIO
1334 222 1451 269 LXV,
1482 221 1776 258 ARTICULUS
1807 222 1819 256 I

1457 301 1526 339 Ipse
1550 310 1697 340 namque,
1714 300 1745 330 in
1764 300 1803 330 111
1820 300 1919 338 Seni„
1944 299 2014 331 dist.
2031 311 2134 337 xxxvi,
2159 301 2260 332 solam
2284 301 2513 332 connexionem

1455 344 1577 374 virtutis
1602 344 1728 374 moralis
1752 350 1826 374 cum
1850 344 2015 383 prudentia
2034 355 2099 381 sua,
2117 345 2196 376 idest
2211 345 2294 376 illius
2309 345 2467 382 materiae,
2484 352 2514 376 et

1456 397 1521 417 non
1537 397 1553 417 e
1570 395 1687 423 contra,
1705 394 1830 423 tenens;
1856 394 1945 427 putat
1961 398 2017 419 nec
2034 389 2233 428 prudentiam
2249 389 2403 419 moralem
2418 389 2513 420 virtu-

1455 437 1535 466 tem,
1561 441 1617 461 nec
1640 431 1795 461 moralem
1817 430 1966 461 virtutem
1987 432 2188 471 prudentiam
2212 432 2410 472 simpliciter,
2434 433 2515 463 idest

1455 474 1552 504 totius
1575 474 1706 514 agibilis,
1724 483 1781 504 nec
1805 483 1903 504 unam
1919 475 2073 505 moralem
2086 476 2234 506 virtutem
2250 476 2343 506 aliam
2359 476 2514 506 moralem

1455 518 1631 557 coexigere:
1656 519 1711 548 sed
1734 518 1829 548 simul
1853 525 1932 548 stare
1955 519 2044 559 quod
2067 519 2180 560 aliquis
2203 519 2243 550 sit
2266 525 2457 559 temperatus
2480 519 2512 551 in

1454 571 1593 597 summo,
1607 569 1637 592 et
1652 568 1758 592 tamen
1774 571 1895 598 avarus,
1908 562 2053 599 iniustus,
2066 570 2124 594 etc.
2139 564 2181 594 Et
2195 570 2231 594 ut
2245 563 2388 594 distincte
2404 563 2514 593 omnia

1454 605 1675 645 percipiantur,
1692 605 1796 645 primo
1819 605 2033 636 recitabuntur
2055 617 2112 637 sua
2135 607 2268 643 motiva;
2293 607 2443 643 secund0,
2461 607 2513 637 de-

1454 649 1655 679 clarabuntur
1667 649 1873 680 fundamenta
1884 649 2020 680 veritatis
2030 647 2058 687 *;
2075 651 2178 689 tertio,
2189 650 2316 681 satisfiet
2327 650 2457 680 obiectis
2466 650 2510 681 **.

1509 693 1622 732 Arguit
1640 693 1744 733 primo
1760 693 1873 724 Scotus
1887 693 1904 712 *
1927 700 2036 724 contra
2051 695 2281 725 connexionem
2294 694 2458 731 virtutum,
2476 704 2512 724 ex

1454 737 1515 767 hoc
1538 737 1626 777 quod
1650 743 1724 767 sunt
1746 736 1953 776 perfectiones
1976 737 2130 777 partiales.
2160 738 2298 775 Quando
2322 738 2408 768 enim
2438 744 2512 768 sunt

1454 781 1560 820 plures
1587 780 1795 820 perfectiones
1823 781 1968 820 partiales
1998 781 2149 823 eiusdem>
2169 782 2383 821 perfectibilis,
2408 788 2513 822 potest

1453 824 1628 864 perfectum
1649 834 1715 855 esse
1730 825 1810 855 illud
1830 824 2020 864 perfectibile
2034 826 2210 856 secundum
2226 835 2334 862 unam,
2352 834 2382 857 et
2397 826 2512 866 imper·

1453 868 1572 899 fectum
1596 869 1772 899 secundum
1791 869 1900 899 aliam:
1925 875 1960 899 ut
1974 875 2060 908 patet
2078 869 2111 898 in
2127 869 2254 901 Socrate
2269 877 2412 910 respectu
2426 870 2512 900 visus

1454 920 1484 943 et
1507 913 1643 943 auditus.
1669 911 1803 943 Constat
1826 919 1932 943 autem
1953 912 2123 943 cardinales
2138 913 2269 944 virtutes
2285 923 2351 944 esse
2368 913 2512 954 partiales

1454 956 1661 996 perfectiones
1685 956 1799 987 mentis
1822 963 1958 987 nostrae.
1982 956 2077 996 Ergo.

1509 1000 1666 1036 Secundo,
1680 1010 1716 1030 ex
1731 999 1914 1030 definitione
1924 1000 2047 1031 virtutis
2061 1000 2087 1030 11
2099 1000 2222 1031 Ethic.*
2237 1001 2404 1038 Quaelibet
2414 1001 2548 1032 virtus

1454 1044 1582 1074 moralis
1606 1050 1653 1074 est
1674 1044 1800 1075 habitus
1823 1045 1972 1075 electivus
1991 1045 2024 1075 in
2040 1044 2207 1075 medietate
2223 1045 2397 1076 consistens
2410 1045 2512 1076 deter-

1454 1089 1575 1118 minata
1599 1089 1734 1125 ratione,
1752 1093 1854 1127 prout
1875 1089 2002 1128 sapiens
2024 1088 2256 1126 determinabit,
2277 1089 2396 1129 absque
2414 1089 2513 1120 deter-

1454 1132 1627 1162 minatione
1644 1139 1674 1162 et
1689 1132 1840 1162 electione
1857 1132 1953 1162 medii
1967 1132 2000 1169 in
2017 1132 2077 1162 alia
2093 1132 2232 1163 materia.
2251 1133 2335 1172 Ergo
2355 1139 2402 1163 est
2415 1132 2513 1163 virtus

1454 1176 1521 1206 sine
1545 1176 1740 1206 connexione
1768 1176 1808 1206 ad
1837 1176 1912 1206 alias
1935 1175 2075 1206 virtutes.
2098 1193 2118 1198 -—
2138 1176 2179 1207 Et
2202 1177 2387 1208 antecedens
2410 1183 2512 1226 patet:

1454 1219 1530 1260 quia
1551 1219 1584 1250 in
1608 1219 1791 1250 definitione
1814 1219 1937 1251 virtutis
1960 1229 2025 1250 non
2049 1218 2180 1260 ponitur
2202 1220 2262 1250 nisi
2292 1219 2446 1250 connexio
2474 1220 2514 1250 ad

1454 1263 1671 1304 prudentiam,
1696 1273 1751 1294 seu
1775 1263 1930 1294 rationem
1957 1263 2218 1294 determinantem
2241 1264 2383 1294 medium
2405 1263 2440 1301 in
2462 1262 2515 1294 illa

1454 1307 1594 1338 materia.
2039 1322 2042 1325 ·

1509 1351 1629 1388 Tertio,
1653 1361 1691 1382 ex
1713 1351 1858 1382 exercitio
1883 1358 2030 1382 causante
2052 1352 2211 1383 virtutem.
2235 1351 2319 1389 Quia
2337 1358 2443 1392 potest
2460 1351 2515 1382 ali·

1455 1396 1526 1437 quis
1549 1396 1670 1436 optime
1693 1406 1726 1426 se
1749 1405 1888 1426 exercere
1911 1396 1944 1426 in
1968 1396 2098 1426 materia
2120 1396 2215 1427 unius
2238 1396 2371 1432 virtutis,
2395 1402 2427 1427 et
2448 1405 2514 1427 non

1454 1441 1486 1470 in
1510 1439 1639 1470 materia
1663 1439 1799 1470 alterius.
1824 1439 1908 1480 Ergo
1931 1449 1998 1470 non
2022 1446 2096 1470 sunt
2118 1449 2287 1471 connexae.
2304 1458 2325 1463 —
2341 1440 2445 1471 Tenet
2466 1450 2514 1471 se-

1455 1484 1562 1525 quela:
1586 1484 1661 1524 quia
1683 1484 1782 1514 virtus
1805 1490 1970 1524 generatur
1993 1493 2030 1514 ex
2053 1484 2182 1514 actibus.

1511 1528 1643 1566 Quarto,
1659 1537 1696 1558 ex
1711 1527 1867 1558 distantia.
1883 1527 1967 1565 Quia
1981 1527 2111 1558 virtutes
2127 1528 2268 1558 eiusdem
2285 1528 2416 1567 generis,
2433 1537 2514 1568 quae

1455 1579 1529 1603 sunt
1551 1571 1805 1612 propinquiores,
1830 1581 1896 1602 non
1920 1578 1994 1602 sunt
2009 1580 2183 1602 connexae:
2204 1577 2282 1611 puta
2299 1571 2467 1611 virginitas,
2485 1578 2516 1602 et

1456 1617 1579 1647 castitas
1603 1615 1787 1655 coniugalis.
1811 1616 1907 1655 Ergo,
1932 1626 1949 1645 a
1974 1614 2107 1651 fortiori,
2130 1615 2260 1645 virtutes
2283 1615 2446 1646 distinctae
2468 1625 2515 1646 se-

1456 1660 1597 1691 cundum
1613 1670 1722 1700 genuS,
1740 1666 1776 1690 ut
1790 1659 1972 1695 cardinales,
1996 1668 2078 1699 quae
2101 1658 2202 1698 magis
2216 1658 2341 1695 distant,
2358 1669 2424 1689 non
2441 1665 2516 1691 sunt

1456 1714 1626 1735 connexae.

1515 1748 1654 1785 Quinto,
1679 1746 1867 1783 deducitad
1890 1746 1948 1776 tria
1971 1746 2224 1776 inconvenientia
2248 1755 2284 1776 ex
2308 1746 2514 1778 connexione.

1455 1792 1573 1828 Primo,
1598 1791 1688 1832 quod
1710 1790 1815 1831 aliqua
1837 1790 1936 1820 virtus
1959 1797 2039 1821 esset
2057 1790 2155 1820 virtus
2179 1791 2349 1831 antequam
2365 1797 2446 1821 esset
2458 1791 2516 1821 vir-

1456 1843 1516 1867 tus.
1541 1836 1698 1871 Secundo,
1722 1835 1810 1876 quod
1833 1834 1920 1865 nulla
1942 1833 2041 1870 virtus
2056 1840 2138 1864 esset
2155 1834 2267 1874 prima.
2291 1835 2411 1871 Tertio,
2426 1834 2516 1875 quod

1458 1890 1540 1910 unus
1565 1886 1651 1910 actus
1670 1885 1831 1919 generaret
1847 1887 1960 1908 omnes
1978 1878 2118 1909 virtutes.
2135 1895 2156 1901 -
2173 1878 2308 1919 Sequela
2329 1878 2431 1929 primi
2442 1889 2516 1919 pro*-

1456 1924 1547 1954 batur
1569 1923 1621 1954 sic.
1646 1923 1880 1963 Temperantia,
1904 1932 1960 1962 per
1982 1929 2022 1958 te,
2047 1931 2112 1952 non
2129 1928 2175 1952 est
2193 1922 2291 1952 virtus
2313 1922 2380 1953 sine
2402 1922 2517 1954 virtute

1457 1966 1664 1998 fortitudinis:
1685 1977 1758 2007 ergo
1778 1966 1931 1997 fortitudo
1948 1972 1994 1997 est
2009 1965 2096 2006 prius
2111 1965 2218 1998 virtus.
2235 1966 2277 1996 Et
2292 1976 2329 1996 ex
2344 1966 2404 1997 alia
2412 1973 2515 2009 parte,

1456 2011 1610 2042 fortitudo
1634 2021 1700 2041 non
1723 2017 1829 2050 potest
1847 2020 1913 2040 esse
1929 2010 2028 2040 virtus
2047 2009 2114 2040 sine
2137 2010 2361 2050 temperantiae
2382 2009 2516 2042 virtute:

1457 2065 1531 2095 ergo
1555 2054 1709 2086 fortitudo
1732 2064 1799 2085 non
1815 2053 1872 2085 erit
1885 2053 1984 2085 virtus
1999 2053 2059 2084 nisi
2074 2061 2148 2094 post
2165 2053 2414 2094 temperantiam.
2432 2054 2517 2095 Ergo

1457 2100 1517 2130 fuit
1538 2099 1636 2130 virtus
1660 2105 1831 2139 antequam
1855 2105 1935 2129 esset
1951 2098 2060 2129 virtus.
2075 2115 2096 2121 -
2114 2097 2248 2139 Sequela'
2266 2098 2396 2136 secundi
2414 2104 2516 2139 patet:

1457 2144 1533 2185 quia
1555 2153 1591 2173 ex
1613 2153 1679 2184 quo
1695 2143 1853 2183 quaelibet
1869 2142 2003 2182 coexigit
2017 2142 2122 2178 aliam,
2139 2151 2251 2173 omnes
2266 2149 2340 2173 sunt
2355 2141 2469 2180 simul;
2487 2148 2519 2174 et

1458 2193 1686 2228 consequenter
1702 2187 1789 2217 nulla
1806 2186 1892 2226 prior
1907 2193 1962 2217 aut
1980 2186 2145 2226 posterior.
2162 2203 2182 2208 —
2198 2186 2332 2228 Sequela
2346 2186 2429 2217 tertii
2444 2196 2517 2228 pro-

1457 2233 1562 2263 batur:
1588 2230 1663 2272 quia
1680 2230 1875 2271 impossibile
1895 2237 1942 2261 est
1963 2230 2059 2261 simul
2075 2229 2181 2261 haberi
2196 2236 2244 2261 tot
2259 2236 2347 2261 actus
2362 2230 2518 2270 perfectos

1457 2276 1652 2316 generativos
1670 2281 1719 2305 tot
1741 2275 1904 2305 virtutum.
1929 2274 2027 2311 Quod
2046 2280 2153 2305 autem
2169 2274 2296 2304 tertium
2315 2273 2355 2305 sit
2369 2274 2518 2306 inconve-

1458 2320 1557 2356 niens,
1573 2319 1740 2359 probatur:
1761 2317 1836 2358 quia
1851 2328 1936 2348 unus
1952 2324 2039 2349 actus
2055 2325 2101 2349 est
2116 2318 2211 2348 unius
2226 2317 2366 2354 virtutis;
2391 2324 2422 2349 et
2436 2318 2518 2350 sicut

1459 2370 1539 2394 esset
1560 2369 1647 2393 actus
1670 2362 1766 2392 unius
1789 2362 1911 2392 virtutis
1935 2361 1961 2392 si
1985 2367 2065 2392 esset
2086 2367 2241 2401 generata,
2265 2361 2309 2392 ita
2323 2368 2516 2402 estgenera—

1458 2408 1541 2438 tivus
1564 2406 1669 2442 unius,
1693 2413 1724 2437 et
1746 2416 1812 2436 non
1836 2405 1983 2436 omnium
2004 2405 2168 2436 w’rtmum.
2183 2421 2203 2429 ·-
2218 2406 2306 2436 Haec
2322 2406 2360 2436 de
2375 2405 2492 2446 primo.

1512 2451 1552 2482 V.
1569 2450 1686 2487 Quoad
1706 2450 1882 2480 secundum
1892 2447 1918 2486 *,
1938 2449 2016 2480 scito
2033 2449 2263 2480 connexionem
2280 2449 2433 2480 virtutum
2453 2459 2516 2481 car—

1458 2495 1612 2525 dinalium
1630 2493 1774 2524 convinci
1791 2503 1827 2523 ex
1844 2493 1905 2524 isto
1922 2503 2082 2534 processu,
2099 2492 2201 2534 quiin
2217 2493 2318 2524 littera
2332 2493 2384 2524 fit:
2409 2493 2516 2525 Virtus

1458 2538 1587 2569 moralis
1610 2537 1703 2577 exigit
1730 2537 1945 2577 prudentiam;
1970 2537 2136 2577 prudentia
2159 2543 2266 2568 autem
2289 2537 2382 2578 exigit
2404 2547 2517 2568 omnes

1458 2589 1519 2613 tres
1531 2581 1660 2612 virtutes
1676 2581 1825 2617 morales;
1842 2590 1916 2621 ergo
1933 2590 2045 2611 omnes
2059 2581 2189 2612 virtutes
2204 2581 2340 2611 morales
2353 2588 2427 2612 sunt
2441 2590 2518 2612 con-

1459 2635 1565 2657 nexae.
1594 2626 1655 2656 Sed
1678 2625 1753 2665 quia
1775 2624 2010 2666 propositiones
2033 2624 2083 2655 hic
2105 2631 2285 2665 assumptae
2308 2624 2518 2656 diversimode

1459 2670 1686 2710 intelliguntur,
1711 2675 1837 2709 oportet
1860 2679 1911 2700 eas
1935 2669 2109 2709 explanare,
2135 2675 2165 2700 et
2187 2676 2316 2700 sensum
2333 2678 2445 2700 verum
2468 2679 2518 2700 ca-

1459 2723 1549 2756 pere;
1573 2720 1604 2744 et
1626 2721 1703 2744 tunc
1725 2713 1830 2743 videre
1851 2713 1918 2743 vim
1940 2713 2071 2743 rationis
2093 2713 2200 2743 huius.

1514 2758 1568 2789 Vl.
1585 2757 1689 2788 Prima
1706 2767 1779 2797 ergo
1796 2756 1984 2797 propositio,
1999 2757 2124 2794 scilicet,
2147 2756 2254 2788 Virtus
2268 2757 2403 2788 moralis
2417 2757 2519 2798 exigit

1454 2803 1682 2843 prudentiam,
1707 2801 1782 2842 quia
1796 2811 1833 2831 ex
1848 2800 2030 2831 definitione
2053 2799 2174 2831 virtutis
2194 2800 2220 2831 11
2236 2801 2341 2832 Ethic.
2357 2800 2450 2831 allata
2464 2810 2519 2842 pa-

1460 2853 1518 2883 tet,
1543 2855 1609 2876 non
1633 2852 1773 2885 negatur,
1789 2845 1844 2875 sed
1860 2845 2076 2885 distinguitur:
2100 2844 2174 2885 quia
2197 2851 2252 2876 aut
2274 2834 2458 2884 intelligitur
2480 2844 2519 2875 de

1461 2890 1627 2931 prudentia
1649 2890 1754 2926 totali;
1778 2895 1834 2920 aut
1856 2889 1987 2929 partiali.
2011 2888 2054 2919 Et
2075 2895 2206 2919 vocatur
2221 2888 2386 2929 prudentia
2404 2884 2518 2925 totalis,

1460 2934 1617 2975 prudenti
1664 2940 1791 2974 espectu
1807 2933 1954 2964 omnium
1975 2932 2152 2973 agibilium;
2175 2932 2312 2973 partialis
2335 2938 2451 2969 autem,
2473 2942 2519 2963 re-

1461 2985 1569 3019 spectu
1585 2985 1598 3009 t
1642 2988 1655 3007 s
1670 2977 1827 3014 materiae,
1843 2976 2057 3008 delectationis
2068 2985 2228 3013 venereae,
2239 2976 2290 3006 vel
2305 2976 2521 3016 periculorum

1461 3022 1582 3059 mortis,
1603 3028 1660 3053 etc.
1680 3021 1712 3052 Si
1728 3021 1760 3051 in
1783 3027 1945 3061 assumpta
1960 3020 2191 3061 propositione,
2210 3027 2240 3051 et
2263 3019 2446 3051 definitione
2460 3020 2520 3051 vir-

1461 3066 1536 3097 tutis
1552 3065 1690 3102 moralis,
1710 3065 1892 3105 intelligitur
1908 3065 1946 3095 de
1962 3064 2129 3105 prudentia
2143 3063 2242 3100 totali,
2267 3070 2414 3104 negatur:
2439 3064 2465 3094 si
2481 3064 2521 3094 de

1461 3110 1603 3151 partiali,
1628 3109 1819 3140 conceditur.
1844 3109 1905 3140 Sed
1929 3115 2004 3140 tunc
2031 3115 2116 3149 patet
2143 3107 2308 3138 manifeste
2331 3108 2419 3148 quod
2442 3107 2522 3138 nihil

1460 3155 1543 3185 valet
1565 3162 1746 3194 processus:
1771 3153 1846 3194 quia
1868 3152 2035 3194 prudentia
2058 3151 2195 3203 partialis
2210 3161 2276 3182 non
2292 3151 2386 3192 exigit
2409 3161 2520 3182 omnes

1460 3198 1590 3229 virtutes
1602 3198 1778 3229 morales.-
1790 3196 1941 3237 Propter·
1933 3203 2026 3227 istam
2042 3202 2147 3227 autem
2165 3192 2409 3232 distinctionem,
2426 3203 2521 3236 opor-

1462 3249 1506 3273 tet
1520 3242 1684 3273 ostendere
1707 3248 1762 3272 aut
1776 3240 1927 3272 verificari
1951 3246 2152 3280 assumptum
2171 3239 2209 3270 de
2218 3239 2395 3291 'prudentia
2413 3237 2520 3276 totam

1462 3293 1516 3317 aut
1527 3286 1615 3327 quod
1630 3285 1797 3326 prudentia
1810 3284 1949 3325 partialis
1960 3283 2062 3324 exigat
2073 3293 2186 3314 omnes
2196 3283 2336 3315 virtutes.
2349 3283 2390 3315 Et
2403 3289 2522 3314 utrum-

1462 3339 1525 3371 que
1540 3329 1636 3361 simul
1650 3327 1714 3366 fiet,
1735 3329 1931 3360 ostendendo
1947 3328 2036 3369 quod
2052 3326 2219 3378 prudentia
2233 3327 2371 3369 partialis
2385 3333 2440 3358 aut
2454 3332 2521 3356 non

1463 3380 1509 3404 est
1531 3373 1697 3414 prudentia
1712 3372 1869 3405 sufficiens
1892 3372 1931 3403 ad
1955 3371 2118 3403 materiam
2141 3371 2226 3402 illius
2247 3370 2380 3408 virtutis,
2396 3377 2427 3401 et
2445 3376 2520 3401 con-

1463 3424 1630 3458 sequenter
1651 3427 1717 3449 non
1738 3423 1788 3448 est
1809 3415 1992 3457 prudentia:
2018 3422 2072 3446 aut
2095 3422 2142 3446 est
2163 3415 2278 3446 totalis.

1519 3455 1704 3492 Ostendimr
1726 3466 1833 3492 autem
1855 3460 1917 3491 hoc
1940 3459 2029 3491 facile
2052 3469 2089 3490 ex
2108 3459 2304 3490 connexione
2319 3457 2521 3488 materiarum

1463 3505 1617 3536 virtutum
1640 3504 1820 3541 moralium,
1837 3510 1871 3535 et
1893 3503 1960 3544 ipsa
1984 3502 2166 3534 definitione
2188 3501 2321 3538 virtutis,
2345 3501 2398 3532 sic.
2414 3500 2521 3532 Virtus

1465 3550 1602 3585 moralis,
1617 3556 1695 3589 puta
1717 3547 1932 3589 temperantia,
1953 3554 1999 3578 est
2021 3547 2146 3578 habitus
2170 3545 2345 3577 secundum
2367 3544 2522 3576 rationem

2537 652 2644 716 3³3¹&
2649 658 2700 700 ⁵:5¹.-

2537 704 2611 726 Loc.
2624 705 2748 732 cit.,srt.1.

2627 1019 2656 1038 vr.
2668 1019 2691 1035 u.
2702 1019 2731 1042 ¹5.
2738 1024 2748 1030 -

2639 1040 2691 1062 lect.
2706 1045 2748 1062 vu.

2536 1013 2620 1062 sfffiz

2541 2458 2551 2468 ·
2559 2456 2596 2479 Cf.
2604 2463 2669 2480 num.
2674 2462 2752 2485 praec.
