2852 4152
145 719 193 741 '‘Cf.
201 726 238 747 qu.
245 725 298 741 xxvx
305 736 311 746 ,
317 719 355 741 ln-

143 746 204 768 trod.

144 1410 151 1418 ·
168 1408 232 1429 Vers.
251 1407 274 1429 6.

145 1620 153 1628 ·
170 1617 226 1644 Cap.
242 1623 271 1644 iv,
287 1623 309 1638 n.
321 1623 355 1644 27.

143 1829 152 1839 ⁸
163 1828 187 1850 S.
196 1828 240 1850 Th.
257 1829 307 1850 lect.
323 1835 354 1850 ix.

142 1987 152 1997 '⁸
168 1986 224 2014 cap.
238 1992 270 2008 111.

143 2096 154 2107 '⁵
163 2096 278 2123 Qu.xxv1,
286 2099 327 2118 art.
337 2101 353 2117 1.

145 2414 152 2422 ·
167 2411 234 2439 lbid„
251 2415 293 2433 art.
303 2418 317 2438 1,
333 2417 352 2432 2.

383 219 452 255 192

1051 208 1316 255 QUAESTIO
1346 207 1504 252 XXVII,
1534 204 1827 242 ARTICULUS
1858 204 1871 239 Ι

861 378 1270 456 QUAESTIO
1307 373 2073 438 VIGESIMASEPTIMA

1175 503 1258 542 DE
1293 502 1496 543 CAUSA
1530 500 1760 541 AMORIS

1107 617 1146 641 IN
1180 616 1378 647 QUATUOR
1405 615 1645 641 ARTICULOS
1679 615 1821 654 D1V1832.

385 723 574 805 Damna
605 711 922 750 considerandum
952 718 1007 746 est
1027 710 1074 747 de
1104 722 1217 747 causa
1245 709 1386 747 amoris
1405 709 1435 746 *.

520 766 568 802 Et
597 765 693 802 circa
720 765 794 801 hoc
823 770 1054 812 quaeruntur
1081 770 1254 812 quatuor.

383 819 537 855 Primo:
568 826 694 854 utrum
723 817 869 853 bonum
898 815 943 852 sit
971 815 1051 852 sola
1080 828 1193 853 causa
1221 815 1371 853 amoris.

1493 708 1692 746 Secundo:
1721 715 1848 745 utrum
1879 708 2041 756 cognitio
2071 708 2117 745 sit
2146 720 2260 745 causa
2287 707 2439 745 amoris.

1492 762 1643 799 Tertio:
1673 768 1802 798 utrum
1830 759 2046 798 similitudo.
2115 760 2118 763 ’

1494 816 1661 862 Quarto:
1691 821 1820 851 utrum
1849 813 1975 862 aliqua
2003 812 2074 850 alia
2102 812 2250 850 animae
2278 812 2514 862 passionum.

1192 924 1507 966 ARTICULUS
1538 923 1742 965 PRIMUS

1017 1017 1172 1047 UTRUM
1194 1016 1348 1047 BONUM
1367 1016 1433 1046 SIT
1457 1015 1567 1046 sotA
1591 1015 1732 1046 CAUSA
1755 1014 1916 1045 AMORls

1302 1097 1380 1128 Infra,
1399 1105 1443 1130 qu.
1460 1105 1528 1126 xxix.
1547 1102 1594 1121 art.
1610 1105 1632 1121 1.

593 1205 615 1230 D
646 1203 781 1229 PRtMUM
810 1202 862 1227 sm
891 1201 1128 1226 PROCEDH‘UR.
1155 1188 1313 1225 Videtur
1336 1186 1439 1236 quod

526 1248 551 1266 ⁴*
593 1257 671 1282 non
706 1245 830 1280 solum
869 1243 1014 1279 bonum
1054 1241 1099 1278 sit
1137 1253 1251 1277 causa
1285 1239 1437 1276 amoris.

409 1212 475 1259 7²⁸³),
502 1233 511 1255 ’ζ
522 1221 560 1255 ,2-

395 1288 746 1351 (slvnkgsssonum
786 1295 887 1332 enim
922 1307 999 1331 non
1039 1302 1095 1330 est
1128 1306 1241 1330 causa
1276 1292 1438 1339 amoris,

387 1372 388 1375 =
436 1326 529 1382 ἑῷ
550 1343 662 1389 &nisi
695 1349 783 1396 quia
816 1355 974 1384 amatur.
1012 1347 1089 1384 Sed
1118 1346 1297 1394 contingit
1326 1345 1437 1382 etiam

383 1405 527 1440 malurn
557 1402 694 1449 amari,
724 1401 936 1438 secundum
966 1400 1057 1436 illud
1085 1399 1227 1436 Psalmi
1253 1411 1275 1435 x
1298 1398 1334 1434 *ε
1369 1398 1442 1440 Qui

383 1456 505 1506 diligit
535 1456 780 1504 iniquitatem,
810 1454 886 1490 odit
918 1454 1087 1490 animam
1113 1464 1245 1488 suam:
1274 1450 1440 1499 alioquin

383 1508 507 1545 omnis
542 1521 652 1545 amor
679 1514 777 1544 esset
810 1507 945 1542 bonus.
982 1507 1083 1553 Ergo
1113 1517 1191 1542 non
1221 1505 1344 1541 solum
1374 1504 1441 1540 bo-

383 1574 476 1598 num
506 1569 560 1598 est
588 1573 701 1597 causa
729 1558 880 1596 amoris.

438 1626 472 1650 2.
489 1615 720 1660 PRAETEREA,
736 1611 990 1660 Philosophus
1007 1611 1105 1658 dicit,
1121 1610 1159 1647 in
1175 1612 1206 1646 II
1217 1608 1439 1655 Rhetoric.*,

383 1666 487 1715 quod
517 1679 579 1703 eos
602 1666 667 1715 qui
684 1665 785 1702 mala
804 1676 873 1701 sua
893 1664 1029 1710 dicunt,
1050 1675 1233 1700 amamus.
1265 1664 1365 1710 Ergo
1385 1661 1440 1698 vi-

384 1720 491 1756 detur
519 1719 623 1768 quod
652 1719 795 1755 malum
825 1717 870 1753 sit
899 1729 1011 1753 causa
1040 1716 1192 1753 amoris.

438 1773 471 1809 3.
493 1774 724 1818 PRAETEREA‚
755 1769 960 1817 Dionysius
991 1769 1088 1816 dicit,
1110 1781 1145 1805 ιν
1174 1781 1254 1817 cap.
1280 1768 1325 1804 de
1351 1768 1440 1804 Diu.

380 1826 497 1862 Nom.
513 1825 544 1872 ³³⁶,
566 1824 670 1872 quod
698 1836 775 1860 non
805 1823 928 1859 solum
958 1823 1108 1868 honum,
1134 1822 1199 1858 sed
1230 1820 1341 1857 etiam
1356 1820 1440 1869 pul-

382 1879 514 1914 chrum
542 1883 596 1914 est
622 1877 793 1913 omnihus
821 1875 992 1912 amabile.

436 1931 509 1966 SED
529 1941 674 1966 CONTRA
698 1941 763 1965 EST
782 1928 887 1975 quod
916 1927 1148 1974 Augustinus
1176 1925 1274 1972 dicit,
1290 1926 1375 1961 VIII
1397 1925 1442 1960 de

385 1984 420 2020 T
416 1984 487 2019 rin.
518 1982 552 2018 *z
581 1982 672 2018 Non
706 1987 858 2018 amatur
891 1986 989 2016 certe
1022 1980 1094 2016 nisi
1120 1980 1270 2016 bonum.
1306 1978 1439 2014 Solum

380 2035 489 2083 igitur
516 2036 662 2072 bonum
693 2042 748 2070 est
776 2046 889 2070 causa
918 2032 1070 2069 amoris.

434 2089 659 2125 REspoNosso
679 2099 863 2123 DICENDUM
884 2086 1000 2134 quod,
1018 2085 1112 2122 sicut
1131 2081 1244 2133 supra
1258 2083 1278 2105 ’¹‘
1298 2083 1439 2120 dictum

382 2149 447 2188 est,
465 2153 572 2178 amor
591 2141 639 2177 ad
655 2139 900 2188 appetitivam
920 2138 1128 2187 potentiam
1147 2137 1319 2186 pertinet,
1341 2148 1439 2184 quae

382 2202 437 2231 est
463 2193 521 2231 vis
548 2193 710 2242 passiva.
741 2192 852 2230 Unde
881 2191 1073 2228 obiectum
1099 2191 1179 2227 eius
1200 2197 1440 2239 comparatur

382 2247 429 2284 ad
464 2246 585 2295 ipsam
623 2246 716 2282 sicut
754 2257 868 2282 causa
905 2252 1032 2281 motus
1065 2245 1127 2280 vel
1164 2251 1269 2280 actus
1309 2242 1437 2292 ipsius.

382 2300 543 2348 Oportet
571 2299 679 2347 igitur
705 2305 746 2334 ut
773 2298 862 2335 illud
892 2297 937 2334 sit
967 2296 1119 2345 proprie
1154 2308 1267 2332 causa
1300 2295 1440 2333 amoris

382 2353 487 2401 quod
522 2360 576 2388 est
609 2351 749 2388 amoris
784 2350 989 2387 obiectum.
1014 2349 1168 2386 Amoris
1198 2356 1324 2386 autem
1352 2361 1440 2397 pro-

380 2405 507 2454 prium
527 2404 717 2441 obiectum
738 2411 793 2440 est
811 2404 973 2440 bonurn:
996 2402 1095 2450 quia,
1116 2410 1157 2439 ut
1177 2402 1318 2439 dictum
1339 2409 1394 2438 est
1407 2401 1438 2449 ²³,

381 2470 489 2494 amor
504 2457 681 2506 importat
697 2457 889 2505 quandam
902 2455 1249 2492 connaturalitatem
1263 2455 1325 2491 vel
1337 2466 1441 2491 com-

379 2510 605 2560 placentiam
627 2509 785 2546 amantis
806 2509 855 2546 ad
875 2516 1066 2555 amatum3
1087 2508 1291 2556 unicuique
1312 2514 1438 2544 autem

381 2571 436 2600 est
456 2564 601 2599 bonurn
620 2563 659 2600 id
679 2563 781 2611 quod
803 2569 858 2598 est
877 2561 947 2598 sibi
968 2561 1211 2598 connaturale
1231 2568 1267 2597 et
1281 2572 1439 2609 propor—

379 2616 576 2653 tionatum.
597 2615 708 2653 Unde
730 2614 949 2663 relinquitur
978 2614 1083 2663 quod
1111 2614 1257 2650 bonum
1287 2613 1330 2650 sit
1353 2625 1439 2661 pro-

379 2681 461 2718 pria
490 2681 603 2705 causa
632 2680 783 2705 amoris.

1494 1199 1610 1236 quarn
1638 1195 1786 1224 amatur
1814 1186 1884 1224 nisi
1920 1187 1990 1223 sub
2011 1187 2164 1233 ratione
2193 1186 2301 1234 boni,
2332 1186 2470 1224 scilicet
2496 1187 2552 1225 in-

1493 1248 1678 1288 quantum
1709 1248 1763 1277 est
1792 1240 2003 1277 secundum
2037 1239 2127 1288 quid
2156 1241 2322 1286 bonurn,
2354 1245 2389 1276 et
2416 1252 2550 1288 appre-

1492 1293 1670 1330 henditur
1705 1301 1746 1330 ut
1783 1292 2000 1341 simpliciter
2042 1294 2199 1330 bonum.
2239 1294 2288 1329 Et
2324 1292 2375 1329 sic
2418 1292 2551 1340 aliquis

1493 1358 1603 1383 amor
1636 1354 1691 1383 est
1723 1346 1865 1392 malus,
1894 1346 2118 1394 inquantum
2151 1345 2271 1382 tendit
2302 1345 2340 1382 in
2374 1345 2412 1382 id
2445 1345 2551 1393 quod

1493 1411 1571 1435 non
1600 1407 1655 1435 est
1682 1398 1897 1447 simpliciter
1923 1411 2059 1435 verum
2089 1399 2245 1435 bonurn.
2281 1399 2329 1435 Et
2355 1410 2425 1446 per
2449 1399 2552 1435 hunc

1493 1452 1655 1489 modum
1682 1452 1801 1489 homo
1832 1451 1946 1499 diligit
1969 1451 2216 1500 iniquitatem,
2238 1450 2462 1499 inquantum
2481 1462 2551 1499 per

1493 1505 1728 1553 iniquitatem
1757 1504 1974 1552 adipiscitur
2001 1504 2155 1553 aliquod
2181 1505 2339 1550 bonum,
2364 1511 2457 1552 puta
2486 1503 2550 1540 de-

1492 1558 1732 1594 lectationem
1757 1557 1818 1594 vel
1846 1556 2049 1605 pecuniam
2069 1557 2131 1593 vel
2151 1556 2292 1604 aliquid
2319 1555 2549 1592 huiusmodi.

1546 1613 1604 1647 AD
1626 1622 1814 1647 SECUNDUM
1842 1621 2025 1646 DICENDUM
2054 1609 2158 1657 quod
2185 1608 2235 1644 illi
2263 1608 2327 1656 qui
2354 1609 2455 1645 mala
2483 1619 2552 1644 sua

1495 1663 1633 1710 dicunt,
1663 1675 1741 1700 non
1768 1669 1924 1711 propter
1951 1663 2051 1698 mala
2080 1669 2270 1707 amantur,
2300 1661 2368 1698 sed
2395 1667 2552 1709 propter

1493 1717 1568 1752 hoc
1596 1717 1700 1764 quod
1729 1715 1857 1752 dicunt
1889 1715 2007 1751 mala:
2038 1715 2112 1750 hoc
2146 1713 2246 1750 enim
2280 1713 2383 1762 quod
2413 1720 2468 1750 est
2497 1712 2550 1750 di-

1495 1781 1578 1805 cere
1607 1769 1707 1805 mala
1734 1781 1813 1813 sua,
1843 1768 1957 1804 habet
1985 1766 2169 1804 rationem
2199 1766 2301 1814 boni,
2327 1766 2551 1814 inquantum

1495 1821 1655 1858 excludit
1682 1821 1875 1858 fictionem
1905 1832 1972 1857 seu
2000 1819 2292 1856 simulationem.

1547 1876 1605 1910 AD
1633 1886 1792 1911 TERTIUM
1820 1885 2002 1910 DICENDUM
2026 1873 2129 1921 quod
2147 1873 2350 1921 pulchrum
2373 1879 2429 1908 est
2447 1870 2550 1907 idem

1494 1927 1614 1973 bono,
1645 1927 1724 1963 sola
1757 1926 1901 1963 ratione
1931 1926 2118 1962 differens.
2146 1925 2245 1961 Cum
2275 1924 2375 1961 enim
2404 1925 2550 1960 bonum

1493 1979 1539 2015 sit
1571 1977 1671 2027 qiaeod
1705 1979 1831 2015 omnia
1866 1984 2060 2027 appetunt,
2097 1978 2143 2014 de
2180 1977 2325 2014 ratione
2363 1976 2455 2012 boni
2497 1982 2553 2012 est

1494 2033 1598 2080 quod
1617 2031 1655 2068 in
1684 2043 1730 2068 eo
1760 2031 1946 2080 quietetur
1972 2030 2178 2079 appetitus:
2208 2030 2276 2066 sed
2296 2028 2345 2066 ad
2364 2028 2552 2066 rationem

1492 2084 1638 2133 pulchri
1674 2083 1833 2133 pertinet
1870 2083 1975 2132 quod
2012 2083 2050 2120 in
2087 2083 2168 2119 eius
2201 2089 2356 2131 aspectu
2389 2093 2458 2118 seu
2490 2093 2553 2118 co-

1492 2137 1659 2186 gnitione
1689 2137 1874 2186 quietetur
1902 2136 2099 2185 appetitus;
2130 2135 2242 2173 Unde
2271 2142 2307 2171 et
2337 2133 2387 2171 illi
2419 2145 2553 2171 sensus

1491 2190 1696 2239 praecipue
1725 2189 1928 2238 respiciunt
1955 2190 2173 2238 pulchrum,
2203 2187 2267 2237 qui
2295 2187 2460 2224 maxime
2489 2198 2552 2223 co-

1492 2243 1689 2290 gnoscitivi
1722 2250 1827 2289 sunt,
1863 2242 1999 2278 scilicet
2031 2242 2136 2278 visus
2171 2249 2207 2278 et
2238 2240 2385 2278 auditus
2418 2239 2553 2276 rationi

1493 2295 1770 2333 deservientes:
1811 2294 1968 2331 dicimus
2001 2294 2103 2331 enim
2140 2294 2298 2342 pulchra
2324 2291 2486 2329 visibilia
2513 2298 2551 2328 et

1490 2349 1671 2398 pulchros
1706 2360 1834 2384 sonos.
1870 2348 1911 2383 In
1945 2346 2184 2383 sensibilibus
2220 2352 2350 2382 autem
2388 2344 2550 2381 aliorum

1493 2413 1686 2447 sensuum,
1712 2413 1790 2437 non
1809 2399 1951 2436 utimur
1970 2399 2124 2436 nomine
2143 2396 2451 2447 pulchritudinis:
2472 2408 2551 2433 non

1493 2454 1595 2492 enim
1616 2453 1776 2491 dicimus
1795 2453 1973 2501 pulchros
1993 2463 2148 2500 sapores
2168 2459 2231 2488 aut
2255 2450 2403 2488 odores.
2426 2450 2474 2486 Et
2497 2449 2551 2486 sic

1491 2514 1594 2556 patet
1628 2506 1733 2554 quod
1760 2506 1961 2554 pulchrum
1981 2504 2084 2542 addit
2107 2515 2221 2552 supra
2248 2503 2407 2549 bonum,
2431 2514 2552 2550 quen-

1494 2560 1583 2596 dam
1617 2558 1790 2596 ordinem
1826 2558 1874 2595 ad
1901 2558 1982 2594 vim
2020 2555 2337 2604 cognoscitivam:
2367 2554 2551 2602 ita'quod

1493 2613 1639 2649 bonum
1669 2611 1813 2648 dicatur
1841 2610 1879 2647 id
1898 2610 2003 2658 quod
2022 2608 2238 2658 simpliciter
2257 2607 2468 2655 complacet
2485 2618 2552 2655 ap-

1491 2664 1643 2714 petitui3
1678 2664 1880 2712 pulchrum
1918 2670 2046 2699 autem
2080 2661 2223 2699 dicatur
2254 2660 2294 2697 id
2329 2659 2434 2696 cuius
2469 2658 2555 2708 ipsa

432 2723 490 2758 AD
520 2733 655 2758 PmMUM
685 2732 782 2758 ERGO
811 2731 995 2757 DlCENDUM
1030 2719 1135 2768 quod
1166 2719 1311 2755 malum
1345 2731 1439 2755 nun-
1495 2717 1745 2766 apprehensio
1774 2717 1907 2765 placet.

1050 2824 1380 2857 Commenta-ia
1402 2822 1652 2855 Cardinalis
1673 2821 1871 2854 Caietani

410 2927 430 2947 N
459 2925 590 2956 corpore
617 2914 711 2954 primi
744 2913 863 2945 articuli
888 2912 1080 2953 quaestionis
1103 2910 1440 2952 vigesimaesepdmae,

384 2928 521 2990 lnotato
538 2959 635 3000 quod,
653 2958 727 2999 quia
743 2958 823 2988 ratio
839 2957 980 2988 consistit
996 2957 1028 2987 in
1044 2957 1120 2987 hoc:
1136 2957 1292 2987 -Bonum
1307 2962 1352 2985 est
1368 2965 1440 2995 pro-

380 3004 486 3045 prium
510 3003 669 3043 obiectum
688 3002 817 3032 amoris:
843 3011 916 3041 ergo
935 3007 980 3031 est
997 3000 1125 3041 propria
1142 3010 1234 3031 causa
1257 2999 1383 3030 amoris.
1400 2999 1441 3029 Et

380 3048 532 3088 probatur
555 3046 692 3087 sequela.
717 3046 800 3083 Quia
824 3045 985 3075 obiectum
1008 3045 1167 3084 potentiae
1191 3043 1330 3084 passivae
1355 3053 1440 3073 com-

381 3098 507 3132 paratur
531 3091 570 3121 ad
592 3090 695 3130 ipsam
718 3096 753 3120 ut
776 3100 868 3120 causa
893 3096 1000 3120 motus
1022 3089 1072 3119 vel
1091 3095 1177 3119 actus
1197 3087 1309 3128 ipsius:
1334 3097 1369 3118 ac
1385 3097 1440 3127 per

381 3136 453 3172 hoc,
476 3135 637 3165 obiectum
660 3133 826 3173 proprium
854 3133 922 3163 talis
947 3139 1033 3163 actus
1056 3132 1241 3163 huiusmodi
1269 3131 1438 3172 potentiae,

382 3186 428 3210 est
450 3178 578 3219 propria
601 3188 694 3208 causa
716 3177 800 3208 illius
824 3185 929 3208 actus:
955 3187 1045 3207 amor
1067 3183 1175 3207 autem
1198 3183 1244 3206 est
1267 3182 1354 3206 actus
1377 3185 1436 3215 po-

381 3223 496 3254 tentiae
512 3221 711 3263 appetitivam,
725 3231 805 3262 quae
818 3228 863 3251 est
876 3221 1012 3261 passiva:
1024 3239 1042 3243 -
1055 3231 1091 3251 ex
1107 3220 1155 3251 his
1170 3220 1265 3250 habes
1282 3220 1319 3250 de
1334 3226 1439 3249 mente

382 3267 445 3298 divi
464 3267 610 3298 Thomae
635 3272 784 3306 quatuor:
810 3265 926 3295 scilicet
949 3265 1037 3305 quod
1052 3265 1098 3295 vis
1118 3264 1286 3304 appetitiva
1305 3270 1350 3294 est
1370 3273 1438 3304 pas-

382 3311 462 3348 siva;
487 3318 517 3342 et
541 3309 630 3351 quod
649 3309 810 3340 obiectum
834 3308 901 3339 eius
918 3315 963 3339 est
980 3319 1072 3339 causa
1096 3309 1208 3344 activa;
1233 3315 1263 3339 et
1277 3307 1366 3348 quod
1383 3307 1438 3336 bo-

382 3365 461 3386 num
485 3354 622 3386 effective
647 3360 752 3384 causat
775 3361 934 3389 amorem3
959 3360 989 3383 et
1011 3353 1100 3393 quod
1123 3351 1337 3383 universaliter
1355 3350 1438 3380 obie-

1494 2917 1581 2941 ctum
1604 2909 1770 2950 proprium
1795 2908 1948 2949 cuiusque
1972 2915 2059 2939 actus
2087 2907 2245 2948 appetitus
2268 2913 2315 2937 est
2338 2916 2431 2937 causa
2454 2905 2557 2937 activa

1492 2955 1585 2985 iuius.
1602 2954 1692 2991 Quae
1716 2953 1855 2984 multum
1879 2952 2052 2983 memoriae
2077 2951 2328 2982 commendanda
2352 2957 2434 2981 sunt.

1546 2998 1631 3029 11.1n
1643 2997 1850 3038 responsione
1863 2997 1902 3027 ad
1913 2996 2050 3032 tertium,
2071 2995 2159 3031 scito,
2176 2995 2304 3031 novitie,
2318 2994 2486 3025 formalem
2505 3003 2554 3024 re-

1492 3042 1699 3082 sponsionem
1716 3041 1885 3072 consistere
1901 3041 1934 3071 in
1949 3041 2019 3076 hoc,
2037 3039 2126 3080 quod
2141 3039 2312 3079 pulchrum
2331 3045 2377 3069 est
2395 3038 2552 3079 quaedam

1491 3087 1568 3117 boni
1591 3086 1724 3126 species:
1750 3092 1780 3116 et
1802 3092 1969 3125 propterea
1991 3094 2057 3114 non
2081 3084 2186 3114 obstat
2209 3083 2401 3124 adaequatae
2421 3081 2551 3113 causali-

1492 3130 1547 3161 tati
1569 3130 1645 3161 boni
1669 3136 1812 3170 respectu
1836 3129 1963 3165 amoris,
1988 3128 2076 3169 quod
2099 3127 2270 3168 pulchrum
2286 3126 2325 3157 sit
2340 3125 2484 3162 amabile,
2501 3131 2551 3156 ut-

1492 3181 1566 3215 pote
1595 3184 1661 3204 non
1685 3181 1867 3205 extraneum
1900 3173 1937 3203 ab
1961 3172 2027 3202 illo.
2054 3171 2312 3202 Connurneratur
2334 3177 2440 3201 tamen
2463 3170 2550 3200 bono

1491 3218 1662 3259 pulchrum
1684 3217 1717 3248 in
1736 3217 1943 3255 amabilitate,
1964 3216 2039 3256 quia
2058 3215 2144 3246 addit
2163 3225 2257 3255 supra
2277 3215 2383 3255 ipsum
2409 3213 2488 3244 sicut
2503 3221 2554 3242 se-

1492 3263 1633 3293 cundum
1657 3261 1734 3302 quid
1757 3261 1796 3291 ad
1820 3259 2018 3301 simpliciter:
2043 3260 2167 3290 bonurn
2191 3266 2237 3290 est
2260 3258 2345 3290 enim
2367 3256 2456 3298 quod
2474 3255 2548 3286 sim-

1491 3306 1612 3347 pliciter
1635 3305 1825 3346 complacet;
1851 3305 2022 3345 pulchrum
2045 3310 2161 3340 autem,
2186 3303 2275 3344 quod
2297 3301 2472 3333 secundum
2495 3309 2552 3339 ap-

1491 3350 1744 3390 prehensionem,
1769 3355 1804 3380 ut
1828 3348 1859 3378 in
1883 3349 1983 3379 littera
2008 3348 2129 3378 dicitur.
