2852 4152
143 395 154 406 ·
170 395 218 422 Qu.
232 400 253 415 ix

259 409 264 421 ,
281 396 320 415 art.
338 399 354 415 ι.

144 551 154 560 '
170 550 232 572 Num
247 557 263 572 1.

144 821 152 829 ·
169 820 220 841 Art.
236 826 243 841 ι

247 825 288 846 ‚2-

142 2678 151 2686 ⁹
166 2676 224 2704 Cap.
238 2683 301 2698 xxvn

388 264 459 299 144

384 338 573 379 movetur,
603 330 670 368 sed
690 344 710 368 e
731 343 929 368 conversa
950 331 1135 368 Voluntas
1154 338 1281 367 autem
1309 336 1441 366 movet

383 384 571 421 rationem
605 391 641 420 et
674 384 764 421 alias
792 384 913 430 vires,
942 391 983 420 ut
1010 396 1124 432 supra
1148 383 1168 405 '¹‘
1197 383 1339 419 dictum
1373 389 1439 418 est.

385 438 487 485 Ergo
515 436 665 475 bonitas
692 436 895 474 voluntatis
923 449 1001 474 non
1030 435 1219 484 dependet
1243 447 1264 470 a
1284 434 1439 470 ratione.

438 490 513 527 SED
542 501 687 527 CONTRA
714 501 780 526 EST
808 489 913 538 quod
946 488 1108 525 Hilarius
1141 487 1239 534 dicit,
1267 486 1306 522 in
1334 487 1369 522 X
1397 486 1442 522 de

388 544 424 579 T
420 543 491 580 rin.
512 542 549 580 *z
578 542 834 580 Immoderata
863 547 917 578 est
947 541 1068 577 omnis
1094 545 1350 587 susceptarum
1377 549 1442 575 νο-

385 595 567 632 luntatum
581 595 803 644 pertinacia,
820 594 884 630 uhi
901 605 975 630 non
995 592 1134 629 rationi
1145 592 1317 629 voluntas
1330 592 1443 627 subii-

384 649 490 685 citur.
513 649 591 685 Sed
610 648 758 685 bonitas
776 646 979 684 voluntatis
1000 644 1167 682 consistit
1181 644 1219 681 in
1243 645 1319 681 hoc
1337 644 1442 692 quod

383 713 464 738 non
492 701 538 738 sit
564 701 825 738 immoderata.
856 700 956 746 Ergo
986 698 1135 734 bonitas
1153 697 1358 734 voluntatis
1378 697 1442 734 de-

382 753 524 803 pendet
553 765 598 790 ex
625 754 699 790 hoc
728 751 830 801 quod
859 751 905 787 sit
932 750 1098 787 subiecta
1125 750 1272 787 rationi.

436 808 660 843 RESPONDEO
689 816 871 842 mcENDUM
896 803 1012 852 quod,
1033 803 1128 840 sicut
1155 803 1296 840 dictum
1326 810 1382 839 est
1400 802 1440 849 ⁹¹³,

382 859 531 896 bonitas
561 858 764 895 voluntatis
798 856 949 905 proprie
977 867 1022 892 ex
1056 856 1205 892 obiecto
1240 855 1440 904 dependet.

383 911 585 948 Obiectum
615 918 742 948 autem
770 909 974 946 voluntatis
993 909 1218 958 proponitur
1247 909 1279 946 ei
1299 920 1367 957 per
1386 921 1443 945 ra-

381 964 535 1001 tionem.
574 964 676 1000 Nam
713 963 860 999 bonum
898 962 1128 999 intellectum
1163 969 1218 999 est
1249 961 1441 998 obiectum

380 1016 584 1053 voluntatis
611 1015 943 1064 proportionatum
964 1015 1017 1062 ei;
1044 1015 1190 1052 bonum
1211 1022 1339 1051 autem
1358 1026 1441 1051 sen-

381 1069 496 1115 sibile,
525 1069 588 1105 vel
615 1068 891 1117 imaginarium,
922 1080 1000 1105 non
1029 1075 1084 1105 est
1111 1067 1441 1116 proportionatum

379 1122 577 1169 voluntati,
608 1122 676 1159 sed
704 1121 886 1170 appetitui
912 1121 1116 1158 sensitivo:
1150 1121 1238 1169 quia
1265 1121 1442 1156 voluntas

378 1182 504 1224 potest
531 1175 685 1212 tendere
714 1175 752 1211 in
781 1175 927 1212 bonurn
955 1174 1185 1220 universale,
1215 1174 1319 1222 quod
1347 1173 1441 1209 ratio

380 1228 646 1277 apprehendit;
663 1227 849 1276 appetitus
869 1234 997 1264 autem
1013 1226 1212 1263 sensitivus
1227 1237 1306 1262 non
1324 1225 1443 1263 tendit

379 1281 450 1318 nisi
468 1281 506 1318 in
525 1282 672 1318 bonum
692 1280 915 1329 particulare
934 1280 965 1327 ²¹²,
987 1278 1092 1328 quod
1115 1278 1366 1327 apprehendit
1383 1278 1442 1316 vis

379 1334 569 1372 sensitiva.
600 1334 648 1371 Et
675 1333 762 1370 ideo
792 1333 940 1370 bonitas
967 1332 1174 1369 voluntatis
1203 1331 1392 1381 dependet
1419 1343 1442 1368 a

378 1387 534 1434 ratione,
564 1399 610 1423 eo
640 1386 758 1423 modo
787 1398 864 1434 quo
893 1386 1084 1434 dependet
1110 1385 1159 1422 ab
1188 1385 1350 1422 obiecto.

1067 253 1331 299 QUAESTIO
1361 253 1466 300 XIX,
1495 250 1789 288 ARTICULUS
1819 250 1869 287 IV

1545 331 1604 366 An
1637 340 1773 365 PRtMUM
1806 339 1904 365 ERGO
1936 340 2118 366 mcmnum
2156 329 2260 377 quod
2298 329 2444 365 bonurn
2482 330 2552 366 sub

1493 381 1637 418 ratione
1666 381 1773 427 boni,
1803 381 1900 417 idest
1926 381 2147 430 appetibilis,
2176 394 2245 430 per
2271 381 2374 430 prius
2392 381 2554 431 pertinet

1493 434 1542 470 ad
1559 434 1797 471 voluntatem
1818 445 1935 481 quam
1954 435 2001 470 ad
2021 434 2219 472 rationem.
2242 434 2318 471 Sed
2338 442 2466 472 tamen
2484 446 2554 484 per

1493 486 1595 534 prius
1613 486 1774 534 pertinet
1793 486 1840 522 ad
1861 486 2047 523 rationem
2067 487 2136 524 sub
2157 487 2301 524 ratione
2320 487 2413 534 veri,
2434 499 2552 536 quam

1493 539 1541 575 ad
1568 539 1805 575 voluntatem
1833 539 1903 575 sub
1932 539 2076 576 ratione
2108 539 2337 589 appetibilis:
2372 540 2460 588 quia
2488 552 2553 589 ap-

1492 591 1630 639 petitus
1657 591 1862 628 voluntatis
1889 603 1969 629 non
1995 600 2119 640 potest
2147 605 2229 630 esse
2259 593 2306 630 de
2335 593 2452 640 bono,
2482 592 2552 629 nisi

1492 643 1596 692 prius
1625 655 1647 680 a
1675 643 1817 680 ratione
1846 645 2160 693 apprehendatur.

1546 698 1605 733 An
1638 707 1827 734 SECUNDUM
1859 709 2043 735 morannum
2075 698 2180 746 quod
2210 697 2464 747 Philosophus
2501 697 2552 734 ibi

1493 749 1660 796 loquitur
1692 749 1739 786 de
1768 747 1956 786 intellectu
1986 750 2169 799 practico,
2204 750 2415 788 secundum
2447 750 2553 799 quod

1496 809 1550 838 est
1570 801 1822 839 consiliativus
1842 809 1879 838 et
1897 802 2176 840 ratiocinativus
2196 814 2330 841 eorum
2350 815 2447 852 quae
2467 810 2554 840 sunt

1494 855 1543 891 ad
1571 855 1710 891 finem:
1741 854 1794 891 sic
1813 854 1916 891 enim
1935 855 2127 903 perficitur
2144 868 2212 904 per
2229 856 2480 904 prudentiam.
2511 858 2553 893 In

1494 907 1552 944 his
1580 916 1708 944 autern
1737 919 1834 957 quae
1855 915 1941 944 sunt
1960 907 2008 945 ad
2027 908 2159 955 finem,
2188 909 2370 946 rectitudo
2399 909 2553 946 rationis

1495 961 1662 998 consistit
1681 961 1719 998 in
1739 960 2000 998 conformitate
2021 960 2070 997 ad
2089 960 2297 1009 appetitum
2320 962 2406 998 finis
2425 962 2552 999 debiti.

1496 1014 1573 1050 Sed
1601 1022 1729 1051 tamen
1749 1021 1786 1050 et
1804 1014 1885 1062 ipse
1914 1013 2100 1062 appetitus
2119 1012 2205 1050 finis
2233 1012 2349 1051 debiti
2372 1026 2554 1063 praesup-

1494 1066 1601 1114 ponit
1629 1074 1771 1103 rectam
1800 1066 2144 1115 apprehensionem
2172 1067 2221 1104 de
2249 1067 2342 1114 fine,
2371 1079 2470 1116 quae
2499 1074 2554 1104 est

1495 1130 1563 1167 per
1591 1126 1790 1155 rationem.

1547 1174 1606 1208 AD
1634 1184 1793 1209 TER-rium
1826 1183 2009 1208 DICENDUM
2037 1171 2143 1221 quod
2177 1171 2355 1208 voluntas
2383 1172 2553 1221 quodam

1494 1225 1613 1262 modo
1643 1232 1775 1262 movet
1793 1224 2001 1274 rationem-3
2023 1232 2059 1274 et
2078 1224 2172 1261 ratio
2193 1224 2266 1261 alio
2285 1225 2404 1262 modo
2422 1232 2555 1262 movet

1493 1278 1747 1326 voluntatem,
1779 1290 1823 1315 ex
1850 1285 1957 1326 parte
1986 1277 2125 1314 scilicet
2149 1277 2310 1326 obiecti,
2338 1284 2380 1314 ut
2407 1277 2555 1327 supra*

1494 1330 1635 1368 dictum
1664 1339 1729 1368 est.

1155 1562 1471 1604 ARTICULUS
1501 1562 1772 1615 QUARTUS

766 1665 921 1697 UTRUM
944 1665 1130 1696 BON1TAs
1154 1664 1431 1695 VOLUNTATIS
1455 1663 1715 1694 DEPENDEAT
1739 1662 1796 1694 Ex
1819 1663 1931 1694 LEGE
1956 1662 2162 1694 AETERNA

402 1785 453 1835 253*
462 1788 468 1801 ³
490 1787 502 1821 εἴ
510 1797 546 1821 13<

425 1832 431 1842 e

569 1768 610 1808 ‘D
632 1782 804 1812 QUARTUM
824 1783 876 1807 εις
896 1782 1134 1807 moelem-rua.
1154 1770 1312 1808 Videtur
1336 1770 1440 1819 quod

409 1860 425 1873 „
512 1821 558 1882 ξ’
591 1823 737 1860 bonitas
764 1823 968 1861 voluntatis
987 1824 1179 1860 humanae
1199 1835 1278 1859 non
1299 1823 1440 1871 depen-

424 1874 428 1881 '
453 1891 515 1925 *q
528 1864 575 1926 ’ἢ
590 1876 675 1913 deat
695 1889 716 1912 a
735 1877 815 1924 lege
837 1884 1000 1913 aeterna.
1026 1877 1146 1913 Unius
1166 1877 1269 1912 enirn
1287 1888 1365 1912 una
1385 1884 1441 1913 est

432 1903 522 1956 4⁴³⁹&
544 1919 576 1962 k
590 1929 717 1976 regula
738 1937 774 1965 et
791 1941 980 1966 mensura.
1003 1929 1080 1966 Sed
1101 1929 1228 1976 regula
1247 1929 1438 1965 humanae

376 1980 590 2028 voluntatis,
613 1993 656 2018 ex
677 1994 751 2030 qua
772 1981 851 2018 eius
872 1981 1020 2018 bonitas
1050 1981 1251 2031 dependet,
1273 1989 1328 2018 est
1347 1981 1439 2018 ratio

377 2041 489 2070 recta.
524 2033 626 2081 Ergo
664 2047 742 2071 non
778 2034 968 2083 dependet
1001 2034 1150 2071 bonitas
1185 2034 1389 2071 voluntatis
1417 2047 1440 2071 a

375 2086 457 2134 lege
485 2094 648 2123 aeterna.

431 2151 465 2176 2.
496 2140 728 2187 PRAETEREA,
757 2152 934 2176 mensura
954 2146 1008 2176 est
1032 2141 1267 2189 homogenea
1291 2151 1438 2177 mensu-

416 1821 426 1829 ·
443 1820 451 1828 a
502 1827 503 1830 ,
525 1823 546 1831 ,,

437 1834 445 1841 -
530 1821 565 1864 a,

556 1851 561 1862 s

306 2210 350 2225 1¹.-
376 2198 480 2238 rato,
508 2199 550 2229 ut
579 2192 712 2229 dicitur
743 2193 778 2228 X
801 2193 1017 2241 Metaphys.
1045 2193 1066 2215 ‘¹‘
1095 2193 1171 2229 Sed
1199 2193 1258 2229 lex
1286 2201 1438 2230 aeterna

312 2236 325 2251 ²
344 2245 351 2251 '
376 2257 456 2282 non
476 2253 531 2281 est
549 2245 790 2293 homogenea
808 2245 995 2282 voluntati
1022 2246 1225 2282 humanae.
1256 2246 1358 2293 Ergo
1378 2247 1438 2294 lex

378 2305 529 2334 aeterna
556 2310 635 2335 non
662 2305 787 2347 potest
815 2310 897 2335 esse
931 2310 1110 2335 mensura
1136 2298 1342 2335 voluntatis
1368 2299 1437 2336 hu-

378 2362 527 2397 manae,
556 2358 598 2387 ut
625 2351 673 2387 ab
703 2363 748 2388 ea
775 2350 925 2388 bonitas
953 2351 1032 2387 eius
1061 2351 1285 2399 dependeat.

433 2405 467 2440 3.
487 2404 728 2451 PRAETEREA,
754 2416 933 2440 mensura
962 2404 1076 2440 debet
1104 2416 1185 2440 esse
1215 2403 1434 2441 certissima.

378 2456 455 2493 Sed
474 2457 533 2492 lex
553 2464 705 2493 aeterna
724 2464 780 2493 est
798 2457 908 2494 nobis
932 2457 1071 2504 ignota.
1092 2457 1194 2505 Ergo
1215 2469 1293 2494 non
1312 2464 1438 2505 potest

378 2521 460 2546 esse
489 2516 639 2546 nostrae
658 2509 863 2546 voluntatis
882 2521 1073 2557 mensura,
1094 2517 1136 2547 ut
1154 2510 1202 2547 ab
1224 2522 1268 2547 ea
1287 2509 1436 2547 bonitas

375 2561 580 2599 voluntatis
608 2569 758 2599 nostrae
788 2563 1013 2611 dependeat.

430 2615 504 2651 SED
525 2627 669 2652 CONTRA
688 2627 754 2652 EST
770 2615 874 2664 quod
892 2615 1124 2663 Augustinus
1146 2615 1244 2662 dicit,
1264 2616 1371 2652 XXII
1392 2615 1434 2652 li-

376 2668 446 2705 bro
466 2669 606 2705 Contra
619 2669 802 2705 Faustum
821 2668 852 2716 ³¹⁶,
874 2669 978 2717 quod
992 2674 1190 2716 peccatum
1209 2670 1432 2717 estfactum,

375 2721 533 2769 dictum,
563 2722 622 2758 vel
648 2722 884 2770 concupitum
913 2721 1056 2770 aliquid
1081 2727 1213 2758 contra
1240 2727 1434 2759 aeternam

375 2775 509 2823 legem.
549 2774 625 2811 Sed
654 2775 794 2811 malitia
821 2774 1026 2811 voluntatis
1061 2782 1117 2812 est
1144 2774 1248 2812 radix
1275 2774 1432 2823 peccati.

375 2828 489 2875 Ergo,
511 2839 598 2864 curn
619 2826 759 2866 ma'litia
778 2827 935 2864 bonitati
954 2835 1180 2876 opponatur,
1198 2827 1347 2864 bonitas
1366 2839 1435 2864 vo-

374 2880 524 2917 luntatis
553 2881 743 2928 dependet
770 2893 792 2917 a
819 2881 900 2928 lege
929 2889 1095 2917 aeterna.

428 2934 652 2970 RESPONDEO
681 2945 865 2972 DlCENDUM
894 2933 999 2983 quod
1032 2933 1070 2969 in
1104 2932 1283 2969 omnibus
1313 2932 1433 2969 causis

376 2986 574 3033 ordinatis,
602 2986 759 3024 effectus
787 2987 871 3035 plus
901 2987 1091 3035 dependet
1119 2998 1141 3022 a
1170 2997 1283 3022 causa
1310 2985 1434 3034 prima

376 3051 490 3087 quarn
520 3052 542 3075 a
566 3051 680 3076 causa
699 3040 886 3077 secunda:
917 3039 1006 3088 quia
1026 3051 1140 3076 causa
1168 3039 1336 3076 secunda
1355 3051 1434 3075 non

376 3091 449 3139 agit
477 3091 546 3128 nisi
574 3091 612 3128 in
639 3093 773 3130 virtute
801 3092 946 3140 primae
981 3104 1129 3129 causae.
1160 3092 1277 3139 Quod
1305 3099 1432 3128 autem

1494 1769 1588 1806 ratio
1616 1770 1784 1805 humana
1811 1769 1858 1805 sit
1886 1769 2014 1817 regula
2036 1768 2242 1805 voluntatis
2266 1769 2479 1816 humanae,
2509 1780 2555 1805 ex

1494 1834 1569 1871 qua
1599 1822 1678 1859 eius
1699 1822 1849 1858 bonitas
1869 1829 2120 1867 mensuretur,
2140 1821 2256 1858 habet
2275 1822 2414 1870 exlege
2434 1828 2554 1859 aeter-

1493 1887 1555 1922 na,
1577 1886 1675 1923 quae
1695 1882 1751 1911 est
1770 1874 1864 1911 ratio
1891 1874 2021 1912 divina
2039 1874 2069 1911 ’¹‘.
2090 1874 2201 1911 Unde
2225 1874 2264 1911 in
2282 1875 2437 1911 Psalmo
2457 1886 2493 1911 tv
2510 1874 2553 1897 ²¹³*

1494 1928 1647 1964 dicitur:
1676 1927 1794 1964 Multi
1820 1928 1965 1974 dicunt,
1990 1927 2081 1969 Quis
2108 1927 2265 1964 ostendit
2290 1928 2396 1964 nobis
2423 1927 2554 1965 bona?

1493 1981 1695 2031 Signatum
1712 1986 1767 2017 est
1775 1992 1894 2029 -super
1913 1993 1980 2018 nos
1999 1980 2122 2017 lumen
2141 1980 2264 2018 vultus
2283 1981 2348 2027 tui,
2366 1980 2553 2019 Domine.-

1493 2033 1601 2082 quasi
1621 2032 1777 2070 diceret:
1802 2048 1821 2067 «
1835 2034 1985 2070 Lumen
2005 2033 2158 2071 rationis
2177 2033 2281 2082 quod
2295 2033 2335 2070 in
2353 2032 2465 2071 nobis
2483 2041 2552 2081 est,

1492 2086 1679 2124 intantum
1698 2093 1823 2135 potest
1841 2086 1952 2123 nobis
1972 2086 2172 2123 ostendere
2196 2087 2310 2134 bona,
2327 2093 2364 2123 et
2382 2091 2555 2124 nostram

1491 2140 1728 2177 voluntatem
1749 2140 1931 2186 regulare,
1952 2139 2177 2188 inquantum
2197 2146 2254 2176 est
2275 2139 2406 2176 lumen
2424 2140 2558 2176 vultus-

1491 2192 1559 2240 tui,
1589 2192 1686 2230 idest
1713 2204 1734 2228 a
1761 2193 1870 2229 vultu
1897 2199 1964 2229 tuo
1994 2192 2258 2230 derivatum.»
2290 2191 2402 2229 Unde
2432 2191 2551 2230 mani-

1491 2245 1628 2282 festum
1659 2253 1715 2282 est
1742 2247 1848 2294 quod
1884 2245 2004 2283 multo
2035 2245 2155 2294 magis
2184 2244 2374 2294 dependet
2401 2243 2557 2284 bonitas

1489 2298 1694 2335 voluntatis
1722 2299 1914 2335 humanae
1941 2310 1965 2335 a
1991 2299 2073 2346 lege
2099 2305 2271 2345 aeterna,
2300 2309 2417 2346 quam
2444 2310 2466 2335 a
2494 2310 2552 2336 ra-

1489 2350 1592 2388 tione
1609 2352 1799 2388 humana:
1830 2359 1866 2387 et
1883 2350 1950 2387 ubi
1969 2350 2098 2388 deficit
2119 2351 2288 2387 humana
2309 2350 2417 2398 ratio,
2438 2363 2551 2400 opor—

1489 2411 1541 2440 tet
1568 2403 1617 2440 ad
1640 2403 1827 2440 rationem
1847 2411 2042 2440 aeternam
2061 2414 2264 2440 recurrere.

1542 2458 1601 2494 An
1629 2468 1766 2493 PR1M1JM
1794 2467 1892 2494 ERGO
1912 2467 2096 2493 mcssNDUM
2124 2455 2230 2504 quod
2257 2455 2369 2493 unius
2397 2455 2451 2493 rei
2470 2467 2549 2494 non

1488 2517 1576 2546 sunt
1601 2510 1729 2557 plures
1761 2521 1962 2547 mensurae
1989 2509 2206 2558 proximae:
2235 2516 2394 2558 possunt
2421 2516 2551 2546 tamen

1490 2574 1571 2599 esse
1598 2562 1726 2610 plures
1755 2574 1969 2610 mensurae,
1999 2574 2162 2611 quarum
2189 2574 2267 2599 una
2295 2562 2366 2598 sub
2395 2562 2467 2599 alia
2490 2575 2550 2599 or-

1489 2615 1648 2652 dinetur.

1540 2669 1600 2704 An
1628 2678 1817 2704 SECUNDUM
1837 2678 2020 2704 DiCENDUM
2041 2667 2146 2715 quod
2168 2677 2349 2704 mensura
2369 2667 2550 2716 ‘proxima

1488 2728 1544 2757 est
1562 2721 1802 2769 homogenea
1820 2727 2038 2757 mensurato
2058 2719 2094 2757 *ε
2123 2731 2202 2758 non
2222 2727 2350 2757 autem
2370 2731 2549 2758 mensura

1489 2781 1646 2810 remota.

1540 2822 1599 2863 An
1618 2838 1777 2863 TERTlUM
1797 2838 1979 2863 DICENDUM
2004 2827 2120 2874 quod,
2140 2825 2226 2864 licet
2252 2824 2312 2863 lex
2331 2833 2485 2864 aeterna
2503 2825 2551 2864 sit

1487 2879 1597 2916 nobis
1634 2879 1761 2926 ignota
1798 2879 2008 2915 secundum
2041 2879 2146 2928 quod
2179 2887 2235 2916 est
2266 2879 2305 2916 in
2337 2886 2466 2916 mente
2493 2878 2548 2916 di-

1486 2932 1597 2978 vina;
1627 2931 1827 2969 innotescit
1858 2939 1987 2968 tamen
2015 2932 2126 2969 nobis
2154 2932 2364 2980 aliqualiter
2394 2933 2456 2969 vel
2479 2943 2548 2981 per

1487 2984 1673 3022 rationem
1693 2986 1915 3031 naturalem,
1938 2997 2035 3034 quae
2056 2986 2104 3022 ab
2126 2997 2170 3022 ea
2190 2985 2382 3023 derivatur
2399 2992 2442 3021 ut
2458 2997 2546 3034 pro-

1485 3038 1568 3087 pria
1592 3038 1670 3075 eius
1698 3038 1845 3085 imago;
1873 3038 1935 3075 vel
1953 3050 2023 3086 per
2050 3037 2252 3086 aliqualem
2273 3038 2545 3075 revelationem

1487 3091 1781 3140 superadditam.

1328 3353 1458 3360 «xxm
1463 3353 1591 3360 »Μ

2579 1288 2590 1298 ·
2606 1288 2655 1316 Qu.
2669 1293 2702 1316 tx,
2716 1290 2760 1310 m.
2774 1293 2793 1310 ι.

2579 1884 2589 1894 ·
2604 1883 2633 1906 Ι).
2647 1883 2691 1906 811.

2580 1911 2601 1921 ··
2615 1910 2682 1933 Vera.
2698 1910 2720 1938 6,
2736 1916 2761 1938 7.

2577 2731 2586 2741 ·
2599 2730 2630 2754 D.
2645 2736 2674 2760 13,
2689 2730 2744 2759 87⁰.
