2852 4152
138 1816 179 1833 ,Ιτῆ
190 1828 195 1836 ,
205 1823 210 1831 ι
219 1818 228 1833 ιε

1036 249 1301 295 QUAESTIO
1334 250 1402 295 1x,

336 338 540 376 corporum
567 326 607 363 in
633 326 889 363 voluntatem:
917 328 1141 375 inquantum
1169 327 1308 364 scilicet
1327 339 1395 375 per

334 379 531 429 passiones
568 379 756 428 appetitus
788 380 954 417 sensitivi
980 381 1217 417 voluntatem
1246 380 1394 416 moveri

335 431 529 479 contingit.

386 486 446 522 An
479 495 616 521 ramum
649 495 746 520 ERGO
783 496 966 521 mesanum
1003 485 1108 533 quod
1146 484 1395 522 multiformes

326 543 463 575 >motus
490 537 693 574 voluntatis
712 537 903 574 humanae
924 537 1154 574 reducuntur
1172 537 1211 574 in
1230 537 1394 585 aliquam

300 598 304 603 ’
336 600 493 628 causam
511 588 755 636 uniformem,
776 601 875 638 quae
896 598 1024 627 tamen
1044 598 1099 626 est
1119 595 1137 617 η
1151 590 1340 627 intellectu
1361 597 1396 626 et

335 643 531 691 voluntate
557 642 740 690 superior.
771 642 887 688 Quod
915 654 994 679 non
1021 650 1146 691 potest
1173 643 1246 679 dici
1265 643 1312 680 de
1333 642 1396 679 ali-

337 707 415 744 quo
443 706 616 743 corpore,
645 695 713 732 sed
747 694 794 732 de
827 695 951 743 aliqua
978 695 1164 743 superiori
1191 695 1397 732 substantia

337 747 586 784 immateriali.
615 747 726 785 Unde
753 760 831 784 non
860 755 1009 796 oportet
1031 748 1136 796 quod
1173 755 1300 784 motus
1327 760 1397 784 vo-

336 799 487 838 luntatis
504 799 545 837 in
562 807 712 837 motum
733 801 826 837 caeli
845 802 1046 838 reducatur
1065 801 1160 837 sicut
1174 800 1212 837 in
1227 812 1394 837 causam.

389 855 448 890 AD
477 864 667 890 SECUNDUM
693 864 875 891 mCENDUM
903 854 1008 901 quod
1031 861 1158 890 motus
1183 853 1396 901 corporales

337 905 496 943 humani
525 905 757 943 reducuntur
783 906 822 943 in
849 914 999 943 motum
1033 905 1200 943 caelestis
1229 905 1396 953 corporis

338 957 433 995 sient
456 957 495 995 in
515 970 683 1006 causam,
703 959 930 1007 inquantum
958 959 1039 1007 ipsa
1067 957 1261 1006 dispositio
1290 970 1397 1005 orga-

338 1022 477 1047 norum
507 1023 673 1059 congrua
688 1012 737 1048 ad
755 1019 914 1057 motum,
934 1019 991 1048 est
1004 1008 1017 1032 ⁰
1037 1010 1246 1059 aliqualiter
1265 1023 1310 1047 ex
1328 1010 1397 1047 im-

338 1063 533 1111 pressione
575 1064 792 1101 caelestium
831 1075 1057 1112 corporum;
1097 1070 1134 1100 et
1169 1063 1393 1111 inquantum

339 1115 454 1153 etiam
472 1116 659 1165 appetitus
679 1117 878 1154 sensitivus
894 1124 1162 1154 commovetur
1175 1128 1220 1153 ex
1239 1116 1397 1164 impres-

338 1168 446 1206 sione
466 1169 684 1207 caelestium
700 1181 923 1218 corporum;
944 1177 981 1206 et
998 1169 1153 1206 ulterius
1171 1169 1396 1216 inquantum

340 1233 503 1270 corpora
539 1223 722 1260 exteriora
755 1230 963 1260 moventur
997 1221 1208 1258 secundum
1245 1228 1395 1258 motum

339 1275 556 1311 caelestium
587 1287 810 1324 corporum,
841 1287 886 1311 ex
913 1286 1077 1323 quorum
1111 1279 1299 1310 occursu‘
1326 1286 1397 1310 vo-

337 1326 460 1364 luntas
492 1327 623 1375 incipit
655 1327 798 1375 aliquid
825 1327 922 1363 velle
949 1327 1011 1362 vel
1044 1338 1122 1362 non
1149 1326 1268 1371 velle,
1303 1325 1397 1361 sicut

337 1378 564 1425 adveniente
603 1380 741 1426 frigore
781 1378 910 1427 incipit
951 1377 1084 1426 aliquis
1129 1378 1228 1413 velle
1271 1377 1394 1413 facere

334 1439 478 1479 ignem
494 1430 591 1469 ”sed
626 1431 696 1468 ista
732 1431 852 1468 motio
887 1430 1091 1468 voluntatis
1127 1436 1181 1465 est
1213 1441 1259 1465 ex
1290 1436 1397 1477 parte

384 1555 417 1595 ἠ)
435 1567 504 1594 quae
521 1563 609 1586 tamen
628 1564 676 1586 est.
687 1575 705 1580 —
718 1567 786 1594 quae
803 1564 892 1586 tamen
910 1558 951 1585 est
969 1559 995 1590 in
1015 1559 1068 1590 FK,
1087 1566 1154 1592 quae
1172 1562 1211 1584 est
1225 1559 1252 1584 in
1267 1559 1401 1583 pce-Pro

337 1597 471 1630 superior,
487 1597 655 1629 superiorum
674 1596 733 1628 PpF
752 1600 778 1621 et
795 1603 823 1620 a.
883 1614 888 1617 ,

390 1630 415 1666 0)
433 1631 471 1657 ad
489 1635 599 1663 motum,
612 1635 660 1657 ese.
677 1645 697 1650 —
713 1635 753 1656 est
771 1631 819 1661 El,
836 1634 876 1656 est
894 1630 931 1655 ad
949 1633 1048 1655 motum
1069 1630 1115 1655 Pa.
1132 1643 1151 1649 -
1169 1630 1219 1654 Pro
1237 1629 1400 1662 aliqualiter,

338 1666 490 1701 dlfqnarum
509 1663 719 1700 AGILpB(cD?),
737 1666 883 1699 aliquando
901 1665 1007 1698 EstB,
1026 1665 1143 1698 aliquam
1163 1665 1214 1698 pH.

1432 249 1726 286 ARTICULUS
1755 249 1805 285 Vl
2451 252 2492 287 81

1448 327 1585 364 obiecti
1620 327 1780 364 exterius
1811 328 2059 376 praesentati:
2095 341 2171 366 non
2201 342 2245 366 ex
2273 339 2377 379 parte
2410 332 2502 370 inte-

1448 392 1556 417 rioris
1585 387 1790 416 instinctus.

1501 435 1560 469 An
1587 443 1747 470 ‘rr-:mmm
1775 444 1957 469 monimum
1985 433 2102 481 quod,
2125 433 2219 470 sicut
2239 435 2379 472 dictum
2401 444 2455 472 est
2468 436 2500 484 ³¹³,

1448 485 1635 533 appetitus
1667 485 1866 522 sensitivus
1905 493 1959 521 est
1987 492 2090 522 actus
2123 487 2255 533 organi
2286 489 2500 536 corporalis.

1449 538 1559 575 Unde
1579 538 1668 574 nihil
1682 537 1858 586 prohibet
1873 549 1917 574 ex
1935 538 2184 585 impressione
2200 551 2404 587 corporum
2421 553 2502 577 cae-

1448 590 1596 626 lestium
1631 590 1777 638 aliquos
1811 603 1893 627 esse
1927 590 2072 627 habiles
2099 591 2147 627 ad
2175 591 2413 628 irascendum
2441 594 2502 629 vel

1450 643 1808 691 concupiscendum,
1823 643 1886 679 vel
1904 643 2070 690 aliquam
2089 649 2106 664 ²
2124 643 2343 680 huiusmodi
2362 646 2502 693 passio-

1450 707 1560 740 nem,
1596 696 1690 732 sicut
1724 703 1760 732 et
1793 707 1837 732 ex
1874 696 2137 743 complexione
2169 698 2339 733 naturali.
2373 698 2502 734 Plures

1450 755 1578 784 autem
1604 746 1618 769 λ
1645 747 1846 784 hominum
1883 755 2091 796 sequuntur
2120 748 2338 797 passiones,
2366 750 2502 798 quibus

1450 800 1518 836 soli
1557 799 1745 847 sapientes
1783 800 1968 837 resistunt.
1998 801 2048 837 Et
2073 801 2161 837 ideo
2194 809 2236 837 ut
2266 801 2306 838 in
2332 802 2501 850 pluribus

1448 853 1690 890 verificantur
1723 864 1768 889 ea
1799 865 1896 901 quae
1933 853 2243 901 praenuntiantur
2280 854 2328 890 de
2360 855 2503 891 actibus

1449 905 1650 941 hominum
1679 905 1889 942 secundum
1919 905 2261 943 considerationem
2289 907 2504 944 caelestium

1450 970 1667 1006 corporum.
1703 958 1780 994 Sed
1815 965 1963 1004 tamen,
1996 965 2037 995 ut
2067 959 2313 996 Ptolomaeus
2345 959 2432 996 dicit
2464 959 2502 996 in

1454 1010 1681 1058 Centiloquio
1717 1009 1755 1057 ²⁸,
1781 1010 1929 1058 sapiens
1959 1011 2173 1047 dominatur
2207 1012 2336 1048 astris:
2367 1012 2506 1048 scilicet

1450 1063 1549 1111 quia,
1562 1063 1737 1099 resistens
1752 1062 2003 1110 passionibus,
2017 1063 2174 1111 impedit
2187 1076 2256 1112 per
2268 1065 2503 1101 voluntatem

1449 1116 1620 1162 liberam,
1649 1122 1685 1152 et
1703 1127 1947 1163 nequaquam
1967 1115 2087 1151 motui
2108 1117 2256 1153 caelesti
2281 1117 2501 1164 subiectam,

1449 1168 1667 1205 huiusmodi
1688 1179 1892 1216 corporum
1913 1168 2127 1204 caelestium
2148 1169 2315 1206 effectus.

1501 1221 1583 1266 Vel,
1603 1228 1644 1256 ut
1670 1220 1901 1267 Augustinus
1929 1219 2017 1256 dicit
2036 1221 2066 1256 ΙΙ
2087 1232 2200 1268 super
2217 1221 2310 1258 Gen.
2325 1222 2376 1258 ad
2397 1222 2461 1258 litt.
2473 1221 2503 1268 ²¹²,

1438 1273 1641 1320 fatendum
1660 1279 1724 1318 est,
1739 1273 1889 1321 quando
1914 1273 1963 1309 ab
1981 1273 2180 1322 astrologis
2199 1285 2291 1310 vera
2319 1274 2503 1320 dicuntur,

1453 1325 1623 1361 instinctu
1639 1325 1801 1372 quodam
1812 1325 2057 1362 occultissimo
2067 1325 2150 1371 dici,
2162 1337 2270 1373 quem
2286 1326 2506 1362 nescientes-*²

1450 1378 1638 1413 humanae
1656 1383 1795 1414 mentes
1804 1378 2010 1425 patiuntur.
2031 1378 2140 1419 Quod
2160 1390 2245 1414 cum
2265 1379 2316 1415 ad
2327 1379 2507 1426 decipien-

1452 1429 1541 1465 dum
1556 1430 1723 1466 homines
1727 1431 1788 1476 fit,
1803 1430 1999 1477 spirituum
2013 1430 2248 1467 seductorum
2263 1431 2429 1480 operatio
2444 1437 2506 1467 est.

1508 1559 1533 1590 κ)
1552 1558 1679 1590 aliquam.
1693 1571 1711 1577 —-
1728 1558 1765 1583 ad
1782 1558 1899 1590 aliquam
1918 1559 1947 1582 C.

1507 1592 1535 1626 λ)
1555 1594 1649 1618 Plures
1666 1596 1765 1618 autem.
1783 1607 1803 1612 -
1821 1593 1914 1618 Plures
1931 1593 1990 1618 PsH
2011 1598 2036 1618 et
2054 1601 2079 1619 a.

1509 1629 1536 1662 μ)
1552 1635 1628 1661 quem
1642 1629 1792 1654 nescientes.
1804 1641 1823 1646 -
1835 1635 1903 1660 quae
1921 1629 2063 1654 nescientes
2081 1629 2109 1658 P,
2123 1629 2194 1660 quod
2207 1629 2348 1654 nescientes
2361 1630 2416 1659 BH,
2431 1636 2509 1662 quam

1456 1664 1600 1689 nescientes
1618 1663 1658 1688 ed.
1672 1670 1698 1688 a.
1711 1677 1731 1682 -
1740 1663 1779 1695 stt
1791 1670 1845 1688 om.
1858 1663 2039 1692 ABCFGfflas
2057 1670 2103 1695 pro
2122 1663 2299 1692 seductorum,
2315 1664 2509 1689 immundorum

392 1703 412 1736 ι)
429 1709 551 1729 occursu.
569 1715 584 1721 ·-
603 1709 732 1728 concursu
752 1701 854 1727 PKsBC
873 1705 899 1726 et
916 1708 942 1726 a.
959 1714 978 1720 -
997 1701 1047 1725 Pro
1066 1701 1106 1726 uel
1128 1707 1180 1725 non
1205 1700 1283 1730 velle,
1303 1703 1330 1724 et
1349 1706 1400 1724 non
1456 1702 1483 1724 et
1499 1699 1669 1724 seductorum
1689 1699 1790 1723 codices
1809 1703 1835 1722 et
1851 1705 1878 1722 a.

339 1738 405 1768 velle
422 1738 490 1776 PFa,
508 1745 563 1762 om.
581 1737 613 1763 E.

1016 1814 1346 1848 Commentario.
1370 1812 1618 1846 Cardinalis
1640 1811 1839 1845 Caietani

369 1907 391 1928 Ν
413 1907 547 1937 corpore
569 1896 672 1937 quinti
695 1895 816 1927 articuli
840 1894 974 1925 dubium
993 1894 1140 1930 occurrit,
1158 1903 1254 1934 quare
1273 1903 1321 1923 res
1340 1893 1399 1923 im-

370 1941 554 1977 materialis,
577 1939 767 1971 formalioris
790 1946 822 1970 et
844 1938 1076 1970 universalioris
1099 1945 1227 1969 naturae
1255 1944 1286 1968 et
1306 1937 1402 1967 virtu-

339 1985 379 2016 tis
401 1995 500 2026 quam
526 1984 566 2016 sit
588 1994 720 2024 corpus,
749 1990 854 2024 potest
876 1983 990 2014 directe
1017 1982 1138 2012 moveri
1162 1992 1180 2012 a
1203 1991 1334 2021 corpore
1365 1986 1402 2011 ut

339 2029 379 2060 ab
403 2029 543 2064 obiecto;
568 2034 599 2058 et
621 2038 687 2058 non
710 2034 815 2067 potest
842 2027 963 2056 moveri
986 2027 1024 2056 ab
1049 2036 1087 2056 eo
1111 2032 1146 2056 ut
1169 2036 1187 2055 a
1210 2032 1334 2056 motore
1361 2025 1401 2054 ad

341 2072 531 2104 exercitium.
565 2071 652 2102 Sicut
679 2071 764 2101 enirn
792 2071 831 2101 ad
860 2070 996 2110 primam
1028 2069 1205 2100 motionem
1233 2068 1347 2099 sufficit
1369 2068 1402 2098 in

341 2122 489 2147 movente
512 2115 614 2146 maior
635 2115 782 2146 nobilitas
806 2115 982 2145 secundum
1005 2113 1092 2154 quid,
1113 2120 1149 2144 ut
1169 2113 1203 2143 in
1227 2113 1285 2144 hac
1308 2122 1402 2154 quae-

341 2160 453 2196 stione,
470 2166 525 2195 art.
544 2169 573 2195 2,
589 2159 629 2189 ad
653 2169 678 2196 1,
698 2158 819 2194 dicitur,
842 2158 884 2188 ita
902 2158 935 2188 in
954 2157 1106 2188 secunda:
1131 2163 1167 2187 ut
1189 2163 1275 2197 patet
1290 2166 1326 2187 ex
1341 2156 1403 2186 hoc

341 2204 430 2245 quod
451 2203 599 2235 voluntas
621 2209 730 2233 movet
750 2202 946 2233 intellectum
964 2202 1004 2232 ad
1026 2201 1218 2236 exercitium,
1234 2207 1265 2231 et
1286 2207 1402 2236 tamen,

233 2269 241 2282 ,
295 2267 302 2274 ·
341 2246 430 2288 apud
451 2247 565 2278 divum·
583 2246 747 2277 Thomam
769 2245 803 2282 *,
827 2252 873 2276 est
894 2245 1071 2276 secundum
1092 2244 1171 2285 quid
1198 2251 1324 2275 tantum
1346 2253 1404 2274 no-

341 2290 435 2323 bilior
457 2289 627 2321 inteuectu.
651 2307 672 2312 -
694 2289 736 2320 Et
758 2299 866 2320 rursus
890 2289 968 2320 ratio
988 2289 1144 2328 assignata
1157 2287 1191 2318 in
1213 2287 1315 2318 littera
1338 2297 1404 2318 non

341 2333 448 2369 minus
472 2333 610 2365 excludit
622 2332 758 2374 primam
775 2332 953 2364 motionem
969 2342 1067 2373 quam
1083 2331 1263 2362 secundam.
1280 2330 1328 2361 Ex
1342 2330 1404 2361 hoc

341 2377 430 2412 enim
455 2377 546 2418 quod
572 2386 664 2408 mens
685 2383 732 2408 est
759 2375 950 2407 formatioris
973 2382 1004 2406 et
1026 2374 1257 2406 universalioris
1280 2374 1403 2406 virtutis

340 2431 441 2466 quam
462 2431 598 2461 corpus,
622 2420 798 2452 excluditur
819 2419 924 2461 passio
947 2429 967 2450 a
988 2429 1120 2460 corpore
1150 2429 1216 2450 non
1239 2419 1346 2449 solum
1369 2425 1405 2449 ut

341 2464 500 2502 effective,
524 2465 580 2497 sed
606 2465 703 2496 etiam
724 2471 762 2496 ut
783 2474 801 2495 a
823 2463 950 2494 formali
979 2462 1152 2503 principio;
1174 2463 1263 2504 quod
1286 2469 1332 2493 est
1354 2472 1404 2493 ex-

341 2508 468 2548 cludere
489 2508 669 2540 motionem
683 2509 722 2540 ab
746 2518 788 2539 eo
808 2517 864 2548 per
885 2507 1022 2538 modum
1045 2506 1168 2543 obiecti,
1185 2513 1222 2538 ut
1242 2506 1275 2536 in
1298 2506 1404 2546 primo

342 2552 474 2586 articulo
497 2552 593 2584 huius
616 2551 810 2595 quaestionis
833 2551 954 2582 dictum
977 2558 1032 2582 est.

409 2596 446 2628 11.
470 2597 523 2628 Ad
544 2596 607 2628 hoc
629 2595 762 2628 breviter
785 2595 896 2626 dicitur
919 2595 1018 2636 quod,
1035 2594 1210 2626 secundum
1231 2593 1404 2630 veritatem,

342 2647 456 2672 neutro
471 2640 571 2671 modo
588 2650 703 2680 corpus
719 2646 823 2680 potest
833 2649 924 2679 agere
939 2639 972 2669 in
986 2648 1053 2669 rem
1065 2638 1314 2674 immaterialem,
1331 2647 1403 2677 pro-

1454 1899 1523 1932 pter
1544 1892 1699 1922 rationem
1722 1892 1858 1928 allatam,
1876 1898 1906 1922 et
1925 1892 2030 1932 plures
2051 1892 2138 1928 alias;
2160 1902 2239 1933 quas
2263 1893 2341 1929 vide,
2361 1893 2387 1923 si
2405 1893 2461 1930 vis,
2478 1894 2510 1924 in

1454 1937 1494 1966 111
1522 1936 1643 1966 Contra
1669 1936 1772 1973 Gent.‚
1793 1946 1860 1975 cap.
1875 1946 1985 1966 Lxxxw
2008 1942 2038 1966 et
2059 1946 2166 1967 Lxxxv.
2187 1936 2278 1967 Unde
2302 1943 2332 1967 et
2353 1937 2386 1967 in
2408 1937 2511 1967 Prima

1453 1981 1544 2010 Parte
1558 1979 1576 1998 *
1594 1980 1714 2010 dictum
1737 1984 1803 2016 ests
1816 1987 1847 2010 et
1869 1980 2069 2015 declaratum,
2093 1980 2182 2020 quod
2204 1980 2423 2020 phantasmata
2445 1991 2511 2011 non

1454 2023 1514 2053 nisi
1536 2023 1617 2054 facta
1638 2023 1671 2053 in
1694 2030 1765 2053 actu
1787 2023 1908 2053 lumine
1931 2023 2105 2053 intellectus
2128 2023 2261 2062 agentis,
2285 2031 2420 2064 possunt
2441 2035 2511 2055 mo-

1454 2077 1526 2097 vere
1541 2066 1745 2097 intellectum.
1758 2067 1799 2097 Et
1810 2077 1912 2107 usque
1925 2067 2003 2097 adeo
2019 2066 2109 2097 divus
2121 2067 2264 2097 Thomas
2278 2067 2311 2097 in
2325 2078 2380 2108 qu.
2391 2079 2510 2104 mxxiv,

1455 2117 1510 2141 art.
1531 2111 1561 2146 6,
1578 2110 1640 2141 hoc
1662 2110 1861 2150 ponderavit,
1882 2118 1918 2142 ut
1940 2110 2140 2141 concluderet
2163 2111 2252 2151 quod
2277 2117 2344 2142 tota
2373 2112 2510 2152 cognitio

1455 2154 1617 2190 sensibilis,
1640 2164 1741 2194 usque
1764 2154 1881 2185 scilicet
1904 2155 1943 2184 ad
1966 2154 2166 2194 cogitativam
2188 2155 2353 2192 inclusive,
2378 2166 2443 2186 non
2467 2163 2513 2186 est

1457 2209 1551 2230 causa
1572 2197 1790 2229 intellectualis
1811 2198 1949 2234 notitiae,
1966 2199 2021 2229 sed
2036 2205 2082 2229 est
2096 2199 2231 2229 materia
2254 2208 2381 2237 causae,
2398 2199 2514 2230 scilicet

1455 2242 1630 2274 intellectus
1653 2241 1782 2281 agentis.

1523 2285 1616 2317 Ratio
1635 2292 1743 2316 autem
1758 2295 1854 2325 quare
1873 2285 2065 2321 conceditur,
2081 2291 2111 2316 et
2128 2284 2179 2316 hic
2191 2292 2222 2316 et
2233 2285 2306 2316 alibi
2316 2286 2342 2322 *,
2355 2287 2444 2327 quod
2458 2296 2512 2316 vo-
2540 2293 2550 2302 ·

1457 2330 1561 2360 luntas
1576 2339 1632 2360 seu
1647 2328 1822 2360 intellectus
1838 2336 1984 2360 movetur
1999 2329 2037 2359 ab
2054 2329 2194 2360 exteriori
2211 2336 2363 2370 tanquam
2379 2330 2513 2367 obiecto,

1458 2381 1488 2405 et
1511 2383 1576 2404 non
1599 2380 1752 2413 tanquam
1776 2383 1794 2403 a
1809 2380 1934 2405 motore
1957 2373 1996 2403 ad
2019 2372 2209 2410 exercitium,
2225 2381 2271 2404 est
2292 2374 2367 2415 quia
2389 2375 2430 2405 ad
2445 2385 2514 2405 mo-

1457 2417 1598 2448 vendum
1614 2417 1765 2447 obiective
1780 2417 1930 2448 exteriora
1946 2423 2147 2454 concurrunt,
2161 2417 2219 2448 etsi
2234 2428 2301 2448 non
2316 2417 2512 2455 sufficienter,

1458 2468 1564 2492 tamen
1573 2460 1760 2497 inchoativa,
1773 2460 1917 2498 mediate,
1934 2468 1964 2492 et
1978 2467 2014 2492 ut
2034 2462 2164 2492 materia
2178 2461 2300 2493 obiecti.
2317 2463 2368 2492 Ad
2384 2472 2513 2493 moven-

1458 2505 1538 2536 dum
1549 2512 1656 2536 autem
1675 2505 1715 2535 ad
1731 2504 1923 2542 exercitium,
1939 2505 2028 2536 nullo
2048 2506 2147 2536 modo
2169 2513 2360 2537 concurrunt
2375 2516 2412 2537 ex
2426 2512 2513 2546 parte

1458 2549 1591 2580 motoris
1615 2549 1654 2579 ad
1682 2548 1878 2579 exercitium:
1902 2556 1948 2580 est
1977 2549 2062 2579 enim
2084 2548 2153 2580 talis
2176 2556 2283 2580 motor
2305 2550 2392 2581 solus
2414 2550 2511 2587 Deus,

1458 2603 1531 2624 cum
1554 2592 1622 2633 ipsa
1644 2593 1816 2629 voluntate,
1842 2599 1877 2623 ut
1899 2593 1932 2623 in
1955 2593 2139 2634 quaestione
2160 2592 2179 2610 ³*
2201 2600 2294 2633 patet.

1152 2789 1466 2831 ARTICULUS
1497 2789 1703 2831 SEXTUS

581 2893 737 2924 UTRUM
759 2891 992 2923 VOLUNTAS
1014 2890 1259 2922 MOVEATUR
1282 2892 1311 2920 A
1334 2889 1422 2920 DEO
1447 2867 1558 2920 soto
1582 2887 1708 2919 SICUT
1731 2863 2041 2918 AB'EXTERIORI
2064 2887 2275 2918 PR1Ncn>10

415 2982 482 3006 Part.
501 2981 519 3011 l,
538 2988 582 3014 qu.
601 2987 642 3009 cv,
662 2984 707 3004 art.
719 2986 751 3011 4;
771 2986 814 3011 qu.
833 2985 883 3008 cvr,
903 2982 950 3002 art.
966 2984 995 3008 2;
1015 2984 1058 3010 qu.
1073 2983 1122 3005 cx1,
1142 2981 1188 3000 art.
1203 2983 1230 3006 23
1250 2975 1270 2999 11
1285 2975 1368 3004 Sent„
1390 2975 1447 2999 dist.
1461 2983 1501 3004 xv,
1520 2982 1565 3007 qu.
1583 2982 1603 3005 1,
1623 2979 1669 2999 art.
1685 2973 1712 3004 3;
1732 2974 1763 2998 111
1785 2974 1860 2998 Cont.
1875 2975 1960 3003 Gent.‚
1981 2981 2036 3005 cap.
2049 2980 2165 3002 Lxxxvm,
2183 2981 2279 3004 nxxxzx,
2293 2981 2344 3003 xer,
2358 2981 2422 3004 κους

734 3014 776 3038 De
791 3013 880 3042 Ver-it„
899 3020 944 3045 qu.
957 3019 1016 3042 xxn,
1035 3015 1082 3036 art.
1096 3010 1121 3041 8,
1134 3019 1164 3044 9;
1186 3011 1227 3035 De
1245 3010 1328 3038 Malo,
1348 3017 1394 3042 qu.
1407 3017 1444 3041 111,
1463 3014 1509 3034 art.
1526 3009 1553 3039 3;
1573 3017 1616 3042 qu.
1630 3017 1670 3040 v1;
1694 3009 1834 3041 Compend.
1856 3008 1951 3038 neon,
1971 3016 2026 3041 cap.
2041 3015 2121 3033 cxxxx.

378 3123 387 3140 ³
431 3127 532 3170 ενα(
555 3123 578 3148 D
607 3122 747 3147 sextum
776 3121 828 3146 sm
857 3119 1093 3145 moeson-ua.
1118 3106 1277 3144 Videtur
1298 3105 1403 3154 quod

380 3138 422 3158 ff„
465 3148 468 3154 ,

372 3144 527 3222 {77ssssss
555 3164 731 3201 voluntas
750 3175 829 3199 non
849 3174 870 3198 a
885 3162 966 3198 solo
982 3162 1066 3198 Deo
1087 3166 1289 3197 moveatur
1308 3158 1403 3195 sicut

346 3211 484 3298 iad&
503 3218 527 3255 'fr
556 3217 605 3254 ab
626 3215 799 3253 exteriori
817 3214 1014 3264 principio.
1037 3212 1192 3250 Inferius
1213 3211 1314 3248 enirn
1336 3223 1402 3248 na-

348 3278 383 3310 A
403 3242 472 3294 §⁴3
497 3259 637 3306 ’tum
671 3275 726 3305 est
752 3267 902 3305 moveri
930 3279 952 3304 a
980 3278 1050 3303 suo
1079 3264 1278 3314 superiori;
1308 3264 1402 3301 sicut

346 3335 507 3372 corpora
527 3322 702 3359 inferiora
716 3334 739 3358 a
753 3320 977 3370 corporibus
993 3318 1224 3356 caelestibus.
1242 3317 1320 3354 Sed
1333 3329 1403 3354 vo-

345 3377 468 3413 luntas
488 3375 655 3412 hominis
673 3374 788 3411 habet
807 3373 948 3422 aliquid
966 3371 1138 3421 superius
1157 3378 1243 3419 post
1259 3371 1400 3416 Deum,

346 3429 485 3466 scilicet
508 3429 694 3476 angelum.
716 3428 818 3474 Ergo
847 3426 1023 3463 voluntas
1055 3423 1221 3461 hominis
1241 3428 1258 3444 ²
1277 3430 1403 3471 potest

1461 3105 1620 3153 moveri,
1641 3105 1736 3142 sicut
1763 3105 1810 3141 ab
1831 3103 2000 3141 exteriori
2019 3103 2215 3153 principio,
2239 3103 2351 3140 etiam
2379 3105 2428 3141 ab
2448 3116 2512 3140 an-

1459 3158 1556 3205 gelo.

1513 3222 1546 3248 2.
1578 3211 1810 3258 PRAETEREA,
1838 3216 1942 3246 actus
1969 3208 2174 3247 voluntatis
2198 3208 2366 3258 sequitur
2385 3216 2510 3245 actum

1457 3262 1676 3300 intellectus.
1708 3262 1785 3299 Sed
1816 3262 2024 3299 intellectus
2055 3261 2220 3299 hominis
2254 3261 2442 3298 reducitur
2473 3260 2511 3297 in

1458 3328 1571 3353 suum
1600 3323 1725 3352 actum
1745 3327 1823 3352 non
1851 3315 1974 3351 solum
1994 3327 2016 3351 a
2035 3315 2132 3361 Deo,
2158 3315 2225 3352 sed
2246 3314 2359 3351 etiam
2379 3314 2426 3350 ab
2447 3325 2511 3349 an-

1457 3369 1540 3416 gelo
1561 3380 1629 3417 per
1647 3367 1951 3414 illuminationes,
1971 3375 2013 3403 ut
2031 3367 2236 3415 Dionysius
2257 3367 2346 3404 dicit
2357 3366 2388 3403 *.
2409 3366 2510 3413 Ergo

1457 3421 1593 3458 eadem
1622 3421 1767 3458 ratione
1796 3428 1832 3457 et
1858 3420 2045 3458 voluntas.

399 3550 426 3584 α)
446 3550 567 3576 hominis.
586 3563 604 3568 -
622 3549 683 3574 Om.
703 3548 748 3573 Pa.

488 3603 596 3627 Surum:
615 3602 716 3626 Tur-201..
735 3601 766 3626 D.
780 3601 893 3624 Tuomn
912 3599 944 3624 T.
957 3599 997 3624 111.

2340 3599 2365 3615 11

2531 441 2538 448 ·
2561 438 2585 459 In
2608 444 2712 466 corpore.
2729 450 2740 454 -

2531 465 2566 486 Cf.
2586 464 2646 486 Part.
2661 465 2685 491 1,
2701 471 2740 492 qu.

2530 497 2622 517 Lxxxlv,
2637 494 2679 512 art.
2688 490 2709 517 6,
2717 496 2741 517 7.

2532 1021 2542 1031 ⁵
2557 1021 2625 1048 Prop.
2640 1027 2662 1041 v.

2532 1226 2543 1236 ⁸
2558 1225 2615 1252 Cap.
2630 1231 2685 1246 xvu.

2537 1986 2547 1996 '¹
2554 1985 2602 2013 Qu.
2607 1991 2700 2012 uxxrv,
2707 1988 2750 2006 art.

2540 2012 2564 2038 6;
2572 2018 2611 2039 qu.
2617 2018 2699 2037 Lxxxv,
2707 2014 2748 2032 art.

2539 2045 2556 2065 1,
2572 2038 2600 2060 ad
2614 2044 2634 2066 3.

2539 2601 2550 2611 “
2567 2600 2602 2622 cf.
2617 2603 2660 2621 art.
2672 2606 2695 2626 4,
2711 2599 2734 2620 6.

2540 3412 2548 3420 ·
2575 3410 2639 3432 cael.
2662 3409 2748 3435 Hier„

2540 3442 2590 3464 cap.
2607 3442 2637 3457 tv.
