2852 4152
129 474 137 482 ¹
161 471 208 499 Qu.
229 477 323 498 Lxxvn,

129 502 171 520 art.
186 504 206 526 3.

127 887 153 903 11.

128 776 183 798 '.Cf
194 783 232 804 qu.
243 784 259 804 ι,
270 781 310 798 art.
320 783 335 804 ι,

127 794 259 825 Comment.
272 809 336 825 num.

126 835 181 855 vui,
201 836 223 851 1x
255 833 296 851 art.
311 835 336 857 3,

127 846 260 878 Comment.
271 862 336 877 num.

121 3208 204 3235 'Cap.

217 3208 330 3230 xv1.-Cf.

121 3214 228 3262 Aristo't„
238 3235 268 3256 de
276 3235 333 3256 Ani-

121 3266 168 3288 ma,
179 3261 219 3282 lib.
223 3252 269 3288 ’,111
281 3267 333 3289 cap.

122 3277 270 3335 inmsssl‘h
281 3288 331 3310 lect.

220 3372 236 3388 α

369 213 417 259 76

365 291 416 327 lis,
439 298 468 322 et
485 291 645 322 obiectum
659 291 835 322 intellectus
851 298 896 322 est
913 291 1054 331 primurn
1068 291 1259 332 principium
1276 292 1425 330 formale,

367 344 461 375 ergo:
486 335 540 365 ubi
563 342 692 376 apparet
715 336 813 376 quod,
839 336 863 365 si
888 336 989 375 prima
1010 336 1186 376 propositio
1204 346 1270 366 non
1289 336 1426 366 salvatur

367 379 405 409 de
429 379 583 419 principio
607 379 749 415 formali,
774 379 851 410 nihil
875 379 918 410 fit.

421 423 454 453 Si
477 430 584 454 autem
602 423 735 454 intendit
758 424 943 459 secundum,
961 429 1036 453 tunc
1060 423 1194 458 obstant,
1212 422 1326 462 primo,
1344 422 1426 452 dicta

366 477 423 497 sua
438 467 469 496 in
493 467 597 497 Prima
613 468 702 498 Parte
716 467 743 503 *,
760 467 945 508 quaestione
961 466 1015 496 ubi
1035 466 1148 496 dicitur
1162 466 1250 506 quod
1265 465 1425 495 obiectum

365 517 430 541 tam
453 510 613 551 potentiae
637 511 753 542 activae
772 521 869 551 quam
892 510 1032 550 passivae
1056 509 1220 549 specificat,
1241 509 1316 549 quia
1339 509 1425 539 obie-

366 562 453 586 ctum
475 555 634 595 potentiae
658 555 775 585 activae
799 561 845 585 est
866 554 955 589 finis,
979 553 1120 593 passivae
1143 562 1217 583 vero
1242 560 1288 584 est
1311 563 1424 593 agens,

366 605 396 628 et
426 599 463 628 ab
495 606 630 638 utroque
661 598 802 638 operatio
827 597 1031 637 specificatur.
1061 597 1136 626 Non
1159 607 1232 636 ergo
1263 597 1425 628 obiectum

366 649 474 672 movet
502 643 534 672 in
558 652 670 682 genere
694 651 803 672 causae
828 641 981 671 formalis:
1007 641 1061 670 sed
1089 641 1282 681 quandoque
1305 640 1423 677 finalis,

365 693 395 716 et
418 687 611 726 quandoque
635 685 800 716 effectivae.
822 702 842 707 -
865 684 987 714 Deinde
1011 685 1137 714 obstant
1159 685 1260 715 multa
1283 685 1423 724 philoso-

365 729 504 769 phorum
528 730 623 760 dicta:
648 737 725 769 puta
748 729 836 768 quod
859 727 1045 768 appetibile,
1070 729 1159 768 quod
1191 735 1238 759 est
1263 729 1424 759 obiectum

364 773 544 809 voluntatis,
565 779 673 803 movet
695 780 730 803 ut
753 771 833 807 finis,
851 779 881 801 et
904 778 939 801 ut
962 781 1056 811 agens
1071 772 1097 802 *.

419 817 470 848 IV.
495 817 545 847 Ad
569 818 629 847 hoc
654 816 765 846 dicitur
789 816 877 855 quod
897 815 1008 855 procul
1028 815 1125 846 dubio
1150 818 1271 846 Auctor
1291 816 1424 847 intendit

364 862 453 902 quod
476 861 635 891 obiectum
659 866 766 890 movet
781 859 813 889 in
836 869 949 898 genere
973 869 1084 889 causae
1103 859 1256 890 formalis:
1281 861 1423 901 alioquin

364 905 442 935 nihil
466 905 676 935 concluderet.
700 903 761 933 Sed
784 913 850 933 non
875 902 951 933 dixit
974 903 1117 934 absolute
1148 904 1238 944 quod
1261 911 1369 934 movet
1389 911 1424 935 ut

364 949 554 989 principium
574 947 715 983 formale,
733 953 768 977 ut
784 947 955 977 insinuaret
978 947 1067 987 quod
1086 957 1151 978 non
1172 954 1218 978 est
1231 948 1423 988 principium

364 993 495 1023 formale
518 992 732 1027 intrinsecum,
757 991 811 1021 sed
835 990 1056 1027 extrinsecum
1082 1001 1147 1021 non
1171 998 1277 1022 tamen
1301 1002 1422 1032 separa-

363 1043 442 1073 tum,
467 1042 503 1066 ut
525 1035 603 1071 idea,
629 1035 683 1064 sed
707 1034 923 1065 coniunctum.
949 1034 1045 1065 Calor
1068 1035 1153 1065 enim
1175 1045 1240 1066 non
1256 1035 1361 1065 solum
1378 1043 1423 1066 est

363 1079 555 1120 principium
586 1078 719 1109 formale
750 1078 968 1115 calefaciendi,
999 1079 1053 1109 sed
1087 1079 1181 1109 etiam
1215 1079 1424 1110 calefactionis

363 1123 615 1165 quodammodo.
643 1122 723 1153 Dico
751 1129 858 1153 autem
889 1123 1140 1163 quodammodo:
1163 1122 1238 1163 quia
1268 1123 1354 1152 calor
1376 1123 1423 1152 in-

363 1175 519 1209 quantum
543 1173 589 1197 est
612 1167 803 1207 principium
835 1166 1006 1197 elicitivum
1031 1166 1261 1204 calefactionis,
1287 1173 1333 1197 est
1356 1167 1423 1197 eius

362 1211 563 1262 principium
582 1211 615 1240 in
639 1220 752 1251 genere
783 1220 894 1241 causae
923 1210 1102 1247 efficientis;
1133 1209 1324 1250 inquantum
1347 1221 1422 1241 vero

363 1263 409 1287 est
432 1255 623 1296 principium
643 1254 917 1285 determinativum
941 1254 1024 1283 illius
1047 1254 1087 1283 ad
1111 1253 1258 1294 speciem,
1276 1261 1322 1285 est
1337 1255 1422 1295 prin-

363 1300 482 1340 cipium
506 1299 572 1330 eius
594 1299 626 1329 in
650 1308 761 1338 genere
786 1308 897 1328 causae
916 1297 1058 1328 formalis
1075 1297 1272 1335 extrinsecae,
1290 1298 1423 1330 coniun-

363 1351 430 1375 ctae
453 1351 568 1374 tamen.

412 1389 478 1418 Nec
502 1388 628 1417 obstant
650 1386 725 1416 huic
748 1385 853 1415 sensui
869 1384 961 1416 allata
984 1385 1017 1415 in
1041 1386 1237 1426 oppositum.
1256 1386 1422 1424 Quoniam

362 1432 447 1462 aliud
471 1438 516 1461 est
539 1431 630 1471 loqui
653 1430 691 1460 de
715 1429 858 1460 motione
881 1429 951 1460 talis
974 1429 1024 1459 vel
1044 1429 1114 1460 talis
1139 1430 1267 1461 obiectI:
1292 1437 1323 1461 et
1337 1430 1423 1461 aliud

362 1483 408 1506 est
421 1475 510 1516 loqui
535 1475 572 1505 de
592 1474 736 1505 motione
757 1473 871 1504 obiecti
887 1473 1041 1504 absolute.
1067 1473 1261 1505 Conceditur
1284 1484 1422 1515 namque

361 1520 450 1561 quod
473 1519 534 1550 tale
557 1518 719 1549 obiectum
733 1524 842 1548 movet
860 1516 1004 1556 finaliter,
1021 1524 1052 1548 et
1066 1518 1127 1549 tale
1143 1518 1290 1555 effective,
1309 1526 1365 1549 etc.
1383 1519 1424 1550 Et

361 1564 423 1595 hoc
452 1563 566 1594 dicitur
595 1563 628 1593 in
656 1562 735 1594 locis
766 1561 913 1602 allegatis.
948 1561 1009 1592 Sed
1032 1572 1098 1592 non
1128 1562 1312 1593 conceditur
1335 1563 1423 1603 quod

361 1608 463 1638 motio
488 1607 677 1637 conveniens
702 1606 825 1637 obiecto
843 1605 986 1636 absolute
1010 1606 1049 1636 sit
1073 1606 1212 1637 effectiva
1228 1613 1283 1637 aut
1304 1606 1421 1637 finalis:

362 1652 416 1682 sed
439 1651 590 1688 formalis,
615 1651 758 1692 quamvis
783 1650 961 1681 extrinsece.
987 1649 1157 1681 Obiectum
1174 1651 1259 1685 enim
1275 1658 1321 1681 est
1336 1651 1424 1682 velut

362 1696 531 1726 extrinseca
554 1695 658 1725 forma
681 1701 776 1726 actua.
798 1695 890 1725 Unde
913 1697 1043 1731 Auctor,
1061 1704 1135 1725 curn
1158 1695 1317 1735 posuisset
1336 1696 1424 1736 quod

362 1739 580 1770 determinatio
605 1746 691 1770 actus
715 1739 755 1769 ad
777 1738 839 1769 hoc
857 1739 907 1768 vel
926 1738 1015 1774 illud,
1033 1748 1065 1769 se
1081 1746 1166 1770 tenet
1182 1749 1219 1769 ex
1234 1746 1321 1779 parte
1338 1740 1424 1770 obie-

362 1784 418 1820 cti;
443 1791 588 1814 naturam
612 1783 726 1814 obiecti
750 1793 816 1813 non
839 1789 876 1813 ut
897 1782 958 1813 tale
981 1782 1031 1812 vel
1055 1783 1114 1813 tale
1134 1789 1189 1820 est,
1209 1783 1262 1813 sed
1282 1784 1425 1814 absolute

361 1834 397 1858 ut
421 1827 581 1858 obiectum
605 1834 659 1864 est,
681 1827 923 1867 contemplatus,
940 1826 973 1856 In
997 1826 1107 1857 ordine
1131 1827 1170 1857 ad
1194 1827 1426 1858 determinatio-

361 1882 436 1902 nem
459 1879 556 1908 actus‚
573 1871 651 1902 vidit
670 1872 758 1912 quod
778 1881 843 1901 non
867 1870 1093 1902 determinabat
1109 1878 1216 1902 actum
1237 1878 1272 1902 ut
1288 1871 1425 1902 efficiens

361 1926 419 1946 nec
442 1923 478 1946 ut
499 1915 589 1951 finis,
615 1915 689 1956 quia
713 1915 791 1945 nihil
813 1915 931 1945 horum
955 1914 1045 1944 omni
1065 1915 1189 1945 obiecto
1205 1915 1425 1946 determinanti

361 1966 468 1990 actum
484 1959 645 1995 convenit;
672 1959 726 1989 sed
743 1959 783 1989 ad
797 1968 896 1998 genus
913 1968 1024 1988 causae
1042 1958 1183 1989 formalis
1201 1960 1425 1990 recurrendum

361 2011 449 2034 esset.
474 2004 546 2034 Hoc
565 2003 651 2033 enim
674 2009 705 2033 et
727 2002 816 2033 omni
840 2012 912 2032 vere
936 2002 1060 2032 obiecto
1086 2003 1242 2039 convenit,
1268 2009 1298 2033 et
1314 2013 1369 2043 per
1392 2013 1425 2033 se

361 2047 508 2078 convenit
531 2047 585 2078 illi.
611 2046 682 2077 Dixi
705 2053 812 2077 autem
837 2056 910 2077 vere
933 2047 1065 2083 obiecto,
1090 2053 1219 2087 propter
1248 2047 1425 2078 multorum

359 2091 511 2132 loquendi
525 2101 629 2127 usum,
641 2091 792 2121 terminos
805 2090 926 2121 obiecta
939 2090 1122 2121 secundaria
1133 2091 1327 2122 vocantium.
1339 2091 1426 2122 Haec

360 2135 445 2166 enim
468 2145 534 2166 non
554 2142 699 2166 movent:
722 2135 796 2176 quia
811 2144 883 2165 vere
900 2134 1022 2165 obiecta
1041 2144 1107 2165 non
1131 2141 1213 2171 sunt,
1231 2135 1286 2165 sed
1301 2135 1426 2166 termini

359 2179 467 2220 potius
491 2179 731 2219 operationum;
757 2179 837 2209 sicut
860 2185 971 2209 natura
997 2179 1098 2209 leonis
1131 2179 1284 2209 terminus
1309 2186 1355 2210 est
1378 2179 1424 2209 in-

360 2223 546 2254 tellectionis
565 2223 704 2259 divinae,
728 2229 758 2253 et
781 2222 929 2253 securitas
949 2223 1055 2253 rustici
1071 2222 1182 2262 regalis
1197 2223 1423 2263 providentiae.

414 2268 452 2298 V.
478 2267 570 2298 Circa
593 2267 762 2298 efficaciam
786 2276 952 2307 processus
976 2266 1108 2307 praefati
1131 2266 1227 2307 positi
1249 2266 1281 2296 in
1306 2267 1423 2303 littera,

361 2311 495 2342 dubium
518 2311 670 2342 occurrit:
696 2311 850 2352 quoniam
874 2318 928 2342 aut
951 2320 1017 2341 non
1042 2310 1202 2341 concludit
1224 2311 1313 2351 quod
1335 2311 1425 2341 intel-

359 2356 458 2386 lectus
481 2362 589 2386 movet
603 2355 810 2391 voluntatem,
828 2355 916 2396 quod
934 2361 980 2385 est
994 2355 1168 2391 intentum;
1193 2361 1248 2385 aut
1264 2354 1426 2385 concludit

361 2400 449 2440 quod
472 2399 646 2430 intellectus
671 2406 779 2429 movet
802 2409 913 2429 omnes
936 2398 1017 2429 vires
1041 2399 1164 2429 animae
1180 2408 1217 2429 ex
1232 2405 1319 2439 parte
1339 2399 1424 2430 obie-

361 2444 401 2474 cti
412 2467 419 2479 ‚
444 2443 533 2484 quod
556 2450 602 2474 est
625 2443 751 2474 falsum.
777 2442 863 2473 Cum
880 2443 965 2473 enim
981 2453 1017 2473 ex
1032 2443 1090 2473 hac
1106 2442 1227 2473 ratione
1242 2442 1322 2473 nihil
1338 2443 1425 2474 aliud

361 2487 503 2527 explicite
533 2487 702 2524 habeatur,
728 2487 788 2517 nisi
817 2487 906 2527 quod
929 2486 1089 2517 obiectum
1113 2486 1300 2523 intellectus,
1325 2496 1362 2517 ex
1385 2497 1423 2517 eo

360 2532 448 2572 quod
471 2531 612 2572 primum
635 2530 828 2571 principium
851 2530 993 2567 formale,
1011 2538 1058 2562 est
1080 2531 1222 2571 primum
1238 2530 1424 2561 determina-

359 2576 461 2606 tivum
477 2582 606 2607 actuum
622 2575 661 2605 ad
678 2575 829 2616 speciem;
852 2584 888 2605 ex
904 2575 966 2605 hoc
982 2581 1090 2606 autem
1106 2581 1160 2606 aut
1176 2575 1319 2616 sequitur
1334 2575 1423 2616 quod

1129 2727 1445 2769 ARTICULUS

1075 215 1342 260 QUAESTIO
1373 216 1439 260 IX,
1471 215 1766 252 ARTICULUS
1797 217 1827 252 ΙΙ

1481 292 1656 324 intellectus
1679 299 1787 323 movet
1810 298 1925 323 ceteras
1948 294 2114 333 potentias,
2138 294 2224 324 iuxta
2246 293 2334 324 illam
2349 294 2537 328 maximam,

1481 337 1625 367 Primum
1649 338 1681 367 in
1707 346 1895 376 unoquoque
1925 346 2046 378 genere
2069 343 2115 369 est
2139 347 2238 368 causa
2262 338 2402 368 omnium
2427 347 2536 368 eorum

1481 390 1562 420 quae
1584 386 1660 410 sunt
1676 385 1751 420 post
1758 387 1771 417 ;
1793 387 1856 416 aut,
1880 380 1905 411 si
1928 390 1994 411 non
2017 382 2261 421 subintelligitur
2283 381 2360 412 haec
2382 381 2536 418 maxima,

1480 424 1657 454 voluntarie
1676 431 1706 454 et
1721 424 1839 464 absque
1856 434 1936 464 nexu
1962 424 2068 465 aliquo
2085 425 2230 456 infertur:
2251 425 2336 465 Ergo
2351 424 2536 461 intellectus,

1481 475 1518 496 ex
1541 467 1602 497 hoc
1631 467 1719 507 quod
1743 466 1810 497 eius
1834 467 1995 498 obiectum
2018 475 2064 500 est
2086 469 2228 510 primum
2260 468 2452 509 principium
2475 469 2538 499 for-

1480 510 1571 546 male,
1591 511 1685 541 habet
1708 511 1797 550 quod
1820 518 1946 542 moveat
1961 512 2169 544 voluntatem.
2193 513 2348 551 Quamvis
2364 512 2449 543 enim
2465 512 2536 549 hoc,

1480 553 1596 584 scilicet
1617 554 1812 585 intellectum
1835 565 1963 586 movere
1981 557 2180 588 voluntatem
2202 567 2239 588 ex
2254 564 2342 597 parte
2357 555 2482 592 obiecti,
2499 555 2539 587 sit

1479 607 1591 628 verum
1613 604 1645 628 et
1667 604 1791 634 notum,
1816 598 1891 638 quia
1913 607 2090 639 praesentat
2105 601 2133 632 ei
2146 601 2325 637 obiectum;
2349 610 2415 631 non
2431 608 2538 632 tamen

1480 647 1526 671 est
1549 647 1663 671 notum
1687 642 1776 682 quod
1798 642 1859 672 hoc
1882 643 1976 674 habet
1999 653 2035 674 ex
2058 644 2120 675 hoc
2143 646 2231 685 quod
2255 645 2331 681 eius,
2349 644 2474 680 scilicet,
2491 644 2538 674 in-¹

1478 685 1629 721 tellectus,
1648 685 1807 716 obiectum
1822 693 1868 716 est
1889 686 2029 726 primurn
2048 687 2191 718 formale.
2209 690 2244 719 ln
2261 699 2326 729 quo
2343 695 2449 719 tamen
2462 698 2536 718 con-

1478 729 1558 759 sistit
1580 736 1646 759 tota
1668 729 1715 759 vis
1737 729 1865 759 rationis
1888 730 2017 762 litterae.

1533 773 1585 803 VI.
1610 773 1661 803 Ad
1685 772 1873 803 evidentiam
1897 773 1990 804 huius
2014 775 2234 815 dubitationis,
2259 775 2337 806 scito
2361 776 2450 816 quod
2472 778 2538 806 Au-

1478 823 1554 853 ctor,
1571 816 1688 857 primas
1703 816 1821 847 radices
1840 816 1993 856 attingens
2010 818 2173 859 utriusque
2189 819 2340 850 motionis
2356 819 2538 860 propositae

1477 861 1509 891 in
1525 861 1635 897 littera,
1652 860 1769 891 scilicet
1783 870 1819 890 ex
1835 867 1922 901 parte
1938 861 2070 892 subiecti
2087 869 2117 892 et
2133 872 2170 892 ex
2183 870 2271 904 parte
2287 863 2414 902 obiecti;
2426 873 2537 905 quem-

1478 905 1654 935 admodum
1674 904 1814 945 primum
1834 914 1928 944 agens
1943 903 1976 934 in
1993 910 2060 936 tota
2075 905 2190 943 anima,
2207 917 2243 938 ac
2258 916 2314 948 per
2329 906 2391 938 hoc
2405 917 2537 938 movens

1477 949 1516 978 ad
1533 959 1629 979 usum
1644 955 1741 984 actus,
1758 948 1865 979 intulit
1883 958 1950 979 esse
1963 948 2171 986 voluntatem,
2188 949 2262 991 quia
2278 949 2318 981 ad
2333 961 2404 982 eam
2419 957 2539 991 spectat

1477 992 1618 1032 primum
1634 992 1840 1042 ‘principium
1869 991 1980 1028 finale,
2010 999 2045 1023 ut
2073 992 2154 1023 clare
2181 999 2267 1034 patet
2292 993 2326 1024 in
2352 995 2471 1032 littera;
2495 995 2538 1025 ita
2579 995 2582 998 ”

1477 1036 1576 1066 modo
1595 1035 1736 1075 primum
1759 1045 1892 1065 movens
1915 1035 1995 1066 inter
2017 1043 2120 1076 partes
2136 1037 2259 1068 animae
2275 1038 2314 1067 ad
2331 1037 2537 1089 specificatio-

1477 1089 1552 1110 nem
1574 1086 1678 1115 actus,
1701 1078 1795 1109 infert
1818 1088 1884 1109 esse
1906 1078 2112 1119 intellectum,
2136 1090 2173 1110 ex
2196 1090 2234 1111 eo
2257 1083 2346 1122 quod
2368 1083 2408 1112 ad
2430 1082 2538 1123 ipsum

1477 1129 1596 1163 spectat
1619 1122 1760 1163 primum
1783 1122 1975 1163 principium
1995 1122 2137 1154 formale.
2154 1123 2196 1155 Et
2211 1124 2237 1154 si
2252 1125 2383 1167 quidem
2398 1136 2435 1156 ex
2450 1132 2537 1167 parte

1477 1166 1676 1197 obiectorum
1698 1172 1823 1197 tantum
1846 1166 2000 1197 discussio
2016 1173 2105 1204 esset,
2120 1175 2186 1208 par
2209 1174 2289 1199 esset
2305 1169 2497 1210 utrobique
2489 1179 2537 1206 iu-

1477 1211 1609 1241 dicium:
1635 1210 1751 1241 scilicet
1769 1211 1867 1251 quod,
1888 1211 2163 1252 quemadmodum
2181 1211 2323 1253 primum
2345 1212 2538 1253 principium

1476 1254 1570 1285 finale
1593 1261 1640 1286 est
1662 1254 1741 1286 ratio
1765 1253 1961 1296 reliquorum
1979 1254 2102 1292 finium,
2125 1255 2168 1286 ita
2190 1256 2331 1297 primurn
2345 1255 2538 1307 principium

1477 1299 1624 1335 formale,
1649 1299 1737 1339 quod
1765 1305 1811 1329 est
1835 1298 1995 1330 obiectum
2018 1299 2204 1337 intellectus,
2229 1307 2276 1331 est
2298 1300 2396 1338 ratio,
2420 1300 2455 1331 in
2478 1310 2537 1331 suo

1476 1350 1582 1374 tamen
1605 1343 1725 1379 ordine,
1750 1342 1830 1373 idest
1852 1342 1885 1373 in
1903 1353 2017 1382 genere
2038 1353 2150 1374 causae
2173 1344 2325 1381 formalis,
2341 1324 2538 1385 reliquorum

1477 1387 1693 1418 obiectorum:
1714 1386 1823 1417 omnia
1837 1386 1923 1417 enim
1942 1387 2064 1419 obiecta
2080 1394 2116 1418 ut
2131 1387 2185 1425 sic,
2200 1389 2259 1419 sub
2275 1395 2346 1420 ente
2362 1395 2393 1420 et
2410 1398 2486 1419 vero
2501 1395 2538 1420 ut

1476 1431 1674 1472 particularia
1697 1431 1855 1472 quaedam
1879 1431 2090 1462 continentur.
2114 1432 2176 1463 Sed
2207 1442 2243 1463 ex
2268 1438 2356 1473 parte
2382 1432 2537 1473 potentia-

1475 1485 1549 1506 rum
1572 1475 1695 1506 animae
1717 1474 1892 1516 loquendo,
1910 1481 1956 1506 est
1978 1476 2221 1516 quodammodo
2244 1486 2311 1516 par,
2328 1483 2359 1507 et
2380 1477 2537 1518 quodam-

1477 1519 1577 1550 modo
1601 1529 1666 1549 non
1689 1528 1746 1559 par
1769 1518 1938 1560 utrobique
1961 1518 2051 1550 ratio.
2076 1520 2193 1557 Quoad
2217 1520 2408 1560 primitatem
2431 1520 2535 1558 enim,

1477 1573 1534 1604 par
1557 1569 1603 1594 est
1630 1562 1727 1594 ratio:
1752 1562 1907 1604 quoniam
1936 1563 2228 1604 quemadmodum,
2260 1570 2296 1594 ut
2323 1563 2445 1595 dictum
2471 1570 2535 1601 est,

1477 1607 1552 1648 quia
1567 1607 1714 1637 voluntas
1738 1613 1785 1637 est
1802 1606 1944 1646 primum
1962 1606 2055 1637 finale
2069 1607 2272 1648 principium,
2288 1607 2356 1648 ipsa
2371 1607 2452 1639 inter
2466 1617 2538 1648 par.-

1474 1648 1523 1682 'tes
1543 1651 1666 1681 animae
1682 1657 1728 1682 est
1742 1650 1882 1691 primum
1899 1661 2032 1681 movens
2048 1652 2088 1682 ad
2104 1651 2303 1688 exercitium;
2327 1652 2380 1688 ita,
2400 1652 2475 1694 quia
2490 1651 2537 1682 in-

1477 1696 1619 1726 tellectus
1643 1701 1689 1726 est
1711 1695 1852 1736 primum
1875 1695 2008 1725 formale
2031 1695 2234 1736 principium,
2251 1695 2318 1736 ipse
2341 1695 2422 1727 inter
2435 1701 2538 1737 partes

1477 1739 1602 1770 animae
1631 1745 1677 1770 est
1704 1738 1845 1780 primum
1872 1749 2005 1770 movens
2029 1739 2068 1770 ad
2091 1739 2374 1780 specificationem;
2398 1739 2538 1771 formalis

1478 1783 1564 1814 enim
1586 1782 1732 1824 principii
1756 1793 1839 1824 opus
1863 1783 1925 1814 hoc
1948 1790 2003 1815 est.
2033 1784 2151 1821 Quoad
2175 1783 2391 1814 extensionem
2412 1790 2536 1820 autem,

1477 1838 1543 1858 non
1567 1834 1613 1858 est
1635 1837 1692 1868 par
1714 1827 1810 1858 ratio:
1835 1827 1910 1868 quia
1932 1827 2104 1858 voluntatis
2135 1827 2237 1859 motio
2271 1827 2407 1859 extendit
2436 1837 2469 1859 se
2498 1827 2538 1859 ad

1477 1881 1589 1902 omnes
1613 1871 1736 1902 animae
1754 1871 1834 1902 vires
1850 1871 1998 1908 subditas,
2016 1878 2090 1908 etc.;
2115 1870 2217 1902 motio
2236 1879 2343 1902 autem
2361 1871 2538 1903 intellectus

1478 1925 1545 1946 non
1569 1914 1707 1946 extendit
1733 1925 1766 1946 se
1795 1916 1909 1946 directe
1939 1915 1999 1946 nisi
2022 1916 2062 1946 ad
2084 1915 2294 1946 voluntatem.
2325 1915 2366 1947 Et
2387 1915 2468 1947 ratio
2493 1915 2538 1946 di-

1477 1959 1631 1990 versitatis
1654 1958 1750 1989 huius
1774 1966 1821 1990 est
1843 1959 1960 1990 modus
1985 1959 2133 1990 causandi
2156 1960 2306 1991 diversus.
2331 1960 2435 1992 Motio
2452 1959 2538 1990 enim

1476 2002 1659 2039 voluntatis,
1683 2003 1758 2044 quia
1782 2009 1828 2034 est
1851 2013 1906 2044 per
1929 2003 2065 2034 modum
2087 2003 2222 2044 imperii,
2247 2003 2406 2035 extensiva
2428 2014 2466 2035 ex
2481 2013 2539 2046 sua

1477 2047 1598 2077 ratione
1622 2053 1677 2077 est.
1702 2046 1804 2077 Motio
1829 2053 1936 2078 autem
1958 2047 2144 2084 intellectus,
2169 2047 2244 2088 quia
2267 2053 2313 2078 est
2331 2057 2388 2088 per
2403 2047 2540 2078 modum

1478 2090 1719 2131 praesentantis,
1744 2091 1784 2120 ad
1806 2090 1839 2121 id
1862 2097 1987 2122 tantum
2010 2091 2124 2122 directe
2148 2101 2180 2122 se
2204 2090 2352 2128 extendit,
2377 2090 2428 2122 cui
2450 2101 2538 2132 prae-

1478 2141 1589 2165 sentat.
1613 2134 1706 2166 Unde
1730 2137 1851 2166 Auctor
1873 2134 1906 2165 in
1929 2135 2040 2172 littera,
2063 2141 2237 2177 postquam
2255 2134 2365 2176 posuit
2390 2134 2540 2166 unde‘in-

1477 2179 1634 2209 ferebatur
1657 2179 1746 2220 quod
1768 2178 1944 2211 intellectus
1973 2185 2020 2210 est
2042 2178 2183 2219 prImum
2206 2189 2355 2216 movens,
2380 2178 2456 2221 quia
2481 2178 2539 2211 sci-

1475 2223 1548 2253 licet
1571 2222 1638 2253 eius
1661 2229 1708 2253 est
1729 2222 1870 2263 primum
1893 2222 2086 2264 principium
2102 2222 2249 2260 formale;
2273 2222 2378 2254 statim
2402 2223 2542 2254 subdidit

1477 2267 1562 2297 unde
1581 2266 1748 2297 haberetur
1769 2267 1859 2307 quod
1877 2267 1979 2298 motio
1999 2267 2067 2298 eius
2083 2267 2123 2297 ad
2138 2267 2338 2298 voluntatem
2353 2266 2538 2304 extenditur,

1477 2320 1600 2351 ponens
1624 2310 1760 2341 modum
1783 2320 1850 2351 quo
1873 2310 2050 2342 intellectus
2072 2310 2252 2342 motionem
2274 2310 2356 2342 hanc
2379 2310 2460 2348 facit,
2485 2310 2540 2342 sci-

1476 2354 1551 2386 licet
1579 2364 1636 2395 per
1658 2354 1945 2395 praesentationem
1967 2354 2098 2391 obiecti;
2123 2361 2153 2386 et
2180 2354 2272 2386 dixit:
2295 2355 2339 2386 Et
2362 2355 2422 2386 isto
2446 2354 2539 2386 modo

1478 2399 1626 2429 motionis
1649 2399 1828 2430 intellectus
1850 2404 1954 2430 movet
1984 2399 2179 2430 voluntatem
2189 2422 2201 2437 ‚
2224 2400 2307 2430 sicut
2323 2404 2540 2440 praesentans

1478 2444 1509 2473 ei
1529 2442 1682 2474 obiectum
1705 2452 1810 2473 suum.
1840 2443 1926 2474 Haec
1950 2443 2034 2473 enim
2058 2443 2152 2473 verba
2173 2452 2239 2474 non
2263 2443 2370 2474 solum
2392 2443 2539 2484 explana-

1478 2486 1541 2517 tiva
1564 2493 1638 2517 sunt
1659 2486 1796 2517 veritatiS
1815 2486 1848 2517 in
1868 2496 1910 2524 se,
1928 2487 1983 2517 sed
2003 2487 2177 2518 connexiva
2191 2493 2221 2518 et
2237 2487 2402 2518 deductiva
2416 2486 2538 2524 Intenti,

1479 2537 1515 2562 ut
1538 2530 1784 2571 explanavimus.
1809 2549 1830 2554 -
1853 2531 1895 2562 Et
1917 2541 1973 2572 per
1995 2530 2073 2562 haec
2095 2538 2181 2572 patet
2203 2531 2284 2562 clare
2312 2531 2477 2572 responsio
2500 2531 2541 2562 ad

1479 2574 1612 2606 obiecta.

1475 2727 1773 2770 SECUNDUS

825 2818 981 2850 UTRUM
1006 2817 1239 2849 VOLUNTAS
1261 2818 1509 2850 MOVEATUR
1531 2818 1587 2849 AB
1609 2819 1826 2850 APPETITU
1850 2819 2074 2850 SENSITIVO

894 2897 971 2928 Infra,
990 2905 1035 2930 qu.
1054 2905 1082 2928 x,
1102 2902 1149 2922 art.
1170 2896 1199 2929 35
1218 2905 1263 2930 qu.
1278 2904 1369 2927 Lxxvu,
1391 2902 1437 2922 art.
1456 2904 1482 2928 ις
1502 2897 1544 2922 De
1560 2897 1649 2928 Ver-it„
1669 2906 1713 2931 qu.
1731 2905 1796 2930 xxn,
1815 2903 1862 2923 art.
1878 2906 1908 2932 9,
1928 2899 1960 2924 ad
1979 2897 2005 2924 6.

510 3007 557 3081 Q
570 2999 592 3024 D
608 2998 798 3024 SECUNDUM
815 2998 867 3023 sm
883 2997 1123 3023 PROOEmTUR.
1140 2985 1299 3023 Videtur
1319 2986 1423 3045 quod

498 3037 542 3099 ζει
570 3040 746 3076 voluntas
775 3039 823 3075 ab
861 3038 1029 3088 appetitu
1062 3038 1243 3076 sensitivo
1272 3039 1422 3076 moveri

423 3129 426 3134 ,
486 3110 491 3113 ,
518 3090 650 3132 (non
677 3091 805 3140 possit.
839 3093 1003 3129 Movens
1032 3092 1134 3129 enim
1163 3097 1199 3128 et
1225 3104 1344 3142 agens
1372 3098 1427 3129 est

417 3157 427 3169 ⁸
449 3145 504 3171 ⁷⁷¹
528 3135 561 3179 Χ
581 3145 818 3182 raestantius
827 3145 1002 3193 patiente,
1018 3151 1059 3181 ut
1073 3145 1305 3193 Augustinus
1322 3145 1422 3192 dicit,

359 3198 430 3234 XII
458 3209 570 3246 super
602 3198 693 3235 Gen.
709 3198 761 3234 ad
777 3197 842 3235 litt.
862 3196 882 3218 ³⁸
911 3198 988 3234 Sed
1008 3197 1195 3247 appetitus
1222 3197 1422 3235 sensitivus

361 3257 416 3287 est
443 3250 597 3287 inferior
620 3251 826 3297 voluntate,
857 3262 954 3299 quae
984 3258 1039 3287 est
1067 3251 1252 3299 appetitus
1280 3251 1422 3288 intelle-

361 3303 502 3349 ctivus;
532 3303 628 3340 sicut
659 3315 792 3340 sensus
821 3310 877 3339 est
903 3303 1056 3340 inferior
1082 3303 1283 3341 intellectu.
1319 3304 1421 3352 Ergo

361 3356 547 3405 appetitus
576 3356 777 3394 sensitivus
805 3368 884 3393 non
913 3363 1046 3393 movet
1073 3357 1310 3395 voluntatem
1331 3361 1359 3393 ⁰.

415 3421 450 3446 2.
479 3410 719 3454 Pmmsnm,
749 3409 851 3446 nulla
884 3408 1004 3446 virtus
1031 3409 1265 3458 particularis
1298 3416 1422 3458 potest

1477 2986 1602 3023 facere
1631 2985 1809 3023 effectum
1838 2986 2107 3025 universalem.
2138 2987 2215 3024 Sed
2243 2986 2429 3035 appetitus
2454 2999 2538 3024 sen·

1478 3038 1609 3076 sitivus
1647 3047 1703 3076 est
1727 3039 1846 3076 virtus
1883 3039 2138 3089 particularis:
2166 3039 2410 3088 consequitur
2438 3039 2539 3078 enim

1476 3092 1742 3141 particularem
1763 3105 1895 3129 sensus
1909 3090 1925 3122 β
1948 3092 2305 3143 apprehensionem.
2335 3092 2437 3140 Ergo
2457 3104 2536 3130 non

1476 3151 1602 3194 potest
1630 3157 1786 3183 causare
1815 3152 1965 3183 motum
1987 3145 2205 3193 voluntatis,
2225 3145 2289 3194 qui
2312 3153 2370 3183 est
2387 3145 2538 3183 univer-

1477 3197 1584 3246 salis,
1613 3198 1719 3235 velut
1746 3210 1985 3247 consequens
2013 3198 2359 3247 apprehensionem
2386 3198 2538 3236 univer-

1475 3251 1594 3288 salem
1622 3251 1840 3288 intellectus.

1531 3305 1565 3340 3.
1586 3305 1826 3351 PRAETEREA,
1855 3310 1897 3340 ut
1922 3303 2106 3352 probatur
2137 3304 2176 3341 in
2202 3304 2289 3342 VIII
2316 3303 2466 3352 Physic.
2494 3302 2535 3351 *,
2562 3309 2672 3358 'Smcfg'
2660 3325 2714 3359 ,ὅσα

1476 3368 1639 3394 movens
1667 3369 1747 3394 non
1774 3364 1954 3394 movetur
1982 3357 2030 3393 ab
2059 3369 2105 3393 eo
2134 3357 2240 3406 quod
2268 3363 2410 3404 movet,
2429 3363 2472 3393 ut
2491 3355 2537 3393 sit

1476 3409 1595 3447 motio
1625 3410 1832 3459 reciproca.
1854 3409 1932 3447 Sed
1959 3410 2135 3448 voluntas
2168 3415 2301 3448 movet
2327 3408 2535 3459 appetitum

414 3533 441 3565 α)
460 3533 630 3558 voluntatem.
645 3548 662 3552 —
681 3534 840 3559 inteuectum
860 3533 1124 3558 PABCDEFHIKLa.
1447 3528 1450 3567 Ι

1530 3532 1556 3565 β)
1570 3534 1762 3565 particularem
1781 3540 1880 3558 semus.
1899 3545 1918 3553 —
1935 3540 2028 3558 sensus
2042 3533 2235 3566 particularem
2253 3532 2458 3559 ABDFGHIKL.
