<?xml version="1.0" encoding="UTF-8"?>
<!DOCTYPE html PUBLIC "-//W3C//DTD XHTML 1.0 Transitional//EN"
    "http://www.w3.org/TR/xhtml1/DTD/xhtml1-transitional.dtd">
<html xmlns="http://www.w3.org/1999/xhtml" xml:lang="en" lang="en">
 <head>
  <title>
</title>
<meta http-equiv="Content-Type" content="text/html;charset=utf-8" />
  <meta name='ocr-system' content='tesseract 3.04.00' />
  <meta name='ocr-capabilities' content='ocr_page ocr_carea ocr_par ocr_line ocrx_word'/>
</head>
<body>
  <div class='ocr_page' id='page_1' title='image "./operaomniaiussui06thom/operaomniaiussui06thom_0413.png"; bbox 0 0 2846 4146; ppageno 0'>
   <div class='ocr_carea' id='block_1_1' title="bbox 0 2879 14 3229">
    <p class='ocr_par' dir='ltr' id='par_1_1' title="bbox 0 2879 14 3229">
     <span class='ocr_line' id='line_1_1' title="bbox 0 2879 14 3229; textangle 90"><span class='ocrx_word' id='word_1_1' title='bbox 0 3220 4 3229; x_wconf 59' lang='lat' dir='ltr'>v</span> <span class='ocrx_word' id='word_1_2' title='bbox 0 2970 14 3204; x_wconf 58' lang='lat'>‘&#39;*“&#39;&#39;&#39;*·⁷.“&#39;&#39;&#39;*&#39;-&#39;&#39;</span> <span class='ocrx_word' id='word_1_3' title='bbox 0 2927 2 2956; x_wconf 68' lang='lat'>-‹</span> <span class='ocrx_word' id='word_1_4' title='bbox 0 2879 2 2899; x_wconf 37' lang='lat' dir='ltr'><em>w</em></span> 
     </span>
    </p>
   </div>
   <div class='ocr_carea' id='block_1_2' title="bbox 106 811 317 859">
    <p class='ocr_par' dir='ltr' id='par_1_2' title="bbox 106 811 317 859">
     <span class='ocr_line' id='line_1_2' title="bbox 107 811 317 839; baseline 0 -6"><span class='ocrx_word' id='word_1_5' title='bbox 107 811 118 822; x_wconf 79' lang='lat'>&#39;</span> <span class='ocrx_word' id='word_1_6' title='bbox 137 811 172 833; x_wconf 68' lang='lat' dir='ltr'>Cf.</span> <span class='ocrx_word' id='word_1_7' title='bbox 191 817 231 839; x_wconf 90' lang='lat' dir='ltr'>qu.</span> <span class='ocrx_word' id='word_1_8' title='bbox 255 817 317 839; x_wconf 64' lang='lat' dir='ltr'>nvn,</span> 
     </span>
     <span class='ocr_line' id='line_1_3' title="bbox 106 836 194 859; baseline 0 0"><span class='ocrx_word' id='word_1_9' title='bbox 106 836 194 859; x_wconf 84' lang='lat' dir='ltr'>Introd.</span> 
     </span>
    </p>
   </div>
   <div class='ocr_carea' id='block_1_3' title="bbox 102 1422 315 1473">
    <p class='ocr_par' dir='ltr' id='par_1_3' title="bbox 102 1422 315 1473">
     <span class='ocr_line' id='line_1_4' title="bbox 102 1422 315 1473; baseline -0.005 -26"><span class='ocrx_word' id='word_1_10' title='bbox 102 1422 189 1473; x_wconf 42' lang='lat' dir='ltr'>&#39;&#39;gen&#39;-</span> <span class='ocrx_word' id='word_1_11' title='bbox 194 1423 315 1453; x_wconf 78' lang='lat' dir='ltr'>¹7.·S.Th.</span> 
     </span>
    </p>
   </div>
   <div class='ocr_carea' id='block_1_4' title="bbox 105 1837 316 1867">
    <p class='ocr_par' dir='ltr' id='par_1_4' title="bbox 105 1837 316 1867">
     <span class='ocr_line' id='line_1_5' title="bbox 105 1837 316 1867; baseline 0 -6"><span class='ocrx_word' id='word_1_12' title='bbox 105 1838 116 1850; x_wconf 88' lang='grc'><strong>”</strong></span> <span class='ocrx_word' id='word_1_13' title='bbox 125 1837 231 1866; x_wconf 73' lang='lat' dir='ltr'>Qun-m,</span> <span class='ocrx_word' id='word_1_14' title='bbox 241 1841 285 1861; x_wconf 73' lang='lat' dir='ltr'>un.</span> <span class='ocrx_word' id='word_1_15' title='bbox 294 1845 316 1867; x_wconf 81' lang='grc'>5.</span> 
     </span>
    </p>
   </div>
   <div class='ocr_carea' id='block_1_5' title="bbox 103 2580 290 2610">
    <p class='ocr_par' dir='ltr' id='par_1_5' title="bbox 103 2580 290 2610">
     <span class='ocr_line' id='line_1_6' title="bbox 103 2580 290 2610; baseline 0 -6"><span class='ocrx_word' id='word_1_16' title='bbox 103 2582 114 2593; x_wconf 83' lang='grc'><em>·</em></span> <span class='ocrx_word' id='word_1_17' title='bbox 127 2580 196 2604; x_wconf 71' lang='lat' dir='ltr'>Vm.</span> <span class='ocrx_word' id='word_1_18' title='bbox 210 2581 225 2604; x_wconf 82' lang='lat'><strong>8</strong></span> <span class='ocrx_word' id='word_1_19' title='bbox 239 2587 290 2610; x_wconf 70' lang='lat' dir='ltr'>sqq.</span> 
     </span>
    </p>
   </div>
   <div class='ocr_carea' id='block_1_6' title="bbox 103 2895 315 2977">
    <p class='ocr_par' dir='ltr' id='par_1_6' title="bbox 103 2895 315 2977">
     <span class='ocr_line' id='line_1_7' title="bbox 103 2895 315 2924; baseline 0 -6"><span class='ocrx_word' id='word_1_20' title='bbox 103 2896 113 2905; x_wconf 82' lang='lat'><em>⁰</em></span> <span class='ocrx_word' id='word_1_21' title='bbox 129 2895 178 2924; x_wconf 83' lang='lat' dir='ltr'>Qu.</span> <span class='ocrx_word' id='word_1_22' title='bbox 191 2901 217 2924; x_wconf 76' lang='lat' dir='ltr'>v,</span> <span class='ocrx_word' id='word_1_23' title='bbox 232 2899 275 2918; x_wconf 78' lang='lat' dir='ltr'>m.</span> <span class='ocrx_word' id='word_1_24' title='bbox 293 2902 315 2924; x_wconf 91' lang='lat'>7.</span> 
     </span>
     <span class='ocr_line' id='line_1_8' title="bbox 105 2947 281 2977; baseline 0 -7"><span class='ocrx_word' id='word_1_25' title='bbox 105 2949 115 2959; x_wconf 84' lang='lat'><strong>‘</strong></span> <span class='ocrx_word' id='word_1_26' title='bbox 128 2947 188 2971; x_wconf 69' lang='lat' dir='ltr'>mid.</span> <span class='ocrx_word' id='word_1_27' title='bbox 203 2951 246 2971; x_wconf 78' lang='lat' dir='ltr'>m.</span> <span class='ocrx_word' id='word_1_28' title='bbox 260 2954 281 2977; x_wconf 85' lang='lat'>5.</span> 
     </span>
    </p>
   </div>
   <div class='ocr_carea' id='block_1_7' title="bbox 1036 250 1816 299">
    <p class='ocr_par' dir='ltr' id='par_1_7' title="bbox 1036 250 1816 299">
     <span class='ocr_line' id='line_1_9' title="bbox 1036 250 1816 299; baseline 0.006 -13"><span class='ocrx_word' id='word_1_29' title='bbox 1036 250 1300 295; x_wconf 89' lang='lat' dir='ltr'>QUAESTIO</span> <span class='ocrx_word' id='word_1_30' title='bbox 1330 253 1451 299; x_wconf 91' lang='lat' dir='ltr'>LXII,</span> <span class='ocrx_word' id='word_1_31' title='bbox 1480 253 1774 291; x_wconf 90' lang='lat' dir='ltr'>ARTICULUS</span> <span class='ocrx_word' id='word_1_32' title='bbox 1804 255 1816 290; x_wconf 92' lang='lat' dir='ltr'>l</span> 
     </span>
    </p>
   </div>
   <div class='ocr_carea' id='block_1_8' title="bbox 2426 266 2499 302">
    <p class='ocr_par' dir='ltr' id='par_1_8' title="bbox 2426 266 2499 302">
     <span class='ocr_line' id='line_1_10' title="bbox 2426 266 2499 302; baseline -0.027 -9"><span class='ocrx_word' id='word_1_33' title='bbox 2426 266 2499 302; x_wconf 88' lang='lat'>401</span> 
     </span>
    </p>
   </div>
   <div class='ocr_carea' id='block_1_9' title="bbox 748 431 2107 601">
    <p class='ocr_par' dir='ltr' id='par_1_9' title="bbox 748 431 2107 601">
     <span class='ocr_line' id='line_1_11' title="bbox 748 431 2107 507; baseline 0.01 -23"><span class='ocrx_word' id='word_1_34' title='bbox 748 431 1155 507; x_wconf 80' lang='lat' dir='ltr'>QUAESTIO</span> <span class='ocrx_word' id='word_1_35' title='bbox 1198 436 2107 498; x_wconf 83' lang='lat' dir='ltr'>SEXAGESIMASECUNDA</span> 
     </span>
     <span class='ocr_line' id='line_1_12' title="bbox 968 550 1886 601; baseline 0.014 -13"><span class='ocrx_word' id='word_1_36' title='bbox 968 550 1051 590; x_wconf 84' lang='lat' dir='ltr'>DE</span> <span class='ocrx_word' id='word_1_37' title='bbox 1084 551 1447 596; x_wconf 84' lang='lat' dir='ltr'>VIRTUTIBUS</span> <span class='ocrx_word' id='word_1_38' title='bbox 1482 558 1886 601; x_wconf 84' lang='lat' dir='ltr'>THEOLOGICIS</span> 
     </span>
    </p>
   </div>
   <div class='ocr_carea' id='block_1_10' title="bbox 1126 665 1728 698">
    <p class='ocr_par' dir='ltr' id='par_1_10' title="bbox 1126 665 1728 698">
     <span class='ocr_line' id='line_1_13' title="bbox 1126 665 1728 698; baseline 0.015 -9"><span class='ocrx_word' id='word_1_39' title='bbox 1126 665 1159 689; x_wconf 87' lang='grc' dir='ltr'>ΙΝ</span> <span class='ocrx_word' id='word_1_40' title='bbox 1189 665 1359 696; x_wconf 84' lang='lat' dir='ltr'><strong>QUATUOR</strong></span> <span class='ocrx_word' id='word_1_41' title='bbox 1386 669 1586 696; x_wconf 86' lang='lat' dir='ltr'>ARTICULOS</span> <span class='ocrx_word' id='word_1_42' title='bbox 1614 672 1728 698; x_wconf 79' lang='lat' dir='ltr'>DIVISA</span> 
     </span>
    </p>
   </div>
   <div class='ocr_carea' id='block_1_11' title="bbox 345 756 1402 964">
    <p class='ocr_par' dir='ltr' id='par_1_11' title="bbox 345 756 1402 964">
     <span class='ocr_line' id='line_1_14' title="bbox 429 756 1402 796; baseline 0.001 -1"><span class='ocrx_word' id='word_1_43' title='bbox 429 769 536 795; x_wconf 67' lang='lat' dir='ltr'>Emmz</span> <span class='ocrx_word' id='word_1_44' title='bbox 565 756 884 795; x_wconf 90' lang='lat' dir='ltr'>considerandum</span> <span class='ocrx_word' id='word_1_45' title='bbox 915 763 970 794; x_wconf 91' lang='lat' dir='ltr'>est</span> <span class='ocrx_word' id='word_1_46' title='bbox 997 757 1044 793; x_wconf 91' lang='lat' dir='ltr'>de</span> <span class='ocrx_word' id='word_1_47' title='bbox 1071 757 1271 794; x_wconf 84' lang='lat' dir='ltr'>virtutibus</span> <span class='ocrx_word' id='word_1_48' title='bbox 1297 760 1402 796; x_wconf 89' lang='lat' dir='ltr'>theo-</span> 
     </span>
     <span class='ocr_line' id='line_1_15' title="bbox 347 768 606 858; baseline 0 -12"><span class='ocrx_word' id='word_1_49' title='bbox 347 768 557 858; x_wconf 86' lang='lat' dir='ltr'>Dlogicis</span> <span class='ocrx_word' id='word_1_50' title='bbox 575 809 606 846; x_wconf 81' lang='lat'>*.</span> 
     </span>
     <span class='ocr_line' id='line_1_16' title="bbox 345 862 1082 911; baseline -0.001 -12"><span class='ocrx_word' id='word_1_51' title='bbox 345 862 395 900; x_wconf 92' lang='lat' dir='ltr'>Et</span> <span class='ocrx_word' id='word_1_52' title='bbox 422 862 519 899; x_wconf 90' lang='lat' dir='ltr'>circa</span> <span class='ocrx_word' id='word_1_53' title='bbox 546 862 620 899; x_wconf 92' lang='lat' dir='ltr'>hoc</span> <span class='ocrx_word' id='word_1_54' title='bbox 649 869 881 911; x_wconf 87' lang='lat' dir='ltr'>quaeruntur</span> <span class='ocrx_word' id='word_1_55' title='bbox 907 869 1082 911; x_wconf 89' lang='lat' dir='ltr'>quatuor.</span> 
     </span>
     <span class='ocr_line' id='line_1_17' title="bbox 397 914 1400 964; baseline 0.001 -13"><span class='ocrx_word' id='word_1_56' title='bbox 397 914 549 951; x_wconf 92' lang='lat' dir='ltr'>Primo:</span> <span class='ocrx_word' id='word_1_57' title='bbox 573 922 701 952; x_wconf 89' lang='lat' dir='ltr'>utrum</span> <span class='ocrx_word' id='word_1_58' title='bbox 722 915 795 952; x_wconf 91' lang='lat' dir='ltr'>sint</span> <span class='ocrx_word' id='word_1_59' title='bbox 813 914 960 964; x_wconf 84' lang='lat' dir='ltr'><strong>aliquae</strong></span> <span class='ocrx_word' id='word_1_60' title='bbox 978 914 1136 951; x_wconf 90' lang='lat' dir='ltr'>virtutes</span> <span class='ocrx_word' id='word_1_61' title='bbox 1154 914 1400 963; x_wconf 83' lang='lat' dir='ltr'><strong>theologicae.</strong></span> 
     </span>
    </p>
   </div>
   <div class='ocr_carea' id='block_1_12' title="bbox 1507 763 2506 964">
    <p class='ocr_par' dir='ltr' id='par_1_12' title="bbox 1507 763 2506 862">
     <span class='ocr_line' id='line_1_18' title="bbox 1507 763 2506 817; baseline 0.009 -19"><span class='ocrx_word' id='word_1_62' title='bbox 1507 763 1709 801; x_wconf 89' lang='lat' dir='ltr'>Secundo:</span> <span class='ocrx_word' id='word_1_63' title='bbox 1751 774 1878 803; x_wconf 90' lang='lat' dir='ltr'>utrum</span> <span class='ocrx_word' id='word_1_64' title='bbox 1915 768 2069 805; x_wconf 85' lang='lat' dir='ltr'>virtutes</span> <span class='ocrx_word' id='word_1_65' title='bbox 2106 769 2340 817; x_wconf 86' lang='lat' dir='ltr'>theologicae</span> <span class='ocrx_word' id='word_1_66' title='bbox 2379 770 2506 807; x_wconf 92' lang='lat' dir='ltr'>distin-</span> 
     </span>
     <span class='ocr_line' id='line_1_19' title="bbox 1559 818 2443 862; baseline 0.009 -11"><span class='ocrx_word' id='word_1_67' title='bbox 1559 824 1718 862; x_wconf 86' lang='lat' dir='ltr'>guantur</span> <span class='ocrx_word' id='word_1_68' title='bbox 1745 819 1792 854; x_wconf 90' lang='lat' dir='ltr'>ab</span> <span class='ocrx_word' id='word_1_69' title='bbox 1821 818 2132 858; x_wconf 83' lang='lat' dir='ltr'>intellectualibus</span> <span class='ocrx_word' id='word_1_70' title='bbox 2161 829 2197 858; x_wconf 92' lang='lat' dir='ltr'>et</span> <span class='ocrx_word' id='word_1_71' title='bbox 2224 822 2443 859; x_wconf 87' lang='lat' dir='ltr'>moralibus.</span> 
     </span>
    </p>

    <p class='ocr_par' dir='ltr' id='par_1_13' title="bbox 1508 867 2092 919">
     <span class='ocr_line' id='line_1_20' title="bbox 1508 867 2092 919; baseline 0.014 -17"><span class='ocrx_word' id='word_1_72' title='bbox 1508 867 1658 904; x_wconf 88' lang='lat' dir='ltr'>Tertio:</span> <span class='ocrx_word' id='word_1_73' title='bbox 1689 877 1792 916; x_wconf 84' lang='lat' dir='ltr'>quot,</span> <span class='ocrx_word' id='word_1_74' title='bbox 1822 878 1857 906; x_wconf 91' lang='lat' dir='ltr'>et</span> <span class='ocrx_word' id='word_1_75' title='bbox 1884 884 1980 919; x_wconf 92' lang='lat' dir='ltr'>quae</span> <span class='ocrx_word' id='word_1_76' title='bbox 2010 873 2092 910; x_wconf 89' lang='lat' dir='ltr'>sint.</span> 
     </span>
    </p>

    <p class='ocr_par' dir='ltr' id='par_1_14' title="bbox 1509 918 2082 964">
     <span class='ocr_line' id='line_1_21' title="bbox 1509 918 2082 964; baseline 0.014 -11"><span class='ocrx_word' id='word_1_77' title='bbox 1509 918 1675 964; x_wconf 89' lang='lat' dir='ltr'>Quarto:</span> <span class='ocrx_word' id='word_1_78' title='bbox 1705 921 1750 957; x_wconf 91' lang='lat' dir='ltr'>de</span> <span class='ocrx_word' id='word_1_79' title='bbox 1780 923 1910 959; x_wconf 89' lang='lat' dir='ltr'>ordine</span> <span class='ocrx_word' id='word_1_80' title='bbox 1940 936 2082 961; x_wconf 90' lang='lat' dir='ltr'>earum.</span> 
     </span>
    </p>
   </div>
   <div class='ocr_carea' id='block_1_13' title="bbox 804 1022 2046 1162">
    <p class='ocr_par' dir='ltr' id='par_1_15' title="bbox 804 1022 2046 1162">
     <span class='ocr_line' id='line_1_22' title="bbox 1157 1022 1705 1067; baseline 0.007 -4"><span class='ocrx_word' id='word_1_81' title='bbox 1157 1022 1471 1065; x_wconf 90' lang='lat' dir='ltr'>ARTICULUS</span> <span class='ocrx_word' id='word_1_82' title='bbox 1502 1024 1705 1067; x_wconf 89' lang='lat' dir='ltr'>PRIMUS</span> 
     </span>
     <span class='ocr_line' id='line_1_23' title="bbox 804 1124 2046 1162; baseline 0.005 -6"><span class='ocrx_word' id='word_1_83' title='bbox 804 1125 982 1156; x_wconf 87' lang='lat' dir='ltr'><strong>UTRUM</strong></span> <span class='ocrx_word' id='word_1_84' title='bbox 1010 1124 1126 1155; x_wconf 82' lang='lat' dir='ltr'>SINT</span> <span class='ocrx_word' id='word_1_85' title='bbox 1153 1124 1375 1161; x_wconf 85' lang='lat' dir='ltr'>ALIQUAE</span> <span class='ocrx_word' id='word_1_86' title='bbox 1406 1125 1655 1157; x_wconf 85' lang='lat' dir='ltr'>VIRTUTES</span> <span class='ocrx_word' id='word_1_87' title='bbox 1686 1128 2046 1162; x_wconf 67' lang='lat' dir='ltr'>THEotoochE</span> 
     </span>
    </p>
   </div>
   <div class='ocr_carea' id='block_1_14' title="bbox 881 1210 1975 1245">
    <p class='ocr_par' dir='ltr' id='par_1_16' title="bbox 881 1210 1975 1245">
     <span class='ocr_line' id='line_1_24' title="bbox 881 1210 1975 1245; baseline 0.005 -9"><span class='ocrx_word' id='word_1_88' title='bbox 881 1211 911 1236; x_wconf 92' lang='lat' dir='ltr'>Ill</span> <span class='ocrx_word' id='word_1_89' title='bbox 932 1211 1020 1239; x_wconf 79' lang='lat' dir='ltr'>Sent.¹</span> <span class='ocrx_word' id='word_1_90' title='bbox 1038 1211 1097 1236; x_wconf 79' lang='lat' dir='ltr'>dist.</span> <span class='ocrx_word' id='word_1_91' title='bbox 1109 1218 1182 1240; x_wconf 76' lang='lat' dir='ltr'>xxm,</span> <span class='ocrx_word' id='word_1_92' title='bbox 1201 1218 1244 1242; x_wconf 92' lang='lat' dir='ltr'>qu.</span> <span class='ocrx_word' id='word_1_93' title='bbox 1259 1217 1280 1240; x_wconf 85' lang='lat'>1,</span> <span class='ocrx_word' id='word_1_94' title='bbox 1300 1215 1347 1235; x_wconf 81' lang='lat' dir='ltr'>art.</span> <span class='ocrx_word' id='word_1_95' title='bbox 1360 1218 1391 1242; x_wconf 91' lang='lat'>4,</span> <span class='ocrx_word' id='word_1_96' title='bbox 1411 1211 1456 1243; x_wconf 75' lang='lat' dir='ltr'>qu·</span> <span class='ocrx_word' id='word_1_97' title='bbox 1475 1210 1503 1242; x_wconf 86' lang='lat'>3;</span> <span class='ocrx_word' id='word_1_98' title='bbox 1524 1211 1565 1236; x_wconf 87' lang='lat' dir='ltr'>De</span> <span class='ocrx_word' id='word_1_99' title='bbox 1585 1212 1687 1242; x_wconf 71' lang='lat' dir='ltr'>virtut„</span> <span class='ocrx_word' id='word_1_100' title='bbox 1708 1221 1751 1245; x_wconf 91' lang='lat' dir='ltr'>qu.</span> <span class='ocrx_word' id='word_1_101' title='bbox 1766 1221 1787 1243; x_wconf 88' lang='lat'>1,</span> <span class='ocrx_word' id='word_1_102' title='bbox 1807 1220 1852 1240; x_wconf 85' lang='lat' dir='ltr'>art.</span> <span class='ocrx_word' id='word_1_103' title='bbox 1870 1223 1913 1245; x_wconf 88' lang='lat'>10,</span> <span class='ocrx_word' id='word_1_104' title='bbox 1937 1224 1975 1241; x_wconf 87' lang='lat'>12.</span> 
     </span>
    </p>
   </div>
   <div class='ocr_carea' id='block_1_15' title="bbox 495 1315 498 1329">
    <p class='ocr_par' dir='ltr' id='par_1_17' title="bbox 495 1315 498 1329">
     <span class='ocr_line' id='line_1_25' title="bbox 495 1315 498 1329; baseline 0 2817"><span class='ocrx_word' id='word_1_105' title='bbox 495 1315 498 1329; x_wconf 95' lang='lat' dir='ltr'> </span> 
     </span>
    </p>
   </div>
   <div class='ocr_carea' id='block_1_16' title="bbox 340 1307 1408 2779">
    <p class='ocr_par' dir='ltr' id='par_1_18' title="bbox 342 1307 1408 1717">
     <span class='ocr_line' id='line_1_26' title="bbox 387 1307 1404 1372; baseline -0.007 -22"><span class='ocrx_word' id='word_1_106' title='bbox 387 1328 441 1358; x_wconf 46' lang='lat'>1⁶5⁵</span> <span class='ocrx_word' id='word_1_107' title='bbox 463 1327 535 1372; x_wconf 38' lang='grc' dir='ltr'>γα(</span> <span class='ocrx_word' id='word_1_108' title='bbox 557 1322 580 1347; x_wconf 82' lang='lat' dir='ltr'>n</span> <span class='ocrx_word' id='word_1_109' title='bbox 605 1321 742 1347; x_wconf 69' lang='lat' dir='ltr'>ptumum</span> <span class='ocrx_word' id='word_1_110' title='bbox 765 1321 818 1346; x_wconf 79' lang='lat' dir='ltr'>sm</span> <span class='ocrx_word' id='word_1_111' title='bbox 846 1320 1084 1345; x_wconf 82' lang='lat' dir='ltr'>PROCEDlTUR.</span> <span class='ocrx_word' id='word_1_112' title='bbox 1113 1307 1272 1344; x_wconf 90' lang='lat' dir='ltr'>Videtur</span> <span class='ocrx_word' id='word_1_113' title='bbox 1299 1307 1404 1356; x_wconf 91' lang='lat' dir='ltr'>quod</span> 
     </span>
     <span class='ocr_line' id='line_1_27' title="bbox 376 1353 1406 1423; baseline -0.003 -24"><span class='ocrx_word' id='word_1_114' title='bbox 376 1353 535 1423; x_wconf 51' lang='lat'>§1³:3¹0</span> <span class='ocrx_word' id='word_1_115' title='bbox 557 1374 635 1399; x_wconf 91' lang='lat' dir='ltr'>non</span> <span class='ocrx_word' id='word_1_116' title='bbox 654 1362 727 1398; x_wconf 92' lang='lat' dir='ltr'>sint</span> <span class='ocrx_word' id='word_1_117' title='bbox 745 1361 894 1410; x_wconf 85' lang='lat' dir='ltr'>aliquae</span> <span class='ocrx_word' id='word_1_118' title='bbox 911 1360 1069 1398; x_wconf 89' lang='lat' dir='ltr'>virtutes</span> <span class='ocrx_word' id='word_1_119' title='bbox 1088 1360 1336 1408; x_wconf 85' lang='lat' dir='ltr'>theologicae.</span> <span class='ocrx_word' id='word_1_120' title='bbox 1356 1361 1406 1398; x_wconf 94' lang='lat' dir='ltr'>Ut</span> 
     </span>
     <span class='ocr_line' id='line_1_28' title="bbox 364 1405 1408 1461; baseline -0.001 -10"><span class='ocrx_word' id='word_1_121' title='bbox 364 1405 485 1457; x_wconf 35' lang='lat' dir='ltr'>&#39;‘VK-«r,</span> <span class='ocrx_word' id='word_1_122' title='bbox 504 1407 528 1458; x_wconf 51' lang='grc' dir='ltr'><em>ᾖ</em></span> <span class='ocrx_word' id='word_1_123' title='bbox 542 1412 659 1451; x_wconf 86' lang='lat' dir='ltr'>enim</span> <span class='ocrx_word' id='word_1_124' title='bbox 689 1414 824 1452; x_wconf 90' lang='lat' dir='ltr'>dicitur</span> <span class='ocrx_word' id='word_1_125' title='bbox 850 1413 890 1450; x_wconf 92' lang='lat' dir='ltr'>in</span> <span class='ocrx_word' id='word_1_126' title='bbox 915 1414 966 1450; x_wconf 93' lang='lat' dir='ltr'>VI</span> <span class='ocrx_word' id='word_1_127' title='bbox 986 1413 1135 1461; x_wconf 83' lang='lat' dir='ltr'>Physic.</span> <span class='ocrx_word' id='word_1_128' title='bbox 1155 1412 1186 1460; x_wconf 71' lang='lat'>²⁸,</span> <span class='ocrx_word' id='word_1_129' title='bbox 1215 1414 1335 1450; x_wconf 78' lang='lat' dir='ltr'>virtus</span> <span class='ocrx_word' id='word_1_130' title='bbox 1354 1419 1408 1450; x_wconf 90' lang='lat' dir='ltr'>est</span> 
     </span>
     <span class='ocr_line' id='line_1_29' title="bbox 368 1452 1404 1515; baseline -0.002 -11"><span class='ocrx_word' id='word_1_131' title='bbox 368 1452 501 1504; x_wconf 42' lang='lat'>1433)</span> <span class='ocrx_word' id='word_1_132' title='bbox 517 1460 742 1515; x_wconf 82' lang='lat' dir='ltr'>dispositio</span> <span class='ocrx_word' id='word_1_133' title='bbox 759 1466 921 1515; x_wconf 88' lang='lat' dir='ltr'>perfecti</span> <span class='ocrx_word' id='word_1_134' title='bbox 937 1466 988 1506; x_wconf 80' lang='lat' dir='ltr'>ad</span> <span class='ocrx_word' id='word_1_135' title='bbox 1005 1466 1207 1514; x_wconf 85' lang='lat' dir='ltr'>optimum:</span> <span class='ocrx_word' id='word_1_136' title='bbox 1235 1466 1317 1502; x_wconf 87' lang='lat' dir='ltr'>dico</span> <span class='ocrx_word' id='word_1_137' title='bbox 1337 1477 1404 1502; x_wconf 86' lang='lat' dir='ltr'>au-</span> 
     </span>
     <span class='ocr_line' id='line_1_30' title="bbox 343 1518 1403 1568; baseline -0.001 -12"><span class='ocrx_word' id='word_1_138' title='bbox 343 1524 416 1556; x_wconf 90' lang='lat' dir='ltr'>tem</span> <span class='ocrx_word' id='word_1_139' title='bbox 437 1519 660 1567; x_wconf 82' lang='lat' dir='ltr'>perfectum,</span> <span class='ocrx_word' id='word_1_140' title='bbox 689 1519 791 1568; x_wconf 86' lang='lat' dir='ltr'>quod</span> <span class='ocrx_word' id='word_1_141' title='bbox 808 1524 863 1555; x_wconf 89' lang='lat' dir='ltr'>est</span> <span class='ocrx_word' id='word_1_142' title='bbox 878 1518 1094 1566; x_wconf 85' lang='lat' dir='ltr'>dispositum</span> <span class='ocrx_word' id='word_1_143' title='bbox 1112 1519 1317 1555; x_wconf 81' lang='lat' dir='ltr'>secundum</span> <span class='ocrx_word' id='word_1_144' title='bbox 1337 1530 1403 1555; x_wconf 89' lang='lat' dir='ltr'>na-</span> 
     </span>
     <span class='ocr_line' id='line_1_31' title="bbox 343 1571 1405 1620; baseline 0 -12"><span class='ocrx_word' id='word_1_145' title='bbox 343 1577 479 1609; x_wconf 87' lang='lat' dir='ltr'>turam.</span> <span class='ocrx_word' id='word_1_146' title='bbox 511 1573 588 1609; x_wconf 87' lang='lat' dir='ltr'>Sed</span> <span class='ocrx_word' id='word_1_147' title='bbox 614 1572 653 1611; x_wconf 91' lang='lat' dir='ltr'>id</span> <span class='ocrx_word' id='word_1_148' title='bbox 680 1572 787 1620; x_wconf 90' lang='lat' dir='ltr'>quod</span> <span class='ocrx_word' id='word_1_149' title='bbox 815 1579 872 1609; x_wconf 91' lang='lat' dir='ltr'>est</span> <span class='ocrx_word' id='word_1_150' title='bbox 899 1571 1084 1618; x_wconf 90' lang='lat' dir='ltr'>divinum,</span> <span class='ocrx_word' id='word_1_151' title='bbox 1115 1578 1170 1608; x_wconf 91' lang='lat' dir='ltr'>est</span> <span class='ocrx_word' id='word_1_152' title='bbox 1197 1583 1311 1620; x_wconf 89' lang='lat' dir='ltr'>supra</span> <span class='ocrx_word' id='word_1_153' title='bbox 1338 1584 1405 1608; x_wconf 92' lang='lat' dir='ltr'>na-</span> 
     </span>
     <span class='ocr_line' id='line_1_32' title="bbox 342 1624 1403 1672; baseline -0.002 -10"><span class='ocrx_word' id='word_1_154' title='bbox 342 1631 466 1662; x_wconf 85' lang='lat' dir='ltr'>turam</span> <span class='ocrx_word' id='word_1_155' title='bbox 503 1624 682 1662; x_wconf 92' lang='lat' dir='ltr'>hominis.</span> <span class='ocrx_word' id='word_1_156' title='bbox 720 1625 841 1672; x_wconf 88' lang='lat' dir='ltr'>Ergo&#39;</span> <span class='ocrx_word' id='word_1_157' title='bbox 859 1624 1016 1662; x_wconf 87' lang='lat' dir='ltr'>virtutes</span> <span class='ocrx_word' id='word_1_158' title='bbox 1051 1624 1287 1672; x_wconf 88' lang='lat' dir='ltr'>theologicae</span> <span class='ocrx_word' id='word_1_159' title='bbox 1325 1636 1403 1661; x_wconf 91' lang='lat' dir='ltr'>non</span> 
     </span>
     <span class='ocr_line' id='line_1_33' title="bbox 343 1677 819 1717; baseline 0.002 -3"><span class='ocrx_word' id='word_1_160' title='bbox 343 1685 430 1714; x_wconf 82' lang='lat' dir='ltr'>sunt</span> <span class='ocrx_word' id='word_1_161' title='bbox 455 1677 615 1714; x_wconf 88' lang='lat' dir='ltr'>virtutes</span> <span class='ocrx_word' id='word_1_162' title='bbox 642 1677 819 1717; x_wconf 86' lang='lat' dir='ltr'>hominis.</span> 
     </span>
    </p>

    <p class='ocr_par' dir='ltr' id='par_1_19' title="bbox 342 1728 1405 1989">
     <span class='ocr_line' id='line_1_34' title="bbox 397 1728 1405 1777; baseline -0.001 -10"><span class='ocrx_word' id='word_1_163' title='bbox 397 1741 433 1767; x_wconf 87' lang='lat'>2.</span> <span class='ocrx_word' id='word_1_164' title='bbox 470 1731 711 1777; x_wconf 76' lang='lat' dir='ltr'>PRAETEREA,</span> <span class='ocrx_word' id='word_1_165' title='bbox 753 1730 911 1767; x_wconf 92' lang='lat' dir='ltr'>virtutes</span> <span class='ocrx_word' id='word_1_166' title='bbox 951 1729 1186 1777; x_wconf 90' lang='lat' dir='ltr'>theologicae</span> <span class='ocrx_word' id='word_1_167' title='bbox 1229 1728 1405 1766; x_wconf 84' lang='lat' dir='ltr'>dicuntur</span> 
     </span>
     <span class='ocr_line' id='line_1_35' title="bbox 343 1782 1404 1830; baseline -0.001 -10"><span class='ocrx_word' id='word_1_168' title='bbox 343 1782 451 1830; x_wconf 83' lang='lat' dir='ltr'>quasi</span> <span class='ocrx_word' id='word_1_169' title='bbox 477 1782 636 1820; x_wconf 85' lang='lat' dir='ltr'>virtutes</span> <span class='ocrx_word' id='word_1_170' title='bbox 665 1782 829 1820; x_wconf 90' lang='lat' dir='ltr'>divinae.</span> <span class='ocrx_word' id='word_1_171' title='bbox 859 1782 936 1819; x_wconf 89' lang='lat' dir='ltr'>Sed</span> <span class='ocrx_word' id='word_1_172' title='bbox 959 1782 1118 1820; x_wconf 89' lang='lat' dir='ltr'>virtutes</span> <span class='ocrx_word' id='word_1_173' title='bbox 1145 1782 1297 1819; x_wconf 90' lang='lat' dir='ltr'>divinae</span> <span class='ocrx_word' id='word_1_174' title='bbox 1316 1791 1404 1820; x_wconf 91' lang='lat' dir='ltr'>sunt</span> 
     </span>
     <span class='ocr_line' id='line_1_36' title="bbox 344 1834 1403 1884; baseline 0 -12"><span class='ocrx_word' id='word_1_175' title='bbox 344 1835 595 1884; x_wconf 77' lang='lat' dir='ltr'>exemplares,</span> <span class='ocrx_word' id='word_1_176' title='bbox 627 1843 670 1872; x_wconf 93' lang='lat' dir='ltr'>ut</span> <span class='ocrx_word' id='word_1_177' title='bbox 697 1835 839 1872; x_wconf 92' lang='lat' dir='ltr'>dictum</span> <span class='ocrx_word' id='word_1_178' title='bbox 869 1842 924 1871; x_wconf 90' lang='lat' dir='ltr'>est</span> <span class='ocrx_word' id='word_1_179' title='bbox 941 1834 978 1871; x_wconf 73' lang='grc' dir='ltr'>*ε</span> <span class='ocrx_word' id='word_1_180' title='bbox 1007 1847 1105 1883; x_wconf 90' lang='lat' dir='ltr'>quae</span> <span class='ocrx_word' id='word_1_181' title='bbox 1139 1835 1295 1884; x_wconf 89' lang='lat' dir='ltr'>quidem</span> <span class='ocrx_word' id='word_1_182' title='bbox 1323 1847 1403 1872; x_wconf 93' lang='lat' dir='ltr'>non</span> 
     </span>
     <span class='ocr_line' id='line_1_37' title="bbox 343 1887 1404 1936; baseline 0.001 -11"><span class='ocrx_word' id='word_1_183' title='bbox 343 1895 430 1926; x_wconf 87' lang='lat' dir='ltr'>sunt</span> <span class='ocrx_word' id='word_1_184' title='bbox 457 1887 496 1924; x_wconf 91' lang='lat' dir='ltr'>in</span> <span class='ocrx_word' id='word_1_185' title='bbox 524 1887 648 1936; x_wconf 85' lang='lat' dir='ltr'>nobis,</span> <span class='ocrx_word' id='word_1_186' title='bbox 677 1888 745 1925; x_wconf 90' lang='lat' dir='ltr'>sed</span> <span class='ocrx_word' id='word_1_187' title='bbox 773 1888 811 1925; x_wconf 89' lang='lat' dir='ltr'>in</span> <span class='ocrx_word' id='word_1_188' title='bbox 831 1889 929 1925; x_wconf 87' lang='lat' dir='ltr'>Deo.</span> <span class='ocrx_word' id='word_1_189' title='bbox 959 1889 1061 1935; x_wconf 90' lang='lat' dir='ltr'>Ergo</span> <span class='ocrx_word' id='word_1_190' title='bbox 1080 1888 1239 1925; x_wconf 85' lang='lat' dir='ltr'>virtutes</span> <span class='ocrx_word' id='word_1_191' title='bbox 1257 1889 1404 1926; x_wconf 92' lang='lat' dir='ltr'>theolo-</span> 
     </span>
     <span class='ocr_line' id='line_1_38' title="bbox 342 1940 1058 1989; baseline -0.001 -11"><span class='ocrx_word' id='word_1_192' title='bbox 342 1940 447 1989; x_wconf 84' lang='lat' dir='ltr'>gicae</span> <span class='ocrx_word' id='word_1_193' title='bbox 475 1953 554 1978; x_wconf 90' lang='lat' dir='ltr'>non</span> <span class='ocrx_word' id='word_1_194' title='bbox 581 1949 669 1978; x_wconf 88' lang='lat' dir='ltr'>sunt</span> <span class='ocrx_word' id='word_1_195' title='bbox 694 1940 852 1978; x_wconf 88' lang='lat' dir='ltr'>virtutes</span> <span class='ocrx_word' id='word_1_196' title='bbox 879 1940 1058 1977; x_wconf 89' lang='lat' dir='ltr'>hominis.</span> 
     </span>
    </p>

    <p class='ocr_par' dir='ltr' id='par_1_20' title="bbox 341 1993 1405 2399">
     <span class='ocr_line' id='line_1_39' title="bbox 398 1993 1405 2042; baseline 0.001 -12"><span class='ocrx_word' id='word_1_197' title='bbox 398 1994 432 2030; x_wconf 88' lang='lat'>3.</span> <span class='ocrx_word' id='word_1_198' title='bbox 466 1994 704 2041; x_wconf 62' lang='lat' dir='ltr'>Pammam,</span> <span class='ocrx_word' id='word_1_199' title='bbox 747 1994 904 2031; x_wconf 89' lang='lat' dir='ltr'>virtutes</span> <span class='ocrx_word' id='word_1_200' title='bbox 947 1993 1184 2042; x_wconf 88' lang='lat' dir='ltr'>theologicae</span> <span class='ocrx_word' id='word_1_201' title='bbox 1231 1993 1405 2031; x_wconf 89' lang='lat' dir='ltr'>dicuntur</span> 
     </span>
     <span class='ocr_line' id='line_1_40' title="bbox 342 2045 1403 2096; baseline 0.001 -13"><span class='ocrx_word' id='word_1_202' title='bbox 342 2045 481 2095; x_wconf 91' lang='lat' dir='ltr'>quibus</span> <span class='ocrx_word' id='word_1_203' title='bbox 500 2046 722 2084; x_wconf 86' lang='lat' dir='ltr'>ordinamur</span> <span class='ocrx_word' id='word_1_204' title='bbox 741 2046 779 2083; x_wconf 93' lang='lat' dir='ltr'>in</span> <span class='ocrx_word' id='word_1_205' title='bbox 799 2047 939 2094; x_wconf 84' lang='lat' dir='ltr'>Deum,</span> <span class='ocrx_word' id='word_1_206' title='bbox 956 2046 1021 2094; x_wconf 91' lang='lat' dir='ltr'>qui</span> <span class='ocrx_word' id='word_1_207' title='bbox 1041 2054 1096 2083; x_wconf 92' lang='lat' dir='ltr'>est</span> <span class='ocrx_word' id='word_1_208' title='bbox 1115 2046 1283 2094; x_wconf 90' lang='lat' dir='ltr'>primum</span> <span class='ocrx_word' id='word_1_209' title='bbox 1302 2047 1403 2096; x_wconf 87' lang='lat' dir='ltr'>prin-</span> 
     </span>
     <span class='ocr_line' id='line_1_41' title="bbox 343 2098 1403 2148; baseline 0.001 -12"><span class='ocrx_word' id='word_1_210' title='bbox 343 2098 485 2148; x_wconf 89' lang='lat' dir='ltr'>cipium</span> <span class='ocrx_word' id='word_1_211' title='bbox 519 2107 555 2136; x_wconf 91' lang='lat' dir='ltr'>et</span> <span class='ocrx_word' id='word_1_212' title='bbox 586 2099 742 2136; x_wconf 89' lang='lat' dir='ltr'>ultimus</span> <span class='ocrx_word' id='word_1_213' title='bbox 775 2099 864 2136; x_wconf 88' lang='lat' dir='ltr'>finis</span> <span class='ocrx_word' id='word_1_214' title='bbox 890 2111 1019 2136; x_wconf 91' lang='lat' dir='ltr'>rerum</span> <span class='ocrx_word' id='word_1_215' title='bbox 1039 2104 1067 2135; x_wconf 59' lang='grc' dir='ltr'>α.</span> <span class='ocrx_word' id='word_1_216' title='bbox 1098 2099 1175 2136; x_wconf 91' lang='lat' dir='ltr'>Sed</span> <span class='ocrx_word' id='word_1_217' title='bbox 1207 2100 1327 2136; x_wconf 90' lang='lat' dir='ltr'>homo</span> <span class='ocrx_word' id='word_1_218' title='bbox 1357 2113 1403 2137; x_wconf 85' lang='lat' dir='ltr'>ex</span> 
     </span>
     <span class='ocr_line' id='line_1_42' title="bbox 341 2151 1402 2200; baseline 0.002 -12"><span class='ocrx_word' id='word_1_219' title='bbox 341 2151 424 2200; x_wconf 82' lang='lat' dir='ltr'>ipsa</span> <span class='ocrx_word' id='word_1_220' title='bbox 442 2159 576 2190; x_wconf 87' lang='lat' dir='ltr'>natura</span> <span class='ocrx_word' id='word_1_221' title='bbox 604 2152 759 2189; x_wconf 89' lang='lat' dir='ltr'>rationis</span> <span class='ocrx_word' id='word_1_222' title='bbox 788 2160 823 2189; x_wconf 88' lang='lat' dir='ltr'>et</span> <span class='ocrx_word' id='word_1_223' title='bbox 850 2151 1066 2199; x_wconf 86' lang='lat' dir='ltr'>voluntatis,</span> <span class='ocrx_word' id='word_1_224' title='bbox 1087 2152 1202 2189; x_wconf 90' lang='lat' dir='ltr'>habet</span> <span class='ocrx_word' id='word_1_225' title='bbox 1227 2153 1402 2190; x_wconf 89' lang='lat' dir='ltr'>ordinem</span> 
     </span>
     <span class='ocr_line' id='line_1_43' title="bbox 343 2204 1402 2254; baseline 0.002 -13"><span class='ocrx_word' id='word_1_226' title='bbox 343 2205 391 2242; x_wconf 91' lang='lat' dir='ltr'>ad</span> <span class='ocrx_word' id='word_1_227' title='bbox 419 2204 587 2253; x_wconf 87' lang='lat' dir='ltr'>primum</span> <span class='ocrx_word' id='word_1_228' title='bbox 618 2205 847 2254; x_wconf 89' lang='lat' dir='ltr'>principium</span> <span class='ocrx_word' id='word_1_229' title='bbox 876 2212 912 2241; x_wconf 95' lang='lat' dir='ltr'>et</span> <span class='ocrx_word' id='word_1_230' title='bbox 938 2205 1115 2241; x_wconf 91' lang='lat' dir='ltr'>ultimum</span> <span class='ocrx_word' id='word_1_231' title='bbox 1143 2205 1275 2242; x_wconf 90' lang='lat' dir='ltr'>finem.</span> <span class='ocrx_word' id='word_1_232' title='bbox 1311 2207 1402 2243; x_wconf 94' lang='lat' dir='ltr'>Non</span> 
     </span>
     <span class='ocr_line' id='line_1_44' title="bbox 343 2257 1403 2306; baseline 0.001 -12"><span class='ocrx_word' id='word_1_233' title='bbox 343 2269 432 2305; x_wconf 89' lang='lat' dir='ltr'>ergo</span> <span class='ocrx_word' id='word_1_234' title='bbox 461 2257 701 2306; x_wconf 87' lang='lat' dir='ltr'>requiruntur</span> <span class='ocrx_word' id='word_1_235' title='bbox 729 2257 843 2306; x_wconf 90' lang='lat' dir='ltr'>aliqui</span> <span class='ocrx_word' id='word_1_236' title='bbox 869 2257 1020 2294; x_wconf 87' lang='lat' dir='ltr'>habitus</span> <span class='ocrx_word' id='word_1_237' title='bbox 1041 2258 1224 2294; x_wconf 90' lang='lat' dir='ltr'>virtutum</span> <span class='ocrx_word' id='word_1_238' title='bbox 1257 2259 1403 2295; x_wconf 86' lang='lat' dir='ltr'>theolo-</span> 
     </span>
     <span class='ocr_line' id='line_1_45' title="bbox 341 2310 1402 2359; baseline 0.003 -13"><span class='ocrx_word' id='word_1_239' title='bbox 341 2310 534 2358; x_wconf 86' lang='lat' dir='ltr'>gicarum,</span> <span class='ocrx_word' id='word_1_240' title='bbox 562 2310 701 2359; x_wconf 90' lang='lat' dir='ltr'>quibus</span> <span class='ocrx_word' id='word_1_241' title='bbox 738 2310 831 2348; x_wconf 89' lang='lat' dir='ltr'>ratio</span> <span class='ocrx_word' id='word_1_242' title='bbox 865 2318 901 2347; x_wconf 91' lang='lat' dir='ltr'>et</span> <span class='ocrx_word' id='word_1_243' title='bbox 931 2311 1108 2347; x_wconf 89' lang='lat' dir='ltr'>voluntas</span> <span class='ocrx_word' id='word_1_244' title='bbox 1142 2311 1338 2348; x_wconf 90' lang='lat' dir='ltr'>ordinetur</span> <span class='ocrx_word' id='word_1_245' title='bbox 1365 2312 1402 2349; x_wconf 91' lang='lat' dir='ltr'>in</span> 
     </span>
     <span class='ocr_line' id='line_1_46' title="bbox 341 2363 483 2399; baseline 0 0"><span class='ocrx_word' id='word_1_246' title='bbox 341 2363 483 2399; x_wconf 89' lang='lat' dir='ltr'>Deum.</span> 
     </span>
    </p>

    <p class='ocr_par' dir='ltr' id='par_1_21' title="bbox 340 2415 1402 2779">
     <span class='ocr_line' id='line_1_47' title="bbox 395 2415 1401 2464; baseline 0.001 -12"><span class='ocrx_word' id='word_1_247' title='bbox 395 2415 470 2452; x_wconf 75' lang='lat' dir='ltr'>SED</span> <span class='ocrx_word' id='word_1_248' title='bbox 499 2425 644 2452; x_wconf 78' lang='lat' dir='ltr'>CONTRA</span> <span class='ocrx_word' id='word_1_249' title='bbox 671 2425 738 2452; x_wconf 80' lang='lat' dir='ltr'>Es&#39;r</span> <span class='ocrx_word' id='word_1_250' title='bbox 765 2415 870 2463; x_wconf 93' lang='lat' dir='ltr'>quod</span> <span class='ocrx_word' id='word_1_251' title='bbox 892 2422 1096 2464; x_wconf 89' lang='lat' dir='ltr'>praecepta</span> <span class='ocrx_word' id='word_1_252' title='bbox 1123 2415 1214 2463; x_wconf 86' lang='lat' dir='ltr'>legis</span> <span class='ocrx_word' id='word_1_253' title='bbox 1241 2424 1330 2453; x_wconf 88' lang='lat' dir='ltr'>sunt</span> <span class='ocrx_word' id='word_1_254' title='bbox 1354 2417 1401 2453; x_wconf 91' lang='lat' dir='ltr'>de</span> 
     </span>
     <span class='ocr_line' id='line_1_48' title="bbox 341 2467 1402 2517; baseline 0.002 -13"><span class='ocrx_word' id='word_1_255' title='bbox 341 2467 486 2504; x_wconf 87' lang='lat' dir='ltr'>actibus</span> <span class='ocrx_word' id='word_1_256' title='bbox 513 2468 708 2504; x_wconf 86' lang='lat' dir='ltr'>virtutum.</span> <span class='ocrx_word' id='word_1_257' title='bbox 748 2467 825 2505; x_wconf 91' lang='lat' dir='ltr'>Sed</span> <span class='ocrx_word' id='word_1_258' title='bbox 853 2469 900 2505; x_wconf 92' lang='lat' dir='ltr'>de</span> <span class='ocrx_word' id='word_1_259' title='bbox 932 2467 1078 2505; x_wconf 90' lang='lat' dir='ltr'>actibus</span> <span class='ocrx_word' id='word_1_260' title='bbox 1109 2468 1219 2516; x_wconf 90' lang='lat' dir='ltr'>fidei,</span> <span class='ocrx_word' id='word_1_261' title='bbox 1255 2470 1336 2517; x_wconf 91' lang='lat' dir='ltr'>spei</span> <span class='ocrx_word' id='word_1_262' title='bbox 1366 2477 1402 2506; x_wconf 90' lang='lat' dir='ltr'>et</span> 
     </span>
     <span class='ocr_line' id='line_1_49' title="bbox 342 2520 1402 2569; baseline 0.003 -12"><span class='ocrx_word' id='word_1_263' title='bbox 342 2520 503 2557; x_wconf 83' lang='lat' dir='ltr'>caritatis</span> <span class='ocrx_word' id='word_1_264' title='bbox 531 2520 668 2557; x_wconf 87' lang='lat' dir='ltr'>dantur</span> <span class='ocrx_word' id='word_1_265' title='bbox 695 2528 899 2569; x_wconf 88' lang='lat' dir='ltr'>praecepta</span> <span class='ocrx_word' id='word_1_266' title='bbox 917 2520 956 2557; x_wconf 92' lang='lat' dir='ltr'>in</span> <span class='ocrx_word' id='word_1_267' title='bbox 974 2521 1056 2568; x_wconf 90' lang='lat' dir='ltr'>lege</span> <span class='ocrx_word' id='word_1_268' title='bbox 1086 2520 1236 2558; x_wconf 88' lang='lat' dir='ltr'>divina:</span> <span class='ocrx_word' id='word_1_269' title='bbox 1266 2522 1402 2560; x_wconf 90' lang='lat' dir='ltr'>dicitur</span> 
     </span>
     <span class='ocr_line' id='line_1_50' title="bbox 342 2572 1400 2620; baseline 0.003 -11"><span class='ocrx_word' id='word_1_270' title='bbox 342 2572 445 2609; x_wconf 91' lang='lat' dir='ltr'>enim</span> <span class='ocrx_word' id='word_1_271' title='bbox 472 2573 588 2609; x_wconf 88' lang='lat' dir='ltr'>Eccli.</span> <span class='ocrx_word' id='word_1_272' title='bbox 610 2585 633 2609; x_wconf 95' lang='lat'>11</span> <span class='ocrx_word' id='word_1_273' title='bbox 651 2573 692 2609; x_wconf 73' lang='grc' dir='ltr'>*ε</span> <span class='ocrx_word' id='word_1_274' title='bbox 725 2573 799 2615; x_wconf 88' lang='lat' dir='ltr'>Qui</span> <span class='ocrx_word' id='word_1_275' title='bbox 826 2574 958 2610; x_wconf 86' lang='lat' dir='ltr'>timetis</span> <span class='ocrx_word' id='word_1_276' title='bbox 984 2574 1130 2619; x_wconf 85' lang='lat' dir='ltr'>Deum,</span> <span class='ocrx_word' id='word_1_277' title='bbox 1159 2574 1297 2611; x_wconf 87' lang='lat' dir='ltr'>credite</span> <span class='ocrx_word' id='word_1_278' title='bbox 1324 2575 1379 2612; x_wconf 88' lang='lat' dir='ltr'>illi</span> <span class='ocrx_word' id='word_1_279' title='bbox 1386 2589 1400 2620; x_wconf 79' lang='lat'>,-</span> 
     </span>
     <span class='ocr_line' id='line_1_51' title="bbox 340 2625 1398 2676; baseline 0.003 -14"><span class='ocrx_word' id='word_1_280' title='bbox 340 2625 445 2673; x_wconf 88' lang='lat' dir='ltr'>item,</span> <span class='ocrx_word' id='word_1_281' title='bbox 463 2631 609 2674; x_wconf 81' lang='lat' dir='ltr'>sperate</span> <span class='ocrx_word' id='word_1_282' title='bbox 636 2626 673 2662; x_wconf 88' lang='lat' dir='ltr'>in</span> <span class='ocrx_word' id='word_1_283' title='bbox 702 2625 809 2662; x_wconf 88' lang='lat' dir='ltr'>illum</span> <span class='ocrx_word' id='word_1_284' title='bbox 818 2639 832 2670; x_wconf 90' lang='lat'>,·</span> <span class='ocrx_word' id='word_1_285' title='bbox 859 2626 961 2673; x_wconf 89' lang='lat' dir='ltr'>item,</span> <span class='ocrx_word' id='word_1_286' title='bbox 991 2626 1133 2676; x_wconf 82' lang='lat' dir='ltr'>diligite</span> <span class='ocrx_word' id='word_1_287' title='bbox 1151 2626 1267 2664; x_wconf 89' lang='lat' dir='ltr'>illum.</span> <span class='ocrx_word' id='word_1_288' title='bbox 1297 2628 1398 2676; x_wconf 89' lang='lat' dir='ltr'>Ergo</span> 
     </span>
     <span class='ocr_line' id='line_1_52' title="bbox 341 2677 1400 2726; baseline 0.004 -12"><span class='ocrx_word' id='word_1_289' title='bbox 341 2677 450 2725; x_wconf 91' lang='lat' dir='ltr'>fides,</span> <span class='ocrx_word' id='word_1_290' title='bbox 480 2690 568 2726; x_wconf 90' lang='lat' dir='ltr'>spes</span> <span class='ocrx_word' id='word_1_291' title='bbox 597 2685 632 2715; x_wconf 92' lang='lat' dir='ltr'>et</span> <span class='ocrx_word' id='word_1_292' title='bbox 660 2678 793 2716; x_wconf 85' lang='lat' dir='ltr'>caritas</span> <span class='ocrx_word' id='word_1_293' title='bbox 821 2686 908 2715; x_wconf 91' lang='lat' dir='ltr'>sunt</span> <span class='ocrx_word' id='word_1_294' title='bbox 934 2678 1091 2716; x_wconf 90' lang='lat' dir='ltr'>virtutes</span> <span class='ocrx_word' id='word_1_295' title='bbox 1118 2679 1156 2716; x_wconf 94' lang='lat' dir='ltr'>in</span> <span class='ocrx_word' id='word_1_296' title='bbox 1185 2680 1312 2717; x_wconf 91' lang='lat' dir='ltr'>Deum</span> <span class='ocrx_word' id='word_1_297' title='bbox 1341 2693 1400 2718; x_wconf 94' lang='lat' dir='ltr'>or-</span> 
     </span>
     <span class='ocr_line' id='line_1_53' title="bbox 343 2730 1048 2779; baseline 0.001 -12"><span class='ocrx_word' id='word_1_298' title='bbox 343 2730 526 2768; x_wconf 89' lang='lat' dir='ltr'>dinantes.</span> <span class='ocrx_word' id='word_1_299' title='bbox 560 2731 656 2768; x_wconf 92' lang='lat' dir='ltr'>Sunt</span> <span class='ocrx_word' id='word_1_300' title='bbox 683 2743 773 2779; x_wconf 88' lang='lat' dir='ltr'>ergo</span> <span class='ocrx_word' id='word_1_301' title='bbox 801 2732 1048 2779; x_wconf 90' lang='lat' dir='ltr'>theologicae.</span> 
     </span>
    </p>
   </div>
   <div class='ocr_carea' id='block_1_17' title="bbox 348 1315 478 1485">
    <p class='ocr_par' dir='ltr' id='par_1_22' title="bbox 348 1315 478 1485">
     <span class='ocr_line' id='line_1_54' title="bbox 348 1315 478 1485; baseline 0 0"><span class='ocrx_word' id='word_1_302' title='bbox 348 1315 376 1485; x_wconf 95' lang='lat' dir='ltr'>   </span> <span class='ocrx_word' id='word_1_303' title='bbox 476 1315 478 1388; x_wconf 95' lang='lat' dir='ltr'> </span> 
     </span>
    </p>
   </div>
   <div class='ocr_carea' id='block_1_18' title="bbox 341 2784 1399 3310">
    <p class='ocr_par' dir='ltr' id='par_1_23' title="bbox 341 2784 1399 3310">
     <span class='ocr_line' id='line_1_55' title="bbox 395 2784 1399 2835; baseline 0.003 -15"><span class='ocrx_word' id='word_1_304' title='bbox 395 2784 621 2820; x_wconf 59' lang='lat' dir='ltr'>Respounzo</span> <span class='ocrx_word' id='word_1_305' title='bbox 653 2795 837 2821; x_wconf 76' lang='lat' dir='ltr'>DICENDUM</span> <span class='ocrx_word' id='word_1_306' title='bbox 874 2784 978 2832; x_wconf 94' lang='lat' dir='ltr'>quod</span> <span class='ocrx_word' id='word_1_307' title='bbox 1005 2797 1075 2833; x_wconf 92' lang='lat' dir='ltr'>per</span> <span class='ocrx_word' id='word_1_308' title='bbox 1105 2785 1282 2822; x_wconf 89' lang='lat' dir='ltr'>virtutem</span> <span class='ocrx_word' id='word_1_309' title='bbox 1314 2798 1399 2835; x_wconf 91' lang='lat' dir='ltr'>per-</span> 
     </span>
     <span class='ocr_line' id='line_1_56' title="bbox 342 2835 1398 2885; baseline 0.004 -13"><span class='ocrx_word' id='word_1_310' title='bbox 342 2835 466 2872; x_wconf 87' lang='lat' dir='ltr'>ficitur</span> <span class='ocrx_word' id='word_1_311' title='bbox 500 2836 618 2873; x_wconf 93' lang='lat' dir='ltr'>homo</span> <span class='ocrx_word' id='word_1_312' title='bbox 657 2837 706 2874; x_wconf 91' lang='lat' dir='ltr'>ad</span> <span class='ocrx_word' id='word_1_313' title='bbox 742 2844 847 2874; x_wconf 84' lang='lat' dir='ltr'>actus</span> <span class='ocrx_word' id='word_1_314' title='bbox 879 2837 1016 2885; x_wconf 92' lang='lat' dir='ltr'>quibus</span> <span class='ocrx_word' id='word_1_315' title='bbox 1050 2838 1089 2874; x_wconf 90' lang='lat' dir='ltr'>in</span> <span class='ocrx_word' id='word_1_316' title='bbox 1125 2838 1398 2876; x_wconf 90' lang='lat' dir='ltr'>beatitudinem</span> 
     </span>
     <span class='ocr_line' id='line_1_57' title="bbox 343 2888 1397 2939; baseline 0.005 -14"><span class='ocrx_word' id='word_1_317' title='bbox 343 2888 558 2937; x_wconf 83' lang='lat' dir='ltr'>ordinatur,</span> <span class='ocrx_word' id='word_1_318' title='bbox 586 2897 629 2926; x_wconf 93' lang='lat' dir='ltr'>ut</span> <span class='ocrx_word' id='word_1_319' title='bbox 656 2901 701 2926; x_wconf 86' lang='lat' dir='ltr'>ex</span> <span class='ocrx_word' id='word_1_320' title='bbox 730 2890 952 2938; x_wconf 88' lang='lat' dir='ltr'>supradictis</span> <span class='ocrx_word' id='word_1_321' title='bbox 978 2890 999 2912; x_wconf 66' lang='lat'>&#39;⁸&#39;</span> <span class='ocrx_word' id='word_1_322' title='bbox 1025 2898 1138 2939; x_wconf 90' lang='lat' dir='ltr'>patet.</span> <span class='ocrx_word' id='word_1_323' title='bbox 1168 2892 1237 2928; x_wconf 89' lang='lat' dir='ltr'>Est</span> <span class='ocrx_word' id='word_1_324' title='bbox 1269 2900 1397 2930; x_wconf 89' lang='lat' dir='ltr'>autem</span> 
     </span>
     <span class='ocr_line' id='line_1_58' title="bbox 343 2941 1399 2994; baseline 0.004 -16"><span class='ocrx_word' id='word_1_325' title='bbox 343 2941 482 2990; x_wconf 88' lang='lat' dir='ltr'>duplex</span> <span class='ocrx_word' id='word_1_326' title='bbox 501 2942 666 2979; x_wconf 90' lang='lat' dir='ltr'>hominis</span> <span class='ocrx_word' id='word_1_327' title='bbox 685 2943 878 2980; x_wconf 86' lang='lat' dir='ltr'>beatitudo</span> <span class='ocrx_word' id='word_1_328' title='bbox 899 2943 979 2980; x_wconf 91' lang='lat' dir='ltr'>sive</span> <span class='ocrx_word' id='word_1_329' title='bbox 998 2943 1164 2992; x_wconf 87' lang='lat' dir='ltr'>felicitas,</span> <span class='ocrx_word' id='word_1_330' title='bbox 1184 2952 1226 2982; x_wconf 92' lang='lat' dir='ltr'>ut</span> <span class='ocrx_word' id='word_1_331' title='bbox 1245 2957 1359 2994; x_wconf 90' lang='lat' dir='ltr'>supra</span> <span class='ocrx_word' id='word_1_332' title='bbox 1378 2945 1399 2967; x_wconf 83' lang='lat'><strong>*</strong></span> 
     </span>
     <span class='ocr_line' id='line_1_59' title="bbox 343 2994 1398 3045; baseline 0.004 -14"><span class='ocrx_word' id='word_1_333' title='bbox 343 2994 485 3031; x_wconf 89' lang='lat' dir='ltr'>dictum</span> <span class='ocrx_word' id='word_1_334' title='bbox 514 3002 580 3032; x_wconf 92' lang='lat' dir='ltr'>est.</span> <span class='ocrx_word' id='word_1_335' title='bbox 601 2995 686 3033; x_wconf 91' lang='lat' dir='ltr'>Una</span> <span class='ocrx_word' id='word_1_336' title='bbox 714 2995 870 3044; x_wconf 86' lang='lat' dir='ltr'>quidem</span> <span class='ocrx_word' id='word_1_337' title='bbox 893 2997 1178 3045; x_wconf 89' lang='lat' dir='ltr'>proportionata</span> <span class='ocrx_word' id='word_1_338' title='bbox 1205 2998 1398 3035; x_wconf 89' lang='lat' dir='ltr'>humanae</span> 
     </span>
     <span class='ocr_line' id='line_1_60' title="bbox 342 3047 1399 3100; baseline 0.004 -16"><span class='ocrx_word' id='word_1_339' title='bbox 342 3054 510 3094; x_wconf 83' lang='lat' dir='ltr'>naturae,</span> <span class='ocrx_word' id='word_1_340' title='bbox 531 3047 580 3084; x_wconf 89' lang='lat' dir='ltr'>ad</span> <span class='ocrx_word' id='word_1_341' title='bbox 608 3060 725 3096; x_wconf 89' lang='lat' dir='ltr'>quam</span> <span class='ocrx_word' id='word_1_342' title='bbox 745 3049 884 3086; x_wconf 89' lang='lat' dir='ltr'>scilicet</span> <span class='ocrx_word' id='word_1_343' title='bbox 911 3049 1030 3086; x_wconf 91' lang='lat' dir='ltr'>homo</span> <span class='ocrx_word' id='word_1_344' title='bbox 1049 3050 1250 3099; x_wconf 86' lang='lat' dir='ltr'>pervenire</span> <span class='ocrx_word' id='word_1_345' title='bbox 1274 3059 1399 3100; x_wconf 88' lang='lat' dir='ltr'>potest</span> 
     </span>
     <span class='ocr_line' id='line_1_61' title="bbox 341 3099 1398 3150; baseline 0.005 -14"><span class='ocrx_word' id='word_1_346' title='bbox 341 3099 418 3148; x_wconf 84' lang='lat' dir='ltr'>per&#39;</span> <span class='ocrx_word' id='word_1_347' title='bbox 437 3100 621 3150; x_wconf 88' lang='lat' dir='ltr'>principia</span> <span class='ocrx_word' id='word_1_348' title='bbox 649 3113 740 3138; x_wconf 90' lang='lat' dir='ltr'>suae</span> <span class='ocrx_word' id='word_1_349' title='bbox 768 3109 936 3139; x_wconf 91' lang='lat' dir='ltr'>naturae.</span> <span class='ocrx_word' id='word_1_350' title='bbox 958 3102 1042 3139; x_wconf 91' lang='lat' dir='ltr'>Alia</span> <span class='ocrx_word' id='word_1_351' title='bbox 1069 3110 1197 3140; x_wconf 88' lang='lat' dir='ltr'>autern</span> <span class='ocrx_word' id='word_1_352' title='bbox 1226 3112 1281 3141; x_wconf 90' lang='lat' dir='ltr'>est</span> <span class='ocrx_word' id='word_1_353' title='bbox 1308 3105 1398 3140; x_wconf 91' lang='lat' dir='ltr'>bea-</span> 
     </span>
     <span class='ocr_line' id='line_1_62' title="bbox 342 3152 1397 3204; baseline 0.004 -15"><span class='ocrx_word' id='word_1_354' title='bbox 342 3152 462 3190; x_wconf 86' lang='lat' dir='ltr'>titudo</span> <span class='ocrx_word' id='word_1_355' title='bbox 481 3160 654 3190; x_wconf 87' lang='lat' dir='ltr'>naturam</span> <span class='ocrx_word' id='word_1_356' title='bbox 673 3154 840 3192; x_wconf 90' lang='lat' dir='ltr'>hominis</span> <span class='ocrx_word' id='word_1_357' title='bbox 859 3155 1057 3203; x_wconf 83' lang='lat' dir='ltr'>excedens,</span> <span class='ocrx_word' id='word_1_358' title='bbox 1074 3156 1123 3193; x_wconf 88' lang='lat' dir='ltr'>ad</span> <span class='ocrx_word' id='word_1_359' title='bbox 1142 3168 1258 3204; x_wconf 88' lang='lat' dir='ltr'>quam</span> <span class='ocrx_word' id='word_1_360' title='bbox 1277 3157 1397 3193; x_wconf 88' lang='lat' dir='ltr'>homo</span> 
     </span>
     <span class='ocr_line' id='line_1_63' title="bbox 342 3205 1396 3257; baseline 0.004 -15"><span class='ocrx_word' id='word_1_361' title='bbox 342 3206 423 3242; x_wconf 90' lang='lat' dir='ltr'>sola</span> <span class='ocrx_word' id='word_1_362' title='bbox 451 3205 579 3243; x_wconf 87' lang='lat' dir='ltr'>divina</span> <span class='ocrx_word' id='word_1_363' title='bbox 606 3206 742 3244; x_wconf 86' lang='lat' dir='ltr'>virtute</span> <span class='ocrx_word' id='word_1_364' title='bbox 774 3207 974 3256; x_wconf 87' lang='lat' dir='ltr'>pervenire</span> <span class='ocrx_word' id='word_1_365' title='bbox 1011 3217 1155 3257; x_wconf 90' lang='lat' dir='ltr'>potest,</span> <span class='ocrx_word' id='word_1_366' title='bbox 1185 3209 1396 3246; x_wconf 89' lang='lat' dir='ltr'>secundum</span> 
     </span>
     <span class='ocr_line' id='line_1_64' title="bbox 342 3258 1396 3310; baseline 0.004 -16"><span class='ocrx_word' id='word_1_367' title='bbox 342 3258 536 3307; x_wconf 91' lang='lat' dir='ltr'>quandam</span> <span class='ocrx_word' id='word_1_368' title='bbox 573 3259 774 3297; x_wconf 90' lang='lat' dir='ltr'>divinitatis</span> <span class='ocrx_word' id='word_1_369' title='bbox 802 3260 1146 3310; x_wconf 91' lang='lat' dir='ltr'>participationem;</span> <span class='ocrx_word' id='word_1_370' title='bbox 1185 3262 1396 3299; x_wconf 91' lang='lat' dir='ltr'>secundum</span> 
     </span>
    </p>
   </div>
   <div class='ocr_carea' id='block_1_19' title="bbox 1457 1308 2507 1417">
    <p class='ocr_par' dir='ltr' id='par_1_24' title="bbox 1457 1308 2507 1417">
     <span class='ocr_line' id='line_1_65' title="bbox 1457 1308 2506 1362; baseline 0.011 -19"><span class='ocrx_word' id='word_1_371' title='bbox 1457 1308 1563 1355; x_wconf 90' lang='lat' dir='ltr'>quod</span> <span class='ocrx_word' id='word_1_372' title='bbox 1592 1308 1725 1346; x_wconf 92' lang='lat' dir='ltr'>dicitur</span> <span class='ocrx_word' id='word_1_373' title='bbox 1746 1312 1775 1346; x_wconf 95' lang='lat' dir='ltr'>II</span> <span class='ocrx_word' id='word_1_374' title='bbox 1804 1312 1880 1348; x_wconf 88' lang='lat' dir='ltr'>Pet.</span> <span class='ocrx_word' id='word_1_375' title='bbox 1902 1324 1911 1348; x_wconf 83' lang='lat' dir='ltr'>i</span> <span class='ocrx_word' id='word_1_376' title='bbox 1932 1312 1962 1358; x_wconf 71' lang='lat'>²¹²,</span> <span class='ocrx_word' id='word_1_377' title='bbox 1997 1314 2101 1361; x_wconf 88' lang='lat' dir='ltr'>quod</span> <span class='ocrx_word' id='word_1_378' title='bbox 2119 1327 2187 1362; x_wconf 93' lang='lat' dir='ltr'>per</span> <span class='ocrx_word' id='word_1_379' title='bbox 2208 1317 2397 1354; x_wconf 90' lang='lat' dir='ltr'>Christum</span> <span class='ocrx_word' id='word_1_380' title='bbox 2422 1319 2506 1356; x_wconf 87' lang='lat' dir='ltr'>facti</span> 
     </span>
     <span class='ocr_line' id='line_1_66' title="bbox 1457 1365 2507 1417; baseline 0.011 -21"><span class='ocrx_word' id='word_1_381' title='bbox 1457 1372 1590 1397; x_wconf 90' lang='lat' dir='ltr'>sumus</span> <span class='ocrx_word' id='word_1_382' title='bbox 1619 1368 1804 1399; x_wconf 85' lang='lat' dir='ltr'>consortes</span> <span class='ocrx_word' id='word_1_383' title='bbox 1827 1365 1974 1400; x_wconf 76' lang='lat' dir='ltr'>divinae</span> <span class='ocrx_word' id='word_1_384' title='bbox 2002 1372 2169 1404; x_wconf 84' lang='lat' dir='ltr'>naturae.</span> <span class='ocrx_word' id='word_1_385' title='bbox 2191 1368 2239 1404; x_wconf 91' lang='lat' dir='ltr'>Et</span> <span class='ocrx_word' id='word_1_386' title='bbox 2266 1370 2353 1417; x_wconf 91' lang='lat' dir='ltr'>quia</span> <span class='ocrx_word' id='word_1_387' title='bbox 2380 1371 2507 1408; x_wconf 93' lang='lat' dir='ltr'>huius-</span> 
     </span>
    </p>
   </div>
   <div class='ocr_carea' id='block_1_20' title="bbox 1452 1413 2510 3298">
    <p class='ocr_par' dir='ltr' id='par_1_25' title="bbox 1455 1413 2509 2203">
     <span class='ocr_line' id='line_1_67' title="bbox 1457 1413 2505 1464; baseline 0.01 -15"><span class='ocrx_word' id='word_1_388' title='bbox 1457 1413 1562 1450; x_wconf 92' lang='lat' dir='ltr'>modi</span> <span class='ocrx_word' id='word_1_389' title='bbox 1590 1414 1782 1452; x_wconf 90' lang='lat' dir='ltr'>beatitudo</span> <span class='ocrx_word' id='word_1_390' title='bbox 1815 1417 2101 1464; x_wconf 86' lang='lat' dir='ltr'>proportionem</span> <span class='ocrx_word' id='word_1_391' title='bbox 2134 1420 2322 1457; x_wconf 91' lang='lat' dir='ltr'>humanae</span> <span class='ocrx_word' id='word_1_392' title='bbox 2351 1430 2505 1460; x_wconf 89' lang='lat' dir='ltr'>naturae</span> 
     </span>
     <span class='ocr_line' id='line_1_68' title="bbox 1457 1466 2506 1522; baseline 0.01 -20"><span class='ocrx_word' id='word_1_393' title='bbox 1457 1466 1614 1513; x_wconf 87' lang='lat' dir='ltr'>excedit,</span> <span class='ocrx_word' id='word_1_394' title='bbox 1642 1467 1824 1516; x_wconf 89' lang='lat' dir='ltr'>principia</span> <span class='ocrx_word' id='word_1_395' title='bbox 1860 1470 2041 1506; x_wconf 83' lang='lat' dir='ltr'>naturalia</span> <span class='ocrx_word' id='word_1_396' title='bbox 2074 1471 2258 1519; x_wconf 89' lang='lat' dir='ltr'>hominis,</span> <span class='ocrx_word' id='word_1_397' title='bbox 2289 1485 2332 1509; x_wconf 87' lang='lat' dir='ltr'>ex</span> <span class='ocrx_word' id='word_1_398' title='bbox 2369 1475 2506 1522; x_wconf 92' lang='lat' dir='ltr'>quibus</span> 
     </span>
     <span class='ocr_line' id='line_1_69' title="bbox 1455 1519 2507 1575; baseline 0.01 -21"><span class='ocrx_word' id='word_1_399' title='bbox 1455 1519 1628 1567; x_wconf 90' lang='lat' dir='ltr'>procedit</span> <span class='ocrx_word' id='word_1_400' title='bbox 1655 1519 1703 1556; x_wconf 87' lang='lat' dir='ltr'>ad</span> <span class='ocrx_word' id='word_1_401' title='bbox 1724 1520 1821 1556; x_wconf 90' lang='lat' dir='ltr'>bene</span> <span class='ocrx_word' id='word_1_402' title='bbox 1850 1521 2039 1568; x_wconf 91' lang='lat' dir='ltr'>agendum</span> <span class='ocrx_word' id='word_1_403' title='bbox 2059 1524 2268 1562; x_wconf 91' lang='lat' dir='ltr'>secundum</span> <span class='ocrx_word' id='word_1_404' title='bbox 2294 1538 2401 1562; x_wconf 90' lang='lat' dir='ltr'>suam</span> <span class='ocrx_word' id='word_1_405' title='bbox 2421 1540 2507 1575; x_wconf 92' lang='lat' dir='ltr'>pro-</span> 
     </span>
     <span class='ocr_line' id='line_1_70' title="bbox 1456 1572 2508 1620; baseline 0.009 -13"><span class='ocrx_word' id='word_1_406' title='bbox 1456 1572 1685 1620; x_wconf 79' lang='lat' dir='ltr'>portionem,</span> <span class='ocrx_word' id='word_1_407' title='bbox 1706 1584 1783 1609; x_wconf 92' lang='lat' dir='ltr'>non</span> <span class='ocrx_word' id='word_1_408' title='bbox 1812 1574 2002 1611; x_wconf 89' lang='lat' dir='ltr'>sufficiunt</span> <span class='ocrx_word' id='word_1_409' title='bbox 2029 1575 2077 1611; x_wconf 90' lang='lat' dir='ltr'>ad</span> <span class='ocrx_word' id='word_1_410' title='bbox 2105 1577 2357 1614; x_wconf 90' lang='lat' dir='ltr'>ordinandum</span> <span class='ocrx_word' id='word_1_411' title='bbox 2385 1580 2508 1617; x_wconf 90' lang='lat' dir='ltr'>homi-</span> 
     </span>
     <span class='ocr_line' id='line_1_71' title="bbox 1457 1624 2509 1679; baseline 0.009 -19"><span class='ocrx_word' id='word_1_412' title='bbox 1457 1637 1547 1661; x_wconf 91' lang='lat' dir='ltr'>nem</span> <span class='ocrx_word' id='word_1_413' title='bbox 1575 1624 1613 1661; x_wconf 92' lang='lat' dir='ltr'>in</span> <span class='ocrx_word' id='word_1_414' title='bbox 1643 1625 1912 1662; x_wconf 92' lang='lat' dir='ltr'>beatitudinem</span> <span class='ocrx_word' id='word_1_415' title='bbox 1946 1628 2188 1674; x_wconf 88' lang='lat' dir='ltr'>praedictam.</span> <span class='ocrx_word' id='word_1_416' title='bbox 2222 1630 2332 1666; x_wconf 89' lang='lat' dir='ltr'>Unde</span> <span class='ocrx_word' id='word_1_417' title='bbox 2361 1640 2509 1679; x_wconf 89' lang='lat' dir='ltr'>oportet</span> 
     </span>
     <span class='ocr_line' id='line_1_72' title="bbox 1457 1677 2507 1732; baseline 0.008 -19"><span class='ocrx_word' id='word_1_418' title='bbox 1457 1677 1562 1726; x_wconf 90' lang='lat' dir='ltr'>quod</span> <span class='ocrx_word' id='word_1_419' title='bbox 1582 1677 1882 1726; x_wconf 88' lang='lat' dir='ltr'>superaddantur</span> <span class='ocrx_word' id='word_1_420' title='bbox 1900 1679 2046 1716; x_wconf 93' lang='lat' dir='ltr'>homini</span> <span class='ocrx_word' id='word_1_421' title='bbox 2067 1679 2242 1717; x_wconf 89' lang='lat' dir='ltr'>divinitus</span> <span class='ocrx_word' id='word_1_422' title='bbox 2267 1682 2390 1730; x_wconf 91' lang='lat' dir='ltr'>aliqua</span> <span class='ocrx_word' id='word_1_423' title='bbox 2407 1685 2507 1732; x_wconf 92' lang='lat' dir='ltr'>prin-</span> 
     </span>
     <span class='ocr_line' id='line_1_73' title="bbox 1458 1730 2509 1779; baseline 0.007 -13"><span class='ocrx_word' id='word_1_424' title='bbox 1458 1730 1566 1779; x_wconf 85' lang='lat' dir='ltr'>cipia,</span> <span class='ocrx_word' id='word_1_425' title='bbox 1587 1742 1656 1779; x_wconf 92' lang='lat' dir='ltr'>per</span> <span class='ocrx_word' id='word_1_426' title='bbox 1675 1742 1772 1778; x_wconf 92' lang='lat' dir='ltr'>quae</span> <span class='ocrx_word' id='word_1_427' title='bbox 1791 1731 1840 1767; x_wconf 89' lang='lat' dir='ltr'>ita</span> <span class='ocrx_word' id='word_1_428' title='bbox 1869 1731 2062 1768; x_wconf 92' lang='lat' dir='ltr'>ordinetur</span> <span class='ocrx_word' id='word_1_429' title='bbox 2083 1733 2130 1769; x_wconf 88' lang='lat' dir='ltr'>ad</span> <span class='ocrx_word' id='word_1_430' title='bbox 2159 1734 2429 1772; x_wconf 89' lang='lat' dir='ltr'>beatitudinem</span> <span class='ocrx_word' id='word_1_431' title='bbox 2449 1749 2509 1774; x_wconf 90' lang='lat' dir='ltr'>su-</span> 
     </span>
     <span class='ocr_line' id='line_1_74' title="bbox 1455 1783 2509 1833; baseline 0.007 -14"><span class='ocrx_word' id='word_1_432' title='bbox 1455 1784 1748 1832; x_wconf 87' lang='lat' dir='ltr'>pernaturalem,</span> <span class='ocrx_word' id='word_1_433' title='bbox 1779 1783 1873 1820; x_wconf 90' lang='lat' dir='ltr'>sicut</span> <span class='ocrx_word' id='word_1_434' title='bbox 1899 1796 1967 1832; x_wconf 91' lang='lat' dir='ltr'>per</span> <span class='ocrx_word' id='word_1_435' title='bbox 1994 1784 2175 1833; x_wconf 88' lang='lat' dir='ltr'>principia</span> <span class='ocrx_word' id='word_1_436' title='bbox 2203 1787 2384 1824; x_wconf 87' lang='lat' dir='ltr'>naturalia</span> <span class='ocrx_word' id='word_1_437' title='bbox 2411 1789 2509 1826; x_wconf 93' lang='lat' dir='ltr'>ordi-</span> 
     </span>
     <span class='ocr_line' id='line_1_75' title="bbox 1456 1836 2508 1888; baseline 0.006 -16"><span class='ocrx_word' id='word_1_438' title='bbox 1456 1844 1568 1873; x_wconf 91' lang='lat' dir='ltr'>natur</span> <span class='ocrx_word' id='word_1_439' title='bbox 1586 1836 1636 1873; x_wconf 90' lang='lat' dir='ltr'>ad</span> <span class='ocrx_word' id='word_1_440' title='bbox 1655 1836 1774 1873; x_wconf 91' lang='lat' dir='ltr'>finem</span> <span class='ocrx_word' id='word_1_441' title='bbox 1795 1838 2088 1884; x_wconf 88' lang='lat' dir='ltr'>connaturalem,</span> <span class='ocrx_word' id='word_1_442' title='bbox 2106 1850 2183 1875; x_wconf 91' lang='lat' dir='ltr'>non</span> <span class='ocrx_word' id='word_1_443' title='bbox 2211 1847 2336 1876; x_wconf 89' lang='lat' dir='ltr'>tamen</span> <span class='ocrx_word' id='word_1_444' title='bbox 2365 1841 2508 1888; x_wconf 89' lang='lat' dir='ltr'>absque</span> 
     </span>
     <span class='ocr_line' id='line_1_76' title="bbox 1457 1888 2509 1940; baseline 0.005 -14"><span class='ocrx_word' id='word_1_445' title='bbox 1457 1889 1644 1926; x_wconf 87' lang='lat' dir='ltr'>adiutorio</span> <span class='ocrx_word' id='word_1_446' title='bbox 1660 1888 1804 1926; x_wconf 83' lang='lat' dir='ltr'>divino.</span> <span class='ocrx_word' id='word_1_447' title='bbox 1826 1890 1874 1926; x_wconf 91' lang='lat' dir='ltr'>Et</span> <span class='ocrx_word' id='word_1_448' title='bbox 1892 1890 2109 1927; x_wconf 90' lang='lat' dir='ltr'>huiusmodi</span> <span class='ocrx_word' id='word_1_449' title='bbox 2124 1889 2139 1919; x_wconf 79' lang='grc' dir='ltr'><strong>β</strong></span> <span class='ocrx_word' id='word_1_450' title='bbox 2152 1891 2335 1940; x_wconf 87' lang='lat' dir='ltr'>principia</span> <span class='ocrx_word' id='word_1_451' title='bbox 2354 1893 2509 1931; x_wconf 89' lang='lat' dir='ltr'>virtutes</span> 
     </span>
     <span class='ocr_line' id='line_1_77' title="bbox 1457 1942 2507 1995; baseline 0.006 -17"><span class='ocrx_word' id='word_1_452' title='bbox 1457 1942 1632 1979; x_wconf 92' lang='lat' dir='ltr'>dicuntur</span> <span class='ocrx_word' id='word_1_453' title='bbox 1650 1942 1899 1991; x_wconf 81' lang='lat' dir='ltr'>theologicae:</span> <span class='ocrx_word' id='word_1_454' title='bbox 1927 1950 2007 1979; x_wconf 88' lang='lat' dir='ltr'>turn</span> <span class='ocrx_word' id='word_1_455' title='bbox 2028 1943 2114 1991; x_wconf 91' lang='lat' dir='ltr'>quia</span> <span class='ocrx_word' id='word_1_456' title='bbox 2135 1944 2275 1981; x_wconf 88' lang='lat' dir='ltr'>habent</span> <span class='ocrx_word' id='word_1_457' title='bbox 2294 1945 2418 1982; x_wconf 90' lang='lat' dir='ltr'>Deum</span> <span class='ocrx_word' id='word_1_458' title='bbox 2438 1959 2507 1995; x_wconf 90' lang='lat' dir='ltr'>pro</span> 
     </span>
     <span class='ocr_line' id='line_1_78' title="bbox 1457 1995 2509 2044; baseline 0.005 -13"><span class='ocrx_word' id='word_1_459' title='bbox 1457 1996 1628 2043; x_wconf 88' lang='lat' dir='ltr'>obiecto,</span> <span class='ocrx_word' id='word_1_460' title='bbox 1657 1995 1883 2044; x_wconf 86' lang='lat' dir='ltr'>inquantum</span> <span class='ocrx_word' id='word_1_461' title='bbox 1910 2007 1978 2044; x_wconf 91' lang='lat' dir='ltr'>per</span> <span class='ocrx_word' id='word_1_462' title='bbox 2006 2008 2068 2032; x_wconf 91' lang='lat' dir='ltr'>eas</span> <span class='ocrx_word' id='word_1_463' title='bbox 2095 2004 2194 2033; x_wconf 89' lang='lat' dir='ltr'>recte</span> <span class='ocrx_word' id='word_1_464' title='bbox 2223 1998 2443 2035; x_wconf 90' lang='lat' dir='ltr'>ordinamur</span> <span class='ocrx_word' id='word_1_465' title='bbox 2471 2000 2509 2036; x_wconf 94' lang='lat' dir='ltr'>in</span> 
     </span>
     <span class='ocr_line' id='line_1_79' title="bbox 1456 2047 2507 2098; baseline 0.005 -14"><span class='ocrx_word' id='word_1_466' title='bbox 1456 2049 1605 2094; x_wconf 89' lang='lat' dir='ltr'>Deum;</span> <span class='ocrx_word' id='word_1_467' title='bbox 1634 2054 1715 2084; x_wconf 89' lang='lat' dir='ltr'>tum</span> <span class='ocrx_word' id='word_1_468' title='bbox 1742 2047 1832 2096; x_wconf 89' lang='lat' dir='ltr'>quia</span> <span class='ocrx_word' id='word_1_469' title='bbox 1851 2060 1873 2084; x_wconf 89' lang='lat' dir='ltr'>a</span> <span class='ocrx_word' id='word_1_470' title='bbox 1901 2049 1981 2085; x_wconf 93' lang='lat' dir='ltr'>solo</span> <span class='ocrx_word' id='word_1_471' title='bbox 2011 2050 2095 2085; x_wconf 92' lang='lat' dir='ltr'>Deo</span> <span class='ocrx_word' id='word_1_472' title='bbox 2116 2050 2223 2086; x_wconf 93' lang='lat' dir='ltr'>nobis</span> <span class='ocrx_word' id='word_1_473' title='bbox 2242 2051 2507 2098; x_wconf 78' lang='lat' dir='ltr'>infunduntur3</span> 
     </span>
     <span class='ocr_line' id='line_1_80' title="bbox 1455 2100 2508 2149; baseline 0.005 -12"><span class='ocrx_word' id='word_1_474' title='bbox 1455 2108 1536 2137; x_wconf 90' lang='lat' dir='ltr'>tum</span> <span class='ocrx_word' id='word_1_475' title='bbox 1565 2100 1653 2149; x_wconf 91' lang='lat' dir='ltr'>quia</span> <span class='ocrx_word' id='word_1_476' title='bbox 1681 2101 1761 2137; x_wconf 90' lang='lat' dir='ltr'>sola</span> <span class='ocrx_word' id='word_1_477' title='bbox 1789 2100 1917 2138; x_wconf 90' lang='lat' dir='ltr'>divina</span> <span class='ocrx_word' id='word_1_478' title='bbox 1946 2102 2184 2149; x_wconf 89' lang='lat' dir='ltr'>revelatione,</span> <span class='ocrx_word' id='word_1_479' title='bbox 2213 2102 2250 2139; x_wconf 90' lang='lat' dir='ltr'>in</span> <span class='ocrx_word' id='word_1_480' title='bbox 2279 2116 2383 2141; x_wconf 88' lang='lat' dir='ltr'>sacra</span> <span class='ocrx_word' id='word_1_481' title='bbox 2412 2105 2508 2142; x_wconf 90' lang='lat' dir='ltr'>Scri-</span> 
     </span>
     <span class='ocr_line' id='line_1_81' title="bbox 1455 2153 2244 2203; baseline 0.001 -13"><span class='ocrx_word' id='word_1_482' title='bbox 1455 2161 1577 2203; x_wconf 88' lang='lat' dir='ltr'>ptura,</span> <span class='ocrx_word' id='word_1_483' title='bbox 1605 2153 1827 2191; x_wconf 86' lang='lat' dir='ltr'>huiusmodi</span> <span class='ocrx_word' id='word_1_484' title='bbox 1853 2153 2010 2191; x_wconf 88' lang='lat' dir='ltr'>virtutes</span> <span class='ocrx_word' id='word_1_485' title='bbox 2037 2155 2244 2192; x_wconf 88' lang='lat' dir='ltr'>traduntur.</span> 
     </span>
    </p>

    <p class='ocr_par' dir='ltr' id='par_1_26' title="bbox 1454 2208 2510 2678">
     <span class='ocr_line' id='line_1_82' title="bbox 1508 2208 2508 2257; baseline 0.003 -14"><span class='ocrx_word' id='word_1_486' title='bbox 1508 2209 1567 2243; x_wconf 84' lang='lat' dir='ltr'>An</span> <span class='ocrx_word' id='word_1_487' title='bbox 1596 2218 1734 2243; x_wconf 79' lang='lat' dir='ltr'>PRlMUM</span> <span class='ocrx_word' id='word_1_488' title='bbox 1762 2218 1860 2243; x_wconf 84' lang='lat' dir='ltr'>ERGO</span> <span class='ocrx_word' id='word_1_489' title='bbox 1889 2219 2070 2244; x_wconf 85' lang='lat' dir='ltr'>DlCENDUM</span> <span class='ocrx_word' id='word_1_490' title='bbox 2099 2209 2201 2256; x_wconf 91' lang='lat' dir='ltr'>quod</span> <span class='ocrx_word' id='word_1_491' title='bbox 2223 2208 2347 2257; x_wconf 89' lang='lat' dir='ltr'>aliqua</span> <span class='ocrx_word' id='word_1_492' title='bbox 2375 2217 2508 2246; x_wconf 90' lang='lat' dir='ltr'>natura</span> 
     </span>
     <span class='ocr_line' id='line_1_83' title="bbox 1454 2259 2507 2309; baseline 0.002 -13"><span class='ocrx_word' id='word_1_493' title='bbox 1454 2267 1580 2308; x_wconf 92' lang='lat' dir='ltr'>potest</span> <span class='ocrx_word' id='word_1_494' title='bbox 1608 2259 1758 2296; x_wconf 90' lang='lat' dir='ltr'>attribui</span> <span class='ocrx_word' id='word_1_495' title='bbox 1795 2259 1904 2296; x_wconf 87' lang='lat' dir='ltr'>alicui</span> <span class='ocrx_word' id='word_1_496' title='bbox 1933 2260 1985 2296; x_wconf 92' lang='lat' dir='ltr'>rei</span> <span class='ocrx_word' id='word_1_497' title='bbox 2014 2260 2218 2308; x_wconf 89' lang='lat' dir='ltr'>dupliciter.</span> <span class='ocrx_word' id='word_1_498' title='bbox 2252 2261 2338 2298; x_wconf 94' lang='lat' dir='ltr'>Uno</span> <span class='ocrx_word' id='word_1_499' title='bbox 2367 2262 2507 2309; x_wconf 91' lang='lat' dir='ltr'>modo,</span> 
     </span>
     <span class='ocr_line' id='line_1_84' title="bbox 1456 2312 2509 2362; baseline 0.003 -14"><span class='ocrx_word' id='word_1_500' title='bbox 1456 2312 1716 2349; x_wconf 88' lang='lat' dir='ltr'>essentialiter:</span> <span class='ocrx_word' id='word_1_501' title='bbox 1738 2319 1774 2348; x_wconf 92' lang='lat' dir='ltr'>et</span> <span class='ocrx_word' id='word_1_502' title='bbox 1793 2312 1846 2348; x_wconf 91' lang='lat' dir='ltr'>sic</span> <span class='ocrx_word' id='word_1_503' title='bbox 1864 2312 2082 2349; x_wconf 89' lang='lat' dir='ltr'>huiusmodi</span> <span class='ocrx_word' id='word_1_504' title='bbox 2102 2313 2257 2350; x_wconf 90' lang='lat' dir='ltr'>virtutes</span> <span class='ocrx_word' id='word_1_505' title='bbox 2276 2314 2509 2362; x_wconf 90' lang='lat' dir='ltr'>theologicae</span> 
     </span>
     <span class='ocr_line' id='line_1_85' title="bbox 1456 2365 2510 2415; baseline 0.002 -14"><span class='ocrx_word' id='word_1_506' title='bbox 1456 2365 1642 2402; x_wconf 90' lang='lat' dir='ltr'>excedunt</span> <span class='ocrx_word' id='word_1_507' title='bbox 1668 2365 1834 2401; x_wconf 90' lang='lat' dir='ltr'>hominis</span> <span class='ocrx_word' id='word_1_508' title='bbox 1862 2373 2052 2402; x_wconf 85' lang='lat' dir='ltr'>naturam.</span> <span class='ocrx_word' id='word_1_509' title='bbox 2086 2366 2170 2402; x_wconf 93' lang='lat' dir='ltr'>Alio</span> <span class='ocrx_word' id='word_1_510' title='bbox 2200 2366 2334 2413; x_wconf 86' lang='lat' dir='ltr'>modo,</span> <span class='ocrx_word' id='word_1_511' title='bbox 2363 2367 2510 2415; x_wconf 90' lang='lat' dir='ltr'>partici-</span> 
     </span>
     <span class='ocr_line' id='line_1_86' title="bbox 1454 2418 2508 2467; baseline 0.002 -13"><span class='ocrx_word' id='word_1_512' title='bbox 1454 2418 1597 2467; x_wconf 91' lang='lat' dir='ltr'>pative,</span> <span class='ocrx_word' id='word_1_513' title='bbox 1627 2418 1721 2454; x_wconf 90' lang='lat' dir='ltr'>sicut</span> <span class='ocrx_word' id='word_1_514' title='bbox 1748 2418 1892 2465; x_wconf 91' lang='lat' dir='ltr'>lignum</span> <span class='ocrx_word' id='word_1_515' title='bbox 1920 2418 2077 2465; x_wconf 92' lang='lat' dir='ltr'>ignitum</span> <span class='ocrx_word' id='word_1_516' title='bbox 2108 2419 2304 2467; x_wconf 89' lang='lat' dir='ltr'>participat</span> <span class='ocrx_word' id='word_1_517' title='bbox 2336 2427 2508 2456; x_wconf 88' lang='lat' dir='ltr'>naturam</span> 
     </span>
     <span class='ocr_line' id='line_1_87' title="bbox 1454 2470 2508 2521; baseline 0.001 -14"><span class='ocrx_word' id='word_1_518' title='bbox 1454 2471 1565 2519; x_wconf 89' lang='lat' dir='ltr'>ignis:</span> <span class='ocrx_word' id='word_1_519' title='bbox 1596 2478 1633 2507; x_wconf 92' lang='lat' dir='ltr'>et</span> <span class='ocrx_word' id='word_1_520' title='bbox 1661 2470 1713 2507; x_wconf 91' lang='lat' dir='ltr'>sic</span> <span class='ocrx_word' id='word_1_521' title='bbox 1737 2475 1752 2498; x_wconf 68' lang='grc' dir='ltr'><strong>Υ</strong></span> <span class='ocrx_word' id='word_1_522' title='bbox 1781 2471 2072 2518; x_wconf 89' lang='lat' dir='ltr'>quodammodo</span> <span class='ocrx_word' id='word_1_523' title='bbox 2101 2472 2143 2508; x_wconf 91' lang='lat' dir='ltr'>fit</span> <span class='ocrx_word' id='word_1_524' title='bbox 2175 2472 2293 2508; x_wconf 91' lang='lat' dir='ltr'>homo</span> <span class='ocrx_word' id='word_1_525' title='bbox 2321 2472 2508 2521; x_wconf 91' lang='lat' dir='ltr'>particeps</span> 
     </span>
     <span class='ocr_line' id='line_1_88' title="bbox 1456 2523 2508 2570; baseline 0.002 -10"><span class='ocrx_word' id='word_1_526' title='bbox 1456 2524 1607 2561; x_wconf 90' lang='lat' dir='ltr'>divinae</span> <span class='ocrx_word' id='word_1_527' title='bbox 1636 2530 1803 2570; x_wconf 86' lang='lat' dir='ltr'>naturae,</span> <span class='ocrx_word' id='word_1_528' title='bbox 1828 2530 1869 2560; x_wconf 90' lang='lat' dir='ltr'>ut</span> <span class='ocrx_word' id='word_1_529' title='bbox 1894 2523 2034 2560; x_wconf 86' lang='lat' dir='ltr'>dictum</span> <span class='ocrx_word' id='word_1_530' title='bbox 2060 2531 2115 2566; x_wconf 78' lang='lat' dir='ltr'>est</span> <span class='ocrx_word' id='word_1_531' title='bbox 2133 2523 2163 2560; x_wconf 71' lang='lat'>³¹².</span> <span class='ocrx_word' id='word_1_532' title='bbox 2186 2524 2234 2560; x_wconf 91' lang='lat' dir='ltr'>Et</span> <span class='ocrx_word' id='word_1_533' title='bbox 2253 2524 2304 2560; x_wconf 91' lang='lat' dir='ltr'>sic</span> <span class='ocrx_word' id='word_1_534' title='bbox 2324 2524 2415 2560; x_wconf 88' lang='lat' dir='ltr'>istae</span> <span class='ocrx_word' id='word_1_535' title='bbox 2434 2525 2508 2562; x_wconf 90' lang='lat' dir='ltr'>vir-</span> 
     </span>
     <span class='ocr_line' id='line_1_89' title="bbox 1454 2576 2507 2625; baseline 0.001 -12"><span class='ocrx_word' id='word_1_536' title='bbox 1454 2584 1551 2624; x_wconf 85' lang='lat' dir='ltr'>tutes</span> <span class='ocrx_word' id='word_1_537' title='bbox 1581 2576 1813 2613; x_wconf 82' lang='lat' dir='ltr'>conveniunt</span> <span class='ocrx_word' id='word_1_538' title='bbox 1831 2576 1976 2612; x_wconf 90' lang='lat' dir='ltr'>homini</span> <span class='ocrx_word' id='word_1_539' title='bbox 1997 2577 2206 2613; x_wconf 91' lang='lat' dir='ltr'>secundum</span> <span class='ocrx_word' id='word_1_540' title='bbox 2226 2584 2398 2613; x_wconf 87' lang='lat' dir='ltr'>naturam</span> <span class='ocrx_word' id='word_1_541' title='bbox 2422 2590 2507 2625; x_wconf 91' lang='lat' dir='ltr'>par-</span> 
     </span>
     <span class='ocr_line' id='line_1_90' title="bbox 1455 2629 1659 2678; baseline -0.005 -12"><span class='ocrx_word' id='word_1_542' title='bbox 1455 2629 1659 2678; x_wconf 90' lang='lat' dir='ltr'>ticipatam.</span> 
     </span>
    </p>

    <p class='ocr_par' dir='ltr' id='par_1_27' title="bbox 1454 2681 2506 2941">
     <span class='ocr_line' id='line_1_91' title="bbox 1507 2681 2506 2729; baseline -0.001 -10"><span class='ocrx_word' id='word_1_543' title='bbox 1507 2684 1566 2719; x_wconf 86' lang='lat' dir='ltr'>AD</span> <span class='ocrx_word' id='word_1_544' title='bbox 1595 2693 1786 2719; x_wconf 78' lang='lat' dir='ltr'>SECUNDUM</span> <span class='ocrx_word' id='word_1_545' title='bbox 1806 2692 1987 2718; x_wconf 81' lang='lat' dir='ltr'>DICENDUM</span> <span class='ocrx_word' id='word_1_546' title='bbox 2016 2682 2119 2729; x_wconf 91' lang='lat' dir='ltr'>quod</span> <span class='ocrx_word' id='word_1_547' title='bbox 2139 2681 2229 2717; x_wconf 89' lang='lat' dir='ltr'>istae</span> <span class='ocrx_word' id='word_1_548' title='bbox 2253 2681 2408 2718; x_wconf 89' lang='lat' dir='ltr'>virtutes</span> <span class='ocrx_word' id='word_1_549' title='bbox 2428 2694 2506 2718; x_wconf 93' lang='lat' dir='ltr'>non</span> 
     </span>
     <span class='ocr_line' id='line_1_92' title="bbox 1455 2733 2504 2782; baseline -0.001 -10"><span class='ocrx_word' id='word_1_550' title='bbox 1455 2735 1628 2772; x_wconf 90' lang='lat' dir='ltr'>dicuntur</span> <span class='ocrx_word' id='word_1_551' title='bbox 1648 2734 1810 2780; x_wconf 89' lang='lat' dir='ltr'>divinae,</span> <span class='ocrx_word' id='word_1_552' title='bbox 1831 2734 1926 2770; x_wconf 88' lang='lat' dir='ltr'>sicut</span> <span class='ocrx_word' id='word_1_553' title='bbox 1952 2733 2088 2782; x_wconf 91' lang='lat' dir='ltr'>quibus</span> <span class='ocrx_word' id='word_1_554' title='bbox 2107 2735 2212 2770; x_wconf 91' lang='lat' dir='ltr'>Deus</span> <span class='ocrx_word' id='word_1_555' title='bbox 2231 2733 2276 2770; x_wconf 93' lang='lat' dir='ltr'>sit</span> <span class='ocrx_word' id='word_1_556' title='bbox 2294 2734 2504 2771; x_wconf 87' lang='lat' dir='ltr'>virtuosus:</span> 
     </span>
     <span class='ocr_line' id='line_1_93' title="bbox 1454 2786 2503 2835; baseline -0.003 -10"><span class='ocrx_word' id='word_1_557' title='bbox 1454 2789 1520 2825; x_wconf 90' lang='lat' dir='ltr'>sed</span> <span class='ocrx_word' id='word_1_558' title='bbox 1550 2788 1644 2824; x_wconf 92' lang='lat' dir='ltr'>sicut</span> <span class='ocrx_word' id='word_1_559' title='bbox 1681 2787 1818 2835; x_wconf 91' lang='lat' dir='ltr'>quibus</span> <span class='ocrx_word' id='word_1_560' title='bbox 1856 2799 1926 2823; x_wconf 93' lang='lat' dir='ltr'>nos</span> <span class='ocrx_word' id='word_1_561' title='bbox 1943 2787 2138 2823; x_wconf 42' lang='lat' dir='ltr'>*efficimur</span> <span class='ocrx_word' id='word_1_562' title='bbox 2163 2786 2320 2823; x_wconf 90' lang='lat' dir='ltr'>virtuosi</span> <span class='ocrx_word' id='word_1_563' title='bbox 2348 2799 2370 2822; x_wconf 93' lang='lat' dir='ltr'>a</span> <span class='ocrx_word' id='word_1_564' title='bbox 2397 2788 2503 2834; x_wconf 86' lang='lat' dir='ltr'>Deo⁷</span> 
     </span>
     <span class='ocr_line' id='line_1_94' title="bbox 1454 2839 2504 2888; baseline -0.002 -11"><span class='ocrx_word' id='word_1_565' title='bbox 1454 2848 1491 2877; x_wconf 92' lang='lat' dir='ltr'>et</span> <span class='ocrx_word' id='word_1_566' title='bbox 1517 2841 1555 2878; x_wconf 91' lang='lat' dir='ltr'>in</span> <span class='ocrx_word' id='word_1_567' title='bbox 1584 2840 1715 2877; x_wconf 90' lang='lat' dir='ltr'>ordine</span> <span class='ocrx_word' id='word_1_568' title='bbox 1736 2840 1783 2876; x_wconf 90' lang='lat' dir='ltr'>ad</span> <span class='ocrx_word' id='word_1_569' title='bbox 1811 2840 1946 2876; x_wconf 90' lang='lat' dir='ltr'>Deum.</span> <span class='ocrx_word' id='word_1_570' title='bbox 1968 2839 2078 2876; x_wconf 94' lang='lat' dir='ltr'>Unde</span> <span class='ocrx_word' id='word_1_571' title='bbox 2107 2852 2184 2876; x_wconf 92' lang='lat' dir='ltr'>non</span> <span class='ocrx_word' id='word_1_572' title='bbox 2203 2847 2289 2875; x_wconf 90' lang='lat' dir='ltr'>sunt</span> <span class='ocrx_word' id='word_1_573' title='bbox 2317 2840 2504 2888; x_wconf 88' lang='lat' dir='ltr'>exempla-</span> 
     </span>
     <span class='ocr_line' id='line_1_95' title="bbox 1454 2893 1886 2941; baseline -0.005 -11"><span class='ocrx_word' id='word_1_574' title='bbox 1454 2906 1524 2940; x_wconf 90' lang='lat' dir='ltr'>res,</span> <span class='ocrx_word' id='word_1_575' title='bbox 1546 2894 1611 2930; x_wconf 85' lang='lat' dir='ltr'>sed</span> <span class='ocrx_word' id='word_1_576' title='bbox 1642 2893 1886 2941; x_wconf 87' lang='lat' dir='ltr'>exemplatae.</span> 
     </span>
    </p>

    <p class='ocr_par' dir='ltr' id='par_1_28' title="bbox 1452 2943 2504 3298">
     <span class='ocr_line' id='line_1_96' title="bbox 1506 2943 2504 2992; baseline -0.004 -9"><span class='ocrx_word' id='word_1_577' title='bbox 1506 2948 1565 2983; x_wconf 85' lang='lat' dir='ltr'>AD</span> <span class='ocrx_word' id='word_1_578' title='bbox 1593 2957 1751 2982; x_wconf 74' lang='lat' dir='ltr'>TER’rmM</span> <span class='ocrx_word' id='word_1_579' title='bbox 1780 2956 1961 2981; x_wconf 79' lang='lat' dir='ltr'><strong>DICENDUM</strong></span> <span class='ocrx_word' id='word_1_580' title='bbox 1990 2944 2092 2992; x_wconf 92' lang='lat' dir='ltr'>quod</span> <span class='ocrx_word' id='word_1_581' title='bbox 2121 2943 2168 2980; x_wconf 90' lang='lat' dir='ltr'>ad</span> <span class='ocrx_word' id='word_1_582' title='bbox 2201 2944 2326 2979; x_wconf 89' lang='lat' dir='ltr'>Deum</span> <span class='ocrx_word' id='word_1_583' title='bbox 2356 2951 2504 2980; x_wconf 89' lang='lat' dir='ltr'>natura-</span> 
     </span>
     <span class='ocr_line' id='line_1_97' title="bbox 1452 2996 2501 3044; baseline -0.003 -9"><span class='ocrx_word' id='word_1_584' title='bbox 1452 2999 1535 3035; x_wconf 91' lang='lat' dir='ltr'>liter</span> <span class='ocrx_word' id='word_1_585' title='bbox 1562 2998 1654 3035; x_wconf 93' lang='lat' dir='ltr'>ratio</span> <span class='ocrx_word' id='word_1_586' title='bbox 1684 3006 1719 3034; x_wconf 91' lang='lat' dir='ltr'>et</span> <span class='ocrx_word' id='word_1_587' title='bbox 1745 2998 1921 3035; x_wconf 90' lang='lat' dir='ltr'>voluntas</span> <span class='ocrx_word' id='word_1_588' title='bbox 1950 2996 2152 3042; x_wconf 88' lang='lat' dir='ltr'>ordinatur,</span> <span class='ocrx_word' id='word_1_589' title='bbox 2172 3003 2285 3044; x_wconf 90' lang='lat' dir='ltr'>prout</span> <span class='ocrx_word' id='word_1_590' title='bbox 2314 3003 2369 3032; x_wconf 89' lang='lat' dir='ltr'>est</span> <span class='ocrx_word' id='word_1_591' title='bbox 2396 3003 2501 3032; x_wconf 90' lang='lat' dir='ltr'>natu-</span> 
     </span>
     <span class='ocr_line' id='line_1_98' title="bbox 1453 3049 2503 3099; baseline -0.003 -11"><span class='ocrx_word' id='word_1_592' title='bbox 1453 3064 1516 3088; x_wconf 89' lang='lat' dir='ltr'>rae</span> <span class='ocrx_word' id='word_1_593' title='bbox 1535 3051 1762 3099; x_wconf 81' lang='lat' dir='ltr'>principium</span> <span class='ocrx_word' id='word_1_594' title='bbox 1792 3057 1828 3086; x_wconf 89' lang='lat' dir='ltr'>et</span> <span class='ocrx_word' id='word_1_595' title='bbox 1846 3050 1944 3096; x_wconf 89' lang='lat' dir='ltr'>finis,</span> <span class='ocrx_word' id='word_1_596' title='bbox 1965 3049 2174 3086; x_wconf 90' lang='lat' dir='ltr'>secundum</span> <span class='ocrx_word' id='word_1_597' title='bbox 2194 3055 2320 3085; x_wconf 90' lang='lat' dir='ltr'>tamen</span> <span class='ocrx_word' id='word_1_598' title='bbox 2343 3061 2503 3097; x_wconf 91' lang='lat' dir='ltr'>propor-</span> 
     </span>
     <span class='ocr_line' id='line_1_99' title="bbox 1453 3101 2502 3150; baseline -0.003 -10"><span class='ocrx_word' id='word_1_599' title='bbox 1453 3104 1595 3140; x_wconf 91' lang='lat' dir='ltr'>tionem</span> <span class='ocrx_word' id='word_1_600' title='bbox 1624 3110 1790 3140; x_wconf 87' lang='lat' dir='ltr'>naturae.</span> <span class='ocrx_word' id='word_1_601' title='bbox 1822 3102 1898 3139; x_wconf 93' lang='lat' dir='ltr'>Sed</span> <span class='ocrx_word' id='word_1_602' title='bbox 1926 3101 1974 3138; x_wconf 92' lang='lat' dir='ltr'>ad</span> <span class='ocrx_word' id='word_1_603' title='bbox 2001 3101 2126 3150; x_wconf 91' lang='lat' dir='ltr'>ipsum</span> <span class='ocrx_word' id='word_1_604' title='bbox 2159 3101 2368 3138; x_wconf 90' lang='lat' dir='ltr'>secundum</span> <span class='ocrx_word' id='word_1_605' title='bbox 2398 3101 2502 3149; x_wconf 91' lang='lat' dir='ltr'>quod</span> 
     </span>
     <span class='ocr_line' id='line_1_100' title="bbox 1454 3153 2503 3202; baseline -0.004 -9"><span class='ocrx_word' id='word_1_606' title='bbox 1454 3165 1508 3193; x_wconf 91' lang='lat' dir='ltr'>est</span> <span class='ocrx_word' id='word_1_607' title='bbox 1537 3156 1727 3192; x_wconf 89' lang='lat' dir='ltr'>obiectum</span> <span class='ocrx_word' id='word_1_608' title='bbox 1756 3154 1992 3191; x_wconf 88' lang='lat' dir='ltr'>beatitudinis</span> <span class='ocrx_word' id='word_1_609' title='bbox 2022 3153 2323 3202; x_wconf 86' lang='lat' dir='ltr'>supernaturalis,</span> <span class='ocrx_word' id='word_1_610' title='bbox 2345 3153 2437 3190; x_wconf 90' lang='lat' dir='ltr'>ratio</span> <span class='ocrx_word' id='word_1_611' title='bbox 2467 3161 2503 3190; x_wconf 91' lang='lat' dir='ltr'>et</span> 
     </span>
     <span class='ocr_line' id='line_1_101' title="bbox 1452 3206 2502 3246; baseline -0.004 0"><span class='ocrx_word' id='word_1_612' title='bbox 1452 3210 1626 3246; x_wconf 90' lang='lat' dir='ltr'>voluntas</span> <span class='ocrx_word' id='word_1_613' title='bbox 1655 3209 1866 3245; x_wconf 92' lang='lat' dir='ltr'>secundum</span> <span class='ocrx_word' id='word_1_614' title='bbox 1895 3219 2003 3243; x_wconf 93' lang='lat' dir='ltr'>suarn</span> <span class='ocrx_word' id='word_1_615' title='bbox 2024 3214 2197 3244; x_wconf 89' lang='lat' dir='ltr'>naturam</span> <span class='ocrx_word' id='word_1_616' title='bbox 2226 3218 2302 3243; x_wconf 93' lang='lat' dir='ltr'>non</span> <span class='ocrx_word' id='word_1_617' title='bbox 2328 3206 2502 3242; x_wconf 91' lang='lat' dir='ltr'>ordinan-</span> 
     </span>
     <span class='ocr_line' id='line_1_102' title="bbox 1452 3261 1777 3298; baseline -0.006 0"><span class='ocrx_word' id='word_1_618' title='bbox 1452 3270 1512 3298; x_wconf 90' lang='lat' dir='ltr'>tur</span> <span class='ocrx_word' id='word_1_619' title='bbox 1539 3261 1777 3298; x_wconf 85' lang='lat' dir='ltr'>sufficienter.</span> 
     </span>
    </p>
   </div>
   <div class='ocr_carea' id='block_1_21' title="bbox 1049 3348 1818 3355">
    <p class='ocr_par' dir='ltr' id='par_1_29' title="bbox 1049 3348 1818 3355">
     <span class='ocr_line' id='line_1_103' title="bbox 1049 3348 1818 3355; baseline 0 0"><span class='ocrx_word' id='word_1_620' title='bbox 1049 3348 1818 3355; x_wconf 95' lang='lat' dir='ltr'> </span> 
     </span>
    </p>
   </div>
   <div class='ocr_carea' id='block_1_22' title="bbox 395 3389 846 3456">
    <p class='ocr_par' dir='ltr' id='par_1_30' title="bbox 395 3389 846 3456">
     <span class='ocr_line' id='line_1_104' title="bbox 395 3389 712 3421; baseline 0.006 -8"><span class='ocrx_word' id='word_1_621' title='bbox 395 3390 421 3421; x_wconf 89' lang='grc' dir='ltr'>α)</span> <span class='ocrx_word' id='word_1_622' title='bbox 442 3396 540 3414; x_wconf 89' lang='lat' dir='ltr'>rerum.</span> <span class='ocrx_word' id='word_1_623' title='bbox 553 3403 572 3408; x_wconf 94' lang='lat'>-</span> <span class='ocrx_word' id='word_1_624' title='bbox 591 3389 652 3414; x_wconf 88' lang='lat' dir='ltr'>Om.</span> <span class='ocrx_word' id='word_1_625' title='bbox 667 3390 712 3415; x_wconf 82' lang='lat' dir='ltr'>Pa.</span> 
     </span>
     <span class='ocr_line' id='line_1_105' title="bbox 396 3423 846 3456; baseline 0.009 -8"><span class='ocrx_word' id='word_1_626' title='bbox 396 3423 420 3456; x_wconf 87' lang='grc' dir='ltr'>β)</span> <span class='ocrx_word' id='word_1_627' title='bbox 440 3424 599 3450; x_wconf 82' lang='lat' dir='ltr'>huiusmodi.</span> <span class='ocrx_word' id='word_1_628' title='bbox 617 3439 636 3444; x_wconf 90' lang='lat'>—</span> <span class='ocrx_word' id='word_1_629' title='bbox 654 3425 718 3450; x_wconf 84' lang='lat' dir='ltr'>haec</span> <span class='ocrx_word' id='word_1_630' title='bbox 736 3427 846 3452; x_wconf 83' lang='lat' dir='ltr'>codices.</span> 
     </span>
    </p>
   </div>
   <div class='ocr_carea' id='block_1_23' title="bbox 483 3597 999 3623">
    <p class='ocr_par' dir='ltr' id='par_1_31' title="bbox 483 3597 999 3623">
     <span class='ocr_line' id='line_1_106' title="bbox 483 3597 999 3623; baseline 0.004 -2"><span class='ocrx_word' id='word_1_631' title='bbox 483 3597 591 3622; x_wconf 62' lang='lat' dir='ltr'>Summis</span> <span class='ocrx_word' id='word_1_632' title='bbox 610 3597 710 3622; x_wconf 66' lang='grc' dir='ltr'><strong>ΤΗΙ-τοι.</strong></span> <span class='ocrx_word' id='word_1_633' title='bbox 730 3598 760 3622; x_wconf 92' lang='lat' dir='ltr'>D.</span> <span class='ocrx_word' id='word_1_634' title='bbox 776 3598 890 3623; x_wconf 65' lang='lat' dir='ltr'>Tamum</span> <span class='ocrx_word' id='word_1_635' title='bbox 909 3599 940 3623; x_wconf 87' lang='lat' dir='ltr'>T.</span> <span class='ocrx_word' id='word_1_636' title='bbox 961 3599 999 3623; x_wconf 93' lang='lat' dir='ltr'>III.</span> 
     </span>
    </p>
   </div>
   <div class='ocr_carea' id='block_1_24' title="bbox 1421 3392 1424 3455">
    <p class='ocr_par' dir='ltr' id='par_1_32' title="bbox 1421 3392 1424 3455">
     <span class='ocr_line' id='line_1_107' title="bbox 1421 3392 1424 3455; baseline 0 0"><span class='ocrx_word' id='word_1_637' title='bbox 1421 3392 1424 3455; x_wconf 70' lang='lat' dir='ltr'>l</span> 
     </span>
    </p>
   </div>
   <div class='ocr_carea' id='block_1_25' title="bbox 1503 3389 1970 3426">
    <p class='ocr_par' dir='ltr' id='par_1_33' title="bbox 1503 3389 1970 3426">
     <span class='ocr_line' id='line_1_108' title="bbox 1503 3389 1970 3426; baseline -0.004 -10"><span class='ocrx_word' id='word_1_638' title='bbox 1503 3392 1529 3426; x_wconf 80' lang='grc' dir='ltr'>γ)</span> <span class='ocrx_word' id='word_1_639' title='bbox 1549 3392 1594 3416; x_wconf 85' lang='lat' dir='ltr'>sic.</span> <span class='ocrx_word' id='word_1_640' title='bbox 1612 3405 1630 3410; x_wconf 96' lang='lat'>-</span> <span class='ocrx_word' id='word_1_641' title='bbox 1649 3392 1709 3416; x_wconf 81' lang='lat' dir='ltr'>Om.</span> <span class='ocrx_word' id='word_1_642' title='bbox 1729 3389 1970 3415; x_wconf 78' lang='lat' dir='ltr'>PABCDGHIKLa.</span> 
     </span>
    </p>
   </div>
   <div class='ocr_carea' id='block_1_26' title="bbox 2532 1327 2662 1354">
    <p class='ocr_par' dir='ltr' id='par_1_34' title="bbox 2532 1327 2662 1354">
     <span class='ocr_line' id='line_1_109' title="bbox 2532 1327 2662 1354; baseline 0.008 -5"><span class='ocrx_word' id='word_1_643' title='bbox 2532 1328 2542 1339; x_wconf 67' lang='lat'><strong><em>⁴</em></strong></span> <span class='ocrx_word' id='word_1_644' title='bbox 2557 1327 2625 1350; x_wconf 72' lang='lat' dir='ltr'>Vei-s.</span> <span class='ocrx_word' id='word_1_645' title='bbox 2638 1334 2662 1354; x_wconf 80' lang='lat'>4.</span> 
     </span>
    </p>
   </div>
   <div class='ocr_carea' id='block_1_27' title="bbox 2633 1891 2648 1924">
    <p class='ocr_par' dir='ltr' id='par_1_35' title="bbox 2633 1891 2648 1924">
     <span class='ocr_line' id='line_1_110' title="bbox 2633 1891 2648 1924; baseline 0 0"><span class='ocrx_word' id='word_1_646' title='bbox 2633 1891 2648 1924; x_wconf 79' lang='grc' dir='ltr'><strong>β</strong></span> 
     </span>
    </p>
   </div>
   <div class='ocr_carea' id='block_1_28' title="bbox 2536 2536 2703 2563">
    <p class='ocr_par' dir='ltr' id='par_1_36' title="bbox 2536 2536 2703 2563">
     <span class='ocr_line' id='line_1_111' title="bbox 2536 2536 2703 2563; baseline 0.006 -6"><span class='ocrx_word' id='word_1_647' title='bbox 2536 2538 2543 2546; x_wconf 94' lang='grc'>·</span> <span class='ocrx_word' id='word_1_648' title='bbox 2558 2536 2583 2558; x_wconf 89' lang='lat' dir='ltr'>In</span> <span class='ocrx_word' id='word_1_649' title='bbox 2599 2542 2703 2563; x_wconf 80' lang='lat' dir='ltr'>corpore.</span> 
     </span>
    </p>
   </div>
  </div>
 </body>
</html>
