2852 4152
127 1384 135 1391 ·
151 1381 187 1404 Cf.
197 1382 274 1404 Part.1
297 1388 337 1410 qu.

126 1415 179 1434 xxv,
189 1412 232 1430 art.
239 1415 255 1434 1y
265 1398 336 1430 dom-

126 1438 197 1456 ment.
222 1441 285 1456 num.
310 1441 336 1456 ιιι

125 1467 178 1488 sqq.

126 2658 134 2665 “
150 2656 186 2677 De
202 2655 275 2682 Trin.‚
295 2656 336 2677 lib.

126 2682 165 2709 lx,
180 2688 230 2710 cap.
245 2689 285 2704 xu-

131 3356 139 3365 ·
150 3354 187 3377 Cf.
194 3357 235 3376 art.
245 3360 261 3380 1,
272 3354 341 3376 Com-

132 3384 202 3403 ment.
211 3386 339 3406 num.1v‚v.

132 3488 142 3495 ·
158 3485 216 3514 cap.
230 3491 246 3508 ι.

368 214 415 249 30

1063 216 1327 262 QUAEstlo
1358 217 1425 262 111,
1455 217 1749 253 ARTICULUS
1779 216 1829 252 lv

367 304 465 339 quae
484 293 576 338 vult,
598 305 642 329 ex
662 294 736 330 hoc
765 302 819 330 est
838 296 982 340 beatus,
1003 295 1107 343 quod
1127 295 1241 330 habet
1261 306 1305 329 ea
1324 306 1422 342 quae
1476 294 1607 343 ipsam.
1638 295 1823 331 Voluntas
1852 302 1978 332 autem
2008 296 2109 332 bona
2127 295 2280 344 ponitur
2307 295 2345 332 in
2373 307 2534 332 numero

365 346 460 382 vult:
491 345 595 393 quod
615 346 770 393 quidem
792 355 846 382 est
863 359 931 395 per
951 346 1050 383 aliud
1070 358 1185 394 quam
1211 358 1279 395 per
1298 354 1422 382 actum
1477 347 1668 393 bonorum
1689 359 1785 395 quae
1802 348 1956 384 beatum
1977 348 2128 395 faciunt,
2144 355 2257 396 prout
2277 355 2331 384 est
2345 347 2533 384 inclinatio

365 398 580 434 voluntatis.
621 399 696 435 Sed
734 399 822 435 nihil
859 400 957 435 male
1004 400 1101 435 velle
1139 399 1338 446 requiritur
1375 400 1422 435 ad
1478 399 1667 447 quaedam
1688 399 1725 435 in
1745 399 1841 447 ipsa:
1871 399 1966 436 sicut
1985 409 2110 437 motus
2131 401 2321 437 reducitur
2349 401 2397 437 ad
2416 413 2534 448 genus

366 450 636 487 beatitudinem
665 451 759 487 sicut
785 451 974 498 quaedam
996 451 1122 487 debita
1151 451 1345 498 dispositio
1375 450 1422 488 ad

1477 451 1534 487 sui
1561 451 1722 498 termini,
1742 458 1784 487 ut
1812 452 1978 489 alteratio
2007 453 2054 490 ad
2083 453 2312 501 qualitatem.

1028 545 1359 577 Commentaria
1382 545 1630 577 Cardinalis
1654 546 1852 578 Caietam

397 644 417 663 N
440 634 497 664 hac
521 633 608 664 tertia
625 633 818 673 quaestione,
835 643 936 673 usque
953 633 992 663 ad
1008 639 1156 672 quartum
1180 633 1357 669 articulum,
1378 634 1424 663 ni—

370 645 441 707 Ihil
465 677 599 707 occurrit
629 677 844 713 scribendum,
868 677 927 706 nisi
951 677 1039 716 quod
1071 677 1103 706 in
1127 677 1266 707 secundo
1291 677 1421 707 articulo

364 721 422 751 tria
438 721 576 751 notanda
590 721 763 760 specialiter
778 728 860 751 sunt.
874 720 1017 750 Primum
1033 720 1066 750 in
1081 730 1223 760 corpore,
1236 721 1334 761 quod,
1348 731 1422 751 cum

367 764 494 800 dicitur,
519 765 770 804 Unumquodque
793 770 839 794 est
855 769 990 804 propter
1004 773 1096 794 suam
1119 766 1345 804 operationem,
1363 775 1422 805 po-

365 814 425 838 test
448 808 612 847 dupliciter
634 808 775 847 intelligi.
796 808 912 844 Primo,
933 807 1013 838 sicut
1035 814 1163 847 propter
1186 818 1252 837 rem
1273 818 1354 848 quae
1378 815 1424 839 est

366 851 433 882 eius
447 851 533 881 finis:
554 859 584 882 et
599 852 642 882 sic
658 851 861 881 falsissimum
878 858 933 882 est.
946 851 1019 881 Alio
1036 852 1146 887 modo,
1161 851 1241 881 sicut
1255 852 1422 891 proprium

365 896 651 935 complementum:
677 902 707 925 et
730 895 773 925 sic
792 902 838 925 est
855 905 975 925 verum.
993 894 1038 925 Ita
1061 896 1150 935 quod
1167 896 1421 936 unumquodque

364 939 482 969 habens
506 939 723 979 operationem
746 949 812 969 esse
835 946 963 979 propter
986 948 1077 969 suam
1100 939 1327 979 operationem,
1344 939 1423 969 nihil

364 982 450 1012 aliud
474 990 519 1013 est
541 993 639 1023 quam
662 992 728 1012 esse
751 989 880 1022 propter
903 983 1043 1022 seipsum
1065 982 1098 1012 in
1122 989 1192 1013 actu
1217 983 1376 1023 completo
1393 989 1423 1013 et

363 1025 512 1065 perfecto.

419 1069 610 1106 Secundum,
635 1069 667 1099 in
691 1070 896 1110 responsione
920 1070 958 1099 ad
982 1070 1171 1106 secundum,
1196 1069 1311 1100 scilicet
1334 1070 1422 1110 quod

364 1123 438 1143 cum
455 1113 575 1149 dicitur,
595 1113 765 1144 Beatitudo
782 1119 828 1144 est
843 1119 947 1144 status
962 1114 1101 1143 omnium
1126 1114 1278 1144 bonorum
1302 1123 1421 1154 aggre-

361 1158 493 1197 gatione
510 1157 686 1198 perfectus,
707 1167 772 1187 non
797 1165 842 1188 est
864 1157 1052 1197 praedicatio
1073 1157 1252 1193 essentialis,
1273 1157 1327 1187 sed
1350 1167 1421 1187 cau-

363 1201 445 1231 salis.
469 1201 514 1232 Ita
537 1202 625 1240 quod
647 1201 852 1241 intelligatur,
876 1201 1035 1232 beatitudo
1059 1206 1095 1231 ut
1117 1210 1227 1237 causa,
1252 1206 1298 1231 est
1319 1206 1422 1231 status

363 1245 437 1275 talis
456 1250 491 1275 ut
513 1244 664 1285 effectus:
687 1245 841 1285 quoniam
855 1244 923 1284 ipsa
941 1244 1141 1275 beatitudinis
1157 1244 1290 1274 essentia
1306 1252 1352 1275 est
1367 1255 1423 1285 per

363 1298 461 1328 quarn
484 1295 529 1319 est
547 1289 616 1319 talis
640 1295 751 1325 statuS‚
776 1295 812 1319 ut
833 1289 866 1319 in
889 1288 989 1318 littera
1013 1287 1134 1318 dicitur.

419 1332 579 1368 Tertium,
602 1333 635 1362 in
658 1332 863 1372 responsione
887 1332 925 1362 ad
949 1332 1095 1368 tertium,
1120 1331 1209 1372 quod
1232 1342 1357 1363 mernor
1381 1333 1421 1363 sis

363 1376 587 1415 ambiguitatis,
612 1383 677 1406 tam
701 1376 883 1416 simpliciter
905 1385 1002 1416 quarn
1026 1375 1112 1416 apud
1135 1378 1309 1406 Auctorem
1324 1376 1357 1414 *,
1383 1377 1421 1407 de

363 1419 503 1451 subiecto
519 1420 649 1450 actionis
665 1420 867 1450 transeuntis:
892 1426 1021 1460 propter
1042 1420 1131 1460 quod
1147 1419 1226 1450 forte
1249 1420 1348 1451 littera
1368 1432 1421 1461 ap-

362 1464 471 1503 posuit
485 1464 518 1504 ly
531 1464 646 1504 magis,
661 1463 793 1494 dicendo
811 1464 899 1504 quod
916 1470 961 1494 est
974 1465 1079 1504 magis
1087 1463 1246 1505 perfectio
1257 1466 1420 1505 patientis.

362 1508 445 1538 Nam
469 1508 644 1538 secundum
667 1508 838 1544 veritatem,
855 1507 936 1538 actio
955 1507 1133 1538 immanens
1151 1508 1362 1548 principaliter
1375 1516 1422 1540 est

362 1558 490 1592 propter
521 1550 747 1591 perficiendum
780 1561 874 1591 agens
904 1551 1030 1591 ipsum,
1056 1552 1136 1582 actio
1167 1562 1242 1582 vero
1271 1549 1422 1584 transiens

362 1595 573 1636 principaliter
587 1602 634 1625 est
656 1602 784 1636 propter
803 1595 1029 1636 perficiendum
1053 1596 1147 1627 aliud.
1165 1596 1281 1626 Utrum
1305 1604 1420 1634 autem,

362 1639 442 1670 sicut
464 1640 544 1670 actio
561 1639 738 1670 immanens
761 1639 915 1670 redundat
930 1639 963 1669 in
979 1640 1121 1676 alterurn,
1138 1641 1180 1670 ita
1194 1650 1324 1682 quoque
1340 1642 1421 1672 actio

361 1683 513 1714 transiens
529 1683 667 1723 perficiat
682 1693 794 1723 agens,
819 1693 884 1714 non
901 1690 948 1714 est
970 1684 1098 1714 moralis
1122 1685 1250 1724 negotii,
1271 1685 1325 1715 sed
1349 1686 1421 1716 alibi

362 1727 554 1763 discutietur,
571 1727 597 1758 si
619 1727 705 1758 Deus
730 1727 856 1758 dederit.

418 1772 455 1802 ΙΙ.
472 1772 507 1801 In
520 1771 582 1802 isto
595 1778 708 1812 quarto
724 1771 856 1802 articulo
869 1771 1039 1811 disputatio
1056 1772 1108 1802 illa
1123 1779 1273 1803 consueta
1289 1774 1423 1804 occurrit

363 1815 401 1846 de
424 1815 626 1851 beatitudine,
651 1822 759 1846 utrum
782 1815 985 1845 essentialiter
1007 1815 1046 1846 sit
1065 1822 1152 1846 actus
1170 1816 1356 1854 intellectus,
1373 1818 1423 1848 vel

361 1859 542 1890 voluntatis.
567 1859 679 1889 Scotus
704 1859 797 1895 enim,
814 1858 848 1888 in
864 1859 996 1895 Quarto,
1014 1859 1084 1890 dist.
1103 1870 1183 1896 xmx,
1200 1871 1254 1901 qu.
1270 1871 1312 1900 ιν,
1329 1861 1422 1891 ratio-

362 1913 436 1933 nem
451 1903 501 1933 hic
517 1903 643 1933 allatam
659 1903 755 1933 credit
773 1913 806 1933 se
829 1903 949 1933 solvere
969 1913 1004 1933 ac
1018 1902 1198 1943 infringere;
1224 1910 1254 1934 et
1269 1905 1421 1945 multipli-

362 1947 437 1977 citer
459 1947 572 1986 probat
593 1946 750 1976 intentum
774 1956 879 1983 suurn,
897 1946 1013 1977 scilicet
1029 1948 1118 1987 quod
1135 1947 1283 1978 consistat
1301 1949 1334 1978 in
1350 1956 1421 1979 actu

360 1990 541 2021 voluntatis.
566 1990 734 2020 Rationem
749 1990 844 2029 igitur
863 1990 961 2030 carpit
978 1990 1011 2020 in
1027 1991 1164 2022 duobus.
1188 1991 1306 2028 Primo,
1321 1992 1354 2022 in
1370 1992 1423 2023 illa

361 2034 594 2074 propositione,
617 2034 787 2064 Beatitudo
811 2039 858 2064 est
880 2035 1058 2064 consecutio
1071 2034 1165 2076 finis.
1188 2035 1420 2075 Distinguendo

362 2078 455 2114 enim,
476 2078 519 2108 ait
534 2078 621 2118 quod
639 2078 755 2117 duplex
778 2084 824 2108 est
840 2077 1021 2108 consecutio
1045 2077 1126 2115 finis,
1143 2078 1237 2109 altera
1257 2079 1358 2119 prima
1372 2080 1423 2110 via

361 2121 579 2162 generationis,
593 2121 688 2151 altera
703 2121 804 2162 prima
814 2121 864 2151 via
878 2121 1093 2162 perfectionis:
1112 2129 1142 2152 et
1157 2123 1246 2164 quod
1261 2123 1422 2155 beatitudo

362 2165 503 2197 consistit
526 2165 728 2195 essentialiter
750 2165 784 2195 in
807 2165 1030 2196 consecutione
1053 2166 1154 2206 prima
1173 2167 1349 2198 secundum
1373 2178 1422 2198 or-

362 2210 470 2240 dinem
492 2209 703 2249 perfectionis.
730 2209 817 2239 Talis
847 2215 955 2239 autem
978 2219 1043 2239 non
1077 2217 1123 2240 est
1144 2210 1223 2240 visio
1254 2210 1340 2248 finis,
1368 2213 1423 2242 sed

363 2263 453 2285 amor
468 2253 539 2284 finis
557 2253 633 2284 visi:
657 2252 737 2283 visio
761 2253 847 2283 enim
863 2259 910 2284 est
932 2253 1115 2284 consecutio
1132 2254 1234 2294 prima
1256 2255 1306 2284 via
1331 2255 1423 2295 origi-

362 2298 422 2328 nis.
439 2297 475 2327 In
489 2297 550 2327 hoc
566 2307 651 2337 ergo,
669 2297 845 2327 secundum
859 2297 975 2337 ipsum,
993 2297 1098 2337 primo
1114 2304 1223 2337 peccat
1241 2298 1317 2328 haec
1333 2299 1421 2336 ratio,

363 2341 438 2382 quia
459 2341 591 2372 assumit
606 2341 694 2381 quod
708 2340 870 2372 beatitudo
883 2340 1024 2372 consistit
1037 2341 1070 2371 in
1086 2342 1308 2373 consecutione
1321 2343 1423 2383 prima

362 2386 412 2416 via
436 2384 653 2425 generationis.

418 2429 575 2464 Secundo,
599 2428 702 2468 arguit
724 2428 812 2458 illam
831 2428 988 2459 defectus:
1014 2428 1088 2469 quia
1111 2428 1227 2460 scilicet
1250 2439 1315 2460 non
1339 2430 1423 2461 suffi-

364 2473 479 2504 cienter
502 2479 656 2503 scrutatur
679 2479 765 2503 actus
788 2472 960 2503 voluntatis
984 2472 1063 2503 circa
1085 2471 1191 2504 finem.
1221 2474 1315 2504 Ponit
1337 2474 1423 2505 enim

363 2517 464 2548 littera
488 2517 569 2546 duos
592 2522 733 2552 tantum,
757 2516 874 2547 scilicet
897 2516 1101 2552 desiderium,
1126 2524 1156 2548 et
1179 2517 1423 2558 quietationem:

364 2571 448 2597 cum,
465 2560 490 2590 si
507 2560 632 2600 proprie
649 2560 687 2590 de
703 2560 807 2601 quiete
826 2560 999 2600 loquimur,
1018 2561 1109 2591 detur
1124 2561 1249 2598 tertius;
1270 2563 1424 2602 quoniam

363 2605 452 2646 quies
475 2604 603 2644 proprie
619 2604 782 2634 delectatio
799 2610 854 2640 est,
875 2610 906 2634 et
928 2610 1050 2644 praeter
1065 2614 1136 2635 eam
1151 2611 1198 2635 est
1222 2615 1322 2642 amor,
1339 2606 1425 2638 iuxta

362 2649 441 2679 illud
460 2647 629 2688 Augustini
644 2647 671 2684 *,
690 2648 856 2688 Appetitus
871 2648 1021 2679 inhiantis
1032 2648 1079 2689 fit
1101 2658 1195 2679 amor
1209 2649 1366 2690 fruentis.
1384 2651 1425 2681 Et

362 2692 396 2723 in
419 2692 480 2722 hoc
503 2692 674 2733 quietativo
698 2701 816 2728 amore,
833 2692 888 2732 qui
912 2692 1007 2722 etiam
1030 2692 1118 2733 quies
1141 2692 1174 2723 in
1197 2692 1260 2724 fine
1283 2694 1343 2724 dici
1367 2705 1424 2734 po-

363 2743 432 2772 test,
449 2736 617 2767 consistere
631 2736 706 2766 dicit
721 2735 955 2766 beatitudinem.
975 2737 1041 2766 Nec
1064 2736 1126 2767 hoc
1144 2737 1223 2767 ratio
1242 2737 1361 2768 litterae
1377 2749 1426 2769 ex-

364 2780 471 2816 cludit,
488 2780 543 2810 sed
566 2779 705 2820 quietem
728 2779 941 2810 delectationis
964 2786 1099 2811 tantum.

422 2824 648 2854 111.1ntentum
671 2830 778 2854 autern
801 2834 905 2860 suum,
926 2824 1042 2854 scilicet
1065 2824 1153 2864 quod
1177 2825 1338 2856 beatitudo
1359 2825 1420 2856 for-

364 2867 486 2898 maliter
509 2867 548 2898 sit
576 2874 662 2898 actus
685 2867 873 2903 voluntatis,
899 2867 978 2898 idest
1003 2877 1094 2898 arnor
1122 2867 1225 2899 ultimi
1254 2868 1324 2900 finis
1348 2869 1422 2907 visi,

364 2912 476 2952 probat
498 2911 668 2951 tripliciter.
684 2911 802 2950 Prim0‚
818 2911 870 2942 sic.
895 2911 1062 2942 Beatitudo
1079 2911 1219 2942 formalis
1235 2913 1377 2944 consistit
1391 2913 1423 2944 in

365 2962 435 2986 actu
458 2955 679 2996 propinquiori
702 2955 816 2986 ultimo
840 2954 894 2985 fini
919 2955 1101 2992 extrinseco,
1118 2955 1174 2996 qui
1198 2963 1244 2987 est
1261 2957 1423 2988 beatitudo

365 2999 496 3029 obiecta.
512 3000 596 3038 Ergo
613 2999 754 3030 consistit
765 2999 798 3029 in
810 3006 881 3030 actu
896 2999 1077 3030 voluntatis.
1087 3001 1311 3031 —Antecedens
1324 3007 1422 3041 patet:

365 3042 440 3083 quia
462 3049 582 3083 quanto
597 3043 807 3083 propinquius
831 3043 1012 3083 simpliciter
1031 3043 1145 3074 ultimo
1168 3043 1233 3080 fini,
1253 3051 1340 3076 tanto
1357 3055 1423 3076 ma-

365 3086 411 3126 gis
427 3086 520 3116 habet
535 3086 689 3117 rationem
703 3086 774 3116 finis
790 3086 955 3118 ulterioris.
973 3105 993 3109 -
1009 3087 1245 3128 Consequentia
1260 3099 1334 3119 vero
1351 3099 1423 3129 pro-

365 3131 465 3161 batur.
491 3130 575 3167 Quia
592 3129 663 3160 finis
686 3130 827 3166 ultimus,
849 3137 884 3161 ut
907 3130 965 3167 sic,
993 3138 1039 3162 est
1068 3131 1235 3172 proprium
1263 3132 1424 3164 obiectum

366 3179 453 3204 actus
483 3173 663 3204 voluntatis.
687 3174 735 3204 Ex
757 3183 823 3214 quo
854 3180 957 3214 potest
980 3174 1023 3205 sic
1046 3175 1144 3214 argui.
1170 3177 1269 3206 Actus
1293 3177 1423 3207 tendens

367 3228 403 3248 ex
426 3227 458 3248 se
481 3217 513 3247 in
536 3217 633 3247 finem
656 3224 691 3248 ut
714 3217 766 3254 sic,
791 3224 837 3248 est
860 3217 888 3247 ei
911 3218 1121 3259 propinquior
1139 3219 1194 3249 illo
1219 3219 1274 3260 qui
1297 3230 1363 3250 non
1387 3230 1423 3250 ex

367 3271 399 3292 se
423 3268 458 3292 ut
481 3261 572 3291 sicin
595 3262 702 3301 ipsum
720 3261 829 3291 tendit.
845 3261 932 3291 Talis
956 3269 1002 3292 est
1021 3269 1107 3292 actus
1129 3263 1300 3294 voluntatis
1321 3274 1423 3304 respe-

367 3312 418 3336 ctu
439 3312 525 3336 actus
540 3305 726 3336 intellectus
735 3305 905 3335 Probatur:
921 3305 996 3345 quia
1010 3305 1080 3336 finis
1097 3313 1142 3337 est
1156 3307 1322 3347 proprium
1337 3307 1423 3338 obie-

367 3356 453 3380 ctum
476 3349 643 3389 appetitus,
659 3355 695 3379 ut
712 3348 744 3378 in
768 3348 869 3388 prima
892 3349 1075 3389 quaestione
1091 3350 1107 3366 ⁴*
1125 3350 1301 3381 didicimus.

420 3393 582 3430 Secundo,
607 3393 660 3423 sic.
683 3394 799 3422 Amare
823 3399 853 3422 et
875 3392 1046 3432 intelligere
1070 3393 1211 3424 ordinate
1242 3404 1274 3424 se
1297 3394 1422 3426 habent.

367 3438 432 3467 Aut
454 3436 548 3476 igitur
570 3447 673 3466 amare
697 3443 743 3466 est
765 3443 893 3476 propter
915 3436 1086 3476 intelligere
1109 3444 1145 3467 ut
1171 3436 1283 3467 finem:
1309 3444 1339 3468 et
1361 3438 1423 3469 hoc

367 3490 442 3516 non,
460 3481 542 3521 quia,
560 3481 734 3511 secundum
749 3479 947 3515 Anselmum,
964 3479 1043 3510 libro
1059 3480 1085 3510 11
1104 3481 1173 3511 Cur
1185 3481 1275 3512 Deus
1288 3482 1382 3512 homo
1394 3481 1421 3519 *‚

368 3533 530 3564 perversus
547 3531 626 3555 esset
650 3524 728 3554 ordo
752 3533 856 3554 amare
878 3530 912 3554 ut
935 3523 1128 3563 intelligeret.
1145 3525 1229 3564 Ergo
1252 3525 1423 3565 intelligere

1476 640 1522 663 est
1545 640 1673 673 propter
1696 644 1800 665 amare
1824 641 1860 666 ut
1881 635 1987 667 finem.
2019 637 2104 677 Ergo
2127 647 2217 668 amor
2240 644 2287 668 est
2309 637 2380 668 finis
2403 637 2534 668 ultimus

1475 676 1626 707 formalis.

1530 721 1650 756 Tertio,
1666 721 1720 751 sic.
1735 723 1834 752 Actus
1856 723 2036 760 voluntatis,
2052 724 2133 755 inter
2147 724 2322 761 intrinseca,
2340 731 2387 756 est
2409 735 2534 755 summe

1475 764 1641 795 volendus.
1670 764 1754 804 Ergo
1778 765 1811 796 in
1834 775 1872 796 eo
1897 767 2037 799 consistit
2060 768 2222 799 beatitudo
2245 768 2386 799 formalis
2408 778 2464 799 seu
2487 769 2534 798 in-

1476 807 1616 838 trinseca.
1628 826 1649 831 -
1660 807 1896 849 Consequentia
1912 817 1996 841 nota.
2009 828 2029 833 —
2041 811 2082 842 Et
2096 813 2280 842 antecedens
2297 812 2455 852 probatur.
2469 812 2533 843 Vo-

1475 851 1579 882 luntas
1603 852 1674 892 plus
1699 852 1818 892 appetit
1840 852 2066 892 perfectionem
2087 854 2133 884 sui
2157 855 2189 885 in
2210 855 2323 886 ultimo
2346 855 2419 892 fine,
2436 866 2534 898 quam

1475 895 1666 926 intellectus:
1689 906 1763 936 ergo
1780 903 1867 926 actus
1889 897 1942 926 ille
1966 907 2042 927 suus
2059 904 2105 928 est
2127 908 2252 929 summe
2265 899 2346 930 inter
2367 899 2534 930 intrinseca

1474 939 1640 970 volendus.
1667 940 1739 970 Hoc
1767 941 1952 971 antecedens
1985 942 2144 981 probatur.
2168 942 2323 974 Voluntas
2354 943 2535 974 naturaliter

1474 982 1547 1022 plus
1571 983 1690 1022 appetit
1712 983 1853 1024 appetitu
1877 984 2010 1015 naturali
2033 985 2081 1015 sui
2104 985 2343 1025 perfectionem,
2367 997 2466 1027 quam
2487 987 2534 1017 in-

1475 1025 1631 1056 tellectus:
1657 1036 1731 1066 ergo
1756 1034 1786 1057 et
1809 1028 1950 1067 appetitu
1973 1028 2083 1065 libero,
2105 1035 2190 1060 recto
2213 1034 2336 1066 tamem
2361 1030 2436 1072 quia
2457 1031 2535 1062 liber

1474 1075 1577 1099 rectus
1601 1077 1754 1100 consonat
1777 1071 1919 1102 naturali.
2292 1072 2293 1076 ’

1529 1113 1682 1152 Arguitur
1697 1123 1826 1154 quoque
1846 1115 1884 1144 ab
1901 1115 1977 1151 aliis,
1995 1125 2076 1156 quae
2091 1115 2172 1152 vide,
2195 1115 2221 1146 si
2235 1116 2292 1153 vis,
2315 1117 2349 1147 in
2365 1117 2534 1158 Capreolo‚

1474 1166 1543 1186 xmx
1572 1156 1771 1187 distinctione
1794 1158 1906 1195 Quarti
1925 1158 1952 1189 *.
2354 1180 2358 1182 —
2495 1179 2497 1181 ·

1530 1200 1582 1231 IV.
1599 1201 1651 1230 Ad
1667 1201 1855 1232 evidentiam
1871 1202 2068 1233 obiectorum
2084 1209 2192 1234 contra
2207 1204 2363 1235 rationem
2377 1204 2497 1235 litterae
2507 1204 2534 1241 *,

1475 1243 1554 1274 scito
1576 1245 1674 1285 quod,
1699 1245 1917 1286 perspicaciter
1939 1247 2187 1283 advertentibus,
2207 1247 2286 1278 nihil
2316 1249 2406 1288 quod
2429 1248 2536 1278 distin-

1474 1289 1638 1328 guendum
1661 1296 1756 1326 esset,
1785 1290 2039 1330 praetermissum
2061 1291 2094 1321 in
2117 1291 2218 1322 littera
2241 1299 2297 1322 est.
2325 1292 2534 1324 Consecutio-

1475 1342 1549 1362 nem
1571 1332 1604 1362 in
1621 1333 1730 1372 primis
1754 1334 1913 1374 duplicem
1930 1344 2005 1371 esse,
2021 1334 2080 1365 nisi
2096 1335 2314 1376 aequivocatio
2335 1336 2534 1373 concedatur,

1473 1375 1560 1406 fictio
1575 1383 1636 1408 est:
1657 1377 1820 1417 quoniam,
1838 1378 2017 1409 nominibus
2031 1379 2151 1410 utendo*
2164 1384 2200 1410 ut
2210 1380 2325 1420 plures
2339 1379 2368 1416 ⁰,
2385 1389 2535 1411 consecu—

1473 1419 1518 1450 tio
1542 1430 1608 1451 non
1631 1428 1763 1452 vocatur
1785 1422 1828 1452 rei
1853 1428 2038 1453 consecutae
2061 1433 2161 1454 amor.
2178 1424 2271 1454 Unde
2294 1433 2437 1464 arguens,
2460 1424 2535 1465 quia

1473 1463 1562 1494 illam
1584 1465 1846 1505 propositionem,
1862 1466 2032 1497 Beatitudo
2055 1472 2102 1498 est
2118 1469 2295 1498 consecutio
2303 1468 2398 1508 finis,
2421 1468 2535 1499 evitare

1475 1518 1541 1538 non
1559 1509 1673 1548 potuit,
1690 1509 1907 1550 aequivocavit
1921 1512 2151 1541 consecutionis
2166 1512 2369 1548 vocabulum,
2386 1518 2422 1543 ut
2444 1521 2536 1543 suam

1475 1559 1717 1593 prosequeretur
1748 1553 1944 1593 opinionem.
1969 1554 2068 1591 Quod
2091 1561 2198 1585 autem
2221 1565 2311 1585 amor
2333 1565 2400 1586 non
2421 1555 2536 1587 habeat

1474 1596 1628 1626 rationem
1652 1597 1899 1634 consecutionis,
1925 1608 1962 1628 ex
1986 1607 2023 1628 eo
2047 1598 2248 1638 probabitur,
2272 1598 2347 1640 quia
2377 1609 2468 1630 amor
2490 1606 2536 1630 est

1474 1640 1517 1670 rei
1540 1640 1664 1671 habitae
1680 1647 1710 1672 et
1732 1641 1777 1672 rei
1792 1651 1856 1671 non
1874 1642 2007 1672 habitae.
2024 1642 2065 1672 Et
2083 1652 2174 1672 amor
2189 1642 2319 1683 quidem
2334 1643 2379 1673 rei
2397 1651 2464 1673 non
2479 1643 2535 1673 ha-

1474 1684 1557 1714 bitae
1579 1691 1664 1724 patet
1680 1685 1768 1726 quod
1785 1695 1850 1715 non
1874 1693 1919 1716 est
1942 1686 2135 1722 consecutio,
2152 1696 2189 1716 ex
2210 1687 2272 1717 hoc
2294 1686 2366 1726 ipso
2385 1687 2475 1727 quod
2489 1693 2537 1717 est

1474 1727 1519 1758 rei
1533 1738 1600 1758 non
1623 1729 1759 1759 habitae:
1784 1739 1874 1760 arnor
1896 1736 2003 1761 autem
2026 1730 2069 1760 rei
2094 1730 2217 1761 habitae
2235 1740 2273 1762 ex
2294 1730 2356 1762 hoc
2378 1730 2450 1771 ipso
2468 1740 2537 1762 non

1475 1779 1521 1803 est
1543 1773 1735 1809 consecutio,
1753 1774 1842 1814 quod
1866 1774 2125 1804 consecutionem
2148 1774 2309 1816 supponit,
2325 1774 2400 1815 quia
2423 1781 2470 1806 est
2491 1774 2536 1816 rei

1475 1815 1607 1847 habitae.
1633 1817 1725 1847 Unde
1754 1817 1856 1858 prima
1880 1817 1965 1848 Scoti
1992 1817 2127 1849 obiectio
2151 1827 2246 1858 super
2276 1818 2536 1860 aequivocatione

1475 1859 1638 1890 fundatur:
1659 1867 1689 1891 et
1711 1860 1784 1891 ideo
1807 1861 1885 1891 nihil
1908 1861 1999 1892 valet.
2021 1862 2175 1899 Quamvis
2199 1862 2294 1893 etiam
2317 1869 2458 1893 assumat
2477 1861 2536 1892 fal-

1475 1914 1557 1940 sum,
1582 1904 1698 1935 scilicet
1721 1905 1809 1945 quod
1826 1915 1916 1936 amor
1938 1905 1997 1936 Dei
2020 1906 2060 1936 sit
2073 1906 2240 1947 perfectior
2263 1906 2330 1937 eius
2352 1906 2484 1943 visione,
2501 1913 2537 1936 ut

1474 1948 1508 1978 in
1530 1948 1631 1978 littera
1646 1948 1663 1967 *
1687 1948 1808 1979 dicitur.

1527 1992 1575 2022 Ex
1590 1992 1638 2022 his
1657 1999 1766 2022 autem
1788 1999 1917 2033 apparet
1931 1993 2053 2024 solutio*
2066 1993 2193 2025 alterius
2209 1993 2405 2025 obiectionis.
2421 1994 2539 2026 Littera

1475 2035 1562 2066 enim
1585 2045 1651 2066 non
1667 2036 1874 2076 praetermisit
1896 2046 2047 2073 amorem,
2064 2038 2119 2067 sed
2134 2037 2301 2078 dupliciter
2323 2037 2416 2078 illum
2434 2038 2538 2070 exclu-

1476 2079 1524 2109 sit.
1540 2079 1658 2116 Primo,
1680 2080 1874 2110 excludendo
1890 2080 2145 2111 delectationem:
2171 2081 2325 2122 quoniam
2347 2081 2381 2112 in
2396 2091 2432 2112 ea
2454 2081 2538 2113 clau—

1477 2123 1560 2153 ditur
1583 2131 1688 2159 amor;
1713 2133 1779 2154 non
1795 2124 1880 2154 enim
1904 2115 2097 2154 delectamur
2113 2123 2328 2165 praesentibus
2351 2125 2537 2162 coniunctis,

1477 2166 1536 2197 nisi
1560 2167 1680 2198 amatis.
1698 2167 1855 2204 Secundo,
1873 2167 2068 2199 excludendo
2089 2168 2280 2199 desiderium
2304 2175 2336 2200 et
2356 2169 2538 2200 delectatio-¹

1477 2221 1562 2241 nem.
1579 2210 1665 2241 Cum
1687 2211 1773 2241 enim
1795 2211 1875 2242 illud
1898 2212 1938 2242 sit
1961 2222 2026 2242 non
2048 2212 2163 2249 habiti,
2187 2213 2251 2243 hoc
2271 2221 2348 2243 vero
2370 2213 2484 2250 habiti,
2506 2215 2540 2244 et

1477 2264 1567 2285 amor
1591 2254 1629 2285 sit
1652 2265 1718 2285 non
1747 2255 1846 2286 habiti
1868 2262 1898 2286 et
1916 2255 2032 2292 habiti;
2055 2256 2248 2296 inquantum
2270 2263 2320 2288 est
2339 2266 2406 2289 non
2429 2256 2538 2294 hahiti.

1478 2298 1651 2329 excluditur
1675 2299 1785 2328 eadem
1801 2298 1922 2329 ratione
1945 2309 2008 2340 qua
2023 2299 2225 2336 desiderium,
2241 2298 2316 2341 quia
2338 2300 2456 2332 scilicet
2476 2300 2539 2332 hoc

1477 2342 1566 2382 quod
1589 2349 1683 2379 amat,
1701 2352 1766 2372 non
1789 2342 1883 2373 habet
1911 2351 2070 2383 praesens;
2094 2343 2287 2384 inquantum
2310 2354 2385 2374 vero
2417 2350 2463 2375 est
2484 2343 2538 2383 ha—

1477 2386 1542 2422 biti,
1560 2386 1736 2416 excluditur
1758 2386 1868 2416 eadem
1891 2386 2012 2417 ratione
2027 2397 2090 2428 qua
2115 2387 2297 2424 delectatio,
2321 2387 2397 2428 quia
2420 2387 2537 2420 scilicet

1477 2439 1568 2460 amor
1585 2429 1628 2460 rei
1645 2430 1768 2460 habitae
1791 2430 2087 2462 advenit‘voluntati
2112 2440 2148 2461 ex
2171 2431 2234 2462 hoc
2249 2432 2338 2472 quod
2355 2438 2401 2462 est
2422 2431 2537 2468 habita,

1478 2481 1509 2504 et
1531 2483 1598 2504 non
1622 2484 1639 2504 e
1662 2483 1824 2505 converso.
1856 2474 1897 2505 Et
1919 2474 1951 2504 in
1975 2474 2065 2505 nullo
2094 2474 2249 2506 diminuta
2270 2482 2320 2506 est
2339 2475 2459 2506 littera:
2483 2475 2539 2506 sed

1477 2518 1599 2549 ratione
1614 2517 1716 2548 solida
1738 2517 1897 2549 intentum
1916 2518 2080 2550 conclusit.
2094 2519 2136 2550 Et
2155 2525 2264 2551 contra
2275 2519 2465 2559 opinionem
2480 2529 2537 2560 op-

1478 2561 1616 2603 positam
1633 2562 1756 2598 militat,
1774 2561 1799 2591 si
1823 2562 1899 2592 sciat
1921 2572 1958 2592 ea
1973 2562 2044 2603 quis
2068 2562 2124 2599 uti,
2141 2563 2195 2593 sic.
2211 2565 2314 2593 Amor
2335 2562 2485 2599 abstrahit
2500 2563 2538 2593 ab

1477 2605 1585 2636 habito
1602 2612 1633 2637 et
1656 2615 1722 2636 non
1745 2605 1853 2637 habito
1877 2605 2012 2642 obiecto,
2029 2606 2104 2647 quia
2124 2613 2171 2638 est
2192 2606 2372 2648 utriusque:
2397 2613 2432 2639 ut
2454 2613 2540 2648 patet

1478 2649 1517 2679 de
1540 2659 1648 2680 amore
1671 2649 1824 2680 amicitiae
1845 2656 1876 2680 et
1890 2649 2171 2690 concupiscentiae,
2188 2657 2219 2681 et
2242 2651 2280 2681 de
2304 2657 2375 2681 actu
2394 2649 2538 2687 caritatis,

1478 2693 1534 2734 qui
1558 2693 1700 2724 eiusdem
1724 2700 1770 2724 est
1793 2693 1907 2733 speciei
1930 2693 1963 2724 in
1985 2693 2036 2724 via
2059 2700 2089 2724 et
2112 2694 2144 2724 in
2167 2694 2278 2735 patria.
2294 2694 2379 2734 Ergo
2403 2703 2470 2725 non
2493 2701 2540 2725 est

1479 2737 1662 2768 consecutio
1678 2737 1792 2768 obiecti
1815 2737 1945 2769 beantis.
1962 2738 2047 2778 Ergo
2063 2747 2128 2768 non
2147 2745 2194 2768 est
2209 2738 2371 2769 beatitudo
2388 2738 2538 2775 formalis.

1478 2782 1519 2813 Et
1541 2782 1654 2821 probat
1684 2781 1762 2812 haec
1785 2781 1864 2812 ratio
1895 2781 1934 2812 de
1963 2791 2166 2822 quacumque
2198 2781 2439 2816 consecutione:
2463 2782 2540 2823 quia

1456 2841 1458 2847 v
1478 2825 1659 2855 abstrahens
1683 2835 1748 2855 non
1770 2832 1816 2856 est
1839 2835 1875 2855 ex
1898 2825 2026 2866 propria
2049 2825 2170 2856 ratione
2194 2826 2259 2856 ulla
2281 2825 2475 2861 consecuti&
2499 2825 2541 2867 Et

1477 2869 1539 2900 hoc
1562 2875 1608 2900 est
1632 2869 1746 2900 directe
1769 2868 1926 2900 intentum
1948 2869 2067 2900 litterae
2090 2869 2194 2900 huius.

1531 2913 1572 2944 V.
1589 2913 1640 2943 Ad
1663 2913 1817 2943 rationem
1833 2919 1940 2943 autem
1959 2912 2095 2954 primam
2111 2913 2196 2944 Scoti
2216 2923 2274 2955 pro
2298 2912 2420 2944 intento
2436 2923 2496 2954 suo
2511 2913 2538 2950 *,

1476 2957 1685 2997 respondetur
1707 2957 1853 2996 negando
1873 2957 2045 2997 sequelam.
2070 2957 2111 2988 Et
2128 2957 2168 2988 ad
2182 2956 2404 2998 probationem
2427 2957 2540 2988 dicitur

1477 3001 1566 3041 quod
1589 3000 1691 3031 maior
1714 3007 1760 3031 est
1782 3010 1854 3030 vera
1876 3001 1985 3032 ceteris
2009 3001 2146 3042 paribus,
2162 3001 2245 3032 sicut
2266 3007 2385 3032 ceterae
2409 3010 2538 3042 compa-

1477 3045 1592 3075 rativae
1615 3051 1689 3075 sunt
1711 3044 1942 3084 intelligendae.
1966 3045 2002 3076 In
2023 3044 2190 3085 proposito
2212 3051 2321 3078 autem
2348 3051 2449 3076 cetera
2471 3045 2538 3079 non

1478 3095 1551 3119 sunt
1573 3088 1676 3129 paria:
1701 3088 1855 3130 quoniam
1886 3095 1974 3119 actus
2003 3087 2133 3119 visionis
2157 3095 2203 3119 est
2233 3088 2323 3130 quasi
2346 3099 2417 3130 pars
2440 3088 2539 3130 ipsius

1476 3131 1565 3168 finis,
1591 3139 1621 3163 et
1644 3139 1690 3163 est
1712 3131 1783 3163 finis
1807 3141 1873 3162 non
1895 3141 2018 3172 ponens
2041 3131 2074 3162 in
2102 3141 2273 3165 numerum
2297 3143 2371 3163 cum
2402 3130 2465 3165 fine
2489 3142 2538 3165 ex-

1477 3176 1618 3207 trinsece.
1635 3176 1722 3207 Deus
1746 3175 1831 3206 enim
1853 3175 1939 3206 visus
1963 3181 2009 3206 est
2024 3174 2104 3212 finis,
2118 3182 2149 3207 et
2171 3186 2238 3206 non
2262 3183 2336 3207 sunt
2359 3177 2425 3207 duo
2448 3175 2536 3219 fines,

1478 3220 1593 3250 scilicet
1602 3220 1689 3250 Deus
1700 3226 1731 3250 et
1740 3219 1837 3249 visio:
1855 3218 1935 3250 sicut
1946 3218 2105 3250 inductive
2117 3226 2204 3260 patet
2215 3220 2248 3250 in
2261 3220 2328 3251 aliis
2339 3219 2464 3256 finibus,
2477 3216 2536 3251 etb'.

1477 3264 1569 3294 Unde
1593 3270 1679 3294 actus
1701 3262 1873 3294 voluntatis
1896 3269 1943 3293 est
1964 3263 2176 3304 propinquior
2197 3264 2278 3295 inter
2300 3271 2388 3295 actus
2410 3263 2538 3294 tenden-

1477 3313 1523 3338 tes
1546 3307 1579 3337 in
1606 3307 1704 3339 finem
1731 3307 1906 3346 integrum:
1938 3307 1993 3337 sed
2023 3307 2236 3348 propinquior
2263 3308 2319 3339 ino
2341 3314 2389 3339 est
2412 3307 2468 3348 qui
2491 3312 2537 3339 est

1478 3351 1567 3391 quasi
1586 3362 1657 3391 pars
1671 3351 1752 3381 finis.
1769 3353 1925 3381 Amamus
1941 3350 2024 3380 enim
2043 3361 2109 3382 non
2132 3352 2238 3382 solum
2260 3352 2393 3387 bonum,
2410 3351 2464 3381 sed
2479 3351 2535 3381 bo-

1478 3405 1557 3425 num
1581 3395 1753 3434 cognitum,
1771 3400 1800 3424 et
1819 3401 1947 3434 propter
1969 3394 2047 3425 illud
2072 3402 2128 3426 etc.

1532 3439 1584 3469 Ad
1614 3438 1789 3470 secundum
1817 3437 1929 3468 dicitur
1953 3439 2041 3479 quod
2070 3439 2204 3469 verbum
2230 3437 2372 3469 Anselmi
2400 3438 2536 3469 salvatur

1477 3482 1510 3512 in
1533 3482 1594 3521 via,
1611 3483 1642 3512 in
1663 3491 1726 3523 qua
1740 3481 1853 3511 melior
1873 3488 1919 3511 est
1942 3482 2000 3512 Dei
2016 3481 2140 3513 dilectio
2156 3492 2255 3523 quam
2277 3481 2456 3514 intellectio.
2473 3481 2536 3512 Sed

1476 3525 1508 3556 in
1520 3526 1640 3566 patria,
1656 3535 1840 3566 quanquam
1855 3525 1941 3557 Deus
1965 3533 2088 3557 amatus
2107 3536 2172 3557 non
2195 3532 2318 3556 ametur
2340 3532 2475 3566 propter·
2490 3525 2535 3556 vi-

2562 1167 2573 1178 ’
2588 1167 2636 1194 Qu.
2651 1173 2676 1194 n,
2691 1171 2734 1190 m.
2747 1173 2774 1195 2,

2563 1196 2643 1214 contra
2658 1193 2733 1216 concl-
2745 1199 2761 1216 ι.

2562 1221 2571 1230 ·
2588 1219 2623 1241 cf.
2639 1225 2704 1244 num.
2718 1225 2744 1242 n.

2563 1388 2571 1396 ·
2579 1386 2615 1408 Cf.
2621 1385 2676 1409 Ari·
2686 1389 2719 1408 ot.
2727 1386 2775 1408 To-

2559 1419 2605 1440 puc.
2620 1412 2662 1435 lib.
2700 1429 2707 1441 ‚
2722 1418 2778 1441 cap-

2560 1445 2588 1466 n,
2604 1445 2627 1461 n.
2640 1444 2661 1467 5.

2563 1950 2575 1962 ⁸
2588 1950 2615 1976 Ia
2628 1949 2768 1978 resp-ndat.

2567 2915 2576 2925 ·
2593 2912 2755 2937 eanmu-
