2852 4152
353 228 403 263 74

1075 214 1340 260 QUAESTIO
1371 216 1438 260 IX,
1469 216 1764 252 ARTICULUS
1795 217 1807 252 Ι

1106 429 1516 505 QUAESTIO
1553 430 1773 484 NONA

1008 547 1097 586 DE
1139 547 1400 587 MOTIVO
1444 547 1868 589 VOLUNTATIS

1188 654 1222 678 IN
1251 653 1316 678 SEX
1343 654 1544 679 ARTICULOS
1571 654 1688 679 DIVISA

432 740 538 786 {3anss
573 747 891 785 considerandum
928 754 983 782 est
1017 745 1063 782 de
1095 746 1243 782 motivo
1272 747 1408 783 volun-

108 811 117 819 “
140 809 176 831 Cf.
202 815 241 837 qu.
264 815 305 830 vm

109 835 198 857 Introd.
433 802 514 839 tatis
533 801 564 838 ,μ’

349 856 397 892 Et
426 855 522 891 circa
549 855 624 891 hoc
652 859 884 901 quaeruntur
911 863 987 888 sex.

401 908 550 944 Primo:
572 914 698 954 utrum
718 906 894 942 voluntas
915 912 1118 941 moveatur
1136 905 1183 941 ab
1205 904 1405 942 intellectu.

403 961 601 996 Secundo:
630 966 758 995 utrum
796 965 1000 994 moveatur
1036 958 1083 994 ab
1120 957 1286 1007 appetitu
1325 970 1406 994 sen-

453 1020 575 1048 sumo,

1516 747 1668 783 Tertio:
1698 754 1825 784 utrum
1854 749 2030 786 voluntas
2059 756 2215 788 moveat
2243 751 2420 800 seipsam.

1517 800 1686 859 Quartoz.
1713 807 1841 859 utrum
1869 809 2071 839 moveatur
2107 803 2154 840 ab
2193 805 2319 852 aliquo
2350 804 2522 842 exteriori

1569 865 1768 901 princlplo.

1516 906 1679 951 Quinto:
1708 913 1836 942 utrum
1866 913 2068 942 moveatur
2096 918 2118 943 a
2146 919 2304 957 corpore
2335 909 2495 946 caelesti.

1517 959 1652 994 Sexto:
1682 966 1810 995 utrum
1835 960 2011 996 voluntas
2040 966 2242 997 moveatur
2270 974 2292 998 a
2321 963 2402 999 solo
2423 963 2520 1010 Deo,

1569 1011 1663 1047 sicut
1691 1012 1739 1048 ab
1770 1011 1943 1048 exteriori
1970 1010 2168 1060 principio.

1161 1118 1476 1160 ARTICULUS
1507 1118 1712 1160 PRIMUS

903 1212 1058 1242 UTRUM
1083 1211 1316 1242 VOLUNTAS
1340 1211 1586 1242 MOVEATUR
1608 1212 1663 1242 AB
1687 1212 1967 1243 INTELLECTU

674 1292 740 1316 Part.
761 1291 779 1323 1,
799 1299 842 1323 qu.
862 1299 952 1320 Lxxx11‚
973 1296 1018 1315 art.
1033 1298 1063 1322 4;
1084 1291 1115 1315 111
1137 1291 1213 1315 Cont.
1236 1291 1323 1319 Gent„
1343 1298 1400 1324 cap.
1413 1299 1484 1323 xxV13
1505 1291 1546 1316 De
1562 1291 1652 1322 Verit„
1672 1299 1717 1324 qu.
1731 1299 1790 1322 ml,
1809 1297 1856 1317 art.
1874 1299 1919 1324 ¹23
1938 1293 1980 1318 De
1997 1279 2081 1323 Malo,
2101 1301 2146 1326 qu.
2158 1301 2198 1318 vn

399 1425 407 1433 ᾖ
464 1394 577 1431 ‚af-D
607 1391 743 1416 PRIMUM
767 1391 821 1416 sm
845 1390 1086 1416 PROCEDITUR.
1115 1378 1275 1416 Videtur
1303 1379 1407 1426 quod

388 1433 421 1455 “·““
489 1435 533 1483 ξῆ
555 1434 731 1470 voluntas
769 1444 848 1468 non
884 1439 1088 1469 moveatur
1121 1432 1169 1468 ab
1204 1431 1406 1470 intellectu

528 1484 655 1526 Dicit
672 1485 782 1522 enim
802 1484 1046 1533 Augustinus,
1063 1496 1177 1533 super
1192 1484 1290 1521 'illud
1305 1485 1407 1521 Psal—

350 1562 352 1565 -
433 1533 487 1571 «Γ»
534 1539 608 1575 mi
621 1539 651 1585 ²¹²,
667 1554 685 1571 «
705 1538 934 1587 Concupivit
949 1537 1074 1574 anima
1090 1549 1176 1574 mea
1192 1537 1406 1574 desiderare

346 1592 625 1629 iustificationes
645 1599 728 1628 tuas
742 1604 779 1627 »ε
795 1590 1005 1640 Ρναενοῐαϊ,
1015 1590 1227 1636 intellectus,
1242 1590 1408 1638 sequitur

346 1645 474 1682 tardus
510 1651 576 1681 aut
611 1644 733 1682 nullus
765 1643 942 1693 affectus:
975 1644 1113 1680 scimus
1149 1644 1309 1688 bonum,
1339 1655 1408 1679 nec

346 1698 501 1735 delectat
527 1709 654 1747 agere.
690 1698 776 1733 Hoc
795 1705 922 1733 autem
943 1709 1022 1733 non
1043 1703 1151 1743 esset,
1181 1695 1211 1732 si
1229 1696 1406 1732 voluntas

346 1752 394 1788 ab
423 1750 610 1787 intellectu
639 1757 879 1787 moveretur:
909 1750 998 1798 quia
1026 1756 1154 1786 motus
1179 1748 1330 1785 mobilis
1350 1761 1406 1785 se-

347 1803 472 1852 quitur
499 1804 710 1840 motionem
740 1803 942 1840 moventis.
972 1803 1074 1850 Ergo
1100 1802 1307 1838 intellectus
1327 1813 1406 1839 non

347 1864 479 1894 movet
505 1857 752 1894 voluntatem.

401 1921 435 1946 2.
465 1911 697 1956 PRAETEREA,
727 1909 935 1946 intellectus
963 1920 1004 1944 se
1031 1907 1147 1944 habet
1167 1907 1214 1944 ad
1233 1907 1407 1944 volunta-

346 1970 423 1999 tem
451 1970 493 1998 ut
522 1963 784 1999 demonstrans
814 1960 1031 2010 appetibile,
1067 1960 1160 1996 sicut
1188 1960 1405 2007 imaginatio

347 2016 582 2052 demonstrat
597 2014 798 2063 appetibile
815 2013 995 2063 appetitui
1011 2013 1203 2049 sensitiva
1222 2013 1298 2049 Sed
1313 2013 1406 2049 ima-

346 2068 484 2116 ginatio
510 2068 776 2104 demonstrans
805 2066 1007 2115 appetibile
1032 2077 1109 2102 non
1139 2072 1272 2102 movet
1291 2077 1406 2114 appe-

346 2122 454 2158 titum
484 2121 727 2158 sensitivum:
757 2121 879 2158 immo
910 2119 1141 2168 quandoque
1169 2118 1220 2155 ita
1243 2131 1313 2155 nos
1341 2119 1407 2155 ha-

346 2175 482 2211 bemus
503 2175 550 2211 ad
580 2186 624 2210 ea
652 2186 750 2222 quae
778 2172 1040 2220 imaginamur,
1062 2172 1157 2208 sicut
1176 2172 1224 2208 ad
1245 2183 1290 2207 ea
1309 2183 1406 2220 quae

346 2228 385 2264 in
413 2227 557 2276 pictura
586 2227 697 2263 nobis
721 2226 981 2271 ostenduntur,
1004 2237 1048 2261 ex
1068 2224 1207 2273 quibus
1227 2236 1305 2260 non
1324 2236 1407 2260 mo-

346 2293 494 2326 vemur,
510 2287 552 2316 ut
572 2279 757 2321 diciturin
771 2279 866 2315 libro
886 2278 931 2314 de
949 2277 1090 2314 Anima
1104 2276 1135 2313 ²¹⁸.
1165 2278 1266 2324 Ergo
1282 2289 1406 2325 neque

349 2334 460 2370 etiarn
489 2332 696 2369 intellectus
726 2339 858 2368 movet
884 2331 1134 2368 voluntatem.

402 2387 446 2424 3.
466 2387 698 2432 PRAETEREA,
728 2384 832 2422 idem
860 2390 1034 2435 respectu
1063 2382 1234 2419 eiusdem
1253 2394 1332 2418 non
1353 2389 1408 2418 est

348 2451 510 2476 movens
540 2446 576 2475 et
604 2446 765 2474 motum.
796 2437 874 2474 Sed
901 2437 1078 2474 voluntas
1106 2442 1239 2472 movet
1266 2435 1407 2471 intelle-

203 2495 225 2523 ἀ
349 2500 468 2528 ctum:
498 2491 736 2538 intelligimus
758 2490 857 2526 enim
877 2489 1032 2537 quando
1058 2489 1238 2532 volumus
1255 2493 1282 2524 α.
1305 2489 1406 2535 Ergo

348 2545 555 2581 intellectus
584 2556 662 2580 non
691 2551 822 2580 movet
849 2543 1099 2579 voluntatem.

402 2599 475 2635 SED
496 2609 642 2634 CONTRA
669 2608 734 2633 EST
758 2595 863 2644 quod
891 2595 1146 2642 Philosophus
1175 2594 1272 2640 dicit,
1299 2593 1336 2629 in
1357 2593 1406 2628 Ill

230 2663 285 2690 n6
297 2669 318 2690 7-
348 2652 393 2688 de
420 2651 560 2687 Anima
579 2649 611 2696 ³³²,
641 2650 745 2698 quod
774 2648 968 2698 appetibzle
996 2647 1218 2684 intellectum
1247 2652 1299 2683 est
1330 2657 1408 2682 mo-

347 2717 437 2742 vens
475 2715 548 2740 non
587 2709 753 2748 motum,
791 2701 964 2739 voluntas
1001 2707 1124 2737 autem
1162 2706 1215 2736 est
1255 2710 1408 2736 movens

349 2763 503 2794 motum.

403 2811 627 2862 RESPONDEQ
656 2819 840 2845 mcENDUM
860 2807 964 2866 quod
988 2806 1173 2842 intantum
1194 2804 1362 2853 aliquid
1354 2817 1408 2841 ιη-

350 2863 450 2911 diget
478 2859 626 2899 moveri
655 2862 702 2897 ab
732 2860 881 2908 aliquo,
911 2859 1137 2918 inquantum
1176 2865 1231 2894 est
1267 2858 1305 2894 in
1340 2870 1408 2906 po-

350 2916 464 2953 tentia
493 2916 540 2952 ad
568 2915 698 2963 plura:
729 2920 878 2972 oportet
907 2912 1009 2949 enim
1037 2918 1079 2948 ut
1106 2911 1145 2948 id
1170 2911 1273 2959 quod
1296 2918 1350 2946 est
1369 2910 1406 2947 in

350 2968 538 3017 potentia,
570 2967 771 3004 reducatur
798 2966 836 3002 in
870 2973 997 3002 actum
1026 2977 1094 3013 per
1128 2964 1266 3012 aliquid
1305 2963 1408 3011 quod

352 3030 407 3058 est
439 3029 544 3067 actu;
576 3028 610 3056 et
637 3021 711 3056 hoc
741 3027 794 3056 est
828 3030 999 3056 movere.
1039 3017 1247 3066 Dupliciter
1281 3023 1409 3053 autem

351 3075 475 3122 aliqua
501 3074 559 3111 vis
589 3073 737 3110 animae
771 3072 960 3109 invenitur
989 3083 1070 3107 esse
1099 3070 1137 3107 in
1164 3069 1333 3118 potentia
1361 3068 1410 3105 ad

352 3128 521 3165 diversa:
558 3138 636 3163 uno
666 3125 805 3172 modo,
837 3132 1020 3173 quantum
1050 3123 1098 3160 ad
1127 3135 1238 3171 agere
1268 3130 1304 3159 et
1331 3134 1410 3159 non

352 3193 483 3228 agere;
520 3179 592 3216 alio
621 3179 761 3224 modo,
799 3185 981 3226 quantum
1017 3177 1065 3214 ad
1099 3188 1209 3224 agere
1241 3176 1316 3213 hoc
1348 3175 1410 3212 vel

351 3233 452 3270 illud.
476 3232 580 3270 Sicut
603 3232 707 3268 visus
736 3231 969 3279 quandoque
988 3230 1092 3266 videt
1116 3237 1213 3276 actu,
1237 3236 1273 3265 et
1292 3240 1410 3276 quan-

353 3287 479 3335 doque
509 3298 587 3322 non
615 3285 738 3330 videt·
769 3292 804 3321 et
832 3283 1064 3332 quandoque
1087 3282 1191 3319 videt
1210 3282 1353 3328 al,bum
1376 3287 1411 3317 et

353 3339 583 3388 quandoque
606 3338 711 3375 videt
739 3337 900 3385 nigrum.
932 3336 1075 3383 Indiget
1101 3335 1210 3383 igitur
1229 3341 1410 3371 movente

353 3400 538 3441 quantum
567 3391 614 3428 ad
632 3391 728 3428 duo:
759 3390 897 3427 scilicet
917 3396 1102 3438 quantum
1122 3388 1170 3425 ad
1191 3387 1410 3425 exercitium

108 1545 117 1553 ·
131 1543 168 1564 Ps.
183 1542 290 1569 cxvm,

106 1576 165 1591 vers.
181 1575 218 1590 20.

109 2295 120 2306 ⁴*
128 2294 178 2315 Lib.
189 2294 217 2320 11,
227 2299 318 2320 capam,

109 2327 172 2342 num.
183 2327 206 2346 4-
219 2331 228 2336 -
240 2320 264 2341 S.
273 2319 318 2341 Th.

108 2347 160 2368 lect.
174 2353 204 2368 ιν.

111 2664 243 2712 fl-Sff'hfn
221 2690 295 2711 lect.x

1460 1379 1523 1416 vel
1550 1391 1665 1416 usum
1685 1386 1806 1426 actus;
1832 1387 1869 1416 et
1893 1386 2078 1428 quantum
2098 1379 2148 1416 ad
2168 1358 2523 1418 determinationem

1462 1438 1579 1469 actus.
1619 1432 1796 1478 Quorum
1830 1432 1998 1491 primum
2036 1439 2091 1469 est
2128 1444 2172 1469 ex
2208 1441 2314 1482 parte
2343 1426 2531 1482 subiecti,³

1461 1484 1566 1532 quod
1587 1484 1819 1534 quandoque
1839 1484 2029 1522 invenitur
2043 1497 2171 1533 agens,
2192 1482 2425 1538 quandoque
2442 1482 2529 1538 non'

1461 1548 1598 1584 agens:
1628 1537 1730 1574 aliud
1758 1544 1888 1574 autem
1917 1545 1974 1574 est
2001 1549 2046 1574 ex
2073 1545 2178 1586 parte
2207 1538 2360 1586 obiecti,
2389 1551 2523 1578 secun·

1462 1589 1555 1626 dum
1585 1589 1689 1638 quod
1717 1586 1956 1648 specificatur
1984 1597 2101 1626 actus.
2499 1611 2504 1613 >

1459 1666 1471 1669 -
1514 1642 1636 1679 Motio
1666 1649 1794 1679 autem
1821 1642 1939 1691 ipsius
1967 1642 2125 1679 subiecti
2154 1650 2210 1679 est
2238 1655 2283 1679 ex
2303 1614 2438 1692 agen-te
2460 1634 2532 1680 ali-sr

1461 1707 1550 1742 quo.
1581 1696 1630 1731 Et
1659 1707 1748 1732 cum
1777 1707 1892 1732 omne
1922 1707 2037 1743 agens
2057 1702 2142 1755 agat
2159 1702 2316 1745 propter
2333 1697 2464 1743 finem,
2484 1690 2531 1733 ut’

1461 1760 1575 1796 supra
1594 1747 1614 1769 ‘⁸
1643 1755 1839 1785 ostensum
1869 1755 1935 1796 est,
1963 1747 2192 1797 principium
2211 1747 2324 1786 huius
2345 1748 2561 1790 motionis

1462 1808 1517 1837 est
1546 1813 1589 1837 ex
1616 1801 1706 1838 fine.
1737 1802 1785 1838 Et
1812 1801 1901 1838 inde
1930 1808 1985 1838 est
2013 1801 2119 1860 quod
2142 1814 2201 1839 ars
2234 1802 2284 1840 ad
2303 1813 2420 1850 quam
2439 1814 2531 1851 per-5

1459 1846 1550 1891 tinet
1577 1853 1684 1899 finis,
1714 1861 1847 1891 movet
1874 1866 1944 1891 suo
1973 1853 2136 1902 imperio
2167 1862 2286 1893 artem
2320 1854 2370 1892 ad
2407 1865 2530 1903 quam

1459 1906 1621 1955 pertinet
1643 1906 1683 1943 id
1702 1906 1808 1954 quod
1828 1913 1883 1943 est
1902 1907 1950 1943 ad
1970 1907 2110 1944 finem:
2139 1908 2236 1943 sicut
2250 1908 2529 1957 gubernatoria

1460 1971 1524 1996 ars
1543 1959 1703 2007 imperat
1721 1960 1984 2018 nauffgfactivaa
2004 1967 2046 1996 ut
2064 1959 2103 1996 in
2124 1961 2155 1996 II
2170 1960 2320 2008 Physic.
2335 1960 2356 1982 ¹*
2374 1959 2520 1997 dicitur.
2553 1969 2561 1979 ¹

1460 2013 1613 2048 Bonum
1635 2015 1762 2048 autem
1791 2012 1829 2048 in
1850 2011 2057 2059 communi,
2077 2013 2194 2062 quod
2204 2012 2318 2052 habet
2334 2007 2523 2055 rationem

2577 1758 2624 1786 Qu.
2637 1765 2653 1787 ι,
2668 1762 2711 1781 ιη.
2725 1765 2747 1781 2.

1460 2065 1567 2112 finis,
1598 2072 1653 2101 est
1691 2064 1884 2102 obiectum
1912 2065 2127 2103 voluntatis.
2167 2065 2216 2102 Et
2246 2065 2335 2103 ideo
2373 2077 2422 2102 ex
2435 2059 2522 2105 hac
2634 2086 2774 2107 mv

1460 2125 1566 2166 parte
1594 2118 1769 2155 voluntas
1804 2123 1936 2154 movet
1963 2117 2054 2154 alias
2081 2117 2270 2166 potentias
2297 2117 2454 2157 animae
2474 2118 2533 2157 ad.

1461 2183 1550 2207 suos
1579 2178 1704 2207 actus:
1732 2170 1876 2207 utimur
1905 2170 2005 2207 enim
2033 2170 2113 2207 aliis
2140 2170 2318 2219 potentiis
2342 2174 2435 2208 cum
2453 2173 2533 2207 vods

1460 2225 1598 2260 lumus.
1629 2223 1732 2260 Nam
1761 2223 1858 2259 fines
1892 2230 1928 2259 et
1953 2223 2203 2271 perfectiones
2233 2223 2526 2260 omnium¹·alia'-·

1461 2289 1546 2313 rum
1580 2276 1837 2324 potentiarum
1865 2275 2241 2323 comprehenduntur
2269 2275 2339 2312 sub
2373 2275 2522 2312 obiecto

1459 2328 1675 2375 voluntatis,
1696 2328 1792 2364 sicut
1810 2329 2001 2376 quaedam
2019 2328 2258 2376 particularia
2277 2329 2400 2365 bona:
2423 2340 2522 2364 sern-

1460 2394 1529 2430 per
1566 2389 1693 2418 autem
1728 2393 1788 2418 ars
1824 2381 1887 2417 vel
1922 2380 2092 2429 potentia
2128 2381 2177 2417 ad
2211 2393 2328 2429 quam
2363 2381 2523 2429 pertinet

1460 2434 1546 2471 finis
1574 2433 1819 2480 universalis,
1849 2440 1982 2470 movet
2009 2433 2057 2470 ad
2086 2433 2278 2481 agendum
2311 2440 2431 2470 artem
2459 2434 2522 2470 vel

1460 2487 1670 2536 potentiam
1704 2486 1752 2523 ad
1781 2498 1898 2535 quam
1916 2485 2077 2535 pertinet
2095 2485 2182 2522 finis
2200 2485 2432 2534 particularis
2451 2487 2521 2523 sub

1461 2541 1525 2576 illo
1545 2539 1749 2576 universali
1770 2539 2087 2587 comprehensus;
2117 2538 2212 2575 sicut
2231 2539 2307 2576 dux
2327 2539 2521 2587 exercitus,

1462 2593 1526 2642 qui
1562 2592 1720 2629 intendit
1747 2592 1894 2628 bonum
1925 2603 2149 2638 commune,
2180 2591 2321 2628 scilicet
2348 2591 2523 2629 ordinem

1461 2646 1573 2682 totius
1602 2644 1806 2691 exercitus,
1837 2652 1969 2681 movet
1997 2657 2067 2681 suo
2095 2644 2256 2693 imperio
2285 2644 2450 2693 aliquem
2478 2656 2524 2682 ex

1461 2698 1629 2745 tribunis,
1660 2697 1724 2747 qui
1752 2674 1911 2734 intendit
1938 2697 2111 2734 ordinem
2140 2697 2251 2734 unius
2280 2697 2384 2734 aciei.

1517 2751 1594 2788 Sed
1617 2751 1810 2787 obiectum
1831 2745 1974 2797 movet,
1995 2750 2282 2787 determinando
2313 2757 2452 2797 actum,
2473 2748 2523 2787 ad

1463 2804 1624 2841 modum
1646 2802 1824 2862 'principii
1842 2803 2023 2849 formalis,
2044 2816 2066 2839 a
2086 2815 2162 2851 quo
2183 2803 2221 2840 in
2242 2803 2355 2840 rebus
2373 2810 2522 2839 natura-

1462 2857 1559 2894 libus
1584 2856 1681 2893 actio
1711 2855 1960 2904 specificatur,
1990 2856 2084 2892 sicut
2113 2856 2305 2893 calefactio
2335 2868 2357 2892 a
2386 2855 2522 2892 calore.

1463 2910 1636 2946 Primum
1665 2917 1793 2945 autem
1813 2908 2038 2957 principium
2058 2909 2218 2945 formale
2244 2916 2298 2945 est
2317 2919 2383 2945 ens
2403 2914 2439 2944 et
2456 2919 2522 2944 ve-

1464 2975 1548 2999 rum
1568 2962 1794 3008 universale,
1824 2962 1928 3010 quod
1958 2969 2013 2998 est
2041 2962 2232 2998 obiectum
2261 2960 2467 2997 intellectus
2488 2961 2520 2996 ³⁸.

1464 3017 1513 3052 Et
1532 3015 1618 3052 ideo
1643 3015 1714 3052 isto
1739 3015 1858 3051 modo
1877 3014 2056 3052 motionis
2076 3014 2284 3051 intellectus
2296 3020 2437 3052 ,movet
2454 3025 2522 3050 vo-

1464 3070 1657 3115 luntatem,
1687 3068 1781 3104 sicut
1808 3075 2054 3117 praesentans
2082 3067 2116 3104 ei
2145 3066 2336 3103 obiectum
2366 3077 2490 3103 suum.

1517 3123 1575 3158 An
1602 3133 1739 3158 PRIMUM
1763 3132 1861 3157 ERGO
1890 3117 2072 3158 monimum
2101 3120 2205 3168 quod
2235 3132 2280 3156 ex
2306 3119 2368 3156 illa
2395 3126 2523 3156 aucto-

1465 3175 1569 3211 ritate
1598 3186 1677 3211 non
1705 3174 1866 3210 habetur
1898 3173 2002 3220 quod
2021 3173 2229 3210 intellectus
2249 3185 2328 3210 non
2347 3178 2522 3208 moveat:

1465 3228 1532 3265 sed
1561 3227 1665 3275 quod
1693 3238 1772 3263 non
1799 3233 1954 3263 moveat
1982 3237 2026 3262 ex
2054 3225 2287 3262 necessitate.

1518 3282 1576 3317 AD
1605 3291 1795 3317 SECUNDUM
1823 3290 2006 3316 DICENDUM
2035 3279 2151 3328 quod,
2182 3278 2277 3315 sicut
2306 3276 2522 3326 imaginatio

1465 3334 1610 3370 formae
1626 3333 1705 3370 sine
1721 3331 1980 3370 aestimatione
2001 3331 2261 3369 convenientis
2275 3331 2336 3368 vel
2355 3329 2481 3367 nocivi
2496 3327 2522 3375 β,

1466 3399 1544 3423 non
1572 3393 1706 3423 movet
1734 3384 1943 3434 appetitum
1972 3384 2212 3431 sensitivum;
2233 3384 2283 3421 ita
2302 3396 2373 3421 nec
2390 3394 2524 3431 appre-

408 3506 435 3540 α)
456 3506 561 3538 quando
580 3506 739 3530 volumus.—
720 3511 805 3537 —qua
824 3504 944 3528 volumus
962 3503 1035 3533 AGI
1055 3503 1118 3535 quia
1138 3503 1257 3527 volumus
1276 3502 1331 3532 BC,
1352 3509 1410 3526 cum

354 3549 420 3574 quae
441 3542 544 3566 volumu
530 3549 558 3566 us
571 3541 599 3572 F
619 3548 685 3573 quae
704 3541 823 3565 volumus
839 3540 870 3568 H,
885 3539 946 3571 quia
961 3545 1012 3570 qua
1032 3539 1153 3563 volumus
1168 3538 1202 3580 L.

1520 3499 1545 3532 β)
1566 3501 1606 3525 vel
1625 3500 1719 3525 nocivi.
1737 3513 1755 3518 —-
1773 3502 1799 3524 et
1819 3499 1905 3524 nocivi
1925 3499 2036 3522 codices.
2053 3511 2073 3517 —
2090 3498 2140 3522 Pro
2165 3501 2191 3523 et
2209 3501 2266 3522 ante
2290 3496 2451 3528 appetibilis,
2477 3503 2524 3521 nec

1465 3536 1677 3567 ABCDFGILpH
1698 3540 1723 3559 et
1742 3542 1767 3565 a,
1787 3541 1849 3559 vero
1869 3535 1900 3563 Κ,
1919 3541 1972 3558 om.
1992 3534 2040 3558 εΗ.

2549 2969 2559 2980 “
2575 2968 2604 2990 D.
2618 2973 2664 2997 75²·
