2846 4146
112 1943 122 1953 Q
112 1890 121 1900 0

106 2261 118 2273 ¹*
133 2261 199 2283 Vers.
214 2267 242 2282 20

1025 239 1291 285 QUAESTIO
1320 240 1457 286 LXIX,
1488 239 1783 276 ARTICULUS
1814 240 1862 276 III

1151 363 1467 404 ARTICULUS
1497 363 1723 405 TERTIUS

836 456 989 486 UTRUM
1013 455 1351 486 CONVENIENTER
1373 454 1703 485 ENUMERENTUR
1725 455 2041 488 BEATITUDINES

1032 533 1062 556 III
1082 533 1163 561 Sent„
1185 532 1242 556 dist.
1262 539 1342 561 xxx1V,
1362 539 1406 563 qu.
1425 539 1447 561 ι,
1467 537 1512 556 art.
1531 520 1561 563 4}
1582 532 1612 556 In
1632 532 1740 569 Matth„
1760 540 1814 564 cap.
1833 541 1858 557 v.

441 640 448 655 ι
474 644 543 689 fi«
567 634 589 658 D
618 633 775 658 TER’riUM
794 633 846 656 stc
868 631 1105 656 PROCEDITUR.
1127 619 1285 655 Videtur
1306 619 1410 666 quod

386 702 387 705 ,
481 664 545 742 ἒξ
566 673 872 710 inconvenienter
909 678 1178 708 enumerentur
1212 670 1408 760 geatitudi-

372 730 377 736 '
403 726 488 761 “vr
538 739 643 763 nes.
665 725 926 762 Attribuuntur
946 724 1046 760 enim
1073 724 1212 760 beatitu
1241 723 1321 760 ines
1342 725 1409 760 do-

373 731 536 814 ffg'ss'ffiyfi
566 779 640 825 nis,
669 785 711 814 ut
739 778 879 813 dictum
909 785 964 812 est
987 776 1018 812 ³⁸.
1049 778 1251 813 Donorum
1281 783 1407 812 autem

354 831 543 878 quaedam
580 830 766 878 pertinent
806 829 854 865 ad
895 829 1014 865 vitam
1050 829 1406 877 contemplativam,

353 883 491 919 scilicet
518 882 756 930 sapientia¹et
778 881 1005 918 intellectus:
1036 882 1137 918 nulla
1162 889 1290 918 autem
1321 882 1408 918 bea-

353 935 470 971 titudo
491 935 643 982 ponitur
660 935 697 971 in
717 942 802 971 actu
823 934 1162 981 contemplationis,
1185 934 1251 970 sed
1272 946 1407 970 omnes

353 988 390 1023 in
426 987 482 1022 his
517 999 614 1035 quae
648 987 835 1035 pertinent
864 987 911 1023 ad
944 987 1062 1023 vitam
1098 987 1274 1023 activam.
1305 987 1406 1034 Ergo

352 1039 620 1076 insufficienter
647 1039 894 1076 beatitudines
923 1047 1206 1075 enumerantur.

405 1104 439 1128 2.
470 1092 707 1138 PRAETEREA,
738 1093 786 1129 ad
814 1092 932 1128 vitam
971 1089 1133 1128 activam
1171 1104 1248 1128 non
1282 1092 1406 1128 solum

350 1144 537 1193 pertinent
572 1146 672 1181 dona
707 1144 949 1192 exequentia;
976 1145 1042 1181 sed
1072 1144 1184 1180 etiam
1217 1144 1406 1192 quaedam

352 1198 452 1234 dona
480 1197 689 1244 dirigentia,
728 1205 768 1233 ut
796 1197 949 1234 scientia
987 1205 1022 1233 et
1055 1197 1267 1233 consilium.
1303 1197 1407 1233 Nihil

351 1257 477 1286 autem
504 1250 657 1297 ponitur
676 1250 770 1286 inter
798 1249 1047 1286 beatitudines
1068 1250 1172 1297 quod
1199 1249 1338 1286 directe
1358 1250 1406 1287 ad

350 1310 475 1339 actum
514 1302 689 1338 scientiae
722 1303 783 1339 vel
813 1302 958 1339 consilii
995 1302 1182 1351 pertinere
1219 1302 1404 1340 videatur.

350 1356 451 1402 Ergo
480 1354 748 1391 insufficienter
776 1355 1024 1392 beatitudines
1052 1362 1265 1403 tanguntur.

404 1409 438 1444 3.
466 1409 704 1455 PRAETEREA,
735 1408 831 1445 inter
860 1408 962 1445 dona
1000 1408 1223 1456 exequentia
1257 1408 1296 1444 in
1326 1408 1405 1446 vita

350 1461 482 1507 activa,
504 1460 618 1497 timor
645 1460 798 1509 ponitur
826 1461 874 1498 ad
902 1468 1165 1509 paupertatem
1198 1461 1403 1509 pertinere3

348 1514 467 1562 pietas
496 1521 622 1549 autem
655 1513 806 1550 videtur
833 1514 1020 1562 pertinere
1050 1513 1098 1550 ad
1131 1514 1403 1551 beatitudinem

350 1566 640 1603 misericordiae.
663 1566 766 1602 Nihil
785 1574 913 1603 autem
933 1566 1086 1615 ponitur
1105 1566 1243 1603 directe
1263 1566 1311 1603 ad
1330 1567 1404 1603 for-

348 1619 544 1655 titudinem
581 1619 781 1667 pertinens.
811 1620 913 1667 Ergo
946 1619 1215 1656 insufficienter
1248 1631 1404 1656 enume-

350 1680 478 1709 rantur
506 1671 765 1708 beatitudines.

402 1737 439 1771 4.
460 1726 691 1771 PRAETEREA,
708 1724 746 1761 in
761 1737 867 1761 sacra
883 1724 1074 1772 Scriptura
1089 1731 1292 1771 tanguntur
1307 1725 1403 1761 mul-

350 1786 410 1814 tae
439 1777 532 1814 aliae
556 1777 825 1814 beatitudines:
847 1777 941 1814 sicut
967 1778 1036 1813 Iob
1056 1789 1079 1812 v
1097 1778 1117 1798 '¹‘
1137 1777 1286 1814 dicitur:
1307 1779 1403 1814 Bea-

351 1837 408 1867 tus
433 1832 544 1867 homo
565 1830 629 1878 qui
655 1830 857 1877 corripitur
875 1842 898 1866 a
926 1830 1114 1873 Domino‚·
1136 1838 1171 1865 et
1189 1830 1227 1866 in
1248 1831 1401 1866 Psalmo

351 1883 416 1920 1²⁸:
445 1885 583 1919 Beatus
611 1883 670 1918 vir
706 1883 772 1930 qui
797 1895 871 1918 non
900 1882 992 1918 abiit
1017 1883 1054 1918 in
1084 1882 1236 1919 consilio
1272 1883 1402 1930 impio-

349 1948 457 1979 rum‚·
490 1943 526 1971 et
552 1936 731 1972 Proverh.
762 1947 796 1971 111
824 1935 864 1970 *τ
902 1936 1042 1970 Beatus
1073 1935 1133 1971 vir
1165 1936 1231 1983 qui
1265 1936 1406 1972 invenit

347 1989 578 2037 sapientiam.
604 1989 705 2034 Ergo
734 1986 1005 2024 insufficienter
1033 1987 1283 2024 beatitudines
1314 2000 1403 2024 enu-

349 2048 552 2079 merantur.

402 2096 475 2131 SED
511 2104 671 2139 CONTRA,
701 2092 850 2130 videtur
884 2092 989 2140 quod
1023 2093 1215 2140 superflue
1249 2105 1404 2130 enume-

348 2155 486 2184 rentur.
518 2147 612 2182 Sunt
645 2145 746 2182 enim
776 2152 922 2193 septem
943 2145 1045 2181 dona
1075 2145 1234 2194 Spiritus
1264 2146 1402 2183 Sancti.

347 2199 599 2237 Beatitudines
628 2206 754 2234 autem
783 2205 985 2245 tanguntur
1013 2205 1099 2234 octo
1129 2203 1157 2235 α.

405 2255 435 2290 5.
458 2254 688 2298 PRAETEREA,
710 2252 803 2287 Luc.
824 2263 858 2287 V1
873 2250 893 2272 '³‘
920 2258 1114 2299 ponuntur
1140 2258 1302 2299 quatuor
1324 2258 1403 2288 tan—

348 2314 429 2343 tum
449 2304 708 2342 beatitudines.
726 2303 926 2351 Superfiue
947 2315 1036 2350 ergo
1057 2311 1327 2340 enumerantur
1348 2316 1404 2340 se-

239 2366 298 2383 veS·
349 2367 465 2407 ptem,
494 2358 555 2394 vel
584 2364 682 2403 octo,
711 2356 750 2392 in
778 2356 972 2392 Matthaeo
991 2355 1022 2392 ²⁸.

403 2413 627 2447 RESPONDEO
665 2420 848 2446 DICENDUM
885 2409 988 2456 quod
1026 2408 1275 2445 beatitudines
1313 2409 1404 2445 istae

352 2462 702 2501 convenientissime
733 2468 1012 2498 enumerantur.
1034 2461 1095 2497 Ad
1124 2461 1230 2497 cuius
1251 2461 1405 2498 eviden-

349 2518 452 2563 tiam,
483 2523 537 2552 est
566 2513 883 2551 considerandum
908 2514 1012 2562 quod
1035 2513 1219 2561 triplicem
1248 2514 1404 2550 beatitu-

351 2570 478 2607 dinem
499 2567 612 2617 aliqui
631 2574 856 2616 posuerunt:
883 2566 1041 2614 quidam
1065 2566 1165 2603 enim
1194 2574 1405 2614 posuerunt

350 2621 618 2659 beatitudinem
647 2621 685 2657 in
707 2620 784 2656 vita
810 2620 1057 2667 voluptuosa3
1085 2619 1241 2666 quidam
1262 2619 1299 2655 in
1326 2619 1404 2656 vita

350 2675 491 2720 activa3
518 2674 671 2722 quidam
700 2685 792 2709 vero
821 2672 859 2708 in
886 2672 962 2708 vita
984 2672 1288 2720 contemplativa.
1320 2673 1403 2709 Hae

350 2735 477 2764 autem
514 2734 587 2763 tres
617 2725 866 2763 beatitudines
901 2724 1157 2762 diversimode
1186 2737 1225 2761 se
1262 2725 1404 2762 habent

350 2780 398 2817 ad
427 2779 697 2817 beatitudinem
726 2779 904 2825 futuram,
926 2777 1031 2814 cuius
1060 2790 1126 2826 spe
1157 2778 1314 2814 dicimur
1341 2778 1403 2814 hic

350 2833 459 2870 beati.
482 2834 583 2869 Nam
613 2831 805 2869 beatitudo
833 2832 1077 2879 voluptuosa,
1112 2830 1201 2878 quia
1229 2831 1320 2867 falsa
1349 2838 1404 2867 est

351 2894 386 2923 et
413 2886 545 2923 rationi
574 2884 778 2931 contraria,
808 2883 1123 2932 impedimentum
1160 2891 1214 2919 est
1246 2883 1403 2920 beatitu-

351 2939 445 2976 dinis
474 2939 631 2975 futurae.
653 2937 852 2974 Beatitudo
872 2949 967 2974 vero
992 2936 1138 2973 acti-vae
1156 2936 1258 2972 vitae
1278 2936 1404 2985 dispo-

351 2992 459 3029 sitiva
498 2999 552 3028 est
593 2991 641 3028 ad
678 2990 948 3027 beatitudinem
986 2990 1164 3026 futuram.
1203 2989 1403 3026 Beatitudo

351 3052 477 3081 autem
499 3044 802 3092 contemplativa,
824 3043 854 3079 si
883 3042 928 3079 sit
947 3042 1123 3091 perfecta,
1147 3050 1201 3078 est
1227 3042 1405 3079 essentia-

350 3098 431 3134 liter
450 3097 530 3146 ipsa
546 3097 669 3133 futura
689 3096 903 3132 beatitudo:
925 3095 954 3132 si
971 3102 1097 3132 autem
1114 3095 1159 3131 sit
1173 3095 1403 3143 imperfecta,

351 3158 406 3187 est
434 3152 622 3198 quaedam
651 3149 840 3186 inchoatio
870 3148 960 3185 eius.

404 3204 452 3240 Et
466 3203 552 3240 ideo
569 3202 757 3239 Dominus
771 3201 894 3250 primo
911 3201 1065 3249 quidem
1081 3201 1206 3250 posuit
1219 3200 1404 3250 quasdam

351 3256 601 3293 beatitudines
617 3255 723 3303 quasi
743 3262 984 3291 removentes
1004 3253 1322 3302 impedimentum
1337 3266 1407 3290 vo-

351 3309 548 3357 luptuosae
577 3307 827 3345 beatitudinis.
856 3307 1035 3344 Consistit
1055 3307 1156 3343 enim
1175 3307 1407 3355 voluptuosa

350 3362 427 3399 vita
453 3362 490 3398 in
511 3362 671 3398 duobus.
699 3360 828 3398 Primo
849 3360 1017 3408 quidem,
1039 3359 1077 3396 in
1097 3359 1290 3396 affluentia
1309 3367 1407 3396 exte-

404 3476 431 3508 α)
451 3479 517 3500 octo.
536 3490 554 3494 —
573 3476 598 3500 in
618 3478 676 3500 octo
696 3475 724 3499 Ρ.

405 3510 429 3543 β)
445 3511 564 3542 ponitur.
576 3525 594 3529 -
612 3510 710 3535 Matth.
725 3518 740 3534 v
759 3510 827 3534 addit
847 3509 874 3535 Ρ.

404 3548 430 3579 γ)
450 3547 587 3571 honorum.
601 3559 619 3565 —
638 3546 764 3570 bonorum
785 3545 902 3569 PACDF.

1464 618 1607 654 riorum
1638 619 1850 656 bonorum:
1880 620 1960 657 sive
1980 620 2052 657 sint
2072 621 2235 669 divitiae,
2255 623 2336 660 sive
2364 622 2437 659 sint
2455 623 2523 659 ho-

1465 683 1588 707 nores.
1610 673 1643 707 A
1664 671 1802 719 quibus
1823 672 1978 720 quidem
1998 674 2195 711 retrahitur
2212 675 2332 712 homo
2361 687 2431 724 per
2448 675 2523 712 vir-

1464 730 1583 760 tutem
1617 723 1670 759 sic
1706 731 1747 760 ut
1783 725 1979 761 moderate
2013 726 2066 762 eis
2098 734 2245 764 utatur:
2278 740 2348 776 per
2375 728 2522 765 donum

1464 783 1591 812 autem
1612 776 1864 813 excellentiori
1884 779 2015 825 modo,
2035 786 2075 814 ut
2103 778 2242 823 scilicet
2261 781 2379 817 homo
2403 780 2523 818 totali—

1462 836 1518 864 ter
1534 840 1577 865 ea
1593 836 1821 866 contemnat.
1846 830 1958 866 Unde
1977 830 2101 878 prima
2121 831 2312 868 beatitudo
2331 832 2485 881 ponitur
2495 831 2521 880 β,

1462 881 1574 917 Beati
1593 892 1780 929 pauperes
1798 882 1948 930 spiritu:
1969 883 2074 930 quod
2092 891 2217 932 potest
2246 885 2372 922 referri
2391 886 2454 922 vel
2473 885 2522 922 ad

1464 941 1724 982 contemptum
1745 934 1977 981 divitiarum;
2006 937 2068 972 vel
2097 936 2146 972 ad
2175 943 2434 985 contemptum
2453 939 2522 974 ho-

1463 998 1601 1022 norum
1617 991 1644 1033 Υ,
1662 986 1766 1034 quod
1781 987 1823 1023 fit
1836 999 1906 1035 per
1919 988 2180 1025 humilitatem.
2193 1009 2217 1015 -
2235 989 2412 1026 Secundo
2426 1002 2521 1027 vero

1462 1039 1694 1086 voluptuosa
1727 1039 1804 1075 vita
1840 1039 2008 1076 consistit
2035 1041 2074 1077 in
2111 1041 2310 1088 sequendo
2346 1043 2520 1090 proprias

1462 1091 1672 1140 passiones,
1702 1091 1782 1128 sive
1814 1091 2006 1128 irascibilis
2035 1093 2115 1129 sive
2145 1094 2457 1142 concupiscibilis.
2485 1097 2520 1131 A

1463 1145 1617 1192 sequela
1645 1151 1772 1180 autem
1800 1144 2023 1192 passionum
2039 1145 2245 1193 irascibilis,
2266 1147 2420 1183 retrahit
2445 1147 2520 1184 vir—

1462 1204 1521 1233 tus
1554 1209 1602 1233 ne
1630 1197 1749 1233 homo
1778 1196 1817 1233 in
1847 1197 1899 1233 eis
1927 1198 2147 1246 superfluat,
2173 1199 2383 1235 secundum
2414 1211 2520 1247 regu-

1461 1250 1539 1286 lam
1568 1249 1742 1286 rationis:
1772 1250 1916 1286 donum
1945 1258 2074 1287 autem
2104 1251 2356 1288 excellentiori
2382 1252 2518 1299 modo,

1460 1310 1502 1338 ut
1530 1302 1669 1338 scilicet
1696 1303 1828 1349 homo,
1849 1303 2060 1340 secundum
2079 1305 2315 1341 voluntatem
2335 1304 2518 1351 divinam,

1461 1355 1621 1391 totaliter
1640 1355 1687 1391 ab
1708 1356 1760 1392 eis
1775 1355 1996 1403 tranquillus
2016 1357 2203 1394 reddatur.
2221 1357 2332 1394 Unde
2352 1357 2520 1394 secunda
2574 1364 2576 1366 ’

1461 1407 1653 1444 beatitudo
1682 1408 1847 1456 ponitur,
1875 1409 1986 1445 Beati
2011 1409 2127 1446 mites.
2143 1411 2217 1446 —A
2245 1411 2400 1458 sequela
2425 1421 2519 1447 vero

1458 1461 1681 1508 passionum
1712 1460 2024 1508 concupiscibilis,
2049 1462 2203 1498 retrahit
2229 1462 2360 1509 virtus,
2386 1463 2519 1500 mode-

1460 1520 1536 1550 rate
1556 1513 1776 1550 huiusmodi
1794 1513 2035 1561 passionibus
2053 1515 2219 1551 utendo:
2246 1515 2391 1552 donum
2409 1527 2517 1562 vero,

1460 1578 1535 1612 eas,
1561 1565 1590 1602 si
1619 1578 1775 1602 necesse
1803 1566 1931 1612 fuerit,
1961 1566 2122 1603 totaliter
2151 1567 2380 1613 abiiciendo3
2409 1567 2518 1615 quin-

1458 1618 1590 1665 immo,
1612 1619 1642 1654 si
1670 1618 1928 1654 necessarium
1948 1618 2068 1666 fuerit,
2089 1619 2346 1656 voluntarium
2374 1620 2518 1656 luctum

1459 1671 1688 1707 assumendo
1708 1669 1733 1708 δ.
1759 1671 1870 1708 Unde
1889 1670 1995 1707 tertia
2015 1671 2208 1708 beatitudo
2226 1672 2391 1721 ponitur,
2410 1673 2524 1709 Beati*

1457 1724 1523 1771 qui
1547 1723 1686 1772 lugent.

1510 1776 1647 1812 Activa
1665 1787 1759 1812 vero
1778 1775 1857 1811 vita
1876 1775 1914 1811 in
1932 1775 1990 1812 his
2013 1776 2399 1826 consistit-praecipue
2419 1788 2518 1825 quae

1457 1828 1638 1877 proximis
1668 1828 1902 1875 exhibemus,
1930 1829 1994 1865 vel
2022 1829 2093 1865 sub
2123 1829 2267 1866 ratione
2296 1829 2427 1876 debiti,
2455 1831 2518 1867 vel

1458 1882 1529 1918 sub
1558 1881 1703 1917 ratione
1741 1881 1940 1929 spontanei
1969 1881 2155 1918 beneficii.
2186 1883 2235 1918 Et
2267 1882 2316 1919 ad
2349 1882 2517 1930 primum

1459 1933 1615 1982 quidem
1639 1946 1710 1970 nos
1737 1933 1857 1970 virtus
1877 1934 2051 1982 disponit,
2070 1942 2112 1970 ut
2141 1946 2185 1970 ea
2204 1947 2302 1982 quae
2332 1934 2518 1972 debemus

1458 1986 1651 2035 proximis,
1674 1998 1751 2023 non
1772 1998 1991 2023 recusemus
2015 1987 2213 2023 exhibere:
2233 1988 2339 2035 quod
2357 1987 2519 2036 pertinet

1459 2041 1506 2076 ad
1535 2039 1724 2075 iustitiam.
1750 2040 1906 2075 Donum
1927 2046 2055 2076 autem
2075 2039 2124 2077 ad
2151 2040 2226 2076 hoc
2245 2040 2371 2089 ipsum
2400 2041 2520 2078 abun·

1460 2091 1621 2129 dantiori
1649 2093 1818 2140 quodam
1847 2091 1986 2128 affectu
2014 2105 2093 2140 nos·
2112 2092 2272 2130 inducit:
2305 2100 2348 2130 ut
2378 2093 2519 2130 scilicet

1460 2144 1620 2181 ferventi
1640 2144 1827 2181 desiderio
1848 2157 1965 2193 opera
1985 2145 2143 2182 iustitiae
2164 2146 2404 2194 impleamus,
2423 2145 2519 2184 sicut

1459 2197 1619 2235 ferventi
1648 2197 1834 2235 desiderio
1856 2197 2024 2235 esuriens
2053 2205 2089 2234 et
2116 2198 2243 2235 sitiens
2263 2198 2366 2247 cupit
2389 2199 2524 2236 cibum

1458 2251 1521 2287 vel
1548 2257 1694 2298 potum.
1724 2250 1836 2287 Unde
1857 2257 1988 2299 quarta
2008 2251 2201 2289 beatitudo
2225 2251 2390 2299 ponitur,
2409 2252 2522 2289 Beati

1460 2304 1526 2351 qui
1550 2303 1720 2339 esuriunt
1735 2309 1771 2339 et
1786 2303 1915 2340 sitiunt
1931 2304 2118 2340 iustitiam.
2138 2324 2162 2331 -
2179 2303 2288 2341 Circa
2308 2312 2526 2352 spontanea»

1458 2367 1552 2392 vero
1591 2355 1693 2392 dona
1729 2367 1799 2392 nos
1827 2356 1974 2404 perficit
1998 2356 2119 2392 virtus
2145 2363 2188 2392 ut
2223 2356 2290 2393 illis
2327 2357 2525 2394 donemus·

1460 2407 1597 2456 quibus
1626 2407 1719 2444 ratio
1747 2407 1859 2444 dictat
1883 2420 1966 2444 esse
1995 2408 2231 2454 donandum,
2263 2415 2356 2457 puta
2384 2409 2516 2446 amicis

1460 2468 1526 2497 aut
1553 2460 1632 2496 aliis
1651 2465 1663 2481 ε
1682 2460 1791 2496 nobis
1811 2460 2040 2498 coniunctis:
2071 2461 2176 2508 quod
2194 2461 2356 2509 pertinet
2374 2462 2423 2498 ad
2441 2461 2516 2498 vir-

1458 2520 1577 2549 tutem
1606 2512 1845 2550 liberalitatis,
1877 2513 1954 2549 Sed
1986 2515 2144 2560 donum,
2173 2521 2330 2562 propter
2362 2514 2434 2550 Dei
2459 2525 2518 2551 re-

1458 2565 1680 2611 verentiam,
1702 2565 1822 2601 solam
1853 2565 2115 2602 necessitatem
2143 2566 2358 2603 considerat
2387 2566 2427 2603 in
2458 2566 2517 2604 his

1458 2618 1595 2667 quibus
1624 2617 1781 2665 gratuita
1816 2618 2002 2654 beneficia
2028 2625 2213 2667 praestat:
2246 2620 2349 2656 unde
2382 2618 2516 2656 dicitur

1460 2673 1551 2707 Luc.
1568 2683 1628 2708 xw
1643 2670 1680 2707 *ε
1715 2671 1809 2707 Cum
1823 2671 1928 2718 sacis
1940 2671 2147 2719 prandium
2166 2677 2233 2708 aut
2250 2683 2418 2719 coenam,
2439 2671 2519 2709 noli

1457 2735 1596 2761 vocare
1622 2724 1764 2760 amicos
1788 2735 1907 2772 neque
1922 2725 2071 2772 fratres
2098 2730 2179 2761 tuos
2207 2731 2294 2771 etc.,
2329 2725 2396 2762 sed
2420 2734 2516 2775 voca

1451 2788 1639 2825 pauperes
1667 2782 1703 2812 et
1723 2777 1859 2813 debiles
1884 2784 1977 2813 ete:
2006 2778 2109 2825 quod
2137 2777 2288 2825 proprie
2322 2785 2378 2814 est
2404 2778 2517 2814 misc*

1458 2830 1540 2866 reri.
1569 2830 1618 2866 Et
1644 2829 1731 2866 ideo
1757 2829 1886 2878 quinta
1905 2829 2099 2867 beatitudo
2127 2830 2291 2878 ponitur,
2319 2830 2431 2867 Beati
2446 2830 2517 2867 mi-

1457 2882 1674 2919 sericordes.

1510 2936 1567 2972 Ea
1593 2947 1687 2972 vero
1717 2946 1814 2983 quae
1843 2934 1892 2971 ad
1921 2934 2256 2984 contemplativam
2284 2934 2403 2971 vitam
2431 2947 2516 2984 per-

1459 2988 1589 3035 tinent,
1608 2988 1672 3024 vel
1700 2995 1787 3024 sunt
1813 2987 1894 3036 ipsa
1922 2988 2115 3024 beatitudo
2143 2987 2277 3035 finalis,
2297 2989 2359 3025 vel
2392 2988 2518 3036 aliqua

1458 3040 1648 3078 inchoatio
1678 3040 1778 3077 eius:
1809 3048 1845 3077 et
1863 3040 1950 3077 ideo
1979 3053 2057 3078 non
2075 3048 2268 3089 ponuntur
2295 3040 2332 3077 in
2360 3041 2519 3078 beatitu-

1460 3094 1608 3131 dinibus
1635 3101 1818 3142 tanquam
1847 3093 1997 3140 merita,
2027 3094 2095 3130 sed
2122 3100 2306 3142 tanquam
2334 3094 2516 3142 praemia.

1460 3149 1658 3183 Ponuntur
1681 3154 1808 3183 autem
1827 3154 2011 3194 tanquam
2034 3146 2167 3183 merita
2195 3146 2352 3183 effectus
2371 3146 2519 3183 activae

1459 3200 1571 3247 vitae,
1589 3199 1726 3248 quibus
1744 3200 1864 3241 homo
1886 3199 2096 3248 disponitur
2114 3199 2162 3236 ad
2183 3199 2517 3250 contemplativam

1460 3253 1589 3290 vitam.
1611 3252 1781 3289 Effectus
1809 3259 1935 3289 autem
1959 3252 2103 3289 activae
2130 3252 2243 3300 vitae,
2263 3258 2449 3301 quantum
2468 3248 2518 3289 ad

1460 3306 1616 3343 virtutes
1650 3312 1686 3342 et
1719 3306 1822 3342 dona
1852 3305 1991 3352 quibus
2018 3306 2138 3342 homo
2175 3304 2368 3354 perficitur
2394 3304 2433 3341 in
2459 3315 2519 3340 se-

1461 3359 1556 3407 ipso,
1578 3366 1634 3395 est
1661 3357 1847 3395 munditia
1875 3357 2017 3395 cordis:
2043 3365 2084 3395 ut
2102 3357 2240 3394 scilicet
2259 3369 2368 3394 mens
2394 3355 2518 3394 homi-

1513 3471 1537 3504 δ)
1557 3472 1725 3497 assumendo.
1738 3486 1757 3490 —
1776 3474 1915 3496 assumant
1934 3470 2035 3495 codices
2055 3474 2081 3494 et
2098 3477 2125 3494 a.

1514 3509 1535 3540 ε)
1555 3507 1625 3532 aliis.
1637 3521 1656 3525 -
1673 3507 1741 3532 alias
1760 3505 1940 3535 BCDEFGIL,
1960 3505 2028 3530 alias
2046 3505 2198 3530 huiusmodi
2215 3505 2248 3530 H.

2541 2679 2558 2701 ’ἶ
2565 2686 2640 2727 Vero.v
2647 2694 2722 2726 125313.
