2852 4152
352 206 421 252 196
1004 206 1269 252 QUAESTIO
1299 207 1457 253 XXVII,
1488 206 1783 243 ARTICULUS
1813 207 1864 243 IV

345 290 448 320 amat
474 283 613 332 aliquid
639 291 795 332 propter
823 283 1113 320 delectationem
1133 282 1158 330 δ,
1190 295 1300 320 amor
1323 283 1404 332 qui·
1459 296 1518 320 res
1553 284 1624 321 alia
1657 291 1824 320 ametur:
1854 284 1948 321 sicut
1980 286 2043 336 qui
2076 286 2264 324 desiderat
2291 285 2514 335 pecuniam,

345 336 434 373 dem
457 336 518 372 ille
542 344 716 373 causatur
744 349 788 373 ex
814 336 1082 373 delectatione:
1113 336 1180 372 sed
1206 335 1402 372 delectatio
1459 343 1561 372 amat
1588 343 1743 384 propter
1770 337 1845 372 hoc
1873 348 1961 373 eum
1989 349 2011 374 a
2040 350 2116 387 quo
2150 339 2353 388 pecuniam
2373 338 2513 388 recipit.

344 388 406 425 illa
432 388 570 425 iterum
599 396 774 426 causatur
803 401 848 425 ex
876 388 949 424 alio
979 399 1109 425 amore
1128 387 1402 436 praecedente;
1511 390 1569 425 AD
1589 400 1748 425 TERTmM
1762 400 1945 427 DICENDUM
1959 390 2063 439 quod
2078 404 2164 440 spes
2180 399 2310 428 causat
2323 392 2385 428 vel
2405 398 2516 439 auget

345 441 469 478 nullus
503 441 604 478 enim
639 441 842 478 delectatur
874 440 944 477 nisi
976 440 1014 476 in
1050 452 1090 476 re
1123 440 1249 488 aliquo
1282 439 1402 476 modo
1459 451 1644 487 amorem,
1667 448 1702 477 et
1730 439 1742 465 ζ
1769 441 1913 479 ratione
1932 442 2215 492 delectationis,
2245 444 2332 492 quia
2354 444 2514 482 delecta-

346 503 481 533 amata,
1459 492 1604 529 tionem
1633 500 1781 530 causat:
1816 501 1853 530 et
1887 494 2000 532 etiam
2027 496 2172 534 ratione
2201 495 2397 543 desiderii,
2427 495 2515 544 quia

398 550 457 585 AD
490 559 679 585 SECUNDUM
711 559 893 585 mOENDUM
936 546 1042 595 quod
1080 545 1311 582 desiderium
1350 544 1402 581 rei
1460 556 1546 593 spes
1576 545 1806 583 desiderium
1830 546 2020 596 fortificat,
2050 560 2128 586 non
2157 549 2259 586 enim
2293 548 2343 585 ita
2369 548 2513 585 intense

346 599 500 638 alicuius
528 612 680 649 semper
706 599 979 648 praesupponit
1008 610 1181 635 amorem
1211 597 1307 635 illius
1336 597 1401 635 rei.
1461 597 1721 635 desideramus
1754 610 1850 647 quae
1878 611 1962 648 non·
1985 613 2195 650 speramus.
2220 600 2297 638 Sed
2322 609 2450 638 tamen
2479 607 2515 637 et

347 653 425 690 Sed
443 658 456 674 ²
474 653 705 690 desiderium
725 652 880 689 alicuius
907 651 960 688 rei
979 657 1106 699 potest
1125 663 1206 687 esse
1229 663 1343 688 causa
1361 658 1403 688 ut
1459 650 1541 699 ipsa
1569 662 1656 699 spes
1685 658 1740 687 est
1766 651 1921 690 alicuius
1949 653 2040 691 boni
2068 654 2194 692 amati.

398 790 423 824 ὃ)
442 791 649 817 delectationem.
667 805 686 809 -
704 790 838 815 dationem
855 790 1079 823 ACDFGILpBH.
1425 791 1428 857 ἱ
1499 790 1531 823 .ζ>
1550 793 1585 816 et.
1602 804 1620 810 -
1638 794 1664 815 et
1682 790 1730 815 hoc
1749 790 1779 816 P.

399 827 421 859 ε)
441 827 503 852 Sed.
521 840 539 845 -
558 827 593 851 Et
611 826 649 851 sic
667 826 696 851 P.
