2852 4152
123 743 221 792 tcgqu.
199 743 336 769 u.,x1.v11n-

368 167 442 202 300

1044 170 1309 215 QUAESTIO
1339 170 1494 215 XLVII,
1523 169 1818 206 ARTICULUS
1850 170 1863 205 Ι

724 349 1131 426 QUAESTIO
1171 349 2183 424 QUADRAGESIMASEPTIMA

552 475 639 515 DE
681 475 901 516 CAUSA
946 474 1327 514 EFFECTIVA
1366 475 1543 523 1RAE,
1586 475 1670 515 ET
1709 475 1797 515 DE
1838 476 2161 520 REMEDns
2202 478 2350 520 EIUS

1147 589 1181 613 IN
1211 589 1383 619 QUATUOR
1410 589 1611 614 ARTICULOS
1640 590 1757 615 DIVISA

447 694 553 719 EINDE
590 683 907 719 considerandum
938 690 993 718 est
1028 683 1074 719 de
1104 694 1218 719 causa
1251 682 1424 720 effectiva

365 691 533 782 Dirae,
565 743 600 771 et
628 735 674 772 de
703 735 878 772 remediis
909 734 987 771 eius
1014 734 1045 772 ³³⁶.

363 788 412 824 Et
440 788 537 824 circa
565 789 639 824 hoc
667 795 901 835 quaeruntur
929 795 1102 835 quatuor.

416 840 564 876 Primo:
593 847 717 876 utrum
738 852 890 888 semper
909 840 1098 876 motivum
1118 839 1196 876 irae
1216 840 1262 876 sit
1282 840 1423 888 aliquid

467 893 607 929 factum
637 900 766 928 contra
796 904 884 929 eum
913 893 977 940 qui
1006 893 1186 930 irascitur.

1534 683 1733 720 Secundo:
1762 691 1889 720 utrum
1923 685 2003 722 sola
2036 684 2277 736 parvipensio
2310 687 2371 724 vel
2405 687 2537 736 despe-

1586 735 1658 772 ctio
1688 736 1733 773 sit
1761 736 1950 773 motivum
1979 737 2068 774 irae.

1532 788 1681 825 Tertio:
1711 789 1758 826 de
1788 801 1900 826 causa
1928 789 2005 826 irae
2034 802 2078 826 ex
2106 798 2211 838 parte
2239 791 2442 829 irascentis.

1533 842 1701 887 Quarto:
1731 842 1778 879 de
1813 854 1927 879 causa
1963 842 2039 879 irae
2075 854 2119 878 ex
2155 850 2260 891 parte
2290 844 2370 881 eius
2409 852 2537 881 contra

1584 906 1699 942 quem
1728 895 1861 943 aliquis
1888 895 2069 932 irascitur.

1172 1001 1488 1044 ARTICULUS
1519 1002 1725 1044 PRIMUS

513 1093 666 1124 UTRUM
692 1093 859 1124 SEMPER
882 1094 1089 1125 MOTIVUM
1113 1094 1213 1124 IRAE
1237 1093 1304 1124 srr
1327 1093 1506 1130 ALIQUID
1532 1094 1713 1125 FACTUM
1737 1094 1918 1126 CONTRA
1941 1095 2034 1126 EUM
2059 1095 2134 1132 Qut
2159 1095 2389 1127 iaAscirua

477 1207 520 1230 m·
572 1192 594 1217 D
623 1192 759 1217 Palmum
787 1192 840 1217 sm
868 1192 1107 1218 paocemroa.
1137 1180 1298 1217 Videtur
1316 1180 1422 1229 quod

400 1227 433 1281 ‘55
545 1252 548 1255 *
572 1246 650 1270 non
670 1245 823 1282 semper
837 1233 971 1281 aliquis
990 1233 1170 1270 irascatur
1188 1240 1344 1282 propter
1358 1233 1422 1270 ali-

529 1286 663 1338 quid
680 1294 810 1323 contra
829 1299 868 1324 se
884 1286 1037 1324 factum.
1055 1287 1186 1323 Homo
1203 1286 1317 1333 enim,
1332 1298 1420 1335 pec-

447 1364 456 1367 ·
492 1376 495 1377 γ
547 1360 557 1367 x
573 1339 708 1386 cando,
725 1339 815 1376 nihil
837 1346 968 1377 contra
986 1341 1114 1377 Deum
1135 1339 1257 1376 facere
1277 1346 1420 1388 potest:

362 1394 493 1431 dicitur
521 1393 624 1430 enim
652 1393 721 1429 Iob
744 1405 840 1429 xxxv
858 1392 895 1429 *z
925 1393 967 1429 Si
993 1392 1257 1440 multiplicatae
1271 1393 1424 1440 fuerint

361 1447 569 1495 iniquitates
595 1452 691 1491 tuae,
712 1446 802 1494 quid
817 1446 943 1493 facies
962 1451 1094 1482 contra
1113 1445 1217 1481 illum
1230 1445 1250 1481 ἶ)
1277 1445 1422 1482 Dicitur

360 1507 488 1536 tamen
521 1501 626 1536 Deus
655 1498 763 1534 irasci
793 1506 924 1535 contra
950 1498 1125 1535 homines
1153 1505 1309 1546 propter
1335 1510 1422 1547 pec-

362 1560 464 1599 cata;
494 1551 705 1588 secundum
733 1551 825 1587 illud
853 1551 993 1588 Psalmi
1013 1563 1059 1588 cv
1077 1551 1114 1587 *t
1136 1552 1262 1587 Iratus
1285 1557 1339 1587 est
1353 1552 1422 1599 fu-

361 1618 448 1642 rore
462 1605 649 1642 Dominus
665 1605 701 1640 in
711 1604 895 1652 populum
910 1616 1031 1640 suum.
1053 1605 1155 1652 Ergo
1172 1616 1250 1640 non
1271 1616 1423 1652 semper

363 1658 495 1707 aliquis
523 1657 693 1694 irascitur
721 1665 876 1705 propter
897 1656 1036 1705 aliquid
1057 1664 1188 1693 eontra
1207 1660 1247 1692 s'e
1268 1657 1421 1693 factum.

415 1723 449 1748 2.
479 1712 711 1756 PRAETEREA,
742 1710 796 1746 ira
825 1718 880 1746 est
908 1709 1092 1758 appetitus
1112 1709 1314 1746 vindictae.
1346 1709 1422 1745 Sed

361 1764 494 1812 aliquis
514 1763 656 1812 appetit
673 1762 881 1799 vindictam
902 1763 1026 1798 facere
1047 1762 1159 1798 etiam
1180 1762 1228 1798 de
1247 1762 1305 1798 his
1324 1773 1421 1810 quae

362 1824 492 1853 contra
530 1816 623 1852 alios
660 1815 767 1851 fiunt.
799 1816 900 1863 Ergo
931 1827 1009 1851 non
1047 1827 1200 1863 semper
1233 1814 1421 1851 motivum

359 1869 436 1905 irae
467 1875 522 1905 est
550 1866 689 1916 aliquid
719 1875 850 1904 contra
878 1880 949 1903 nos
978 1868 1130 1903 factum.

414 1923 448 1958 3.
470 1923 701 1967 PRAETEREA,
718 1920 813 1957 sicut
831 1920 1086 1968 Philosophus
1108 1919 1206 1966 dicit,
1222 1919 1261 1956 in
1277 1921 1308 1955 ΙΙ
1323 1921 1422 1956 Rhe-

261 1986 274 2001 η
301 1986 330 2001 ¹·
359 1975 462 2012 toric.
493 1974 524 2020 ²³⁶,
545 1973 719 2010 homines
743 1973 952 2009 irascuntur
975 1972 1178 2021 praecipue
1204 1980 1334 2009 contra
1357 1985 1422 2009 eos

120 1399 131 1409 ⁴¹
146 1398 212 1420 Vers.
227 1398 250 1420 6.

123 1565 131 1574 “
147 1564 213 1586 Vers.
227 1570 267 1591 40.

144 1980 200 2007 Cap.
217 1986 224 2001 1
310 1985 322 2008 3

219 2191 235 2207 α

120 2455 129 2464 “
138 2453 200 2474 Hom
211 2453 226 2474 l.
234 2452 299 2473 XXII

120 2479 186 2507 Epist
226 2479 243 2500 d
255 2478 310 2500 Rom

147 2672 204 2699 Cap.
220 2678 227 2693 1
304 2676 315 2698 3

123 2834 132 2843 ·
142 2833 189 2860 Qu.
196 2838 256 2860 uvi,
264 2835 305 2854 art.
312 2832 333 2853 6.

359 2028 425 2075 qui
442 2027 646 2075 despiciunt
663 2038 707 2063 ea
737 2026 837 2062 circa
858 2037 954 2074 quae
982 2026 1053 2073 ipsi
1069 2026 1238 2062 maxime
1259 2026 1422 2062 student:

358 2081 453 2116 sicut
478 2081 543 2128 qui
568 2080 715 2116 student
738 2080 774 2115 in
789 2079 1037 2127 philosophia,
1059 2079 1273 2115 irascuntur
1292 2084 1422 2115 contra

359 2145 421 2169 eos
450 2134 515 2181 qui
534 2132 809 2181 philosophiam
839 2132 1057 2179 despiciunt,
1088 2139 1124 2167 et
1152 2131 1272 2168 simile
1302 2139 1357 2167 est
1384 2131 1422 2167 in

360 2185 449 2223 aliis.
472 2186 548 2223 Sed
570 2185 763 2233 despicere
778 2184 1061 2232 philosophiam
1081 2196 1160 2220 non
1181 2191 1236 2220 est
1250 2196 1389 2220 nocere
1405 2189 1423 2205 ‘²

359 2238 430 2286 ipsi
457 2238 631 2275 studenti.
662 2238 753 2273 Non
774 2249 861 2284 ergo
883 2249 1036 2285 semper
1054 2236 1250 2273 irascimur
1268 2244 1424 2285 propter

361 2291 398 2327 id
428 2291 532 2340 quod
561 2297 691 2327 contra
719 2302 789 2326 nos
818 2290 871 2326 fit.

412 2356 449 2391 4.
481 2345 719 2388 PRAETEREA,
748 2342 807 2378 ille
836 2341 901 2391 qui
936 2349 1034 2378 tacet
1067 2349 1198 2378 contra
1228 2349 1424 2378 contume-

360 2398 527 2443 liantem,
557 2396 678 2443 magis
706 2395 831 2444 ipsum
862 2394 910 2432 ad
939 2394 1033 2431 iram
1057 2401 1255 2443 provocat,
1275 2401 1318 2431 ut
1336 2394 1424 2431 dicit

309 2452 332 2500 {¹¹
362 2451 660 2509 Chrysostomus
678 2448 709 2484 ²¹³.
741 2448 817 2484 Sed
845 2447 884 2484 in
911 2448 986 2483 hoc
1015 2454 1145 2483 contra
1179 2447 1303 2496 ipsum
1333 2447 1423 2484 nihil

361 2503 451 2551 agit,
481 2501 585 2551 quod
613 2507 721 2538 tacet.
752 2501 853 2548 Ergo
890 2512 968 2536 non
1001 2511 1154 2548 semper
1181 2500 1235 2536 ira
1268 2499 1440 2550 alicuius-

360 2562 591 2604 provocatur
609 2561 764 2603 propter
788 2552 927 2601 aliquid
948 2552 1052 2601 quod
1073 2559 1203 2589 contra
1222 2552 1347 2611 ipsum
1368 2552 1421 2589 fit.

415 2610 501 2650 sm
518 2619 662 2644 CONTRA
690 2617 756 2642 EST
784 2605 889 2653 quod
919 2605 1175 2654 Philosophus
1205 2605 1333 2653 dicit,
1325 2618 1363 2642 1n
1390 2606 1421 2641 II

272 2677 285 2692 n
318 2677 333 2692 1-
361 2661 548 2698 Rhetoric.
578 2660 609 2706 ²¹³,
631 2659 736 2707 quod
765 2659 824 2695 ira
840 2660 894 2706 fit
918 2670 1065 2706 semper
1091 2670 1140 2694 ex
1166 2659 1223 2695 his
1250 2670 1347 2707 quae
1374 2659 1425 2695 ad

360 2715 532 2763 seipsum.
571 2712 773 2749 Inimicitia
810 2717 935 2748 autem
968 2717 1005 2748 et
1037 2711 1116 2748 sine
1147 2712 1203 2748 his
1239 2723 1337 2759 quae
1373 2712 1424 2748 ad

363 2768 504 2816 ipsum.-
532 2767 566 2803 si
591 2766 690 2802 enim
712 2770 888 2813 putemus
916 2764 1027 2801 talem
1056 2776 1145 2810 esse,
1175 2764 1332 2800 odimus.

415 2822 639 2856 RESPONDEO
659 2829 843 2855 DiCENDUM
862 2818 978 2866 quod,
1000 2817 1094 2854 sicut
1112 2829 1226 2866 supra
1244 2817 1265 2839 ²³⁸
1280 2817 1422 2855 dictum

364 2881 435 2919 est,
462 2873 515 2909 ira
544 2879 599 2908 est
626 2871 813 2920 appetitus
842 2870 1005 2907 nocendi
1042 2870 1146 2907 alteri
1174 2871 1244 2907 sub
1278 2870 1422 2907 ratione

363 2926 447 2963 iusti
461 2923 888 2962 vindicativi.-Vindicta
913 2930 1039 2960 autem
1061 2923 1189 2960 locum
1210 2935 1289 2960 non
1308 2924 1423 2960 habet

1477 1180 1547 1217 nisi
1576 1181 1642 1218 ubi
1664 1182 1869 1230 praecessit
1897 1181 2043 1219 iniuria.
2065 1183 2149 1219 Nec
2177 1182 2312 1220 iniuria
2341 1183 2466 1221 omnis
2490 1185 2539 1223 ad

1476 1234 1684 1271 vindictam
1713 1243 1919 1283 provocat,
1950 1234 2108 1272 sed-illa
2135 1236 2216 1272 sola
2237 1249 2343 1286 >quae
2372 1237 2421 1274 ad
2450 1248 2539 1275 eum

1476 1286 1638 1336 pertinet
1656 1287 1720 1336 qui
1735 1287 1877 1336 appetit
1890 1287 2098 1325 vindictam
2114 1286 2147 1325 βε
2172 1288 2266 1327 sicut
2286 1289 2388 1328 enim
2402 1295 2539 1336 unum-

1478 1340 1658 1389 quodque
1687 1340 1903 1378 naturaliter
1931 1340 2073 1390 appetit
2089 1341 2290 1390 proprium
2309 1344 2468 1390 bonum,
2489 1343 2539 1381 ita

1478 1393 1590 1430 etiarn
1610 1393 1825 1430 naturaliter
1844 1394 1988 1442 repellit
2004 1394 2203 1442 proprium
2224 1396 2380 1432 malurn.
2403 1396 2539 1433 Iniuria

1477 1453 1605 1482 autem
1634 1446 1681 1483 ab
1711 1446 1837 1494 aliquo
1866 1447 1964 1483 facta
1988 1459 2067 1483 non
2094 1447 2256 1495 pertinet
2283 1449 2332 1486 ad
2359 1448 2536 1497 aliquem,

1477 1498 1547 1535 nisi
1572 1499 1713 1547 aliquid
1732 1499 1860 1536 fecerit
1878 1504 1893 1527 Υ
1922 1500 2026 1547 quod
2047 1499 2173 1547 aliquo
2202 1501 2321 1537 modo
2342 1501 2387 1538 sit
2407 1509 2538 1538 contra

1477 1551 1614 1600 ipsum.
1636 1552 1747 1589 Unde
1762 1551 1930 1600 sequitur
1949 1553 2052 1600 quod
2073 1552 2260 1589 motivum
2274 1553 2353 1590 irae
2381 1553 2538 1590 alicuius

1478 1616 1629 1652 semper
1657 1604 1701 1640 sit
1729 1603 1870 1651 aliquid
1899 1611 2030 1640 contra
2058 1603 2182 1652 ipsum
2211 1605 2364 1642 factum.

1529 1659 1588 1692 AD
1608 1668 1745 1693 PRIMUM
1765 1667 1863 1692 ERGO
1883 1667 2066 1693 D1CENDUM
2085 1657 2192 1704 quod
2217 1657 2271 1694 ira
2299 1670 2378 1695 non
2405 1657 2539 1695 dicitur
2595 1662 2598 1665 '

1476 1709 1514 1745 in
1542 1710 1627 1745 Deo
1657 1708 1869 1745 secundum
1898 1708 2117 1757 passionem
2146 1709 2279 1747 animi:
2309 1710 2378 1748 sed
2405 1722 2539 1748 secun—

1478 1762 1571 1798 dum
1599 1761 1781 1798 iudicium
1810 1761 1982 1809 iustitiae,
2011 1769 2125 1810 prout
2150 1763 2234 1799 vult
2259 1763 2466 1800 vindictam
2485 1764 2538 1800 fa-

1478 1826 1563 1851 cere
1593 1815 1640 1851 de
1668 1822 1839 1863 peccato.
1869 1815 2052 1851 Peccator
2081 1814 2194 1863 enim,
2218 1816 2432 1864 peccando,
2453 1817 2537 1853 Deo

1477 1867 1569 1904 nihil
1587 1879 1726 1904 nocere
1755 1867 1928 1904 effective
1948 1874 2089 1916 potest:
2119 1876 2248 1905 tamen
2269 1881 2314 1905 ex
2331 1876 2438 1918 parte
2457 1881 2536 1916 sua,

1478 1920 1672 1968 dupliciter
1701 1927 1831 1956 contra
1859 1921 1987 1957 Deum
2021 1920 2105 1968 agit.
2135 1921 2265 1957 Primo
2294 1921 2464 1970 quidem,
2483 1922 2538 1958 in-

1478 1981 1663 2021 quantum
1701 1985 1791 2009 eum
1820 1972 1859 2009 in
1887 1973 1963 2009 suis
2001 1973 2188 2010 mandatis
2223 1974 2442 2011 contemnit.
2473 1975 2538 2011 Se-

1479 2026 1616 2072 cundo,
1632 2025 1859 2074 inquantum
1879 2033 2156 2062 nocumentum
2177 2026 2331 2075 aliquod
2345 2027 2456 2064 infert
2474 2026 2538 2064 ali-

1478 2079 1550 2125 cui,
1575 2079 1638 2115 vel
1667 2078 1737 2115 sibi
1765 2079 1827 2115 vel
1856 2078 1981 2115 alteri:
2011 2079 2115 2127 quod
2144 2079 2191 2116 ad
2211 2080 2340 2116 Deum
2364 2079 2536 2128 pertinet,

1477 2139 1591 2180 prout
1609 2131 1668 2167 ille
1690 2131 1749 2168 cui
1773 2138 2049 2168 nocumentum
2079 2131 2248 2179 infertur,
2269 2133 2340 2170 sub
2359 2132 2432 2169 Dei
2451 2144 2537 2182 pro-

1476 2184 1644 2222 videntia
1664 2192 1701 2220 et
1727 2185 1841 2220 tutela
1870 2183 2093 2220 continetur.

1530 2238 1590 2274 AD
1618 2248 1807 2274 SECUNDUM
1835 2248 2019 2273 DxcENDUM
2049 2236 2154 2284 quod
2183 2237 2379 2275 irascimur
2407 2245 2537 2275 contra

1477 2289 1559 2326 illos
1595 2289 1659 2338 qui
1692 2289 1772 2325 aliis
1805 2295 1961 2336 nocent,
1998 2295 2034 2325 et
2061 2289 2269 2327 vindictam
2304 2290 2535 2339 appetimus,

1477 2341 1704 2390 inquantum
1732 2341 1782 2378 illi
1810 2341 1948 2390 quibus
1976 2349 2152 2390 nocetur,
2186 2342 2311 2391 aliquo
2341 2342 2459 2380 modo
2489 2344 2537 2380 ad

1477 2407 1548 2432 nos
1576 2394 1782 2444 pertinent:
1811 2394 1874 2431 vel
1906 2406 1975 2442 per
2007 2394 2173 2443 aliquam
2207 2395 2445 2442 affinitatem,
2474 2397 2536 2433 vel

1477 2459 1546 2496 per
1573 2446 1789 2494 amicitiam,
1813 2447 1875 2483 vel
1896 2447 2029 2483 saltem
2047 2459 2116 2496 per
2136 2447 2451 2485 communionem
2470 2461 2536 2486 na-

1477 2508 1594 2537 turae.

1530 2554 1588 2589 AD
1616 2563 1776 2588 TERTIUM
1796 2562 1979 2588 DICENDUM
2008 2552 2111 2600 quod
2134 2552 2172 2589 id
2201 2552 2239 2589 in
2267 2565 2344 2601 quo
2373 2553 2537 2591 maxime

1477 2605 1694 2652 studemus,
1725 2611 1946 2654 reputamus
1975 2617 2057 2641 esse
2090 2606 2237 2642 bonum
2276 2613 2460 2643 nostrum.
2490 2606 2540 2644 Et

1476 2659 1576 2705 ideo,
1598 2670 1685 2694 cum
1706 2657 1797 2694 illud
1818 2657 2032 2706 despicitur,
2053 2665 2273 2707 reputamus
2292 2671 2363 2696 nos
2383 2671 2538 2708 quoque

1477 2710 1630 2760 despici,
1652 2718 1687 2747 et
1714 2710 1941 2747 arbitramur
1968 2722 2038 2748 nos
2066 2711 2201 2748 laesos.

1529 2766 1588 2801 AD
1617 2775 1789 2806 QUARTUM
1809 2762 1993 2800 DlCENDUM
2013 2764 2118 2812 quod
2146 2771 2235 2801 tunc
2255 2764 2387 2814 aliquis
2410 2772 2539 2802 tacens

1477 2817 1526 2854 ad
1544 2817 1645 2856 iram.
1669 2823 1855 2865 provocat
1873 2816 2126 2864 iniuriantem,
2148 2816 2301 2866 quando
2325 2818 2476 2855 videtur
2494 2829 2540 2854 ex

1477 2877 1698 2918 contemptu
1717 2877 1852 2916 tacere,
1870 2869 1976 2919 quasi
1995 2870 2245 2919 parvipendat
2264 2870 2414 2908 alterius
2429 2871 2537 2908 iram.

1479 2924 1563 2971 Ipsa
1592 2930 1719 2959 autern
1749 2922 1990 2972 parvipensio
2020 2922 2175 2972 quidam
2204 2930 2310 2960 actus
2339 2931 2404 2961 est.

418 3040 444 3071 α)
464 3042 503 3063 est
522 3045 624 3063 nocere.
642 3052 660 3056 —
680 3041 755 3062 nocet
774 3038 826 3062 ΑΒ.

419 3073 443 3106 β)
463 3074 565 3106 appetit
583 3073 737 3098 vindictam.
749 3087 767 3091 -
782 3073 927 3097 vindictam
943 3073 1085 3105 ACpBDl-l,
1103 3073 1248 3097 vindictam
1268 3072 1371 3104 appetit
1385 3072 1427 3096 EF

365 3109 484 3138 GlisDH,
504 3109 609 3141 quaerit
628 3108 771 3132 vindictam
792 3108 867 3132 lLsB.

1534 3037 1559 3070 γ)
1573 3037 1680 3070 secer-it.
1699 3051 1716 3055 -
1729 3036 1818 3070 saciat
1836 3037 1887 3061 EF.

1296 3272 1472 3279 ΛΜΧΛΝΫ
1477 3272 1610 3278 Λκ»νχ,ννν
