2852 4152
0 1883 6 1963 7ν.---”
0 1829 8 1876 -0—

106 340 117 351 ⁸*
133 339 213 361 Ordin.
229 346 256 361 ex
274 338 319 360 Ra-

107 366 175 388 bano.

108 498 118 508 ⁸
134 497 159 518 In
173 501 279 523 corpore.

205 635 222 665 t

103 956 164 1004 ibin‘
181 955 314 979 Comment.

92 3076 104 3086 '¹
117 3074 184 3097 Vere.
199 3081 222 3103 9.

1033 255 1297 301 QUAESTIO
1326 257 1430 303 XIX,
1461 257 1755 294 ARTICULUS
1786 259 1835 294 IX

343 342 419 379 pue
434 329 647 367 considerat
661 331 908 369 intentionem
923 333 1020 370 finis.
1033 334 1143 371 Unde
1159 334 1229 370 alia
1241 334 1402 371 Glossa*

345 381 433 419 dicit
459 381 602 420 ibidem
634 383 738 431 quod
770 385 966 422 thesaurus
997 386 1119 423 cordis
1151 387 1300 423 intentio
1328 393 1399 433 est,

344 445 395 471 ex
419 445 495 482 qua
522 436 626 472 Deus
654 436 793 486 iudicat
819 449 945 485 opera.
970 439 1126 475 Bonitas
1155 439 1254 476 enim
1282 439 1401 476 inten-

343 486 467 533 tionis,
487 493 528 524 ut
546 487 689 525 dictum
719 496 774 525 est
791 488 822 536 ³¹²,
843 491 1030 527 redundat
1053 491 1343 539 quodammodo
1364 491 1400 528 in

343 538 552 576 bonitatem
570 541 786 588 voluntatis,
808 554 905 590 quae
933 543 1019 579 facit
1038 544 1151 580 etiam
1177 544 1399 581 exteriorem

344 598 469 628 actum
498 592 731 630 meritorium
760 594 862 642 apud
890 596 1028 632 Deum.

395 645 455 681 An
482 656 672 682 SECUNDUM
695 657 879 684 mCENDUM
899 648 1002 696 quod
1028 648 1175 685 bonitas
1195 647 1207 673 t
1228 648 1400 686 intentio-

395 757 420 789 ζ)
440 757 552 783 bonitas.
569 771 587 777 -
605 759 662 783 sola
680 758 785 783 bonitas
803 759 873 785 PKa.

2442 274 2512 310 149

1454 335 1510 372 nis
1546 347 1625 372 non
1658 343 1713 372 est
1739 343 1816 373 tota
1845 349 1958 374 causa
1993 339 2115 374 bonae
2151 340 2368 377 voluntatis.
2399 341 2509 378 Unde

1455 387 1548 424 ratio
1576 400 1655 424 non
1682 388 1861 436 sequitur.

1506 442 1564 477 AD
1592 452 1750 478 Telmun
1778 453 1960 478 DtcENDuM
1989 442 2092 490 quod
2117 443 2197 478 sola
2225 443 2364 480 malitia
2393 444 2508 480 inten-

1454 492 1564 529 tionis
1580 493 1717 530 sufficit
1730 494 1778 530 ad
1794 493 1975 530 malitiam
1994 495 2214 531 voluntatis:
2236 503 2272 531 et
2291 495 2376 532 ideo
2399 496 2506 532 etiam

1455 553 1638 592 quantum
1674 546 1774 582 mala
1805 554 1860 583 est
1886 546 2063 593 intentio,
2098 555 2242 584 tantum
2270 553 2289 574 η
2317 548 2417 584 mala
2456 555 2509 584 est
2635 554 2649 576 η

1454 598 1640 634 voluntas.
1668 599 1744 635 Sed
1773 611 1851 636 non
1880 606 1936 636 est
1962 599 2100 636 eadem
2122 599 2214 636 ratio
2244 600 2292 637 de
2321 596 2506 648 bonitate,

1453 657 1495 686 ut
1523 650 1664 687 dictum
1694 659 1749 687 est
1775 651 1805 687 ²¹⁶.

2536 654 2547 665 ⁸
2561 654 2585 675 ln
2603 661 2662 682 resp.
2677 656 2705 677 ad
2721 662 2742 678 2.

1504 763 1530 794 η)
1550 766 1663 788 tantum.
1682 778 1700 782 —
1718 767 1821 789 tantum
1841 764 1920 789 etiam
1942 765 1989 789 Pa.

1013 835 1342 867 Commentaria.
1365 835 1612 868 Cardtnahs
1635 836 1832 869 Caietam

371 921 392 942 n
409 911 503 942 titulo
520 910 642 943 articuli
658 912 770 948 octavi,
786 912 933 943 voluntas
949 913 1084 943 sumitur
1101 919 1137 944 ut
1151 913 1183 943 in
1202 913 1398 953 praecedenti

345 922 504 987 Ianiculo
520 955 546 987 *.

396 999 431 1029 ln
447 1009 579 1039 corpore
598 999 740 1030 eiusdem
754 999 884 1036 articuli,
901 1000 1024 1030 adverte
1040 1000 1155 1040 primo,
1171 1001 1260 1041 quod
1277 1002 1398 1031 Auctor

340 1043 413 1083 plus
435 1043 621 1073 determinat
643 1053 740 1084 quam
759 1043 942 1083 quaesierit:
967 1044 1120 1084 quaesivit
1139 1043 1224 1074 enim
1243 1043 1280 1074 de
1300 1054 1399 1084 quan-

340 1087 427 1118 titate
441 1087 613 1117 voluntatis
637 1094 667 1117 et
689 1087 886 1123 intentionis;
910 1087 1096 1118 determinat
1114 1094 1220 1118 autem
1240 1089 1277 1118 de
1297 1098 1397 1128 quan-

339 1130 427 1161 titate
456 1130 706 1170 praedictorum,
732 1139 762 1162 et
784 1137 871 1161 actus
899 1131 994 1161 etiam
1018 1131 1185 1162 exterioris.
1209 1132 1250 1162 Et
1272 1132 1335 1163 hoc
1357 1132 1396 1162 ad

339 1174 567 1215 perfectionem
597 1174 771 1211 doctrinae;
804 1181 834 1204 et
863 1181 992 1214 propter
1024 1175 1218 1205 identitatem
1250 1176 1395 1212 rationis,

340 1218 448 1258 quoad
471 1218 541 1254 hoc,
559 1218 591 1248 in
614 1219 777 1249 voluntate
801 1225 831 1248 et
849 1225 919 1248 actu
943 1219 1095 1255 exteriori,
1112 1219 1241 1249 sublatis
1263 1219 1396 1259 impedi-

339 1268 463 1292 mentis.

393 1305 531 1336 Adverte
553 1305 710 1340 secundo,
732 1305 822 1345 quod
843 1304 877 1334 in
898 1304 1001 1335 littera
1024 1305 1225 1344 distinguitur
1250 1312 1316 1335 tam
1338 1316 1395 1336 vo-

338 1349 444 1380 luntas
465 1358 564 1389 quam
586 1355 674 1378 actus
698 1347 846 1378 exterior:
862 1354 1005 1386 respectu
1024 1348 1141 1378 scilicet
1162 1349 1334 1378 secundum
1350 1359 1394 1388 se,

339 1399 370 1422 et
393 1397 428 1422 ut
449 1397 514 1422 stat
534 1391 595 1423 sub
624 1392 805 1421 intentione.
829 1390 871 1420 Et
893 1390 1006 1420 dicitur
1035 1391 1123 1431 quod
1152 1401 1209 1421 nec
1238 1392 1395 1431 quantitas

337 1444 382 1466 ex<
389 1432 530 1470 obiecto,
546 1443 605 1464 nec
620 1434 778 1474 quantitas
793 1443 831 1464 ex
845 1433 945 1463 modo
956 1434 1151 1470 intensionis,
1168 1435 1327 1466 descendit
1342 1445 1395 1465 ne-

337 1478 470 1509 cessario
493 1477 527 1507 in
549 1483 656 1508 actum
678 1477 839 1508 volitionis
858 1483 913 1508 aut
931 1484 1018 1508 actus
1037 1478 1197 1508 exterioris
1220 1479 1395 1510 secundum

337 1531 385 1558 se,
408 1531 465 1552 seu
488 1520 703 1558 materialiter,
727 1521 808 1551 idest
829 1527 866 1551 ut
888 1521 1023 1551 tendunt
1041 1521 1073 1551 in
1097 1531 1154 1551 sua
1177 1522 1299 1552 obiecta
1321 1533 1395 1562 pro-

336 1565 420 1605 pria:
449 1565 504 1595 sed
527 1564 684 1605 quantitas
714 1571 861 1605 utraque,
886 1564 1002 1596 scilicet
1025 1575 1061 1595 ex
1084 1565 1210 1596 obiecto
1239 1572 1269 1596 et
1296 1567 1395 1597 modo

337 1608 533 1644 intensionis,
552 1608 708 1640 redundat
729 1609 763 1639 in
785 1615 958 1649 utrumque
981 1615 1098 1645 actum,
1116 1609 1233 1640 scilicet
1250 1610 1395 1641 volunta-

335 1652 379 1684 tis
404 1659 437 1684 et
459 1652 635 1689 exterioris,
659 1659 695 1683 ut
717 1659 800 1683 stant
831 1653 890 1683 sub
912 1652 1102 1689 intentione,
1127 1662 1183 1683 seu
1206 1653 1395 1690 formaliter,

335 1696 417 1727 idest
438 1703 474 1727 ut
496 1696 631 1727 tendunt
652 1696 686 1727 in
707 1696 806 1727 finem
828 1706 925 1737 quem
943 1696 1068 1736 respicit
1089 1696 1232 1727 intentio.

392 1740 430 1771 11.
450 1740 486 1770 In
508 1740 714 1780 responsione
733 1741 773 1770 ad
796 1740 923 1770 tertium
943 1739 1085 1770 eiusdem
1107 1740 1238 1777 articuli,
1262 1741 1395 1772 dubium

336 1783 472 1815 occurrit
489 1784 656 1824 quomodo
668 1784 845 1815 verificetur
864 1785 952 1824 quod
969 1789 1122 1824 quantum
1137 1785 1224 1815 mala
1237 1791 1283 1816 est
1297 1786 1396 1815 inten-

337 1828 392 1866 tio,
409 1833 532 1859 tantum
554 1829 641 1859 mala
657 1833 704 1858 est
719 1829 882 1859 voluntas:
899 1838 939 1858 an
956 1828 1072 1858 scilicet
1086 1827 1264 1859 verificatur
1286 1829 1325 1859 de
1339 1839 1396 1859 vo-

334 1871 456 1902 luntate
479 1871 679 1902 materialiter
702 1878 732 1902 et
755 1872 930 1902 secundum
951 1881 997 1908 se;
1022 1878 1077 1902 aut
1100 1871 1283 1911 formaliter,
1307 1879 1338 1904 et
1360 1880 1396 1903 ut

336 1921 398 1945 stat
419 1915 478 1946 sub
502 1915 687 1946 intentione.
713 1915 745 1946 Si
762 1916 901 1946 secundo
921 1916 1031 1951 modo,
1053 1915 1140 1946 nulla
1159 1922 1205 1946 est
1224 1916 1395 1947 differentia

334 1957 416 1989 inter
431 1959 638 2000 quantitatem
652 1959 800 1991 bonitatis
822 1965 853 1990 et
873 1960 1019 1996 malitiae,
1036 1959 1068 1990 in
1083 1960 1158 1990 hoc:
1179 1960 1342 2000 quoniam,
1359 1967 1396 1991 ut

335 2001 368 2032 in
392 2011 524 2043 corpore
540 2002 662 2033 articuli
677 2009 771 2043 patet,
789 2004 946 2043 quantitas
965 2003 1148 2035 intentionis
1164 2004 1266 2034 bonae
1280 2005 1394 2034 redun-

335 2045 390 2076 dat
406 2046 439 2076 in
462 2046 659 2077 voluntatem
675 2053 706 2077 et
728 2053 834 2077 actum
850 2047 1031 2078 formaliter.
1049 2047 1080 2078 Si
1095 2047 1198 2086 primo
1223 2048 1333 2084 modo,
1350 2048 1394 2078 sic

335 2090 533 2121 convincitur
555 2090 671 2121 falsum
694 2090 874 2122 manifeste:
899 2091 1052 2132 quoniam
1073 2097 1183 2121 neutra
1206 2091 1324 2122 malitia
1339 2101 1393 2121 ne-

336 2133 469 2164 cessario
494 2134 653 2165 descendit
677 2143 713 2164 ex
731 2134 905 2165 intentione
921 2135 953 2165 in
968 2135 1165 2165 voluntatem
1184 2135 1391 2166 materialiter.

390 2177 441 2208 111.
458 2178 509 2208 Ad
524 2177 587 2208 hoc
610 2177 723 2215 dicitur
745 2179 831 2219 quod
849 2188 884 2208 ea
907 2189 988 2219 quae
1005 2179 1086 2209 dicta
1109 2185 1184 2209 sunt
1205 2179 1238 2208 in
1262 2189 1393 2219 corpore

334 2219 466 2257 articuli,
489 2220 687 2252 verificantur
705 2221 744 2252 de
767 2222 941 2262 quantitate
964 2222 1111 2252 bonitatis
1138 2229 1168 2253 et
1187 2222 1333 2253 malitiae.
1353 2223 1394 2253 Et

334 2263 372 2294 de
385 2265 524 2295 bonitate
534 2265 674 2306 quidem,
684 2265 717 2295 in
729 2265 830 2296 littera
844 2273 943 2305 patet:
962 2267 1000 2296 de
1011 2266 1130 2296 malitia
1145 2272 1260 2302 autem,
1275 2265 1393 2296 eisdem

331 2307 506 2338 redonibus
525 2309 685 2349 probatur.
701 2309 797 2346 Quod
817 2310 903 2340 enim
919 2310 1077 2350 quantitas
1091 2310 1193 2339 malae
1211 2309 1394 2340 intentionis

331 2360 370 2381 ex
387 2352 523 2388 obiecto,
540 2362 606 2383 non
629 2353 804 2383 necessario
828 2353 995 2384 descendat
1016 2353 1048 2383 in
1065 2353 1262 2383 voluntatem
1286 2363 1394 2384 secun-

331 2394 411 2425 dum
433 2405 484 2432 se,
507 2402 593 2436 patet
615 2407 652 2427 ex
674 2396 752 2432 hoc,
776 2397 865 2438 quod
892 2396 1058 2428 intendens
1086 2396 1217 2438 aliquod
1239 2406 1392 2436 magnum

1450 913 1580 950 malum,
1605 920 1710 953 potest
1731 915 1810 945 velle
1834 914 1880 946 uti
1902 916 2010 956 aliquo
2026 915 2133 946 medio
2149 925 2215 946 non
2230 915 2418 947 sufficienter
2433 926 2507 947 con-

1450 967 1530 987 sono
1554 964 1641 988 tanto
1665 958 1766 988 malo:
1791 958 1871 989 sicut
1894 959 1919 989 si
1943 960 2014 999 quis
2032 960 2125 991 vellet
2148 970 2251 990 emere
2275 960 2503 1000 episcopatum,

1450 1007 1480 1031 et
1503 1000 1626 1032 offerret
1649 1002 1731 1032 solas
1759 1012 1875 1042 preces.
1906 1003 2003 1040 Quod
2030 1004 2124 1034 etiam
2147 1004 2304 1044 quantitas
2327 1004 2428 1034 malae
2457 1005 2505 1035 in-

1449 1044 1596 1075 tentionis
1616 1055 1652 1075 ex
1675 1046 1783 1082 modo,
1804 1056 1869 1076 non
1889 1047 2056 1077 descendat
2074 1047 2106 1077 in
2125 1047 2332 1087 quantitatem
2355 1054 2442 1078 actus
2462 1058 2507 1078 se-

1449 1088 1590 1118 cundum
1603 1098 1645 1125 se,
1660 1096 1746 1128 patet
1759 1099 1794 1119 ex
1807 1090 1877 1125 hoc,
1894 1091 1982 1130 quod
1995 1091 2148 1130 contingit
2158 1091 2278 1122 intense
2291 1091 2504 1122 intendentem

1449 1132 1648 1168 adulterium,
1673 1133 1779 1163 minus
1802 1133 1933 1163 libenter
1949 1134 2087 1173 frangere
2111 1144 2250 1170 murum,
2275 1145 2330 1174 per
2345 1145 2442 1175 quem
2457 1135 2504 1165 in·
2528 1147 2531 1150 ’

1448 1175 1606 1215 grediatur
1634 1176 1673 1206 ad
1692 1176 1850 1207 intentum
1877 1177 2068 1208 habendum.
2094 1177 2179 1208 Cum
2201 1178 2295 1217 igitur
2318 1188 2381 1208 non
2411 1189 2504 1218 opor-

1446 1226 1511 1250 teat
1533 1229 1600 1250 esse
1622 1229 1733 1250 verum
1755 1221 1845 1261 quod
1863 1228 2019 1260 quantum
2042 1221 2126 1251 mala
2146 1228 2192 1251 est
2214 1221 2356 1257 intentio,
2381 1228 2504 1252 tantum

1448 1263 1531 1292 mala
1563 1263 1602 1293 sit
1629 1264 1775 1294 voluntas
1806 1264 2019 1300 materialiter;
2051 1265 2238 1305 relinquitur
2267 1272 2302 1295 ut
2330 1265 2505 1296 verificetur

1447 1306 1510 1336 hoc
1533 1307 1653 1336 dictum
1676 1308 1714 1338 de
1737 1308 1900 1338 voluntate
1928 1308 2118 1344 formaliter,
2138 1308 2218 1338 idest
2240 1315 2276 1339 ut
2299 1315 2359 1339 stat
2381 1309 2439 1339 sub
2457 1309 2504 1339 in-

1447 1350 1597 1380 tentione.

1503 1393 1544 1422 Et
1567 1394 1606 1422 ad
1625 1394 1836 1424 obiectionem
1856 1401 1963 1425 contra
1978 1395 2048 1431 hoc,
2067 1395 2180 1425 dicitur
2198 1396 2296 1435 quod,
2313 1402 2414 1426 stante
2431 1395 2503 1434 hoc,

1447 1436 1584 1466 salvatur
1606 1436 1776 1467 differentia
1804 1438 1884 1468 inter
1906 1439 2114 1479 quantitatem
2143 1439 2292 1470 bonitatis
2316 1446 2347 1470 et
2369 1439 2504 1470 malitiae

1447 1479 1480 1508 in
1508 1479 1587 1515 hoc,
1620 1481 1708 1520 quod
1741 1481 1897 1520 quantitas
1927 1482 2064 1512 malitiae
2092 1482 2275 1513 intentionis
2307 1490 2354 1513 est
2381 1493 2505 1523 semper

1448 1522 1605 1562 quantitas
1621 1523 1756 1554 malitiae
1770 1525 1941 1555 voluntatis
1957 1525 2138 1562 formaliter,
2159 1526 2239 1557 sicut
2255 1527 2343 1567 quod
2360 1527 2502 1558 absolute

1449 1566 1611 1597 constituit
1634 1577 1704 1596 eam
1725 1574 1848 1598 tantum
1871 1568 2002 1598 malam:
2026 1570 2183 1608 quantitas
2199 1580 2273 1600 vero
2296 1570 2443 1601 bonitatis
2457 1570 2503 1600 in-

1448 1610 1596 1640 tentionis
1620 1620 1685 1640 non
1709 1617 1834 1650 oportet
1857 1612 1946 1651 quod
1968 1612 2008 1642 sit
2035 1613 2191 1652 quantitas
2215 1613 2362 1644 bonitatis
2389 1614 2503 1644 volun-

1448 1653 1530 1684 tatis.
1547 1654 1588 1684 Et
1603 1654 1682 1684 ratio
1698 1654 1887 1685 differentiae
1911 1661 1965 1691 est,
1983 1655 2057 1696 quia
2072 1657 2153 1686 sicut
2174 1657 2359 1696 simpliciter
2373 1658 2415 1688 ad
2430 1659 2501 1688 sim-

1443 1698 1582 1737 pliciter,
1601 1699 1645 1728 ita
1662 1699 1768 1738 magis
1782 1699 1825 1728 ad
1840 1700 1945 1739 magis
1959 1699 1985 1729 *.
2004 1698 2137 1730 Constat
2156 1706 2263 1730 autern
2280 1701 2367 1740 quod
2386 1701 2504 1731 malitia
2530 1709 2683 1739 ’,ΕῇΑῄςιοι
2694 1711 2742 1731 To—

1447 1741 1479 1771 in
1503 1741 1678 1771 intentione
1701 1741 1815 1772 sufficit
1833 1743 1873 1772 ad
1890 1742 2143 1773 constituendam
2156 1743 2353 1773 voluntatem
2376 1745 2502 1780 malam,
2526 1736 2637 1784 {f⁶}¹1.¹¹2b.·'
2648 1736 2713 1783 iiivfa
2733 1753 2739 1784 ἶ

1448 1785 1572 1815 bonitas
1596 1792 1702 1815 autem
1726 1794 1809 1815 non:
1834 1786 1908 1826 quia
1924 1786 2038 1816 bonum
2055 1792 2178 1817 constat
2193 1797 2234 1817 ex
2250 1797 2347 1818 causa
2364 1789 2502 1828 integra,
2531 1793 2638 1814 cap-‘'ssh
2650 1794 2671 1809 ¹¹·
2682 1794 2703 1816 ἓν
2714 1785 2738 1815 4Ᾰ

1449 1829 1568 1859 malum
1593 1834 1698 1859 autem
1723 1839 1764 1859 ex
1771 1830 2025 1869 particularibus
2045 1830 2218 1871 defectibus
2233 1830 2259 1860 *.
2277 1831 2378 1867 Unde,
2400 1832 2503 1862 dando
2530 1841 2538 1848 ·
2550 1839 2584 1869 cf.
2596 1839 2740 1867 Dionys..de

1447 1872 1682 1913 eleemosynam
1705 1880 1833 1912 propter
1847 1873 1974 1903 inanem
1996 1874 2140 1913 gloriam,
2158 1884 2223 1903 non
2248 1874 2354 1904 solum
2370 1875 2502 1906 intentio
2529 1865 2585 1912 3(st
2594 1865 2671 1913 sss‘ss'ffi
2685 1872 2737 1913 {²032

1447 1923 1494 1946 est
1505 1916 1597 1953 mala,
1609 1916 1663 1946 sed
1677 1917 1771 1947 etiam
1786 1924 1872 1947 actus
1886 1917 2071 1947 formaliter:
2089 1925 2119 1948 et
2132 1925 2368 1958 consequenter,
2383 1926 2502 1959 quanto
2530 1923 2587 1938 ⁸¹¹¹·

1446 1960 1535 2000 peior
1559 1967 1605 1992 est
1627 1960 1770 1997 intentio,
1797 1967 1884 1991 tanto
1908 1961 1997 2001 peior
2020 1961 2077 1992 erit
2099 1968 2187 1992 actus
2211 1961 2391 1993 formaliter.
2417 1963 2504 1993 Sicut

1445 2004 1588 2034 absolute
1612 2004 1794 2034 conceditur
1817 2005 1905 2045 quod
1929 2011 2016 2034 actus
2041 2005 2141 2035 dantis
2171 2005 2405 2046 eleemosynam
2429 2017 2503 2046 pro-

1446 2054 1514 2087 pter
1529 2047 1657 2077 inanem
1680 2047 1822 2087 gloriam,
1841 2055 1886 2078 est
1900 2048 2015 2083 malus;
2040 2048 2081 2078 ita
2105 2049 2247 2079 absolute
2264 2050 2503 2080 concedendum

1447 2098 1493 2122 est
1513 2091 1602 2131 quod
1617 2098 1704 2121 actus
1723 2091 1825 2122 dantis
1845 2092 2078 2132 eleemosynam
2095 2099 2224 2132 propter
2243 2093 2413 2123 maximam
2430 2093 2502 2124 affe-

1446 2135 1584 2165 ctionem
1599 2135 1700 2165 inanis
1716 2135 1843 2174 gloriae,
1862 2142 1908 2165 est
1923 2135 2022 2175 peior.
2040 2136 2080 2166 Et
2099 2136 2240 2166 similiter
2259 2137 2284 2166 si
2298 2136 2351 2167 fiat
2374 2144 2502 2177 propter

1446 2179 1548 2209 maius
1571 2179 1702 2215 malum,
1720 2185 1796 2218 puta
1815 2179 2052 2209 subversionem
2075 2179 2157 2210 fidei.
2175 2179 2246 2216 Sed,
2267 2180 2401 2211 furando
2426 2181 2502 2211 divi-

1445 2229 1510 2252 tem
1533 2229 1662 2262 propter
1685 2222 1938 2252 subveniendum
1956 2223 2157 2263 pauperibus,
2174 2223 2298 2254 bonitas
2321 2224 2502 2255 intentionis

1446 2275 1511 2295 non
1536 2266 1698 2296 constituit
1720 2266 1895 2296 bonitatem
1918 2273 2021 2296 actus:
2047 2273 2077 2296 et
2095 2274 2323 2307 consequenter
2346 2268 2502 2308 quantitas

1445 2309 1592 2339 bonitatis
1615 2309 1648 2339 in
1672 2309 1855 2345 intentione,
1873 2319 1939 2339 non
1962 2310 2125 2340 constituit
2147 2310 2356 2350 quantitatem
2379 2311 2503 2342 bonita-

1445 2353 1484 2383 tis
1507 2353 1540 2382 in
1565 2359 1646 2383 actu.
1665 2353 1699 2383 ln
1724 2363 1790 2393 quo
1815 2353 1900 2383 enim
1923 2363 1989 2383 non
2013 2354 2142 2393 ponitur
2165 2354 2304 2391 bonitas,
2328 2354 2360 2384 in
2383 2364 2422 2385 eo
2446 2365 2503 2385 nec

1445 2396 1603 2437 quantitas
1621 2396 1705 2427 illius
1725 2397 1853 2436 cogitari
1875 2404 1989 2437 potest.
2007 2398 2048 2427 Et
2069 2398 2146 2428 haec
2163 2405 2208 2428 est
2223 2398 2356 2429 intentio
2372 2398 2502 2429 litterae.

1143 2530 1460 2572 ARTICULUS
1490 2531 1690 2572 NONUS

720 2615 875 2646 UTRUM
897 2614 1083 2645 BONITAS
1106 2613 1384 2645 VOLUNTATIS
1407 2615 1667 2645 DEPENDEAT
1691 2615 1747 2645 EX
1771 2614 2114 2646 CONFORMITATE

1121 2657 1180 2687 AD
1204 2657 1508 2688 VOLUNTATEM
1531 2658 1715 2689 DIVINAM

998 2726 1008 2750 1
1027 2726 1110 2754 Seni„
1130 2726 1188 2751 dist.
1207 2733 1292 2756 nvm,
1312 2731 1359 2751 art.
1381 2734 1407 2756 1;
1427 2727 1468 2752 De
1490 2727 1579 2757 Ver-it„
1600 2735 1644 2759 qu.
1662 2734 1731 2756 xxm,
1750 2732 1796 2752 art.
1817 2735 1841 2760 7.

422 2822 426 2833 ε
455 2824 522 2860 λς(
545 2819 567 2844 D
596 2817 723 2843 NONUM
751 2817 804 2842 sm
833 2817 1071 2843 moeson-ua.
1101 2805 1260 2842 Videtur
1287 2805 1390 2854 quod

387 2898 391 2908 1
468 2854 523 2915 i?
545 2858 694 2896 bonitas
721 2858 924 2896 voluntatis
942 2858 1133 2895 humanae
1153 2870 1232 2895 non
1252 2857 1392 2906 depen-

353 2912 375 2955 ’,,
404 2924 474 2951 0⁷<
496 2914 516 2958 6
531 2906 633 2949 deat
651 2923 697 2948 ex
725 2910 986 2947 conformitate
1003 2909 1207 2948 voluntatis
1228 2910 1389 2948 divinae.

343 2958 361 2983 ⁷'
392 2955 537 2997 §³:51ssss
563 2963 782 3012 mpossibile
803 2970 858 3000 est
885 2963 986 2999 enim
1005 2963 1239 3000 voluntatem
1267 2963 1390 3000 homi-

332 3016 390 3054 nis
410 3015 638 3054 conformari
663 3015 849 3053 voluntati
873 3014 1041 3052 divinae:
1065 3023 1107 3052 ut
1132 3022 1234 3064 patet
1257 3027 1326 3064 per
1353 3015 1391 3052 id

333 3068 439 3117 quod
458 3068 592 3106 dicitur
611 3068 728 3106 Isaiae
747 3080 794 3105 1.v
812 3067 849 3104 *ε
878 3068 980 3104 Sicut
1005 3068 1220 3104 exaltantur
1246 3067 1342 3104 caeli
1365 3080 1390 3104 a

333 3128 447 3167 terra,
467 3121 519 3158 ita
546 3121 734 3158 exaltatae
758 3127 846 3158 sunt
870 3121 955 3157 viae
981 3132 1088 3157 meae
1110 3132 1134 3157 a
1152 3121 1222 3157 viis
1239 3121 1389 3166 vestris,

333 3180 369 3212 et
401 3174 643 3224 cogitationes
678 3185 785 3211 meae
811 3186 835 3210 a
863 3173 1147 3223 cogitationibus
1178 3172 1319 3210 vestris.
1349 3172 1390 3210 Si

334 3239 422 3274 ergo
451 3226 500 3264 ad
520 3226 728 3264 bonitatem
745 3225 949 3264 voluntatis
973 3225 1223 3273 requireretur
1242 3225 1389 3262 confor-

332 3279 444 3317 mitas
476 3279 526 3316 ad
554 3278 723 3316 divinam
756 3280 1009 3325 voluntatem,
1040 3285 1259 3327 sequeretur
1285 3277 1390 3327 quod

331 3331 564 3381 impossibile
581 3339 678 3368 esset
691 3331 858 3369 hominis
877 3332 1112 3368 voluntatem
1129 3343 1209 3368 esse
1235 3331 1388 3368 bonam.

333 3384 449 3432 Quod
478 3391 534 3422 est
560 3383 843 3422 inconveniens.

386 3449 422 3474 2.
443 3438 683 3484 PRAETEREA‚
714 3436 809 3474 sicut
834 3437 1011 3474 voluntas
1044 3443 1171 3474 nostra
1200 3434 1389 3472 derivatur

1447 2818 1469 2842 a
1496 2806 1690 2842 voluntate
1709 2805 1849 2853 divina,
1869 2806 1919 2843 ita
1947 2806 2098 2844 scientia
2116 2815 2244 2845 nostra
2272 2809 2461 2846 derivatur
2480 2821 2502 2846 a

1446 2857 1599 2894 scientia
1628 2858 1767 2895 divina.
1798 2858 1874 2895 Sed
1903 2871 1980 2895 non
2004 2859 2203 2908 requiritur
2230 2860 2278 2896 ad
2307 2861 2500 2898 scientiam

1445 2918 1614 2948 nostram
1649 2911 1754 2960 quod
1787 2911 1831 2948 sit
1868 2912 2073 2948 conformis
2115 2912 2291 2949 scientiae
2330 2913 2499 2950 divinae:

1445 2963 1564 3000 multa
1589 2963 1688 3000 enim
1708 2965 1813 3000 Deus
1841 2963 1909 3000 scit
1933 2976 2030 3012 quae
2050 2977 2121 3001 nos
2145 2964 2376 3012 ignoramus.
2398 2966 2499 3014 Ergo

1445 3027 1524 3052 non
1551 3015 1748 3063 requiritur
1776 3016 1881 3064 quod
1914 3017 2089 3053 voluntas
2117 3025 2245 3054 nostra
2279 3018 2325 3054 sit
2353 3019 2501 3055 confor-

1446 3067 1518 3104 mis
1545 3068 1728 3104 voluntati
1758 3068 1917 3105 divinae.
2182 3100 2185 3101 γ

1501 3121 1534 3157 3.
1557 3121 1786 3167 PRAETEREA,
1807 3121 1983 3158 voluntas
2012 3129 2067 3158 est
2086 3121 2242 3159 actionis
2260 3122 2498 3172 principium.

1446 3172 1522 3209 Sed
1551 3172 1648 3209 actio
1685 3180 1812 3210 nostra
1840 3186 1918 3210 non
1945 3181 2069 3222 potest
2097 3174 2327 3212 conformari
2363 3176 2499 3213 actioni

1445 3225 1605 3262 divinae.
1627 3226 1728 3272 Ergo
1757 3238 1829 3262 nec
1855 3227 2030 3263 voluntas
2058 3228 2254 3264 voluntati.

1498 3278 1572 3314 SED
1610 3289 1755 3314 CONTRA
1782 3290 1850 3316 EST
1882 3279 1987 3327 quod
2023 3279 2157 3316 dicitur
2184 3281 2317 3317 Matth.
2349 3293 2431 3318 xxvt
2459 3281 2498 3318 *t
2526 3293 2534 3300 ·
2552 3290 2668 3320 Vers-39-

1443 3330 1534 3368 Non
1562 3331 1658 3367 sicut
1682 3342 1753 3380 ego
1779 3331 1877 3377 volo,
1906 3332 1972 3368 sed
1995 3332 2092 3369 sicut
2117 3339 2155 3369 tu
2182 3333 2260 3370 vis:
2288 3333 2393 3381 quod
2414 3333 2501 3370 dicit

1444 3382 1532 3432 quia
1560 3389 1701 3420 rectum
1728 3383 1809 3420 vult
1834 3396 1911 3421 esse
1937 3385 2137 3431 hominem,
2158 3391 2194 3421 et
2218 3386 2270 3422 ad
2295 3386 2418 3422 Deum
2447 3385 2500 3422 di·
2526 3405 2534 3413 ·
2562 3379 2676 3426 εηαέῖαι.
2711 3405 2736 3426 fn

1442 3436 1529 3485 rigi,
1550 3443 1591 3472 ut
1610 3436 1840 3483 Augustinus
1861 3437 2012 3486 exponit
2033 3443 2049 3458 α
2068 3437 2107 3474 in
2126 3438 2316 3474 Enchirid.
2337 3437 2357 3459 '¹‘
2376 3438 2499 3475 Recti-
2526 3430 2611 3452 ‘'nm'‘
2639 3430 2734 3458 '‘XXI'’

2527 3462 2594 3478 serm.
2610 3463 2625 3478 Ι.

386 3559 414 3593 α)
432 3560 553 3592 exponit.
571 3573 588 3579 —
607 3559 671 3584 dicit
690 3559 736 3584 Pa.
