2678 4146
812 407 1878 517 PRAEFATIO

672 1165 729 1218 A)
757 1165 988 1205 Vaticanus
1018 1164 1174 1213 10155,
1199 1179 1307 1207 saec.
1331 1178 1420 1215 xm,
1444 1128 1641 1206 foliorum
1666 1178 1766 1214 210,
1790 1166 1825 1206 si
1849 1166 1984 1206 credis
2007 1172 2132 1206 notae
2154 1167 2286 1207 ultimi
2307 1167 2414 1208 folii:

271 1275 281 1284 ,
458 1281 465 1289 τ
553 1234 629 1274 sed
664 1247 692 1285 9
727 1234 826 1274 folia
859 1234 1109 1274 deducenda
1141 1241 1256 1283 sunt,
1291 1249 1387 1276 curn
1418 1242 1518 1290 post
1555 1242 1699 1276 notam
1740 1237 1821 1276 130
1855 1236 2060 1276 scribatur
2091 1249 2266 1277 erronee
2311 1249 2415 1288 140;

263 1302 464 1342 addenda
491 1315 596 1342 vero
619 1305 658 1350 6,
693 1303 793 1356 quia
815 1303 915 1342 folia
943 1305 1038 1351 163,
1069 1305 1163 1355 169,
1194 1305 1288 1352 180,
1320 1304 1414 1353 185,
1445 1307 1540 1353 188,
1566 1318 1666 1353 200,
1690 1318 1776 1345 non
1798 1305 1964 1345 fuerunt
1985 1311 2141 1345 notata.
2174 1305 2299 1346 Folio
2330 1310 2416 1348 206

265 1370 404 1424 (203),
430 1371 567 1412 aliena
590 1378 632 1412 et
653 1373 874 1412 recentiori
897 1386 1044 1413 manu:
1077 1374 1272 1427 Explicit
1281 1375 1430 1428 prima
1444 1376 1557 1427 pars
1576 1375 1752 1415 secundi
1775 1375 1876 1415 li‘brz
1898 1388 2091 1415 summae
2111 1374 2215 1416 editi
2231 1389 2259 1416 a
2267 1375 2418 1430 fratre

267 1440 414 1481 thoma
446 1440 499 1480 de
529 1441 672 1489 alkin,·
704 1441 847 1482 titulos
885 1443 1184 1496 quaestionum
1218 1443 1389 1484 exhibet
1425 1444 1615 1499 margine
1647 1445 1870 1497 superiori;
1903 1431 2084 1485 indicem
2123 1445 2251 1486 habet
2287 1446 2416 1486 dorso

266 1510 458 1551 eiusdem
481 1511 568 1551 folii
593 1514 693 1560 206,
718 1525 845 1552 manu
868 1513 1104 1566 scriptoris:
1138 1514 1353 1567 Incipiunt
1369 1513 1556 1567 capitula
1568 1514 1741 1568 primae
1754 1514 1898 1568 partis
1917 1514 2093 1554 secundi
2110 1514 2211 1555 libri
2226 1528 2419 1556 summae

263 1579 402 1622 editae
422 1594 450 1621 a
458 1580 611 1635 fratre
633 1583 777 1622 thoma
798 1582 851 1622 de
871 1583 1028 1635 aquino
1056 1583 1216 1623 ordinis
1234 1583 1437 1637 fratrum
1453 1583 1826 1637 praedicatorum,·
1852 1583 1893 1623 in
1916 1584 2011 1632 fine,
2035 1584 2169 1624 aliena
2195 1591 2240 1625 ut
2266 1585 2418 1639 opinor

267 1664 413 1692 manu:
447 1651 702 1706 Expliciunt
730 1652 917 1707 capitula
940 1654 1114 1707 primae
1135 1654 1281 1707 partis
1311 1652 1488 1694 secundi
1516 1653 1617 1693 libri
1644 1653 1748 1693 editi
1775 1667 1803 1693 a
1823 1653 1973 1707 fratre
2005 1655 2150 1694 thoma
2181 1654 2232 1694 de
2263 1656 2418 1708 aquino

264 1721 426 1762 ordinis
447 1721 809 1775 praedicatorum.
843 1723 936 1762 Deo
963 1723 1159 1775 gratias,·
1190 1729 1426 1776 sequuntur
1459 1729 1641 1777 quatuor
1671 1736 1822 1763 versus
1854 1723 2013 1763 insulsi.

385 1791 436 1845 B)
471 1792 702 1832 Vaticanus
738 1794 837 1845 737,
872 1805 980 1832 saec.
1005 1805 1094 1840 xm,
1129 1792 1326 1834 foliorum
1367 1792 1461 1833 151.
1496 1794 1703 1833 Numerat
1734 1793 2025 1846 quaestiones,
2057 1793 2134 1833 sed
2166 1793 2309 1834 titulos
2333 1807 2418 1834 non

263 1861 410 1910 habet;
443 1862 546 1902 folio
587 1874 692 1915 147:
725 1862 921 1916 Explicit
939 1864 1088 1917 prima
1113 1863 1335 1911 secundae,
1372 1863 1527 1916 quibus
1560 1864 1641 1903 alia
1673 1876 1824 1904 manus
1856 1863 2024 1903 adiecit:
2058 1864 2172 1903 beati
2200 1864 2338 1904 tliome
2369 1864 2420 1904 de

271 1932 429 1985 aquino
460 1932 622 1972 ordinis
644 1932 1018 1986 praedicatorum‚·
1050 1940 1149 1987 post
1182 1933 1380 1973 indicem:
1413 1933 1669 1987 Expliciunt
1685 1933 1873 1987 capitula
1893 1934 2066 1987 primae
2084 1933 2230 1986 partis
2248 1933 2424 1974 secundi

270 2002 372 2043 libri
400 2002 504 2042 editi
531 2016 559 2043 a
593 2002 745 2056 (super
786 2016 974 2043 rasuram
1014 2004 1182 2056 sancto)
1221 2004 1366 2043 thoma
1398 2003 1450 2043 de
1487 2003 1643 2056 aquino
1683 2003 1735 2043 de
1777 2003 1922 2043 ordine
1950 2002 2310 2056 praedicatorum.
2344 2003 2419 2043 deo

256 2072 440 2125 gratias.

387 2142 438 2195 C)
457 2142 690 2182 Vaticanus
710 2144 809 2195 734,
828 2155 936 2183 saec.
955 2155 1039 2183 xm.
1064 2143 1186 2182 Folia
1207 2148 1407 2182 notantur
1425 2144 1524 2191 232,
1543 2142 1619 2182 sed
1642 2155 1790 2183 revera
1811 2149 1909 2183 sunt
1928 2145 2026 2191 233,
2045 2143 2145 2196 quia
2166 2143 2312 2183 folium
2331 2155 2416 2184 222

267 2217 438 2251 notator
469 2212 667 2266 neglexit.
701 2212 888 2252 Indicem
922 2212 1050 2252 habet
1082 2213 1122 2251 in
1146 2212 1373 2265 principio:
1406 2213 1621 2265 Incipiunt
1643 2212 1831 2266 capitula
1864 2219 1952 2260 etc„
1976 2218 2022 2252 ut
2055 2213 2116 2260 A3
2145 2225 2254 2266 opus
2277 2213 2420 2266 incipit

265 2282 368 2322 folio
405 2293 450 2335 7;
483 2295 684 2322 numeros
708 2288 749 2322 et
770 2283 914 2322 titulos
939 2283 1237 2335 quaestionum
1261 2283 1494 2323 rubricator
1516 2295 1602 2322 non
1624 2283 1833 2336 implevit;
1867 2283 1908 2322 in
1931 2283 2026 2330 fine,
2050 2282 2151 2322 folio
2175 2294 2264 2334 229
2287 2282 2418 2336 (230),

268 2352 324 2392 nil
359 2352 462 2392 nisi:
496 2352 716 2405 Explicit,-
747 2358 846 2405 post
877 2352 1023 2392 folium
1059 2353 1146 2392 230
1170 2352 1290 2405 (231)
1313 2352 1467 2400 album,
1492 2358 1726 2406 sequuntur
1757 2352 1842 2392 duo
1876 2353 1974 2392 folia
2006 2365 2243 2406 papyracea
2265 2353 2419 2392 recenti

271 2435 398 2463 manu
438 2421 668 2461 indiculum
708 2422 1018 2475 alphabeticum
1057 2422 1334 2470 continentia;
1369 2422 1410 2462 in
1447 2422 1669 2476 principio:
1703 2423 1858 2475 Incipit
1891 2422 2037 2462 tabula
2073 2424 2203 2475 super
2227 2423 2420 2475 primam

261 2495 435 2546 partem
467 2492 678 2531 secundae
689 2492 835 2545 partis
854 2504 1048 2532 summae
1078 2493 1219 2531 sancti
1236 2492 1375 2531 thome
1396 2491 1448 2531 de
1468 2492 1624 2544 aquino
1644 2491 1805 2531 ordinis
1823 2491 2025 2553 fratrum
2048 2491 2420 2545 praedicatorum,-

264 2563 305 2603 in
334 2562 436 2602 fine:
460 2564 544 2615 exp
552 2562 642 2601 licit
670 2561 817 2601 tabula
838 2563 969 2615 super
990 2562 1182 2615 primam
1202 2561 1412 2601 secundae
1419 2561 1586 2613 fratris
1607 2561 1775 2601 tliomae
1796 2561 1847 2601 de
1868 2562 2023 2614 aquino
2045 2561 2205 2601 ordinis
2219 2561 2420 2615 fratrum

255 2632 616 2687 praedicatorum.

386 2702 444 2755 D)
482 2702 714 2742 Vaticanus
755 2703 856 2754 736,
892 2714 1001 2741 saec.
1025 2713 1117 2748 xm,
1150 2701 1348 2740 foliorum
1379 2702 1472 2741 182.
1507 2700 1693 2740 Indicem
1726 2701 1847 2754 ponit
1878 2701 1919 2739 in
1953 2700 2178 2754 principio:
2211 2701 2425 2754 Incipiunt

267 2772 456 2826 capitula
489 2771 666 2811 secundi
694 2771 796 2811 libri
823 2771 875 2811 de
905 2784 1074 2811 summa
1094 2769 1261 2824 fratris
1282 2771 1427 2811 thoma
1447 2770 1500 2810 de
1521 2771 1676 2823 aquin,·
1708 2770 1810 2810 folio
1835 2769 1882 2810 5:
1916 2771 1966 2809 In
1988 2771 2154 2810 nomine
2173 2770 2335 2810 domini
2351 2771 2424 2810 nri

265 2842 365 2888 ihu,-
403 2841 550 2881 rubro:
586 2842 743 2894 Incipit
760 2841 945 2881 secunda
971 2844 1082 2894 pars
1107 2853 1301 2881 summae
1322 2840 1374 2880 de
1395 2840 1604 2893 theologia
1637 2839 1774 2880 editae
1794 2853 1821 2879 a
1830 2839 1980 2893 fratre
2012 2840 2156 2879 thoma
2187 2839 2239 2879 de
2265 2840 2421 2892 aquino

266 2911 428 2952 ordinis
459 2911 662 2965 fratrum
692 2911 1053 2964 praedicatorum.
1091 2911 1293 2962 Quaestio
1322 2911 1471 2964 prima
1503 2910 1556 2950 de
1586 2910 1733 2950 ultimo
1753 2910 1851 2962 fine
1881 2909 2064 2949 hominis
2100 2909 2143 2948 in
2185 2909 2421 2956 communi,-

266 2982 411 3022 titulos
444 2982 499 3021 ad
533 2981 806 3035 quaestiones
841 2981 1022 3028 exhibet,
1046 2980 1255 3020 interdum
1280 2970 1406 3021 etiam
1439 2980 1493 3020 ad
1526 2980 1744 3028 articulos;
1780 2980 1820 3019 in
1848 2980 1949 3019 fine:
1983 2979 2068 3019 Hic
2089 2979 2196 3019 liber
2224 2982 2288 3019 est
2314 2979 2419 3019 scri-

258 3055 364 3107 ptus
395 3052 473 3105 qui
499 3052 672 3106 scripsit
700 3052 759 3091 sit
787 3050 1034 3091 benedictus.
1068 3050 1262 3104 Explicit
1281 3051 1430 3103 prima
1453 3051 1576 3104 pars.

392 3122 445 3175 E)
481 3121 798 3161 Ottobonianus
835 3133 932 3172 209,
969 3133 1076 3160 saec.
1101 3133 1188 3176 xm,
1222 3120 1417 3160 foliorum
1459 3119 1552 3160 156.
1587 3120 1792 3160 Numerat
1825 3119 2096 3173 quaestiones
2131 3124 2171 3158 et
2209 3118 2417 3166 articulos,

266 3191 375 3231 tituli
409 3191 724 3238 desiderantum
757 3190 859 3231 folio
901 3189 994 3237 155,
1019 3196 1118 3243 post
1148 3189 1349 3230 indicem:
1383 3189 1638 3243 Expliciunt
1670 3188 1857 3243 capitula
1880 3189 2053 3243 primae
2075 3188 2220 3241 partis
2248 3187 2424 3227 secundi

267 3261 370 3301 libri
398 3261 502 3301 editi
530 3275 558 3301 a
579 3260 730 3315 fratre
762 3261 906 3300 thoma
939 3260 990 3300 de
1021 3261 1177 3312 aquino
1209 3260 1370 3300 ordinis
1393 3259 1752 3314 praedicatorum.
1788 3259 1841 3299 Si
1867 3259 1980 3299 male
2010 3258 2116 3311 quid
2129 3257 2226 3311 feci
2251 3258 2419 3297 veniam

258 3334 359 3385 peto
390 3332 432 3371 si
463 3331 564 3371 bene
590 3334 763 3384 grates‚·
796 3330 986 3384 sequitur
1017 3329 1224 3370 indiculus
1258 3330 1545 3383 alphabeticus
1579 3342 1706 3369 manu
1740 3329 1866 3369 credo
1901 3328 2127 3382 scriptoris.

390 3402 441 3455 F)
478 3401 796 3441 Ottobonianus
831 3413 928 3447 202,
955 3413 1062 3440 saeC.
1086 3413 1174 3447 x111,
1208 3400 1404 3440 foliorum
1436 3401 1529 3451 198.
1565 3399 1689 3439 Folio
1714 3398 1752 3447 5,
1776 3399 1912 3439 aliena
1934 3412 2071 3446 manu,
2096 3398 2242 3438 rubro:
2276 3397 2423 3450 incipit

257 3473 407 3526 prima
448 3471 661 3512 secundae
693 3471 806 3511 edita
838 3485 866 3511 a
891 3470 1041 3525 fratre
1079 3470 1223 3510 thoma
1256 3470 1307 3510 de
1339 3470 1495 3523 aquino
1531 3468 1582 3509 de
1622 3470 1769 3509 ultimo
1784 3470 1880 3521 fine
1916 3469 2097 3508 hominis
2134 3468 2177 3508 in
2211 3467 2423 3507 communi
