2852 4152
143 968 154 979 ¹*
168 967 245 990 S.Th.
262 967 315 988 lect.
328 973 351 988 x.

144 1006 154 1010 -
175 994 227 1015 Did.
247 993 287 1015 lib.
308 993 352 1020 lx,

145 1026 194 1047 cap.
205 1026 254 1041 viu.

140 1938 148 1945 ·
167 1935 213 1963 Qu.
229 1941 258 1962 ιι,
273 1939 314 1957 art.
329 1941 350 1956 τι.

140 2148 148 2156 ·
157 2146 225 2168 Cf.ca
244 2161 250 2166 .
260 2152 285 2173 u,
295 2146 349 2172 n.8,

140 2173 212 2201 9.-S.
238 2172 349 2194 h.1ect.11.

138 2463 150 2474 ⁸
165 2462 197 2484 Ca
217 2478 222 2484 .
236 2469 259 2490 11,
275 2462 350 2484 n.6.-

140 2489 196 2511 S.T
214 2505 220 2510 .
235 2489 287 2511 lect.
301 2495 325 2510 11.

139 2727 196 2775 8le
215 2742 222 2774 .-
235 2732 351 2774 ffgcss'„7·'

382 180 455 216 336

383 270 440 291 nec
458 261 557 291 oritur
573 270 706 301 quoquo
722 260 820 290 modo
841 269 875 290 ex
889 260 1046 290 subiecto:
1069 260 1148 290 sicut
1164 260 1320 300 quantitas
1337 259 1440 294 molis,

382 304 418 340 si,
434 314 489 344 per
508 304 712 344 impossibile,
730 313 795 333 non
812 303 938 334 haberet
953 304 1190 334 inclinationem
1202 304 1242 333 ad
1254 303 1440 337 subiectum,

384 348 486 379 adhuc
510 354 590 379 esset
612 348 714 378 maior
736 347 786 377 vel
811 347 924 378 minor.

436 393 553 423 Probat
568 399 674 422 autem
689 391 750 421 hoc
767 391 820 421 sic.
842 391 1006 422 Contraria
1021 391 1053 420 in
1076 400 1204 421 summo
1224 396 1297 420 sunt
1319 389 1440 419 incom-

384 436 558 476 possibilia:
574 435 702 466 remissa
725 445 810 470 ver0,
836 435 1080 474 compossibilia.
1096 435 1180 473 Ergo
1197 432 1441 472 incompossibi-

380 480 451 511 litas
476 479 651 510 formarum
675 478 834 518 consurgit
857 489 894 508 ex
916 478 1072 517 gradibus.
1097 478 1180 516 Ergo
1197 477 1312 516 gradus
1328 486 1440 506 conve-

382 523 474 554 niunt
498 523 608 554 formis
632 523 817 563 priusquam
841 522 1007 561 respiciant
1030 521 1177 551 subiecta.
1195 538 1215 543 -
1235 520 1339 550 Prima
1366 530 1440 550 con-

382 567 543 608 sequentia
564 575 610 598 est
632 577 688 606 per
711 576 742 596 se
766 572 850 595 nota.
864 565 1042 595 —Secunda
1064 565 1233 604 probatur:
1258 563 1332 603 quia
1355 563 1442 603 prior

352 624 357 628 ·
382 618 428 642 est
450 610 748 651 incompossibilitas
775 609 949 638 formarum
971 609 1002 638 in
1027 618 1068 644 se,
1094 618 1191 648 quam
1215 607 1254 637 sit
1277 616 1386 637 earum
1408 607 1441 637 in

384 655 523 685 subiecto
543 655 728 694 recipiente;
752 653 827 692 quia
842 652 926 681 enim
942 652 1000 682 sibi
1016 652 1152 681 invicem
1167 657 1352 691 repugnant,
1368 651 1440 681 ideo

382 709 447 729 non
464 706 599 739 possunt
617 697 711 736 recipi
730 697 763 725 in
780 696 903 731 eodem,
921 702 952 726 et
967 705 1033 725 uon
1049 706 1065 725 e
1081 705 1244 726 converso.
1269 696 1364 734 Ergo,
1382 702 1440 726 etc.

437 743 503 773 VII.
525 743 575 772 Ad
597 742 658 772 hoc
682 739 794 770 dicitur
808 739 924 778 primo,
945 739 1033 779 quod
1050 739 1235 770 antecedens
1252 746 1298 770 est
1313 739 1439 775 falsum,

382 787 554 826 loquendo,
579 792 614 815 ut
637 783 810 825 loquimur,
835 783 873 813 de
902 783 1064 813 contrariis
1089 783 1270 819 formaliter,
1291 793 1357 813 non
1380 783 1440 813 vir-

381 830 506 860 tualiter
528 829 672 864 inventis,
698 833 732 857 ut
754 827 787 856 in
804 826 926 862 medio;
952 834 982 858 et
997 827 1174 857 secundum
1190 837 1232 863 se,
1250 837 1316 857 non
1331 837 1441 858 secun-

382 874 459 904 dum
490 873 673 907 extrinseca,
698 877 774 910 puta
806 870 958 906 animam,
983 871 1033 901 vel
1061 871 1199 907 caelum,
1223 871 1273 901 vel
1304 871 1441 901 formam

381 917 478 947 mixti.
504 916 670 947 Contraria
686 914 780 950 enim,
798 924 872 944 cum
887 924 924 944 ex
940 914 1085 955 specifica
1101 915 1271 946 differentia
1287 915 1441 946 contraria

381 961 457 997 sint,
474 967 509 990 ut
525 966 609 1000 patet
623 960 653 989 X
671 959 854 998 Metaphys.
867 956 896 994 *,
914 969 969 998 per
985 959 1046 989 hoc
1066 959 1152 989 idem
1168 966 1242 989 sunt
1257 959 1441 999 incompos-

380 1004 480 1034 sibilia
503 1004 535 1033 in
559 1004 682 1039 eodem,
708 1008 744 1032 ut
758 1009 844 1041 patet
866 1002 994 1033 ibidem.
1020 1003 1112 1034 Unde
1127 1003 1312 1033 Aristoteles
1328 1013 1439 1033 omnes

381 1047 576 1078 conditiones
601 1046 840 1082 contrariorum,
864 1046 945 1077 inter
968 1057 1047 1087 quas
1072 1053 1118 1077 est
1140 1047 1440 1086 incompossibilitas

378 1092 411 1122 in
436 1091 704 1128 eodemsreducit
727 1090 767 1119 ad
790 1090 961 1130 perfectam
982 1090 1202 1127 differentiam;
1228 1097 1263 1121 ut
1284 1097 1370 1130 patet
1384 1090 1439 1121 ibi.

379 1135 544 1166 Contraria
567 1145 651 1175 ergo,
675 1135 708 1165 in
732 1144 938 1175 quocumque
964 1141 1038 1165 sunt
1061 1135 1169 1174 gradu,
1190 1134 1344 1164 contraria
1366 1141 1441 1165 sunt

379 1187 409 1210 et
431 1179 701 1219 incompossibilia
729 1177 762 1207 in
786 1179 916 1214 eodem,
947 1186 977 1209 et
1007 1178 1142 1209 alterum
1169 1185 1278 1208 contra
1306 1178 1440 1209 alterum

378 1231 508 1263 pugnat.
534 1223 631 1260 Quod
654 1230 761 1253 autem
784 1223 817 1252 in
840 1222 945 1252 mixtis
960 1229 1109 1253 maneant
1131 1222 1270 1259 remissa,
1287 1222 1349 1253 hoc
1366 1223 1440 1253 facit

379 1267 482 1298 forma
512 1267 601 1298 mixti
633 1266 813 1297 continens:
839 1273 869 1297 et
893 1266 1100 1297 nihilominus
1129 1273 1243 1297 mutuo
1275 1273 1384 1297 contra
1406 1277 1439 1297 se

378 1311 522 1342 nituntur
544 1311 682 1347 remissa,
707 1311 787 1341 sicut
807 1310 840 1340 in
861 1320 1000 1347 summo,
1025 1310 1314 1351 proportionaliter.

434 1355 556 1386 Dicitur
579 1355 719 1386 secundo
744 1355 842 1395 quod,
869 1355 942 1385 dato
966 1355 1177 1390 antecedente,
1202 1354 1304 1394 prima
1329 1365 1439 1385 conse-

379 1399 507 1440 quentia
521 1409 586 1429 non
610 1399 702 1429 valet.
724 1399 809 1436 Quia
831 1398 1131 1438 incompossibilitas
1147 1399 1322 1429 formarum
1337 1409 1438 1439 pone-

374 1451 463 1481 retur
482 1444 607 1484 duplex.
633 1443 704 1474 Una
721 1453 757 1473 ex
773 1443 1005 1474 contrarietate:
1030 1450 1060 1473 et
1071 1443 1148 1473 haec
1164 1443 1311 1474 convenit
1327 1443 1439 1473 formis

1076 182 1341 228 QUAESTIO
1371 183 1454 227 LII,
1486 181 1780 218 ARTICULUS
1811 183 1859 217 111

1495 259 1672 289 secundum
1695 269 1737 295 se,
1763 269 1800 288 ex
1823 259 1975 299 specificis
1991 261 2120 292 naturis.
2138 262 2178 293 Et
2201 262 2277 294 haec
2302 273 2368 293 non
2394 263 2555 303 consurgit

1494 312 1531 332 ex
1553 303 1710 342 gradibus,
1736 303 1790 332 sed
1814 303 1963 334 abstrahit
1985 304 2023 334 ab
2047 305 2105 342 eis;
2131 306 2211 336 sicut
2234 313 2264 337 et
2286 307 2355 347 ipsa
2378 307 2491 338 forma.
2515 307 2556 337 Et

1494 346 1570 376 haec
1601 346 1898 385 incompossibilitas
1930 353 1975 378 est
2005 348 2091 388 prior
2112 349 2145 379 in
2170 350 2280 380 formis
2304 351 2481 381 secundum
2504 361 2554 387 se,

1493 400 1591 430 quam
1614 390 1647 419 in
1670 390 1822 420 subiecto.
1848 390 1938 427 Quae
1961 398 2067 423 tamen
2090 393 2167 424 nihil
2183 394 2257 424 facit
2272 395 2311 424 ad
2327 401 2521 434 arguentem.
2535 413 2556 417 -

1494 433 1601 463 Altera
1617 443 1653 463 ex
1669 434 1832 473 gradibus:
1858 441 1888 464 et
1906 434 1982 465 haec
1998 437 2146 468 convenit
2159 437 2270 468 formis
2288 447 2324 468 ex
2339 438 2395 468 illo
2411 446 2555 479 respectu

1495 477 1533 506 ad
1557 477 1744 513 subiectum,
1770 488 1806 507 ex
1829 487 1894 518 quo
1919 480 2067 511 convenit
2090 481 2133 511 eis
2155 481 2301 512 latitudo.
2326 482 2361 511 In
2384 481 2486 513 littera
2501 493 2555 513 au-

1494 527 1558 550 tem
1582 528 1667 560 patet
1690 521 1778 561 quod
1802 521 1922 552 formae
1946 523 1983 553 de
2007 534 2143 564 quarum
2166 525 2287 555 ratione
2311 535 2377 555 non
2408 532 2454 556 est
2476 526 2556 556 indi—

1494 564 1672 600 visibilitas,
1704 565 1934 605 participabiles
1958 577 1976 597 a
1999 567 2143 599 subiectis
2173 569 2292 610 absque
2323 568 2556 609 specificatione

1495 618 1621 644 eorum,
1650 608 1766 639 habent
1788 609 1996 641 latitudinem.
2021 612 2113 642 Unde
2145 623 2249 653 neque
2271 613 2427 649 latitudo,
2452 623 2556 653 neque

1494 651 1618 691 graduS,
1636 661 1740 692 neque
1756 652 2056 693 incompossibilitas
2075 665 2268 696 consurgens
2284 667 2321 688 ex
2337 657 2390 693 eis,
2407 663 2454 687 est
2469 657 2557 697 prior

1494 706 1591 736 quam
1615 696 1655 726 sit
1678 697 1747 726 talis
1763 697 2018 737 participabilitas
2035 699 2156 731 formae
2170 701 2203 731 in
2219 701 2371 732 subiecto.
2390 718 2408 723 —
2425 701 2465 732 Et
2482 711 2556 732 cum

1494 739 1606 770 dicitur
1622 741 1711 780 quod
1726 740 1784 771 ista
1807 741 2107 781 incompossibilitas
2123 751 2169 781 est
2185 745 2271 784 prior
2286 745 2367 776 inter
2386 745 2504 776 formas
2523 745 2556 775 in

1494 794 1526 814 se
1550 794 1647 824 quam
1670 784 1703 814 in
1726 784 1882 815 subiecto:
1907 786 2115 826 respondetur
2137 788 2226 828 quod
2249 788 2299 819 hic
2325 796 2371 820 est
2393 789 2556 829 sophisma

1494 829 1532 858 ab
1549 838 1612 858 una
1628 827 1811 859 habitudine
1827 829 1866 859 ad
1882 830 2069 866 subiectum,
2087 831 2126 860 ad
2142 841 2268 867 omnes;
2285 842 2340 863 seu
2353 843 2372 862 a
2387 834 2556 873 negatione

1494 872 1662 912 prioritatis
1686 873 1719 902 in
1743 883 1822 909 una,
1852 874 1892 903 ad
1915 874 2114 914 negationem
2146 875 2316 914 prioritatis
2339 876 2372 906 in
2396 877 2556 908 omnibus

1493 916 1591 946 Aliud
1607 923 1653 947 est
1669 917 1754 946 enim
1770 917 1872 947 dicere
1887 918 1976 957 quod
1992 918 2291 958 incompossibilitas
2305 920 2364 951 ista
2380 920 2558 951 formarum

1494 959 1533 989 sit
1552 959 1638 999 prior
1653 960 1684 990 in
1706 970 1738 990 se
1758 971 1856 1001 quarn
1871 961 2171 1002 incompossibilitas
2186 962 2220 993 in
2236 963 2392 994 subiecto:
2409 964 2495 994 aliud
2512 971 2558 995 est

1494 1003 1594 1033 dicere
1611 1004 1698 1044 quod
1714 1004 2015 1044 incompossibilitas
2032 1005 2208 1036 formarum
2219 1006 2253 1037 in
2266 1017 2298 1038 se
2311 1007 2351 1038 sit
2365 1007 2453 1048 prior
2468 1009 2557 1038 omni

1494 1053 1636 1087 respectu
1661 1047 1700 1077 ad
1721 1049 1914 1078 subiectum:
1941 1049 2016 1090 quia
2039 1056 2086 1080 est
2108 1050 2266 1090 posterior
2288 1051 2560 1092 participabilitate

1493 1091 1547 1121 tali
1563 1090 1740 1121 formarum
1756 1092 1788 1122 in
1805 1092 1956 1129 subiecto,
1982 1103 2019 1123 ex
2042 1103 2106 1134 qua
2131 1094 2294 1134 consurgit
2314 1094 2559 1135 incompossibi-

1492 1134 1562 1165 litas
1586 1136 1763 1166 secundum
1786 1137 1901 1175 gradus
1924 1136 1957 1167 in
1981 1137 2093 1168 formis
2109 1137 2142 1168 in
2157 1148 2205 1174 se,
2223 1144 2254 1168 et
2268 1138 2301 1168 in
2316 1138 2468 1169 subiecto.

1548 1179 1599 1209 Ad
1623 1180 1804 1219 exemplum
1827 1187 1935 1211 autem
1958 1181 2045 1212 Scoti
2069 1182 2108 1211 de
2131 1182 2305 1222 quantitate
2320 1182 2426 1218 molis,
2445 1182 2562 1213 dicitur

1493 1223 1583 1263 quod
1605 1223 1772 1264 quantitati
1796 1225 1944 1255 convenit
1967 1235 2034 1256 esse
2057 1226 2211 1256 maiorem
2227 1233 2258 1257 et
2276 1226 2434 1256 minorem
2457 1226 2490 1256 in
2507 1235 2561 1256 ea-

1494 1267 1566 1297 dem
1591 1267 1703 1307 specie,
1728 1278 1794 1299 non
1818 1278 1856 1299 ex
1878 1268 1940 1299 hoc
1964 1270 2053 1310 quod
2069 1276 2115 1300 est
2130 1270 2354 1310 participabilis
2370 1280 2387 1300 a
2404 1269 2559 1306 subiecto;

1494 1317 1524 1341 et
1546 1311 1618 1342 ideo
1647 1322 1713 1342 non
1738 1319 1784 1343 est
1811 1312 1931 1343 simile:
1956 1313 2010 1343 sed
2035 1323 2072 1344 ex
2094 1314 2155 1344 hoc
2187 1314 2258 1354 ipso
2291 1314 2366 1355 quia
2397 1314 2562 1355 participat

1493 1362 1639 1386 naturam
1661 1356 1820 1387 materiae.
1847 1357 1940 1387 Unde
1964 1357 1989 1387 si
2013 1357 2174 1388 auferatur
2196 1359 2235 1388 ab
2259 1368 2295 1388 ea
2313 1358 2346 1388 id
2361 1358 2450 1399 quod
2467 1357 2561 1389 habet

1493 1409 1530 1429 ex
1552 1399 1614 1430 hoc
1637 1401 1726 1440 quod
1754 1401 1922 1441 participat
1951 1408 2098 1432 naturam
2127 1402 2291 1438 materiae,
2317 1412 2420 1443 neque
2447 1401 2562 1433 indivi-

1495 1443 1596 1474 duum
1620 1445 1797 1475 secundum
1821 1455 1866 1484 se,
1890 1455 1948 1476 nec
1971 1445 2074 1476 maius
2097 1456 2155 1476 nec
2177 1446 2284 1477 minus
2308 1446 2445 1482 haberet,
2470 1452 2528 1477 ete.

1173 1570 1489 1612 ARTICULUS
1519 1571 1747 1612 TERTIUS

975 1645 1130 1676 UTRUM
1156 1645 1358 1682 QUILIBET
1382 1645 1525 1676 ACTUS
1549 1646 1727 1676 AUGEAT
1751 1646 1951 1676 HABITUM

431 1737 440 1765 5
498 1756 501 1762 Ι
590 1727 612 1752 D
632 1727 790 1752 TERTIUM
819 1727 872 1751 stc
896 1726 1135 1759 PROCEmTUR.
1156 1715 1315 1752 Videtur
1334 1716 1438 1764 quod

413 1765 455 1813 f:
520 1769 568 1815 &fs
591 1768 745 1817 quilibet
769 1775 873 1804 actus
894 1775 1028 1815 augeat
1046 1767 1228 1811 habitum.
1260 1768 1439 1816 Multipli-

424 1815 436 1831 '‘
474 1846 499 1861 ,κ
592 1828 674 1857 cata
702 1820 804 1857 enim
829 1833 956 1867 causa,
983 1820 1250 1868 multiplicatur
1270 1820 1437 1857 effectus.

447 1875 475 1902 ›'
506 1868 511 1871 Δ
545 1866 668 1910 &Sed
696 1881 800 1910 actus
829 1880 916 1910 sunt
944 1885 1058 1909 causa
1076 1873 1274 1910 habituum
1295 1873 1439 1921 aliquo-

378 1938 474 1973 rum,
491 1933 532 1962 ut
551 1938 664 1974 supra
683 1925 703 1947 ²¹²
728 1926 869 1962 dictum
892 1933 956 1962 est.
979 1926 1080 1973 Ergo
1100 1925 1250 1962 habitus
1270 1933 1437 1973 augetur,

378 1978 629 2027 multiplicatis
659 1978 815 2015 actibus.

432 2043 466 2068 2.
497 2033 729 2079 PRAETEREA,
757 2031 803 2068 de
826 2030 1009 2067 similibus
1030 2030 1132 2067 idem
1161 2038 1216 2068 est
1242 2030 1435 2068 iudicium.

379 2084 456 2122 Sed
467 2097 601 2121 omnes
612 2092 716 2121 actus
727 2085 774 2121 ab
786 2085 924 2121 eodem
940 2084 1071 2121 habitu
1085 2083 1337 2132 procedentes
1352 2092 1439 2121 sunt

378 2137 530 2184 similes,
546 2145 587 2174 ut
611 2137 744 2174 dicitur
761 2137 800 2174 in
820 2138 852 2173 II
867 2137 1011 2174 Ethic.*
1025 2138 1142 2185 Ergo,
1158 2137 1188 2173 si
1204 2137 1317 2185 aliqui
1333 2145 1437 2174 actus

379 2198 541 2238 augeant
568 2190 752 2237 habitum,
783 2190 939 2238 quilibet
967 2197 1071 2226 actus
1100 2189 1251 2237 augebit
1269 2190 1408 2239 ipsum.

434 2244 467 2280 3.
498 2244 738 2289 PRAETEREA,
769 2242 890 2279 simile
924 2249 1082 2290 augetur
1109 2255 1179 2279 suo
1207 2242 1329 2279 simili.
1361 2243 1437 2280 Sed

379 2295 535 2344 quilibet
562 2303 666 2332 actus
695 2303 749 2332 est
777 2295 907 2332 similis
935 2294 1079 2332 habitui
1107 2307 1128 2332 a
1157 2307 1233 2344 quo
1253 2296 1436 2344 procedit.

379 2350 481 2396 Ergo
511 2348 667 2397 quilibet
695 2356 800 2385 actus
828 2355 939 2396 auget
967 2348 1153 2384 habitum.

432 2402 506 2438 SED
535 2413 696 2448 CONTRA,
718 2401 819 2438 idem
840 2413 918 2438 non
939 2408 994 2437 est
1013 2400 1290 2437 contrariorum
1311 2413 1436 2438 causa.

379 2454 468 2501 Sed,
490 2454 584 2491 sicut
612 2454 746 2491 dicitur
773 2454 810 2491 in
840 2455 871 2490 II
900 2454 1019 2490 Ethic.
1041 2453 1076 2500 ³⁹,
1107 2453 1220 2502 aliqui
1253 2461 1357 2490 actus
1390 2454 1438 2490 ab

377 2507 508 2544 habitu
527 2507 776 2556 procedentes
801 2506 1017 2544 diminuunt
1036 2506 1161 2555 ipsum
1175 2519 1183 2552 ;
1199 2513 1329 2554 utpote
1350 2518 1438 2542 curn

378 2559 608 2608 negligenter
634 2560 742 2597 fiunt.
770 2560 872 2607 Ergo
899 2572 977 2596 non
997 2559 1122 2596 omnis
1142 2567 1246 2596 actus
1266 2559 1438 2596 habiturn

379 2621 500 2660 auget.
1398 2642 1401 2646 ,

432 2667 868 2710 ΗΕΞΡοΝῡΕοῳιοΕΝῡυΜ
889 2665 993 2714 quod
1019 2665 1159 2702 similes
1178 2670 1282 2701 actus
1299 2665 1437 2702 similes

378 2719 522 2755 habitus
550 2724 721 2764 causant,
751 2726 793 2755 ut
821 2718 955 2755 dicitur
983 2718 1021 2754 in
1052 2719 1083 2754 II
1111 2718 1230 2754 Ethic.
1252 2717 1272 2739 'l‘
1301 2717 1438 2754 Simili-

378 2772 470 2808 tudo
500 2779 626 2808 autem
647 2779 684 2808 et
703 2771 966 2808 dissimilitudo
992 2783 1071 2808 non
1092 2772 1217 2807 solum
1237 2770 1439 2808 attenditur

379 2825 589 2862 secundum
618 2824 836 2873 qualitatem
866 2824 1029 2861 eandem
1049 2824 1111 2861 vel
1136 2823 1344 2870 diversam,
1371 2824 1439 2860 sed

379 2878 491 2914 etiam
516 2878 726 2915 secundum
755 2877 921 2915 eundem
940 2878 1003 2914 vel
1027 2876 1222 2914 diversum
1242 2876 1439 2925 participa-

378 2930 488 2967 tionis
517 2931 690 2968 modum.
721 2932 789 2968 Est
815 2931 917 2968 enim
939 2930 1118 2967 dissimile
1143 2942 1221 2967 non
1241 2930 1365 2966 solum
1386 2929 1439 2966 ni-

431 3027 458 3062 α)
481 3028 587 3060 nigrum
606 3028 674 3052 albo.
688 3042 707 3047 —
724 3028 812 3052 album
833 3028 912 3061 nigro
931 3028 983 3052 EF.

1493 1727 1602 1763 grum
1627 1716 1715 1752 albo
1736 1721 1764 1762 α,
1786 1716 1853 1752 sed
1876 1716 1989 1752 etiam
2010 1716 2136 1753 minus
2162 1718 2292 1754 album
2313 1717 2431 1766 magis
2451 1718 2556 1756 albo:
2687 1729 2704 1746 α

1492 1780 1583 1805 narn
1604 1768 1715 1804 etiam
1735 1776 1863 1805 motus
1879 1769 1922 1805 fit
1938 1781 1959 1805 a
1975 1768 2101 1806 minus
2117 1770 2204 1807 albo
2220 1771 2259 1808 in
2279 1770 2398 1819 magis
2414 1771 2556 1818 album,

1493 1828 1675 1869 tanquam
1705 1833 1749 1857 ex
1778 1821 1957 1870 opposito
1986 1821 2025 1859 in
2054 1823 2287 1872 oppositum,
2307 1831 2349 1861 ut
2368 1823 2503 1862 dicitur
2520 1824 2559 1862 in

1492 1873 1528 1910 V
1546 1874 1694 1921 Physic.
1706 1873 1726 1895 ²⁸
2586 1885 2822 1935 §CT-rasa:-

1547 1926 1647 1972 Quia
1674 1938 1767 1963 vero
1797 1939 1889 1964 usus
1917 1927 2117 1965 habituum
2145 1929 2184 1966 in
2212 1930 2410 1966 voluntate
2434 1929 2558 1967 homi·
2605 1927 2612 1934 '
2661 1928 2667 1935 '
2727 1928 2733 1935 ’
2790 1928 2801 1935 ”

1493 1978 1549 2015 nis
1579 1978 1756 2026 consistit,
1786 1987 1828 2016 ut
1848 1992 1893 2016 ex
1913 1981 2135 2029 supradictis
2154 1981 2174 2004 ³¹²
2197 1989 2320 2031 patet3
2350 1982 2445 2019 sicut
2468 1994 2558 2020 con·
2586 1993 2595 2003 ·
2611 1991 2738 2040 Qus-zu}
2753 1995 2796 2014 art·

1492 2031 1598 2079 tingit
1635 2032 1739 2081 quod
1773 2032 1908 2080 aliquis
1936 2033 2083 2071 habens
2115 2034 2288 2072 habitum
2326 2046 2405 2072 non
2441 2035 2558 2073 utitur
2583 2017 2799 2074 &affigi-{⁸355-

1492 2084 1568 2132 illo,
1587 2085 1650 2121 vel
1679 2085 1792 2122 etiam
1822 2085 1898 2134 agit
1926 2093 2052 2123 actum
2079 2087 2334 2136 contrarium;
2363 2088 2414 2126 ita
2443 2088 2556 2127 etiam

1492 2145 1615 2186 potest
1645 2138 1864 2186 contingere
1893 2140 1999 2186 quod
2030 2140 2146 2177 utitur
2179 2140 2311 2178 habitu
2343 2141 2556 2180 secundum

1493 2198 1620 2227 actum
1649 2203 1728 2228 non
1746 2192 2044 2240 respondentem
2072 2193 2407 2242 proportionaliter
2433 2194 2556 2232 inten-

1492 2243 1589 2280 sioni
1617 2244 1778 2280 habitus.
1810 2245 1849 2281 Si
1877 2244 1988 2292 igitur
2016 2245 2178 2283 intensio
2207 2254 2313 2284 actus
2339 2247 2557 2296 proportio·
2593 2287 2601 2296 κ

1493 2296 1625 2332 naliter
1652 2304 1837 2345 aequetur
1863 2297 2066 2335 intensioni
2093 2298 2255 2347 habitus,
2276 2300 2339 2336 vel
2364 2300 2477 2337 etiam
2493 2311 2555 2337 su-

1492 2350 1740 2397 perexcedat3
1770 2349 1925 2397 quilibet
1944 2357 2047 2387 actus
2074 2351 2136 2388 vel
2156 2359 2269 2400 auget
2286 2352 2472 2400 habitum,
2491 2353 2556 2390 vel

1494 2401 1657 2450 disponit
1686 2402 1734 2439 ad
1763 2410 2011 2449 augmentum
2040 2403 2177 2452 ipsius;
2202 2411 2246 2442 ut
2271 2405 2479 2452 loquamur
2505 2405 2554 2443 de
2593 2415 2596 2418 ⁴

1493 2462 1698 2502 augmento
1731 2455 1931 2492 habituum
1960 2456 2009 2492 ad
2042 2456 2327 2494 similitudinem
2360 2458 2556 2505 augmenti

1493 2507 1675 2544 animalis.
1693 2508 1784 2544 Non
1810 2508 1911 2544 enim
1932 2509 2128 2556 quodlibet
2156 2510 2380 2546 alimentum
2409 2522 2555 2547 assum-

1492 2567 1601 2608 ptum
1630 2567 1716 2596 actu
1735 2567 1846 2608 auget
1866 2560 2017 2608 animal,
2039 2561 2135 2598 sicut
2149 2574 2221 2599 nec
2244 2562 2434 2611 quaelibet
2452 2570 2556 2611 gutta

1493 2620 1603 2650 cavat
1622 2612 1807 2661 lapidem:
1830 2613 1910 2661 sed,
1926 2613 2173 2662 multiplicato
2189 2615 2382 2663 alimento,
2399 2616 2555 2653 tandem

1493 2666 1535 2702 fit
1567 2673 1827 2713 augmentum.
1859 2667 1913 2703 Ita
1942 2666 2074 2714 etiarn,
2105 2667 2358 2717 multiplicatis
2390 2668 2554 2715 actibus,

1494 2718 1625 2755 crescit
1652 2718 1812 2756 habitus.
1832 2739 1857 2747 -
1879 2719 1918 2755 Si
1947 2732 2041 2756 vero
2070 2720 2233 2758 intensio
2262 2728 2367 2758 actus
2395 2733 2556 2771 propor—

1493 2771 1679 2808 tionaliter
1699 2771 1849 2808 deficiat
1863 2772 1910 2808 ab
1927 2772 2140 2810 intensione
2163 2773 2326 2822 habitus,
2347 2775 2430 2812 talis
2450 2781 2556 2811 actus

1493 2837 1570 2861 non
1600 2824 1766 2872 disponit
1793 2825 1843 2862 ad
1871 2833 2120 2873 augmentum
2148 2826 2310 2875 habitus,
2341 2828 2408 2866 sed
2435 2827 2556 2875 magis

1492 2877 1541 2914 ad
1569 2877 1864 2914 diminutionem
1895 2878 2026 2927 ipsius.

1546 2931 1595 2966 Et
1622 2943 1692 2978 per
1719 2931 1794 2967 hoc
1822 2939 1925 2980 patet
1954 2932 2150 2980 responsio
2180 2933 2230 2970 ad
2257 2932 2417 2970 obiecta.

1056 3089 1386 3140 Commentaria.
1408 3089 1655 3122 cardinalis
1677 3090 1876 3124 Caietani

409 3163 428 3182 N
452 3152 582 3182 articulo
606 3151 697 3182 tertio
722 3152 863 3182 eiusdem
889 3152 1083 3193 quaestionis
1111 3152 1439 3192 quinquagesimaese-

382 3165 540 3232 Icundae,
565 3195 643 3226 nihil
662 3195 863 3226 scribendum
882 3197 1017 3227 occurrit
1032 3196 1102 3233 nisi,
1119 3206 1177 3236 pro
1193 3196 1333 3233 novitiis,
1350 3197 1439 3237 quod

379 3241 459 3271 sicut
481 3247 553 3271 ante
575 3239 718 3280 genitum
741 3240 884 3270 habitum
901 3240 934 3270 in
958 3240 1072 3277 anima,
1091 3240 1196 3280 potuit
1213 3241 1320 3270 anima
1338 3240 1438 3271 inten-

380 3284 454 3315 siori
476 3291 547 3315 actu
571 3293 717 3324 generare
740 3283 860 3324 ipsum;
885 3284 928 3314 ita
944 3291 1017 3324 post
1039 3284 1191 3324 genitum,
1209 3291 1321 3325 potest,
1338 3284 1437 3315 inten-

380 3329 454 3358 siori
477 3335 548 3359 actu
572 3338 670 3369 quarn
693 3328 732 3359 sit
753 3327 806 3358 ille
837 3327 931 3358 etiam
954 3328 994 3358 ad
1016 3338 1113 3369 quem
1137 3339 1169 3359 se
1193 3328 1330 3360 extendit
1350 3338 1438 3369 prae-

380 3383 450 3403 sens
473 3372 608 3408 habitus,
633 3381 746 3412 augere
763 3372 910 3408 eundem,
928 3372 1042 3402 eodem
1059 3380 1149 3403 utens
1166 3372 1320 3413 principio
1335 3372 1438 3404 activo

380 3416 531 3447 intensius
562 3426 660 3457 quam
687 3416 774 3456 prius
802 3426 879 3446 usus
910 3415 1018 3447 fuerit:
1044 3426 1080 3446 ex
1104 3416 1161 3447 hac
1189 3426 1328 3457 namque
1351 3422 1438 3456 parte

380 3460 474 3491 habet
495 3460 561 3490 vim
577 3460 853 3500 augmentativam,
870 3460 955 3490 unde
971 3459 1065 3490 habet
1079 3460 1300 3500 generativam.
1317 3461 1437 3497 Quam-

379 3504 427 3534 vis
442 3504 482 3534 ad
498 3504 677 3544 augendum
696 3504 841 3535 nonnihil
870 3510 1018 3544 operetur
1033 3504 1096 3534 iam
1115 3504 1281 3535 inchoatus
1296 3504 1435 3536 habitus:

1493 3162 1560 3183 non
1576 3163 1611 3183 ea
1634 3153 1765 3190 ratione,
1784 3153 1859 3194 quia
1873 3153 1952 3184 nihil
1975 3154 2122 3194 prohibet
2137 3164 2251 3195 augere
2265 3155 2385 3197 aliquid
2404 3154 2554 3196 seipsum,

1493 3204 1528 3228 ut
1558 3204 1643 3237 patet
1671 3207 1708 3228 ex
1731 3197 1757 3228 11
1789 3197 1829 3228 de
1850 3198 1968 3228 Anima
1984 3197 2002 3217 *
2025 3196 2194 3240 (quoniam
2220 3199 2283 3230 hoc
2313 3200 2352 3230 de
2383 3205 2554 3240 augmento

1492 3241 1619 3281 proprie
1643 3248 1772 3282 sumpto
1796 3241 1928 3272 dicitur:
1953 3241 2016 3272 hoc
2033 3249 2140 3274 autem
2159 3243 2198 3274 de
2214 3253 2280 3284 quo
2299 3243 2464 3285 loquimur
2478 3251 2554 3283 aug-

1493 3292 1654 3322 mentum,
1679 3285 1894 3326 metaphorice
1926 3285 2041 3318 dicitur
2070 3294 2296 3327 augmentum;
2320 3286 2448 3328 proprie
2478 3296 2553 3318 vero

1493 3335 1539 3360 est
1565 3337 1673 3360 motus
1696 3328 1914 3371 intensionis);
1939 3330 1994 3360 sed
2018 3339 2054 3360 ea
2077 3330 2185 3370 potius
2208 3331 2344 3368 ratione,
2369 3330 2444 3372 quia
2465 3336 2554 3361 actus

1492 3373 1612 3404 elicitus
1643 3374 1682 3404 ab
1709 3373 1820 3404 habitu
1850 3373 2011 3410 inchoato,
2035 3381 2067 3405 et
2090 3375 2270 3406 subiectum
2291 3373 2444 3415 disponit,
2468 3383 2554 3414 prae-

1491 3427 1603 3457 parans
1626 3417 1734 3458 ipsum
1749 3418 1789 3448 ad
1804 3417 1972 3458 perfectius
1994 3418 2190 3450 sortiendum
2215 3418 2376 3454 habitum;
2401 3424 2431 3449 et
2452 3417 2552 3458 perfe-

1492 3461 1570 3491 ctior
1594 3468 1639 3492 est
1669 3472 1743 3492 cum
1767 3472 1804 3492 ex
1825 3468 1893 3492 tota
1915 3462 2030 3493 virtute
2053 3461 2178 3494 habitus
2202 3462 2361 3503 procedit,
2385 3468 2427 3493 tta
2450 3469 2486 3493 ut
2514 3462 2553 3492 ad

1491 3505 1716 3544 perfectionem
1739 3505 1895 3536 maiorem
1918 3506 2072 3537 deducere
2095 3506 2195 3547 possit
2217 3506 2371 3538 habitum.

2581 3205 2593 3217 ⁶
2608 3205 2664 3234 Cap.
2680 3211 2711 3233 tv,
2726 3211 2794 3234 u.13;

2582 3238 2602 3254 s.
2610 3231 2655 3254 Th.
2676 3232 2728 3254 lect.
2743 3238 2795 3254 xxm

2582 3258 2617 3280 Ct.
2641 3258 2671 3280 de
2689 3258 2792 3280 Anml.

2582 3284 2694 3312 Motione,
2709 3290 2760 3312 etp.
2770 3291 2793 3306 v.
