<?xml version="1.0" encoding="UTF-8"?>
<!DOCTYPE html PUBLIC "-//W3C//DTD XHTML 1.0 Transitional//EN"
    "http://www.w3.org/TR/xhtml1/DTD/xhtml1-transitional.dtd">
<html xmlns="http://www.w3.org/1999/xhtml" xml:lang="en" lang="en">
 <head>
  <title>
</title>
<meta http-equiv="Content-Type" content="text/html;charset=utf-8" />
  <meta name='ocr-system' content='tesseract 3.04.00' />
  <meta name='ocr-capabilities' content='ocr_page ocr_carea ocr_par ocr_line ocrx_word'/>
</head>
<body>
  <div class='ocr_page' id='page_1' title='image "./operaomniaiussui06thom/operaomniaiussui06thom_0149.png"; bbox 0 0 2852 4152; ppageno 0'>
   <div class='ocr_carea' id='block_1_1' title="bbox 102 1903 425 1986">
    <p class='ocr_par' dir='ltr' id='par_1_1' title="bbox 102 1903 425 1986">
     <span class='ocr_line' id='line_1_1' title="bbox 112 1903 409 1933; baseline -0.01 -6"><span class='ocrx_word' id='word_1_1' title='bbox 112 1903 184 1927; x_wconf 75' lang='lat' dir='ltr'>*Vide</span> <span class='ocrx_word' id='word_1_2' title='bbox 190 1904 323 1926; x_wconf 82' lang='lat' dir='ltr'>comment.</span> <span class='ocrx_word' id='word_1_3' title='bbox 385 1911 409 1933; x_wconf 51' lang='lat'>„4-</span> 
     </span>
     <span class='ocr_line' id='line_1_2' title="bbox 102 1930 425 1959; baseline -0.009 -5"><span class='ocrx_word' id='word_1_4' title='bbox 102 1930 187 1954; x_wconf 66' lang='lat' dir='ltr'>ctio«.</span> <span class='ocrx_word' id='word_1_5' title='bbox 206 1933 260 1959; x_wconf 76' lang='lat' dir='ltr'>post</span> <span class='ocrx_word' id='word_1_6' title='bbox 281 1933 326 1952; x_wconf 78' lang='lat' dir='ltr'>art·</span> <span class='ocrx_word' id='word_1_7' title='bbox 379 1931 425 1959; x_wconf 54' lang='lat'><strong>‹¹⁴:-</strong></span> 
     </span>
     <span class='ocr_line' id='line_1_3' title="bbox 113 1962 190 1986; baseline 0 -7"><span class='ocrx_word' id='word_1_8' title='bbox 113 1962 190 1986; x_wconf 72' lang='lat' dir='ltr'>praee.</span> 
     </span>
    </p>
   </div>
   <div class='ocr_carea' id='block_1_2' title="bbox 116 2162 310 2190">
    <p class='ocr_par' dir='ltr' id='par_1_2' title="bbox 116 2162 310 2190">
     <span class='ocr_line' id='line_1_4' title="bbox 116 2162 310 2190; baseline -0.01 -4"><span class='ocrx_word' id='word_1_9' title='bbox 116 2165 124 2175; x_wconf 87' lang='lat'>¹</span> <span class='ocrx_word' id='word_1_10' title='bbox 138 2164 190 2186; x_wconf 82' lang='lat' dir='ltr'>Art.</span> <span class='ocrx_word' id='word_1_11' title='bbox 203 2162 310 2190; x_wconf 77' lang='lat' dir='ltr'>praeced.</span> 
     </span>
    </p>
   </div>
   <div class='ocr_carea' id='block_1_3' title="bbox 0 1452 28 2286">
    <p class='ocr_par' dir='ltr' id='par_1_3' title="bbox 0 1452 28 2286">
     <span class='ocr_line' id='line_1_5' title="bbox 0 1452 28 2286; baseline 0 0"><span class='ocrx_word' id='word_1_12' title='bbox 0 1452 28 2286; x_wconf 95' lang='lat' dir='ltr'> </span> 
     </span>
    </p>
   </div>
   <div class='ocr_carea' id='block_1_4' title="bbox 114 2375 264 2402">
    <p class='ocr_par' dir='ltr' id='par_1_4' title="bbox 114 2375 264 2402">
     <span class='ocr_line' id='line_1_6' title="bbox 114 2375 264 2402; baseline -0.02 -4"><span class='ocrx_word' id='word_1_13' title='bbox 114 2375 171 2398; x_wconf 71' lang='lat' dir='ltr'>&#39;Cn</span> <span class='ocrx_word' id='word_1_14' title='bbox 209 2380 264 2402; x_wconf 84' lang='lat' dir='ltr'>1‚n.</span> 
     </span>
    </p>
   </div>
   <div class='ocr_carea' id='block_1_5' title="bbox 216 2403 263 2422">
    <p class='ocr_par' dir='ltr' id='par_1_5' title="bbox 216 2403 263 2422">
     <span class='ocr_line' id='line_1_7' title="bbox 216 2403 263 2422; textangle 90"><span class='ocrx_word' id='word_1_15' title='bbox 216 2403 263 2422; x_wconf 59' lang='grc' dir='ltr'><strong>ᾗ</strong></span> 
     </span>
    </p>
   </div>
   <div class='ocr_carea' id='block_1_6' title="bbox 140 2381 199 2528">
    <p class='ocr_par' dir='ltr' id='par_1_6' title="bbox 140 2381 199 2528">
     <span class='ocr_line' id='line_1_8' title="bbox 149 2381 195 2424; baseline 0 0"><span class='ocrx_word' id='word_1_16' title='bbox 149 2381 195 2424; x_wconf 58' lang='grc' dir='ltr'><strong>τί</strong></span> 
     </span>
     <span class='ocr_line' id='line_1_9' title="bbox 140 2479 199 2528; baseline -0.017 0"><span class='ocrx_word' id='word_1_17' title='bbox 140 2479 199 2528; x_wconf 64' lang='lat' dir='ltr'>ca·</span> 
     </span>
    </p>
   </div>
   <div class='ocr_carea' id='block_1_7' title="bbox 218 2485 262 2528">
    <p class='ocr_par' dir='ltr' id='par_1_7' title="bbox 218 2485 262 2528">
     <span class='ocr_line' id='line_1_10' title="bbox 218 2485 262 2528; textangle 90"><span class='ocrx_word' id='word_1_18' title='bbox 218 2485 262 2528; x_wconf 60' lang='lat'>{3}</span> 
     </span>
    </p>
   </div>
   <div class='ocr_carea' id='block_1_8' title="bbox 120 3118 333 3299">
    <p class='ocr_par' dir='ltr' id='par_1_8' title="bbox 120 3118 333 3299">
     <span class='ocr_line' id='line_1_11' title="bbox 123 3118 330 3141; baseline -0.005 0"><span class='ocrx_word' id='word_1_19' title='bbox 123 3121 132 3129; x_wconf 91' lang='lat'>&#39;</span> <span class='ocrx_word' id='word_1_20' title='bbox 149 3118 239 3141; x_wconf 69' lang='lat' dir='ltr'>nomin.</span> <span class='ocrx_word' id='word_1_21' title='bbox 254 3118 287 3140; x_wconf 92' lang='lat' dir='ltr'>VI</span> <span class='ocrx_word' id='word_1_22' title='bbox 307 3119 330 3140; x_wconf 89' lang='lat' dir='ltr'>in</span> 
     </span>
     <span class='ocr_line' id='line_1_12' title="bbox 219 3145 332 3168; baseline -0.018 0"><span class='ocrx_word' id='word_1_23' title='bbox 219 3156 230 3161; x_wconf 96' lang='lat'>-</span> <span class='ocrx_word' id='word_1_24' title='bbox 238 3145 332 3168; x_wconf 55' lang='grc' dir='ltr'>(1Μο-</span> 
     </span>
     <span class='ocr_line' id='line_1_13' title="bbox 220 3171 331 3199; baseline 0 -6"><span class='ocrx_word' id='word_1_25' title='bbox 220 3171 271 3199; x_wconf 82' lang='lat' dir='ltr'>VII,</span> <span class='ocrx_word' id='word_1_26' title='bbox 281 3177 331 3199; x_wconf 84' lang='lat' dir='ltr'>cap.</span> 
     </span>
     <span class='ocr_line' id='line_1_14' title="bbox 120 3198 331 3225; baseline -0.005 -5"><span class='ocrx_word' id='word_1_27' title='bbox 120 3204 178 3225; x_wconf 77' lang='lat' dir='ltr'>xm,</span> <span class='ocrx_word' id='word_1_28' title='bbox 187 3198 212 3220; x_wconf 89' lang='lat' dir='ltr'>in</span> <span class='ocrx_word' id='word_1_29' title='bbox 221 3201 266 3220; x_wconf 80' lang='lat' dir='ltr'>vet.</span> <span class='ocrx_word' id='word_1_30' title='bbox 275 3204 331 3224; x_wconf 79' lang='lat' dir='ltr'>xxv;</span> 
     </span>
     <span class='ocr_line' id='line_1_15' title="bbox 121 3224 333 3252; baseline 0 -6"><span class='ocrx_word' id='word_1_31' title='bbox 121 3224 180 3252; x_wconf 72' lang='lat' dir='ltr'>Reg.</span> <span class='ocrx_word' id='word_1_32' title='bbox 189 3224 264 3251; x_wconf 56' lang='lat' dir='ltr'>Pactu</span> <span class='ocrx_word' id='word_1_33' title='bbox 273 3227 333 3252; x_wconf 82' lang='lat' dir='ltr'>part.</span> 
     </span>
     <span class='ocr_line' id='line_1_16' title="bbox 121 3250 333 3299; baseline -0.005 0"><span class='ocrx_word' id='word_1_34' title='bbox 121 3250 288 3299; x_wconf 50' lang='lat' dir='ltr'>fflafflfssv&#39;fl</span> <span class='ocrx_word' id='word_1_35' title='bbox 303 3251 333 3272; x_wconf 72' lang='lat'>³¹·</span> 
     </span>
    </p>
   </div>
   <div class='ocr_carea' id='block_1_9' title="bbox 121 3145 189 3194">
    <p class='ocr_par' dir='ltr' id='par_1_9' title="bbox 121 3145 189 3194">
     <span class='ocr_line' id='line_1_17' title="bbox 121 3145 185 3167; baseline 0 0"><span class='ocrx_word' id='word_1_36' title='bbox 121 3145 185 3167; x_wconf 75' lang='lat' dir='ltr'>Eun</span> 
     </span>
     <span class='ocr_line' id='line_1_18' title="bbox 121 3172 189 3194; baseline 0.015 -1"><span class='ocrx_word' id='word_1_37' title='bbox 121 3172 168 3194; x_wconf 77' lang='lat' dir='ltr'>rat.</span> <span class='ocrx_word' id='word_1_38' title='bbox 174 3172 189 3194; x_wconf 80' lang='lat'>11</span> 
     </span>
    </p>
   </div>
   <div class='ocr_carea' id='block_1_10' title="bbox 123 3337 264 3366">
    <p class='ocr_par' dir='ltr' id='par_1_10' title="bbox 123 3337 264 3366">
     <span class='ocr_line' id='line_1_19' title="bbox 123 3337 264 3366; baseline 0 -6"><span class='ocrx_word' id='word_1_39' title='bbox 123 3339 132 3349; x_wconf 86' lang='grc'><strong>”</strong></span> <span class='ocrx_word' id='word_1_40' title='bbox 146 3337 214 3360; x_wconf 71' lang='lat' dir='ltr'>Vera.</span> <span class='ocrx_word' id='word_1_41' title='bbox 228 3338 264 3366; x_wconf 88' lang='lat'>36.</span> 
     </span>
    </p>
   </div>
   <div class='ocr_carea' id='block_1_11' title="bbox 1005 253 1842 300">
    <p class='ocr_par' dir='ltr' id='par_1_11' title="bbox 1005 253 1842 300">
     <span class='ocr_line' id='line_1_20' title="bbox 1005 253 1842 300; baseline -0.002 -9"><span class='ocrx_word' id='word_1_42' title='bbox 1005 253 1270 300; x_wconf 87' lang='lat' dir='ltr'>QUAESTIO</span> <span class='ocrx_word' id='word_1_43' title='bbox 1299 253 1438 300; x_wconf 83' lang='lat' dir='ltr'>XVIII,</span> <span class='ocrx_word' id='word_1_44' title='bbox 1466 253 1760 290; x_wconf 90' lang='lat' dir='ltr'>ARTICULUS</span> <span class='ocrx_word' id='word_1_45' title='bbox 1790 254 1842 289; x_wconf 92' lang='lat' dir='ltr'>IX</span> 
     </span>
    </p>
   </div>
   <div class='ocr_carea' id='block_1_12' title="bbox 347 331 1409 1466">
    <p class='ocr_par' dir='ltr' id='par_1_12' title="bbox 347 331 1405 546">
     <span class='ocr_line' id='line_1_21' title="bbox 348 331 1405 372; baseline -0.003 -9"><span class='ocrx_word' id='word_1_46' title='bbox 348 332 455 363; x_wconf 87' lang='lat' dir='ltr'>subest</span> <span class='ocrx_word' id='word_1_47' title='bbox 470 331 569 361; x_wconf 91' lang='lat' dir='ltr'>libero</span> <span class='ocrx_word' id='word_1_48' title='bbox 586 331 712 362; x_wconf 87' lang='lat' dir='ltr'>arbitrio</span> <span class='ocrx_word' id='word_1_49' title='bbox 729 332 836 372; x_wconf 88' lang='lat' dir='ltr'>quoad</span> <span class='ocrx_word' id='word_1_50' title='bbox 854 331 915 362; x_wconf 90' lang='lat' dir='ltr'>hoc</span> <span class='ocrx_word' id='word_1_51' title='bbox 933 332 1022 372; x_wconf 91' lang='lat' dir='ltr'>quod</span> <span class='ocrx_word' id='word_1_52' title='bbox 1040 338 1086 362; x_wconf 90' lang='lat' dir='ltr'>est</span> <span class='ocrx_word' id='word_1_53' title='bbox 1103 331 1249 371; x_wconf 89' lang='lat' dir='ltr'>impediri</span> <span class='ocrx_word' id='word_1_54' title='bbox 1262 331 1312 360; x_wconf 88' lang='lat' dir='ltr'>vel</span> <span class='ocrx_word' id='word_1_55' title='bbox 1339 340 1405 360; x_wconf 91' lang='lat' dir='ltr'>non</span> 
     </span>
     <span class='ocr_line' id='line_1_22' title="bbox 348 374 1405 415; baseline -0.001 -10"><span class='ocrx_word' id='word_1_56' title='bbox 348 374 508 415; x_wconf 87' lang='lat' dir='ltr'>impediri,</span> <span class='ocrx_word' id='word_1_57' title='bbox 532 384 598 404; x_wconf 92' lang='lat' dir='ltr'>non</span> <span class='ocrx_word' id='word_1_58' title='bbox 622 381 668 405; x_wconf 91' lang='lat' dir='ltr'>est</span> <span class='ocrx_word' id='word_1_59' title='bbox 697 382 780 405; x_wconf 86' lang='lat' dir='ltr'>extra</span> <span class='ocrx_word' id='word_1_60' title='bbox 807 385 906 414; x_wconf 86' lang='lat' dir='ltr'>genus</span> <span class='ocrx_word' id='word_1_61' title='bbox 930 375 1045 405; x_wconf 86' lang='lat' dir='ltr'>moris:</span> <span class='ocrx_word' id='word_1_62' title='bbox 1070 375 1124 405; x_wconf 89' lang='lat' dir='ltr'>sed</span> <span class='ocrx_word' id='word_1_63' title='bbox 1150 381 1236 405; x_wconf 89' lang='lat' dir='ltr'>actus</span> <span class='ocrx_word' id='word_1_64' title='bbox 1258 374 1309 404; x_wconf 88' lang='lat' dir='ltr'>isti</span> <span class='ocrx_word' id='word_1_65' title='bbox 1332 381 1405 404; x_wconf 93' lang='lat' dir='ltr'>sunt</span> 
     </span>
     <span class='ocr_line' id='line_1_23' title="bbox 348 417 1405 459; baseline -0.003 -9"><span class='ocrx_word' id='word_1_66' title='bbox 348 418 543 454; x_wconf 89' lang='lat' dir='ltr'>huiusmodi,</span> <span class='ocrx_word' id='word_1_67' title='bbox 558 425 594 449; x_wconf 94' lang='lat' dir='ltr'>ut</span> <span class='ocrx_word' id='word_1_68' title='bbox 612 425 711 458; x_wconf 89' lang='lat' dir='ltr'>patet:</span> <span class='ocrx_word' id='word_1_69' title='bbox 737 428 821 458; x_wconf 87' lang='lat' dir='ltr'>ergo.</span> <span class='ocrx_word' id='word_1_70' title='bbox 837 436 858 442; x_wconf 93' lang='lat'>·—</span> <span class='ocrx_word' id='word_1_71' title='bbox 872 419 974 449; x_wconf 88' lang='lat' dir='ltr'>Maior</span> <span class='ocrx_word' id='word_1_72' title='bbox 996 425 1081 459; x_wconf 87' lang='lat' dir='ltr'>patet</span> <span class='ocrx_word' id='word_1_73' title='bbox 1096 428 1133 449; x_wconf 84' lang='lat' dir='ltr'>ex</span> <span class='ocrx_word' id='word_1_74' title='bbox 1148 428 1196 455; x_wconf 87' lang='lat' dir='ltr'>eo,</span> <span class='ocrx_word' id='word_1_75' title='bbox 1213 418 1302 458; x_wconf 92' lang='lat' dir='ltr'>quod</span> <span class='ocrx_word' id='word_1_76' title='bbox 1318 417 1405 448; x_wconf 91' lang='lat' dir='ltr'>aliter</span> 
     </span>
     <span class='ocr_line' id='line_1_24' title="bbox 347 461 1405 503; baseline -0.002 -10"><span class='ocrx_word' id='word_1_77' title='bbox 347 463 381 493; x_wconf 89' lang='lat' dir='ltr'>in</span> <span class='ocrx_word' id='word_1_78' title='bbox 404 462 604 493; x_wconf 80' lang='lat' dir='ltr'><strong>sensualitate</strong></span> <span class='ocrx_word' id='word_1_79' title='bbox 627 471 693 492; x_wconf 93' lang='lat' dir='ltr'>non</span> <span class='ocrx_word' id='word_1_80' title='bbox 713 469 793 492; x_wconf 88' lang='lat' dir='ltr'>esset</span> <span class='ocrx_word' id='word_1_81' title='bbox 817 463 939 493; x_wconf 82' lang='lat' dir='ltr'>malum</span> <span class='ocrx_word' id='word_1_82' title='bbox 962 462 1121 493; x_wconf 86' lang='lat' dir='ltr'>moraliter</span> <span class='ocrx_word' id='word_1_83' title='bbox 1142 468 1308 503; x_wconf 89' lang='lat' dir='ltr'>propterea</span> <span class='ocrx_word' id='word_1_84' title='bbox 1331 461 1405 502; x_wconf 89' lang='lat' dir='ltr'>quia</span> 
     </span>
     <span class='ocr_line' id='line_1_25' title="bbox 348 505 1293 546; baseline -0.002 -9"><span class='ocrx_word' id='word_1_85' title='bbox 348 506 484 537; x_wconf 85' lang='lat' dir='ltr'>liberum</span> <span class='ocrx_word' id='word_1_86' title='bbox 507 505 670 536; x_wconf 85' lang='lat' dir='ltr'>arbitrium</span> <span class='ocrx_word' id='word_1_87' title='bbox 688 506 793 546; x_wconf 90' lang='lat' dir='ltr'>potuit</span> <span class='ocrx_word' id='word_1_88' title='bbox 816 506 967 546; x_wconf 88' lang='lat' dir='ltr'>impedire</span> <span class='ocrx_word' id='word_1_89' title='bbox 991 513 1022 537; x_wconf 91' lang='lat' dir='ltr'>et</span> <span class='ocrx_word' id='word_1_90' title='bbox 1043 516 1110 536; x_wconf 92' lang='lat' dir='ltr'>non</span> <span class='ocrx_word' id='word_1_91' title='bbox 1132 505 1293 546; x_wconf 88' lang='lat' dir='ltr'>impedire.</span> 
     </span>
    </p>

    <p class='ocr_par' dir='ltr' id='par_1_13' title="bbox 348 548 1407 976">
     <span class='ocr_line' id='line_1_26' title="bbox 404 548 1405 591; baseline -0.001 -11"><span class='ocrx_word' id='word_1_92' title='bbox 404 549 442 580; x_wconf 85' lang='lat'>11.</span> <span class='ocrx_word' id='word_1_93' title='bbox 465 549 516 580; x_wconf 85' lang='lat' dir='ltr'>Ad</span> <span class='ocrx_word' id='word_1_94' title='bbox 539 549 602 580; x_wconf 85' lang='lat' dir='ltr'>hoc</span> <span class='ocrx_word' id='word_1_95' title='bbox 624 549 737 580; x_wconf 87' lang='lat' dir='ltr'>dicitur</span> <span class='ocrx_word' id='word_1_96' title='bbox 755 550 844 591; x_wconf 88' lang='lat' dir='ltr'>quod</span> <span class='ocrx_word' id='word_1_97' title='bbox 867 560 891 580; x_wconf 92' lang='lat' dir='ltr'>s.</span> <span class='ocrx_word' id='word_1_98' title='bbox 907 550 1050 580; x_wconf 86' lang='lat' dir='ltr'>Thomas</span> <span class='ocrx_word' id='word_1_99' title='bbox 1073 549 1206 580; x_wconf 84' lang='lat' dir='ltr'>intendit</span> <span class='ocrx_word' id='word_1_100' title='bbox 1225 550 1263 579; x_wconf 91' lang='lat' dir='ltr'>de</span> <span class='ocrx_word' id='word_1_101' title='bbox 1286 548 1405 579; x_wconf 90' lang='lat' dir='ltr'>actibus</span> 
     </span>
     <span class='ocr_line' id='line_1_27' title="bbox 348 593 1406 636; baseline -0.003 -11"><span class='ocrx_word' id='word_1_102' title='bbox 348 595 409 625; x_wconf 87' lang='lat' dir='ltr'>illis</span> <span class='ocrx_word' id='word_1_103' title='bbox 439 594 495 636; x_wconf 90' lang='lat' dir='ltr'>qui</span> <span class='ocrx_word' id='word_1_104' title='bbox 525 603 591 623; x_wconf 91' lang='lat' dir='ltr'>non</span> <span class='ocrx_word' id='word_1_105' title='bbox 621 600 756 633; x_wconf 88' lang='lat' dir='ltr'>possunt</span> <span class='ocrx_word' id='word_1_106' title='bbox 783 604 801 624; x_wconf 86' lang='lat' dir='ltr'>a</span> <span class='ocrx_word' id='word_1_107' title='bbox 823 594 921 624; x_wconf 87' lang='lat' dir='ltr'>libero</span> <span class='ocrx_word' id='word_1_108' title='bbox 949 593 1075 624; x_wconf 89' lang='lat' dir='ltr'>arbitrio</span> <span class='ocrx_word' id='word_1_109' title='bbox 1105 593 1267 634; x_wconf 89' lang='lat' dir='ltr'>impediri,</span> <span class='ocrx_word' id='word_1_110' title='bbox 1295 599 1406 632; x_wconf 86' lang='lat' dir='ltr'>utpote</span> 
     </span>
     <span class='ocr_line' id='line_1_28' title="bbox 349 636 1406 679; baseline -0.004 -9"><span class='ocrx_word' id='word_1_111' title='bbox 349 638 569 679; x_wconf 89' lang='lat' dir='ltr'>provenientes</span> <span class='ocrx_word' id='word_1_112' title='bbox 590 647 627 667; x_wconf 87' lang='lat' dir='ltr'>ex</span> <span class='ocrx_word' id='word_1_113' title='bbox 642 637 844 678; x_wconf 87' lang='lat' dir='ltr'>qualitatibus</span> <span class='ocrx_word' id='word_1_114' title='bbox 867 637 1078 673; x_wconf 91' lang='lat' dir='ltr'>naturalibus,</span> <span class='ocrx_word' id='word_1_115' title='bbox 1102 637 1152 667; x_wconf 92' lang='lat' dir='ltr'>vel</span> <span class='ocrx_word' id='word_1_116' title='bbox 1175 647 1211 667; x_wconf 88' lang='lat' dir='ltr'>ex</span> <span class='ocrx_word' id='word_1_117' title='bbox 1233 636 1406 677; x_wconf 89' lang='lat' dir='ltr'>apprehen-</span> 
     </span>
     <span class='ocr_line' id='line_1_29' title="bbox 350 679 1406 713; baseline -0.003 0"><span class='ocrx_word' id='word_1_118' title='bbox 350 683 438 713; x_wconf 87' lang='lat' dir='ltr'>sione</span> <span class='ocrx_word' id='word_1_119' title='bbox 454 681 585 713; x_wconf 81' lang='lat' dir='ltr'>alicuius</span> <span class='ocrx_word' id='word_1_120' title='bbox 598 682 789 712; x_wconf 89' lang='lat' dir='ltr'>occurrentis</span> <span class='ocrx_word' id='word_1_121' title='bbox 805 681 948 712; x_wconf 91' lang='lat' dir='ltr'>terribilis</span> <span class='ocrx_word' id='word_1_122' title='bbox 959 681 1008 711; x_wconf 93' lang='lat' dir='ltr'>vel</span> <span class='ocrx_word' id='word_1_123' title='bbox 1025 679 1223 711; x_wconf 89' lang='lat' dir='ltr'>delectabilis.</span> <span class='ocrx_word' id='word_1_124' title='bbox 1236 699 1256 704; x_wconf 96' lang='lat'>—</span> <span class='ocrx_word' id='word_1_125' title='bbox 1269 681 1330 711; x_wconf 90' lang='lat' dir='ltr'>Sed</span> <span class='ocrx_word' id='word_1_126' title='bbox 1345 680 1406 710; x_wconf 89' lang='lat' dir='ltr'>hoc</span> 
     </span>
     <span class='ocr_line' id='line_1_30' title="bbox 349 724 1405 765; baseline -0.003 -8"><span class='ocrx_word' id='word_1_127' title='bbox 349 725 451 757; x_wconf 89' lang='lat' dir='ltr'>verbis</span> <span class='ocrx_word' id='word_1_128' title='bbox 474 725 593 757; x_wconf 86' lang='lat' dir='ltr'>litterae</span> <span class='ocrx_word' id='word_1_129' title='bbox 616 725 808 762; x_wconf 86' lang='lat' dir='ltr'>contradicit,</span> <span class='ocrx_word' id='word_1_130' title='bbox 826 735 968 765; x_wconf 85' lang='lat' dir='ltr'>expresse</span> <span class='ocrx_word' id='word_1_131' title='bbox 989 724 1194 765; x_wconf 88' lang='lat' dir='ltr'>specificantis</span> <span class='ocrx_word' id='word_1_132' title='bbox 1216 725 1293 756; x_wconf 90' lang='lat' dir='ltr'>tales</span> <span class='ocrx_word' id='word_1_133' title='bbox 1319 730 1405 754; x_wconf 88' lang='lat' dir='ltr'>actus</span> 
     </span>
     <span class='ocr_line' id='line_1_31' title="bbox 350 769 1406 811; baseline -0.003 -11"><span class='ocrx_word' id='word_1_134' title='bbox 350 770 406 811; x_wconf 92' lang='lat' dir='ltr'>qui</span> <span class='ocrx_word' id='word_1_135' title='bbox 428 779 500 800; x_wconf 87' lang='lat' dir='ltr'>vere</span> <span class='ocrx_word' id='word_1_136' title='bbox 527 775 602 800; x_wconf 92' lang='lat' dir='ltr'>sunt</span> <span class='ocrx_word' id='word_1_137' title='bbox 630 779 666 799; x_wconf 85' lang='lat' dir='ltr'>ex</span> <span class='ocrx_word' id='word_1_138' title='bbox 696 769 920 809; x_wconf 83' lang='lat' dir='ltr'>imaginatione</span> <span class='ocrx_word' id='word_1_139' title='bbox 951 769 1130 805; x_wconf 85' lang='lat' dir='ltr'>causaliter,</span> <span class='ocrx_word' id='word_1_140' title='bbox 1155 775 1185 799; x_wconf 90' lang='lat' dir='ltr'>et</span> <span class='ocrx_word' id='word_1_141' title='bbox 1203 775 1277 798; x_wconf 90' lang='lat' dir='ltr'>sunt</span> <span class='ocrx_word' id='word_1_142' title='bbox 1299 774 1406 798; x_wconf 86' lang='lat' dir='ltr'>motus</span> 
     </span>
     <span class='ocr_line' id='line_1_32' title="bbox 350 812 1407 844; baseline -0.003 0"><span class='ocrx_word' id='word_1_143' title='bbox 350 813 465 844; x_wconf 79' lang='lat' dir='ltr'>locales</span> <span class='ocrx_word' id='word_1_144' title='bbox 489 813 655 844; x_wconf 86' lang='lat' dir='ltr'>exteriores</span> <span class='ocrx_word' id='word_1_145' title='bbox 679 814 897 843; x_wconf 87' lang='lat' dir='ltr'>membrorum</span> <span class='ocrx_word' id='word_1_146' title='bbox 919 819 1101 843; x_wconf 90' lang='lat' dir='ltr'>nostrorum</span> <span class='ocrx_word' id='word_1_147' title='bbox 1124 812 1337 843; x_wconf 87' lang='lat' dir='ltr'>subiectorum</span> <span class='ocrx_word' id='word_1_148' title='bbox 1361 817 1407 841; x_wconf 92' lang='lat' dir='ltr'>to—</span> 
     </span>
     <span class='ocr_line' id='line_1_33' title="bbox 350 856 1407 897; baseline -0.003 -9"><span class='ocrx_word' id='word_1_149' title='bbox 350 857 451 888; x_wconf 85' lang='lat' dir='ltr'>taliter</span> <span class='ocrx_word' id='word_1_150' title='bbox 478 857 613 897; x_wconf 90' lang='lat' dir='ltr'>imperio</span> <span class='ocrx_word' id='word_1_151' title='bbox 643 857 789 893; x_wconf 87' lang='lat' dir='ltr'>rationis,</span> <span class='ocrx_word' id='word_1_152' title='bbox 813 863 849 887; x_wconf 93' lang='lat' dir='ltr'>ut</span> <span class='ocrx_word' id='word_1_153' title='bbox 872 864 979 887; x_wconf 89' lang='lat' dir='ltr'>motus</span> <span class='ocrx_word' id='word_1_154' title='bbox 1007 867 1121 886; x_wconf 91' lang='lat' dir='ltr'>manus</span> <span class='ocrx_word' id='word_1_155' title='bbox 1144 856 1184 886; x_wconf 82' lang='lat' dir='ltr'>ad</span> <span class='ocrx_word' id='word_1_156' title='bbox 1206 856 1351 890; x_wconf 83' lang='lat' dir='ltr'>barbam,</span> <span class='ocrx_word' id='word_1_157' title='bbox 1377 861 1407 885; x_wconf 88' lang='lat' dir='ltr'>et</span> 
     </span>
     <span class='ocr_line' id='line_1_34' title="bbox 350 898 1407 941; baseline -0.004 -9"><span class='ocrx_word' id='word_1_158' title='bbox 350 907 458 932; x_wconf 88' lang='lat' dir='ltr'>motus</span> <span class='ocrx_word' id='word_1_159' title='bbox 475 901 578 932; x_wconf 89' lang='lat' dir='ltr'>baculi</span> <span class='ocrx_word' id='word_1_160' title='bbox 594 911 611 931; x_wconf 90' lang='lat' dir='ltr'>a</span> <span class='ocrx_word' id='word_1_161' title='bbox 626 911 734 938; x_wconf 86' lang='lat' dir='ltr'>manu,</span> <span class='ocrx_word' id='word_1_162' title='bbox 751 908 826 938; x_wconf 87' lang='lat' dir='ltr'>etc.;</span> <span class='ocrx_word' id='word_1_163' title='bbox 851 911 933 941; x_wconf 91' lang='lat' dir='ltr'>quos</span> <span class='ocrx_word' id='word_1_164' title='bbox 957 907 1080 931; x_wconf 90' lang='lat' dir='ltr'>constat</span> <span class='ocrx_word' id='word_1_165' title='bbox 1101 900 1242 940; x_wconf 85' lang='lat' dir='ltr'>potuisse</span> <span class='ocrx_word' id='word_1_166' title='bbox 1261 898 1407 938; x_wconf 89' lang='lat' dir='ltr'>impediri</span> 
     </span>
     <span class='ocr_line' id='line_1_35' title="bbox 351 945 652 976; baseline 0 -1"><span class='ocrx_word' id='word_1_167' title='bbox 351 955 369 975; x_wconf 91' lang='lat' dir='ltr'>a</span> <span class='ocrx_word' id='word_1_168' title='bbox 391 945 490 976; x_wconf 93' lang='lat' dir='ltr'>libero</span> <span class='ocrx_word' id='word_1_169' title='bbox 515 945 652 976; x_wconf 87' lang='lat' dir='ltr'>arbitrio.</span> 
     </span>
    </p>

    <p class='ocr_par' dir='ltr' id='par_1_14' title="bbox 350 986 1408 1292">
     <span class='ocr_line' id='line_1_36' title="bbox 405 986 1406 1029; baseline -0.003 -10"><span class='ocrx_word' id='word_1_170' title='bbox 405 989 505 1020; x_wconf 91' lang='lat' dir='ltr'>Aliter</span> <span class='ocrx_word' id='word_1_171' title='bbox 532 999 606 1029; x_wconf 87' lang='lat' dir='ltr'>ergo</span> <span class='ocrx_word' id='word_1_172' title='bbox 635 988 804 1019; x_wconf 90' lang='lat' dir='ltr'>dicendum</span> <span class='ocrx_word' id='word_1_173' title='bbox 839 994 885 1018; x_wconf 90' lang='lat' dir='ltr'>est</span> <span class='ocrx_word' id='word_1_174' title='bbox 918 988 1023 1028; x_wconf 92' lang='lat' dir='ltr'>quod,</span> <span class='ocrx_word' id='word_1_175' title='bbox 1055 987 1129 1028; x_wconf 90' lang='lat' dir='ltr'>quia</span> <span class='ocrx_word' id='word_1_176' title='bbox 1151 986 1406 1027; x_wconf 88' lang='lat' dir='ltr'>unumquodque</span> 
     </span>
     <span class='ocr_line' id='line_1_37' title="bbox 351 1030 1406 1073; baseline -0.004 -10"><span class='ocrx_word' id='word_1_177' title='bbox 351 1039 398 1063; x_wconf 92' lang='lat' dir='ltr'>est</span> <span class='ocrx_word' id='word_1_178' title='bbox 410 1033 472 1063; x_wconf 85' lang='lat' dir='ltr'>tale</span> <span class='ocrx_word' id='word_1_179' title='bbox 490 1042 557 1063; x_wconf 92' lang='lat' dir='ltr'>non</span> <span class='ocrx_word' id='word_1_180' title='bbox 580 1033 756 1063; x_wconf 87' lang='lat' dir='ltr'>secundum</span> <span class='ocrx_word' id='word_1_181' title='bbox 772 1032 860 1073; x_wconf 92' lang='lat' dir='ltr'>quod</span> <span class='ocrx_word' id='word_1_182' title='bbox 877 1038 922 1062; x_wconf 92' lang='lat' dir='ltr'>est</span> <span class='ocrx_word' id='word_1_183' title='bbox 937 1031 970 1062; x_wconf 93' lang='lat' dir='ltr'>in</span> <span class='ocrx_word' id='word_1_184' title='bbox 985 1031 1134 1072; x_wconf 87' lang='lat' dir='ltr'>potentia,</span> <span class='ocrx_word' id='word_1_185' title='bbox 1159 1030 1213 1061; x_wconf 92' lang='lat' dir='ltr'>sed</span> <span class='ocrx_word' id='word_1_186' title='bbox 1232 1030 1406 1061; x_wconf 90' lang='lat' dir='ltr'>secundum</span> 
     </span>
     <span class='ocr_line' id='line_1_38' title="bbox 351 1074 1407 1117; baseline -0.003 -10"><span class='ocrx_word' id='word_1_187' title='bbox 351 1077 440 1117; x_wconf 90' lang='lat' dir='ltr'>quod</span> <span class='ocrx_word' id='word_1_188' title='bbox 463 1083 510 1107; x_wconf 89' lang='lat' dir='ltr'>est</span> <span class='ocrx_word' id='word_1_189' title='bbox 527 1083 612 1113; x_wconf 89' lang='lat' dir='ltr'>actu;</span> <span class='ocrx_word' id='word_1_190' title='bbox 636 1087 694 1107; x_wconf 92' lang='lat' dir='ltr'>nec</span> <span class='ocrx_word' id='word_1_191' title='bbox 710 1076 828 1117; x_wconf 90' lang='lat' dir='ltr'>aliquid</span> <span class='ocrx_word' id='word_1_192' title='bbox 847 1075 1010 1116; x_wconf 85' lang='lat' dir='ltr'>reponitur</span> <span class='ocrx_word' id='word_1_193' title='bbox 1024 1075 1058 1105; x_wconf 89' lang='lat' dir='ltr'>in</span> <span class='ocrx_word' id='word_1_194' title='bbox 1073 1084 1184 1114; x_wconf 85' lang='lat' dir='ltr'>genere</span> <span class='ocrx_word' id='word_1_195' title='bbox 1201 1084 1256 1114; x_wconf 92' lang='lat' dir='ltr'>per</span> <span class='ocrx_word' id='word_1_196' title='bbox 1270 1074 1303 1104; x_wconf 91' lang='lat' dir='ltr'>id</span> <span class='ocrx_word' id='word_1_197' title='bbox 1319 1074 1407 1114; x_wconf 93' lang='lat' dir='ltr'>quod</span> 
     </span>
     <span class='ocr_line' id='line_1_39' title="bbox 350 1117 1405 1162; baseline -0.004 -11"><span class='ocrx_word' id='word_1_198' title='bbox 350 1127 456 1161; x_wconf 90' lang='lat' dir='ltr'>potest</span> <span class='ocrx_word' id='word_1_199' title='bbox 470 1130 547 1158; x_wconf 91' lang='lat' dir='ltr'>esse,</span> <span class='ocrx_word' id='word_1_200' title='bbox 565 1121 620 1151; x_wconf 91' lang='lat' dir='ltr'>sed</span> <span class='ocrx_word' id='word_1_201' title='bbox 635 1131 692 1160; x_wconf 89' lang='lat' dir='ltr'>per</span> <span class='ocrx_word' id='word_1_202' title='bbox 707 1121 738 1150; x_wconf 92' lang='lat' dir='ltr'>id</span> <span class='ocrx_word' id='word_1_203' title='bbox 755 1120 843 1161; x_wconf 92' lang='lat' dir='ltr'>quod</span> <span class='ocrx_word' id='word_1_204' title='bbox 861 1126 908 1150; x_wconf 90' lang='lat' dir='ltr'>est</span> <span class='ocrx_word' id='word_1_205' title='bbox 931 1118 1011 1162; x_wconf 89' lang='lat' dir='ltr'>(non</span> <span class='ocrx_word' id='word_1_206' title='bbox 1034 1119 1118 1150; x_wconf 90' lang='lat' dir='ltr'>enim</span> <span class='ocrx_word' id='word_1_207' title='bbox 1142 1117 1320 1158; x_wconf 87' lang='lat' dir='ltr'>superficies</span> <span class='ocrx_word' id='word_1_208' title='bbox 1337 1128 1405 1158; x_wconf 90' lang='lat' dir='ltr'>spe-</span> 
     </span>
     <span class='ocr_line' id='line_1_40' title="bbox 351 1160 1407 1205; baseline -0.003 -10"><span class='ocrx_word' id='word_1_209' title='bbox 351 1171 414 1196; x_wconf 89' lang='lat' dir='ltr'>ctat</span> <span class='ocrx_word' id='word_1_210' title='bbox 431 1165 471 1195; x_wconf 86' lang='lat' dir='ltr'>ad</span> <span class='ocrx_word' id='word_1_211' title='bbox 486 1174 586 1204; x_wconf 89' lang='lat' dir='ltr'>genus</span> <span class='ocrx_word' id='word_1_212' title='bbox 602 1164 716 1195; x_wconf 87' lang='lat' dir='ltr'>coloris</span> <span class='ocrx_word' id='word_1_213' title='bbox 732 1164 807 1205; x_wconf 89' lang='lat' dir='ltr'>quia</span> <span class='ocrx_word' id='word_1_214' title='bbox 822 1169 926 1204; x_wconf 90' lang='lat' dir='ltr'>potest</span> <span class='ocrx_word' id='word_1_215' title='bbox 945 1173 1010 1193; x_wconf 91' lang='lat' dir='ltr'>esse</span> <span class='ocrx_word' id='word_1_216' title='bbox 1029 1163 1098 1193; x_wconf 90' lang='lat' dir='ltr'>alba</span> <span class='ocrx_word' id='word_1_217' title='bbox 1121 1169 1175 1193; x_wconf 85' lang='lat' dir='ltr'>aut</span> <span class='ocrx_word' id='word_1_218' title='bbox 1198 1160 1312 1204; x_wconf 86' lang='lat' dir='ltr'>nigra);</span> <span class='ocrx_word' id='word_1_219' title='bbox 1335 1162 1407 1192; x_wconf 92' lang='lat' dir='ltr'>ideo</span> 
     </span>
     <span class='ocr_line' id='line_1_41' title="bbox 351 1205 1408 1249; baseline -0.003 -11"><span class='ocrx_word' id='word_1_220' title='bbox 351 1215 440 1239; x_wconf 90' lang='lat' dir='ltr'>actus</span> <span class='ocrx_word' id='word_1_221' title='bbox 455 1208 560 1239; x_wconf 89' lang='lat' dir='ltr'>omnis</span> <span class='ocrx_word' id='word_1_222' title='bbox 579 1208 635 1249; x_wconf 91' lang='lat' dir='ltr'>qui</span> <span class='ocrx_word' id='word_1_223' title='bbox 653 1208 814 1239; x_wconf 86' lang='lat' dir='ltr'>actualiter</span> <span class='ocrx_word' id='word_1_224' title='bbox 830 1217 847 1238; x_wconf 94' lang='lat' dir='ltr'>a</span> <span class='ocrx_word' id='word_1_225' title='bbox 863 1207 930 1237; x_wconf 88' lang='lat' dir='ltr'>sola</span> <span class='ocrx_word' id='word_1_226' title='bbox 945 1214 991 1237; x_wconf 91' lang='lat' dir='ltr'>est</span> <span class='ocrx_word' id='word_1_227' title='bbox 1013 1205 1247 1246; x_wconf 82' lang='lat' dir='ltr'>imaginatione,</span> <span class='ocrx_word' id='word_1_228' title='bbox 1264 1205 1408 1246; x_wconf 89' lang='lat' dir='ltr'>quamvis</span> 
     </span>
     <span class='ocr_line' id='line_1_42' title="bbox 351 1249 1407 1292; baseline -0.004 -9"><span class='ocrx_word' id='word_1_229' title='bbox 351 1252 452 1292; x_wconf 87' lang='lat' dir='ltr'>possit</span> <span class='ocrx_word' id='word_1_230' title='bbox 474 1253 601 1283; x_wconf 87' lang='lat' dir='ltr'>subesse</span> <span class='ocrx_word' id='word_1_231' title='bbox 627 1252 762 1292; x_wconf 88' lang='lat' dir='ltr'>imperio</span> <span class='ocrx_word' id='word_1_232' title='bbox 785 1251 928 1287; x_wconf 87' lang='lat' dir='ltr'>rationis,</span> <span class='ocrx_word' id='word_1_233' title='bbox 953 1260 1018 1280; x_wconf 89' lang='lat' dir='ltr'>non</span> <span class='ocrx_word' id='word_1_234' title='bbox 1042 1257 1088 1280; x_wconf 89' lang='lat' dir='ltr'>est</span> <span class='ocrx_word' id='word_1_235' title='bbox 1110 1249 1142 1279; x_wconf 91' lang='lat' dir='ltr'>in</span> <span class='ocrx_word' id='word_1_236' title='bbox 1165 1259 1276 1289; x_wconf 88' lang='lat' dir='ltr'>genere</span> <span class='ocrx_word' id='word_1_237' title='bbox 1299 1249 1407 1280; x_wconf 89' lang='lat' dir='ltr'>moris.</span> 
     </span>
    </p>

    <p class='ocr_par' dir='ltr' id='par_1_15' title="bbox 350 1293 1409 1466">
     <span class='ocr_line' id='line_1_43' title="bbox 405 1293 1408 1334; baseline -0.005 -7"><span class='ocrx_word' id='word_1_238' title='bbox 405 1296 447 1326; x_wconf 93' lang='lat' dir='ltr'>Et</span> <span class='ocrx_word' id='word_1_239' title='bbox 461 1296 487 1326; x_wconf 92' lang='lat' dir='ltr'>si</span> <span class='ocrx_word' id='word_1_240' title='bbox 504 1302 611 1327; x_wconf 87' lang='lat' dir='ltr'>contra</span> <span class='ocrx_word' id='word_1_241' title='bbox 627 1296 688 1326; x_wconf 91' lang='lat' dir='ltr'>hoc</span> <span class='ocrx_word' id='word_1_242' title='bbox 708 1295 872 1326; x_wconf 90' lang='lat' dir='ltr'>obiiciatur</span> <span class='ocrx_word' id='word_1_243' title='bbox 883 1318 890 1330; x_wconf 86' lang='lat'>,</span> <span class='ocrx_word' id='word_1_244' title='bbox 914 1294 989 1334; x_wconf 90' lang='lat' dir='ltr'>quia</span> <span class='ocrx_word' id='word_1_245' title='bbox 1008 1301 1094 1324; x_wconf 91' lang='lat' dir='ltr'>actus</span> <span class='ocrx_word' id='word_1_246' title='bbox 1111 1293 1318 1323; x_wconf 88' lang='lat' dir='ltr'>sensualitatis</span> <span class='ocrx_word' id='word_1_247' title='bbox 1335 1300 1408 1323; x_wconf 89' lang='lat' dir='ltr'>sunt</span> 
     </span>
     <span class='ocr_line' id='line_1_44' title="bbox 351 1336 1406 1380; baseline -0.005 -10"><span class='ocrx_word' id='word_1_248' title='bbox 351 1339 383 1370; x_wconf 89' lang='lat' dir='ltr'>in</span> <span class='ocrx_word' id='word_1_249' title='bbox 411 1350 523 1380; x_wconf 89' lang='lat' dir='ltr'>genere</span> <span class='ocrx_word' id='word_1_250' title='bbox 546 1339 644 1369; x_wconf 87' lang='lat' dir='ltr'>moris</span> <span class='ocrx_word' id='word_1_251' title='bbox 675 1349 712 1369; x_wconf 85' lang='lat' dir='ltr'>ex</span> <span class='ocrx_word' id='word_1_252' title='bbox 739 1339 801 1368; x_wconf 91' lang='lat' dir='ltr'>hoc</span> <span class='ocrx_word' id='word_1_253' title='bbox 830 1338 900 1368; x_wconf 93' lang='lat' dir='ltr'>solo</span> <span class='ocrx_word' id='word_1_254' title='bbox 930 1337 1019 1377; x_wconf 90' lang='lat' dir='ltr'>quod</span> <span class='ocrx_word' id='word_1_255' title='bbox 1046 1343 1219 1376; x_wconf 91' lang='lat' dir='ltr'>potuerunt</span> <span class='ocrx_word' id='word_1_256' title='bbox 1245 1336 1406 1376; x_wconf 83' lang='lat' dir='ltr'>impediri:</span> 
     </span>
     <span class='ocr_line' id='line_1_45' title="bbox 351 1379 1408 1422; baseline -0.004 -10"><span class='ocrx_word' id='word_1_257' title='bbox 351 1390 482 1422; x_wconf 87' lang='lat' dir='ltr'>negatur</span> <span class='ocrx_word' id='word_1_258' title='bbox 509 1383 580 1415; x_wconf 91' lang='lat' dir='ltr'>hoc.</span> <span class='ocrx_word' id='word_1_259' title='bbox 606 1381 768 1419; x_wconf 87' lang='lat' dir='ltr'>Quoniam</span> <span class='ocrx_word' id='word_1_260' title='bbox 795 1388 882 1412; x_wconf 89' lang='lat' dir='ltr'>actus</span> <span class='ocrx_word' id='word_1_261' title='bbox 906 1380 1064 1410; x_wconf 88' lang='lat' dir='ltr'>sensuales</span> <span class='ocrx_word' id='word_1_262' title='bbox 1092 1379 1147 1419; x_wconf 92' lang='lat' dir='ltr'>qui</span> <span class='ocrx_word' id='word_1_263' title='bbox 1175 1379 1321 1410; x_wconf 90' lang='lat' dir='ltr'>dicuntur</span> <span class='ocrx_word' id='word_1_264' title='bbox 1352 1389 1408 1409; x_wconf 93' lang='lat' dir='ltr'>vo-</span> 
     </span>
     <span class='ocr_line' id='line_1_46' title="bbox 350 1423 1409 1466; baseline -0.005 -9"><span class='ocrx_word' id='word_1_265' title='bbox 350 1426 476 1457; x_wconf 80' lang='lat' dir='ltr'>luntarii</span> <span class='ocrx_word' id='word_1_266' title='bbox 503 1424 579 1466; x_wconf 87' lang='lat' dir='ltr'>quia</span> <span class='ocrx_word' id='word_1_267' title='bbox 602 1435 667 1455; x_wconf 91' lang='lat' dir='ltr'>non</span> <span class='ocrx_word' id='word_1_268' title='bbox 690 1424 833 1464; x_wconf 90' lang='lat' dir='ltr'>impediti</span> <span class='ocrx_word' id='word_1_269' title='bbox 853 1434 871 1454; x_wconf 90' lang='lat' dir='ltr'>a</span> <span class='ocrx_word' id='word_1_270' title='bbox 892 1424 1054 1454; x_wconf 87' lang='lat' dir='ltr'>voluntate</span> <span class='ocrx_word' id='word_1_271' title='bbox 1078 1429 1206 1462; x_wconf 89' lang='lat' dir='ltr'>potente</span> <span class='ocrx_word' id='word_1_272' title='bbox 1230 1423 1409 1462; x_wconf 88' lang='lat' dir='ltr'>praevenire</span> 
     </span>
    </p>
   </div>
   <div class='ocr_carea' id='block_1_13' title="bbox 1309 1508 1464 1515">
    <p class='ocr_par' dir='ltr' id='par_1_16' title="bbox 1309 1508 1464 1515">
     <span class='ocr_line' id='line_1_47' title="bbox 1309 1508 1464 1515; baseline 0 2637"><span class='ocrx_word' id='word_1_273' title='bbox 1309 1508 1464 1515; x_wconf 95' lang='lat' dir='ltr'> </span> 
     </span>
    </p>
   </div>
   <div class='ocr_carea' id='block_1_14' title="bbox 2436 256 2505 302">
    <p class='ocr_par' dir='ltr' id='par_1_17' title="bbox 2436 256 2505 302">
     <span class='ocr_line' id='line_1_48' title="bbox 2436 256 2505 302; baseline 0.014 -11"><span class='ocrx_word' id='word_1_274' title='bbox 2436 256 2505 302; x_wconf 84' lang='lat'>137</span> 
     </span>
    </p>
   </div>
   <div class='ocr_carea' id='block_1_15' title="bbox 1458 330 2514 1377">
    <p class='ocr_par' dir='ltr' id='par_1_18' title="bbox 1458 330 2514 1377">
     <span class='ocr_line' id='line_1_49' title="bbox 1459 330 2508 370; baseline 0.005 -11"><span class='ocrx_word' id='word_1_275' title='bbox 1459 330 1618 370; x_wconf 85' lang='lat' dir='ltr'>singulos,</span> <span class='ocrx_word' id='word_1_276' title='bbox 1643 340 1710 360; x_wconf 91' lang='lat' dir='ltr'>non</span> <span class='ocrx_word' id='word_1_277' title='bbox 1733 331 1838 361; x_wconf 82' lang='lat' dir='ltr'>solum</span> <span class='ocrx_word' id='word_1_278' title='bbox 1861 332 2012 370; x_wconf 89' lang='lat' dir='ltr'>potentia,</span> <span class='ocrx_word' id='word_1_279' title='bbox 2029 333 2083 362; x_wconf 90' lang='lat' dir='ltr'>sed</span> <span class='ocrx_word' id='word_1_280' title='bbox 2105 339 2175 363; x_wconf 88' lang='lat' dir='ltr'>actu</span> <span class='ocrx_word' id='word_1_281' title='bbox 2195 334 2328 364; x_wconf 83' lang='lat' dir='ltr'>subsunt</span> <span class='ocrx_word' id='word_1_282' title='bbox 2343 333 2508 369; x_wconf 88' lang='lat' dir='ltr'>voluntati,</span> 
     </span>
     <span class='ocr_line' id='line_1_50' title="bbox 1458 374 2509 416; baseline 0.003 -12"><span class='ocrx_word' id='word_1_283' title='bbox 1458 384 1524 404; x_wconf 91' lang='lat' dir='ltr'>non</span> <span class='ocrx_word' id='word_1_284' title='bbox 1546 374 1690 414; x_wconf 88' lang='lat' dir='ltr'>positive,</span> <span class='ocrx_word' id='word_1_285' title='bbox 1715 375 1769 404; x_wconf 88' lang='lat' dir='ltr'>sed</span> <span class='ocrx_word' id='word_1_286' title='bbox 1791 374 1941 414; x_wconf 85' lang='lat' dir='ltr'>privative</span> <span class='ocrx_word' id='word_1_287' title='bbox 1965 375 2076 411; x_wconf 87' lang='lat' dir='ltr'>stricte,</span> <span class='ocrx_word' id='word_1_288' title='bbox 2101 376 2215 406; x_wconf 87' lang='lat' dir='ltr'>scilicet</span> <span class='ocrx_word' id='word_1_289' title='bbox 2238 386 2302 406; x_wconf 91' lang='lat' dir='ltr'>non</span> <span class='ocrx_word' id='word_1_290' title='bbox 2325 387 2380 416; x_wconf 91' lang='lat' dir='ltr'>per</span> <span class='ocrx_word' id='word_1_291' title='bbox 2402 384 2509 407; x_wconf 85' lang='lat' dir='ltr'>actum</span> 
     </span>
     <span class='ocr_line' id='line_1_51' title="bbox 1459 417 2508 460; baseline 0.004 -13"><span class='ocrx_word' id='word_1_292' title='bbox 1459 417 1598 449; x_wconf 89' lang='lat' dir='ltr'>elicitum</span> <span class='ocrx_word' id='word_1_293' title='bbox 1621 424 1677 448; x_wconf 88' lang='lat' dir='ltr'>aut</span> <span class='ocrx_word' id='word_1_294' title='bbox 1699 417 1889 458; x_wconf 87' lang='lat' dir='ltr'>imperatum</span> <span class='ocrx_word' id='word_1_295' title='bbox 1908 428 1926 448; x_wconf 89' lang='lat' dir='ltr'>a</span> <span class='ocrx_word' id='word_1_296' title='bbox 1944 419 2122 454; x_wconf 87' lang='lat' dir='ltr'>voluntate,</span> <span class='ocrx_word' id='word_1_297' title='bbox 2147 420 2200 449; x_wconf 90' lang='lat' dir='ltr'>sed</span> <span class='ocrx_word' id='word_1_298' title='bbox 2224 429 2278 459; x_wconf 91' lang='lat' dir='ltr'>per</span> <span class='ocrx_word' id='word_1_299' title='bbox 2296 420 2432 450; x_wconf 75' lang='lat' dir='ltr'>strictam</span> <span class='ocrx_word' id='word_1_300' title='bbox 2448 421 2508 460; x_wconf 93' lang='lat' dir='ltr'>pri-</span> 
     </span>
     <span class='ocr_line' id='line_1_52' title="bbox 1458 461 2508 503; baseline 0.003 -12"><span class='ocrx_word' id='word_1_301' title='bbox 1458 461 1617 492; x_wconf 91' lang='lat' dir='ltr'>vationem</span> <span class='ocrx_word' id='word_1_302' title='bbox 1640 468 1727 492; x_wconf 91' lang='lat' dir='ltr'>actus</span> <span class='ocrx_word' id='word_1_303' title='bbox 1751 461 1843 492; x_wconf 90' lang='lat' dir='ltr'>eliciti</span> <span class='ocrx_word' id='word_1_304' title='bbox 1863 469 1893 492; x_wconf 91' lang='lat' dir='ltr'>et</span> <span class='ocrx_word' id='word_1_305' title='bbox 1907 462 2068 502; x_wconf 89' lang='lat' dir='ltr'>imperati:</span> <span class='ocrx_word' id='word_1_306' title='bbox 2093 461 2173 492; x_wconf 89' lang='lat' dir='ltr'>fiunt</span> <span class='ocrx_word' id='word_1_307' title='bbox 2191 463 2276 492; x_wconf 89' lang='lat' dir='ltr'>enim</span> <span class='ocrx_word' id='word_1_308' title='bbox 2290 464 2407 503; x_wconf 88' lang='lat' dir='ltr'>absque</span> <span class='ocrx_word' id='word_1_309' title='bbox 2422 474 2508 503; x_wconf 88' lang='lat' dir='ltr'>prae-</span> 
     </span>
     <span class='ocr_line' id='line_1_53' title="bbox 1458 505 2509 546; baseline 0.002 -11"><span class='ocrx_word' id='word_1_310' title='bbox 1458 505 1605 535; x_wconf 90' lang='lat' dir='ltr'>ventione</span> <span class='ocrx_word' id='word_1_311' title='bbox 1621 505 1791 536; x_wconf 88' lang='lat' dir='ltr'>voluntatis</span> <span class='ocrx_word' id='word_1_312' title='bbox 1807 506 1944 545; x_wconf 89' lang='lat' dir='ltr'>potentis</span> <span class='ocrx_word' id='word_1_313' title='bbox 1967 512 1997 536; x_wconf 88' lang='lat' dir='ltr'>et</span> <span class='ocrx_word' id='word_1_314' title='bbox 2017 506 2156 536; x_wconf 89' lang='lat' dir='ltr'>debentis</span> <span class='ocrx_word' id='word_1_315' title='bbox 2179 506 2368 546; x_wconf 89' lang='lat' dir='ltr'>praevenire.</span> <span class='ocrx_word' id='word_1_316' title='bbox 2392 508 2509 537; x_wconf 89' lang='lat' dir='ltr'>Notan-</span> 
     </span>
     <span class='ocr_line' id='line_1_54' title="bbox 1458 549 2511 590; baseline 0.002 -11"><span class='ocrx_word' id='word_1_317' title='bbox 1458 555 1504 579; x_wconf 92' lang='lat' dir='ltr'>ter</span> <span class='ocrx_word' id='word_1_318' title='bbox 1526 555 1632 580; x_wconf 88' lang='lat' dir='ltr'>autem</span> <span class='ocrx_word' id='word_1_319' title='bbox 1652 549 1715 579; x_wconf 85' lang='lat' dir='ltr'>dixi</span> <span class='ocrx_word' id='word_1_320' title='bbox 1730 550 1891 589; x_wconf 76' lang='lat' dir='ltr'>privative</span> <span class='ocrx_word' id='word_1_321' title='bbox 1912 550 2030 587; x_wconf 83' lang='lat' dir='ltr'>stricte,</span> <span class='ocrx_word' id='word_1_322' title='bbox 2050 555 2080 580; x_wconf 86' lang='lat' dir='ltr'>et</span> <span class='ocrx_word' id='word_1_323' title='bbox 2102 559 2168 579; x_wconf 89' lang='lat' dir='ltr'>non</span> <span class='ocrx_word' id='word_1_324' title='bbox 2189 551 2353 590; x_wconf 79' lang='lat' dir='ltr'>negative:</span> <span class='ocrx_word' id='word_1_325' title='bbox 2375 551 2458 590; x_wconf 86' lang='lat' dir='ltr'>quia,</span> <span class='ocrx_word' id='word_1_326' title='bbox 2475 558 2511 581; x_wconf 93' lang='lat' dir='ltr'>ut</span> 
     </span>
     <span class='ocr_line' id='line_1_55' title="bbox 1459 593 2511 633; baseline 0.001 -10"><span class='ocrx_word' id='word_1_327' title='bbox 1459 602 1496 623; x_wconf 81' lang='lat' dir='ltr'>ex</span> <span class='ocrx_word' id='word_1_328' title='bbox 1518 603 1572 633; x_wconf 87' lang='lat' dir='ltr'>qu.</span> <span class='ocrx_word' id='word_1_329' title='bbox 1592 603 1638 629; x_wconf 81' lang='lat' dir='ltr'>VI,</span> <span class='ocrx_word' id='word_1_330' title='bbox 1662 599 1718 623; x_wconf 87' lang='lat' dir='ltr'>art.</span> <span class='ocrx_word' id='word_1_331' title='bbox 1739 594 1770 629; x_wconf 85' lang='lat'>3,</span> <span class='ocrx_word' id='word_1_332' title='bbox 1800 593 1943 633; x_wconf 90' lang='lat' dir='ltr'>superius</span> <span class='ocrx_word' id='word_1_333' title='bbox 1970 600 2070 633; x_wconf 90' lang='lat' dir='ltr'>patet,</span> <span class='ocrx_word' id='word_1_334' title='bbox 2100 593 2140 623; x_wconf 87' lang='lat' dir='ltr'>ad</span> <span class='ocrx_word' id='word_1_335' title='bbox 2167 593 2320 624; x_wconf 83' lang='lat' dir='ltr'>rationem</span> <span class='ocrx_word' id='word_1_336' title='bbox 2342 594 2511 624; x_wconf 84' lang='lat' dir='ltr'>voluntarii</span> 
     </span>
     <span class='ocr_line' id='line_1_56' title="bbox 1459 636 2510 677; baseline 0.001 -11"><span class='ocrx_word' id='word_1_337' title='bbox 1459 636 1606 667; x_wconf 88' lang='lat' dir='ltr'>indirecte</span> <span class='ocrx_word' id='word_1_338' title='bbox 1634 646 1700 667; x_wconf 92' lang='lat' dir='ltr'>non</span> <span class='ocrx_word' id='word_1_339' title='bbox 1731 636 1889 668; x_wconf 88' lang='lat' dir='ltr'>sufficiunt</span> <span class='ocrx_word' id='word_1_340' title='bbox 1921 643 2059 677; x_wconf 86' lang='lat' dir='ltr'>potestas</span> <span class='ocrx_word' id='word_1_341' title='bbox 2089 643 2120 667; x_wconf 90' lang='lat' dir='ltr'>et</span> <span class='ocrx_word' id='word_1_342' title='bbox 2147 637 2288 676; x_wconf 87' lang='lat' dir='ltr'>negatio,</span> <span class='ocrx_word' id='word_1_343' title='bbox 2319 638 2373 668; x_wconf 91' lang='lat' dir='ltr'>sed</span> <span class='ocrx_word' id='word_1_344' title='bbox 2404 638 2510 668; x_wconf 87' lang='lat' dir='ltr'>adesse</span> 
     </span>
     <span class='ocr_line' id='line_1_57' title="bbox 1460 680 2511 720; baseline 0.001 -10"><span class='ocrx_word' id='word_1_345' title='bbox 1460 687 1585 720; x_wconf 89' lang='lat' dir='ltr'>oportet</span> <span class='ocrx_word' id='word_1_346' title='bbox 1603 680 1828 720; x_wconf 88' lang='lat' dir='ltr'>obligationem</span> <span class='ocrx_word' id='word_1_347' title='bbox 1851 691 1906 711; x_wconf 92' lang='lat' dir='ltr'>seu</span> <span class='ocrx_word' id='word_1_348' title='bbox 1935 681 2086 712; x_wconf 90' lang='lat' dir='ltr'>debitum.</span> <span class='ocrx_word' id='word_1_349' title='bbox 2111 681 2202 711; x_wconf 91' lang='lat' dir='ltr'>Unde</span> <span class='ocrx_word' id='word_1_350' title='bbox 2225 691 2290 711; x_wconf 91' lang='lat' dir='ltr'>non</span> <span class='ocrx_word' id='word_1_351' title='bbox 2321 681 2511 711; x_wconf 87' lang='lat' dir='ltr'>reducuntur</span> 
     </span>
     <span class='ocr_line' id='line_1_58' title="bbox 1459 723 2510 765; baseline 0.002 -12"><span class='ocrx_word' id='word_1_352' title='bbox 1459 723 1492 753; x_wconf 91' lang='lat' dir='ltr'>in</span> <span class='ocrx_word' id='word_1_353' title='bbox 1519 723 1715 754; x_wconf 89' lang='lat' dir='ltr'>voluntatem</span> <span class='ocrx_word' id='word_1_354' title='bbox 1738 731 1774 755; x_wconf 90' lang='lat' dir='ltr'>ut</span> <span class='ocrx_word' id='word_1_355' title='bbox 1796 735 1923 755; x_wconf 88' lang='lat' dir='ltr'>causam</span> <span class='ocrx_word' id='word_1_356' title='bbox 1953 724 2119 765; x_wconf 88' lang='lat' dir='ltr'>privative,</span> <span class='ocrx_word' id='word_1_357' title='bbox 2144 731 2230 755; x_wconf 90' lang='lat' dir='ltr'>actus</span> <span class='ocrx_word' id='word_1_358' title='bbox 2253 724 2445 765; x_wconf 89' lang='lat' dir='ltr'>quicumque</span> <span class='ocrx_word' id='word_1_359' title='bbox 2472 726 2510 755; x_wconf 88' lang='lat' dir='ltr'>ab</span> 
     </span>
     <span class='ocr_line' id='line_1_59' title="bbox 1459 767 2511 809; baseline 0.002 -12"><span class='ocrx_word' id='word_1_360' title='bbox 1459 767 1683 807; x_wconf 86' lang='lat' dir='ltr'>imaginatione</span> <span class='ocrx_word' id='word_1_361' title='bbox 1703 775 1733 799; x_wconf 93' lang='lat' dir='ltr'>et</span> <span class='ocrx_word' id='word_1_362' title='bbox 1752 767 2006 809; x_wconf 88' lang='lat' dir='ltr'>quibuscumque</span> <span class='ocrx_word' id='word_1_363' title='bbox 2025 768 2092 798; x_wconf 92' lang='lat' dir='ltr'>aliis</span> <span class='ocrx_word' id='word_1_364' title='bbox 2112 767 2311 798; x_wconf 86' lang='lat' dir='ltr'>inferioribus</span> <span class='ocrx_word' id='word_1_365' title='bbox 2330 768 2457 804; x_wconf 87' lang='lat' dir='ltr'>viribus,</span> <span class='ocrx_word' id='word_1_366' title='bbox 2476 779 2511 799; x_wconf 86' lang='lat' dir='ltr'>ex</span> 
     </span>
     <span class='ocr_line' id='line_1_60' title="bbox 1460 811 2510 852; baseline 0.001 -11"><span class='ocrx_word' id='word_1_367' title='bbox 1460 811 1522 841; x_wconf 91' lang='lat' dir='ltr'>hoc</span> <span class='ocrx_word' id='word_1_368' title='bbox 1551 812 1639 851; x_wconf 89' lang='lat' dir='ltr'>quod</span> <span class='ocrx_word' id='word_1_369' title='bbox 1665 811 1812 842; x_wconf 87' lang='lat' dir='ltr'>voluntas</span> <span class='ocrx_word' id='word_1_370' title='bbox 1835 819 1940 852; x_wconf 90' lang='lat' dir='ltr'>potest</span> <span class='ocrx_word' id='word_1_371' title='bbox 1966 822 2021 842; x_wconf 91' lang='lat' dir='ltr'>eos</span> <span class='ocrx_word' id='word_1_372' title='bbox 2043 812 2195 852; x_wconf 87' lang='lat' dir='ltr'>impedire</span> <span class='ocrx_word' id='word_1_373' title='bbox 2218 819 2249 843; x_wconf 94' lang='lat' dir='ltr'>et</span> <span class='ocrx_word' id='word_1_374' title='bbox 2278 822 2342 842; x_wconf 87' lang='lat' dir='ltr'>non</span> <span class='ocrx_word' id='word_1_375' title='bbox 2366 812 2510 852; x_wconf 91' lang='lat' dir='ltr'>impedit;</span> 
     </span>
     <span class='ocr_line' id='line_1_61' title="bbox 1461 856 2512 896; baseline 0.001 -11"><span class='ocrx_word' id='word_1_376' title='bbox 1461 862 1491 885; x_wconf 90' lang='lat' dir='ltr'>et</span> <span class='ocrx_word' id='word_1_377' title='bbox 1514 862 1742 895; x_wconf 90' lang='lat' dir='ltr'>consequenter</span> <span class='ocrx_word' id='word_1_378' title='bbox 1764 866 1829 885; x_wconf 91' lang='lat' dir='ltr'>non</span> <span class='ocrx_word' id='word_1_379' title='bbox 1853 863 1926 887; x_wconf 91' lang='lat' dir='ltr'>sunt</span> <span class='ocrx_word' id='word_1_380' title='bbox 1948 866 1984 886; x_wconf 88' lang='lat' dir='ltr'>ex</span> <span class='ocrx_word' id='word_1_381' title='bbox 2007 856 2068 886; x_wconf 90' lang='lat' dir='ltr'>hoc</span> <span class='ocrx_word' id='word_1_382' title='bbox 2091 856 2124 886; x_wconf 91' lang='lat' dir='ltr'>in</span> <span class='ocrx_word' id='word_1_383' title='bbox 2147 866 2259 896; x_wconf 89' lang='lat' dir='ltr'>genere</span> <span class='ocrx_word' id='word_1_384' title='bbox 2283 856 2460 892; x_wconf 80' lang='lat' dir='ltr'>voluntarii,</span> <span class='ocrx_word' id='word_1_385' title='bbox 2482 863 2512 887; x_wconf 92' lang='lat' dir='ltr'>et</span> 
     </span>
     <span class='ocr_line' id='line_1_62' title="bbox 1461 900 2513 941; baseline 0.002 -13"><span class='ocrx_word' id='word_1_386' title='bbox 1461 905 1688 939; x_wconf 86' lang='lat' dir='ltr'>consequenter</span> <span class='ocrx_word' id='word_1_387' title='bbox 1711 909 1768 930; x_wconf 89' lang='lat' dir='ltr'>nec</span> <span class='ocrx_word' id='word_1_388' title='bbox 1788 900 1897 930; x_wconf 85' lang='lat' dir='ltr'>moris:</span> <span class='ocrx_word' id='word_1_389' title='bbox 1922 900 1976 930; x_wconf 89' lang='lat' dir='ltr'>sed</span> <span class='ocrx_word' id='word_1_390' title='bbox 1995 910 2032 930; x_wconf 86' lang='lat' dir='ltr'>ex</span> <span class='ocrx_word' id='word_1_391' title='bbox 2047 900 2109 930; x_wconf 89' lang='lat' dir='ltr'>hoc</span> <span class='ocrx_word' id='word_1_392' title='bbox 2130 900 2218 941; x_wconf 92' lang='lat' dir='ltr'>quod</span> <span class='ocrx_word' id='word_1_393' title='bbox 2240 900 2386 930; x_wconf 89' lang='lat' dir='ltr'>voluntas</span> <span class='ocrx_word' id='word_1_394' title='bbox 2408 906 2513 939; x_wconf 89' lang='lat' dir='ltr'>potest</span> 
     </span>
     <span class='ocr_line' id='line_1_63' title="bbox 1460 941 2512 984; baseline 0.002 -12"><span class='ocrx_word' id='word_1_395' title='bbox 1460 949 1491 972; x_wconf 89' lang='lat' dir='ltr'>et</span> <span class='ocrx_word' id='word_1_396' title='bbox 1514 942 1605 973; x_wconf 91' lang='lat' dir='ltr'>debet</span> <span class='ocrx_word' id='word_1_397' title='bbox 1631 941 1796 982; x_wconf 88' lang='lat' dir='ltr'>impedire,</span> <span class='ocrx_word' id='word_1_398' title='bbox 1821 950 1852 974; x_wconf 89' lang='lat' dir='ltr'>et</span> <span class='ocrx_word' id='word_1_399' title='bbox 1874 953 1939 974; x_wconf 90' lang='lat' dir='ltr'>non</span> <span class='ocrx_word' id='word_1_400' title='bbox 1963 943 2104 984; x_wconf 89' lang='lat' dir='ltr'>impedit.</span> <span class='ocrx_word' id='word_1_401' title='bbox 2132 944 2226 974; x_wconf 91' lang='lat' dir='ltr'>Tunc</span> <span class='ocrx_word' id='word_1_402' title='bbox 2258 943 2342 974; x_wconf 89' lang='lat' dir='ltr'>enim</span> <span class='ocrx_word' id='word_1_403' title='bbox 2372 950 2417 974; x_wconf 91' lang='lat' dir='ltr'>est</span> <span class='ocrx_word' id='word_1_404' title='bbox 2441 953 2512 974; x_wconf 88' lang='lat' dir='ltr'>vera</span> 
     </span>
     <span class='ocr_line' id='line_1_64' title="bbox 1461 986 2512 1027; baseline 0.001 -11"><span class='ocrx_word' id='word_1_405' title='bbox 1461 986 1594 1026; x_wconf 89' lang='lat' dir='ltr'>privatio</span> <span class='ocrx_word' id='word_1_406' title='bbox 1617 986 1649 1016; x_wconf 93' lang='lat' dir='ltr'>in</span> <span class='ocrx_word' id='word_1_407' title='bbox 1673 986 1813 1017; x_wconf 88' lang='lat' dir='ltr'>subiecto</span> <span class='ocrx_word' id='word_1_408' title='bbox 1837 994 1911 1027; x_wconf 91' lang='lat' dir='ltr'>apto</span> <span class='ocrx_word' id='word_1_409' title='bbox 1936 994 2010 1018; x_wconf 90' lang='lat' dir='ltr'>nato</span> <span class='ocrx_word' id='word_1_410' title='bbox 2034 988 2092 1018; x_wconf 93' lang='lat' dir='ltr'>sub</span> <span class='ocrx_word' id='word_1_411' title='bbox 2116 987 2236 1018; x_wconf 89' lang='lat' dir='ltr'>ratione</span> <span class='ocrx_word' id='word_1_412' title='bbox 2260 987 2369 1023; x_wconf 92' lang='lat' dir='ltr'>debiti,</span> <span class='ocrx_word' id='word_1_413' title='bbox 2394 994 2424 1018; x_wconf 93' lang='lat' dir='ltr'>et</span> <span class='ocrx_word' id='word_1_414' title='bbox 2446 997 2512 1017; x_wconf 91' lang='lat' dir='ltr'>non</span> 
     </span>
     <span class='ocr_line' id='line_1_65' title="bbox 1461 1030 2512 1070; baseline 0.002 -11"><span class='ocrx_word' id='word_1_415' title='bbox 1461 1030 1567 1060; x_wconf 91' lang='lat' dir='ltr'>solum</span> <span class='ocrx_word' id='word_1_416' title='bbox 1590 1030 1756 1070; x_wconf 91' lang='lat' dir='ltr'>possibilis.</span> <span class='ocrx_word' id='word_1_417' title='bbox 1782 1031 1873 1061; x_wconf 91' lang='lat' dir='ltr'>Unde</span> <span class='ocrx_word' id='word_1_418' title='bbox 1897 1038 1972 1061; x_wconf 90' lang='lat' dir='ltr'>tunc</span> <span class='ocrx_word' id='word_1_419' title='bbox 2000 1038 2030 1061; x_wconf 92' lang='lat' dir='ltr'>et</span> <span class='ocrx_word' id='word_1_420' title='bbox 2055 1031 2214 1062; x_wconf 87' lang='lat' dir='ltr'>intantum</span> <span class='ocrx_word' id='word_1_421' title='bbox 2241 1038 2328 1062; x_wconf 91' lang='lat' dir='ltr'>actus</span> <span class='ocrx_word' id='word_1_422' title='bbox 2355 1031 2512 1061; x_wconf 88' lang='lat' dir='ltr'>sensuales</span> 
     </span>
     <span class='ocr_line' id='line_1_66' title="bbox 1461 1074 2511 1115; baseline 0 -11"><span class='ocrx_word' id='word_1_423' title='bbox 1461 1080 1535 1104; x_wconf 91' lang='lat' dir='ltr'>sunt</span> <span class='ocrx_word' id='word_1_424' title='bbox 1556 1074 1735 1110; x_wconf 87' lang='lat' dir='ltr'>voluntarii,</span> <span class='ocrx_word' id='word_1_425' title='bbox 1755 1075 1883 1115; x_wconf 87' lang='lat' dir='ltr'>quando</span> <span class='ocrx_word' id='word_1_426' title='bbox 1900 1081 1931 1105; x_wconf 90' lang='lat' dir='ltr'>et</span> <span class='ocrx_word' id='word_1_427' title='bbox 1951 1075 2141 1115; x_wconf 88' lang='lat' dir='ltr'>inquantum</span> <span class='ocrx_word' id='word_1_428' title='bbox 2155 1075 2260 1115; x_wconf 88' lang='lat' dir='ltr'>potuit</span> <span class='ocrx_word' id='word_1_429' title='bbox 2283 1081 2312 1105; x_wconf 93' lang='lat' dir='ltr'>et</span> <span class='ocrx_word' id='word_1_430' title='bbox 2332 1075 2439 1105; x_wconf 88' lang='lat' dir='ltr'>debuit</span> <span class='ocrx_word' id='word_1_431' title='bbox 2456 1084 2511 1104; x_wconf 88' lang='lat' dir='ltr'>vo-</span> 
     </span>
     <span class='ocr_line' id='line_1_67' title="bbox 1460 1116 2514 1159; baseline 0 -11"><span class='ocrx_word' id='word_1_432' title='bbox 1460 1118 1564 1149; x_wconf 86' lang='lat' dir='ltr'>luntas</span> <span class='ocrx_word' id='word_1_433' title='bbox 1587 1116 1749 1158; x_wconf 87' lang='lat' dir='ltr'>impedire.</span> <span class='ocrx_word' id='word_1_434' title='bbox 1767 1118 1899 1149; x_wconf 91' lang='lat' dir='ltr'>Constat</span> <span class='ocrx_word' id='word_1_435' title='bbox 1922 1125 2027 1149; x_wconf 89' lang='lat' dir='ltr'>autem</span> <span class='ocrx_word' id='word_1_436' title='bbox 2051 1129 2087 1149; x_wconf 84' lang='lat' dir='ltr'>ex</span> <span class='ocrx_word' id='word_1_437' title='bbox 2102 1119 2163 1149; x_wconf 90' lang='lat' dir='ltr'>hoc</span> <span class='ocrx_word' id='word_1_438' title='bbox 2186 1119 2275 1159; x_wconf 92' lang='lat' dir='ltr'>quod</span> <span class='ocrx_word' id='word_1_439' title='bbox 2294 1118 2445 1158; x_wconf 87' lang='lat' dir='ltr'>impedire</span> <span class='ocrx_word' id='word_1_440' title='bbox 2466 1125 2514 1149; x_wconf 89' lang='lat' dir='ltr'>est</span> 
     </span>
     <span class='ocr_line' id='line_1_68' title="bbox 1461 1161 2514 1202; baseline 0 -10"><span class='ocrx_word' id='word_1_441' title='bbox 1461 1161 1634 1202; x_wconf 88' lang='lat' dir='ltr'>positivum</span> <span class='ocrx_word' id='word_1_442' title='bbox 1662 1162 1840 1202; x_wconf 83' lang='lat' dir='ltr'>quoddam,</span> <span class='ocrx_word' id='word_1_443' title='bbox 1869 1163 1957 1202; x_wconf 94' lang='lat' dir='ltr'>quod</span> <span class='ocrx_word' id='word_1_444' title='bbox 1985 1172 2051 1192; x_wconf 93' lang='lat' dir='ltr'>non</span> <span class='ocrx_word' id='word_1_445' title='bbox 2084 1162 2240 1202; x_wconf 85' lang='lat' dir='ltr'>obligatur</span> <span class='ocrx_word' id='word_1_446' title='bbox 2268 1172 2390 1202; x_wconf 89' lang='lat' dir='ltr'>semper</span> <span class='ocrx_word' id='word_1_447' title='bbox 2416 1168 2447 1192; x_wconf 89' lang='lat' dir='ltr'>et</span> <span class='ocrx_word' id='word_1_448' title='bbox 2474 1162 2514 1192; x_wconf 87' lang='lat' dir='ltr'>ad</span> 
     </span>
     <span class='ocr_line' id='line_1_69' title="bbox 1461 1205 2512 1246; baseline -0.001 -10"><span class='ocrx_word' id='word_1_449' title='bbox 1461 1215 1585 1246; x_wconf 90' lang='lat' dir='ltr'>semper</span> <span class='ocrx_word' id='word_1_450' title='bbox 1598 1206 1744 1236; x_wconf 87' lang='lat' dir='ltr'>voluntas</span> <span class='ocrx_word' id='word_1_451' title='bbox 1760 1206 1799 1236; x_wconf 89' lang='lat' dir='ltr'>ad</span> <span class='ocrx_word' id='word_1_452' title='bbox 1815 1205 2062 1246; x_wconf 88' lang='lat' dir='ltr'>impediendum.</span> <span class='ocrx_word' id='word_1_453' title='bbox 2077 1207 2122 1236; x_wconf 86' lang='lat' dir='ltr'>Ac</span> <span class='ocrx_word' id='word_1_454' title='bbox 2139 1215 2194 1246; x_wconf 90' lang='lat' dir='ltr'>per</span> <span class='ocrx_word' id='word_1_455' title='bbox 2208 1205 2279 1241; x_wconf 89' lang='lat' dir='ltr'>hoc,</span> <span class='ocrx_word' id='word_1_456' title='bbox 2293 1206 2420 1246; x_wconf 92' lang='lat' dir='ltr'>quando</span> <span class='ocrx_word' id='word_1_457' title='bbox 2436 1205 2512 1236; x_wconf 89' lang='lat' dir='ltr'>ima-</span> 
     </span>
     <span class='ocr_line' id='line_1_70' title="bbox 1459 1249 2512 1289; baseline 0 -10"><span class='ocrx_word' id='word_1_458' title='bbox 1459 1249 1576 1289; x_wconf 90' lang='lat' dir='ltr'>ginatio</span> <span class='ocrx_word' id='word_1_459' title='bbox 1593 1256 1680 1280; x_wconf 92' lang='lat' dir='ltr'>actus</span> <span class='ocrx_word' id='word_1_460' title='bbox 1705 1255 1812 1280; x_wconf 88' lang='lat' dir='ltr'>causat</span> <span class='ocrx_word' id='word_1_461' title='bbox 1834 1249 1890 1279; x_wconf 93' lang='lat' dir='ltr'>illo</span> <span class='ocrx_word' id='word_1_462' title='bbox 1914 1256 2057 1289; x_wconf 88' lang='lat' dir='ltr'>ternpore</span> <span class='ocrx_word' id='word_1_463' title='bbox 2083 1259 2149 1289; x_wconf 94' lang='lat' dir='ltr'>quo</span> <span class='ocrx_word' id='word_1_464' title='bbox 2165 1249 2311 1279; x_wconf 90' lang='lat' dir='ltr'>voluntas</span> <span class='ocrx_word' id='word_1_465' title='bbox 2327 1259 2392 1279; x_wconf 88' lang='lat' dir='ltr'>non</span> <span class='ocrx_word' id='word_1_466' title='bbox 2412 1249 2512 1284; x_wconf 91' lang='lat' dir='ltr'>debet,</span> 
     </span>
     <span class='ocr_line' id='line_1_71' title="bbox 1461 1292 2514 1333; baseline 0 -11"><span class='ocrx_word' id='word_1_467' title='bbox 1461 1293 1605 1333; x_wconf 89' lang='lat' dir='ltr'>quamvis</span> <span class='ocrx_word' id='word_1_468' title='bbox 1628 1293 1737 1333; x_wconf 84' lang='lat' dir='ltr'>possit,</span> <span class='ocrx_word' id='word_1_469' title='bbox 1762 1299 1837 1324; x_wconf 88' lang='lat' dir='ltr'>tunc</span> <span class='ocrx_word' id='word_1_470' title='bbox 1860 1300 1946 1324; x_wconf 89' lang='lat' dir='ltr'>actus</span> <span class='ocrx_word' id='word_1_471' title='bbox 1969 1293 2014 1323; x_wconf 90' lang='lat' dir='ltr'>illi</span> <span class='ocrx_word' id='word_1_472' title='bbox 2038 1300 2112 1323; x_wconf 90' lang='lat' dir='ltr'>sunt</span> <span class='ocrx_word' id='word_1_473' title='bbox 2135 1300 2217 1324; x_wconf 85' lang='lat' dir='ltr'>extra</span> <span class='ocrx_word' id='word_1_474' title='bbox 2232 1303 2330 1332; x_wconf 89' lang='lat' dir='ltr'>genus</span> <span class='ocrx_word' id='word_1_475' title='bbox 2345 1292 2514 1323; x_wconf 89' lang='lat' dir='ltr'>voluntarii</span> 
     </span>
     <span class='ocr_line' id='line_1_72' title="bbox 1463 1336 2514 1377; baseline 0 -11"><span class='ocrx_word' id='word_1_476' title='bbox 1463 1343 1494 1366; x_wconf 92' lang='lat' dir='ltr'>et</span> <span class='ocrx_word' id='word_1_477' title='bbox 1516 1337 1622 1367; x_wconf 89' lang='lat' dir='ltr'>moris.</span> <span class='ocrx_word' id='word_1_478' title='bbox 1646 1339 1744 1367; x_wconf 86' lang='lat' dir='ltr'>Actus</span> <span class='ocrx_word' id='word_1_479' title='bbox 1768 1343 1874 1367; x_wconf 89' lang='lat' dir='ltr'>autem</span> <span class='ocrx_word' id='word_1_480' title='bbox 1897 1337 1929 1367; x_wconf 90' lang='lat' dir='ltr'>hi</span> <span class='ocrx_word' id='word_1_481' title='bbox 1952 1337 2119 1377; x_wconf 86' lang='lat' dir='ltr'>praecipue</span> <span class='ocrx_word' id='word_1_482' title='bbox 2142 1347 2208 1367; x_wconf 90' lang='lat' dir='ltr'>esse</span> <span class='ocrx_word' id='word_1_483' title='bbox 2231 1343 2364 1376; x_wconf 93' lang='lat' dir='ltr'>possunt</span> <span class='ocrx_word' id='word_1_484' title='bbox 2391 1336 2445 1376; x_wconf 92' lang='lat' dir='ltr'>qui</span> <span class='ocrx_word' id='word_1_485' title='bbox 2468 1336 2514 1366; x_wconf 90' lang='lat' dir='ltr'>in—</span> 
     </span>
    </p>
   </div>
   <div class='ocr_carea' id='block_1_16' title="bbox 1464 1379 2515 1459">
    <p class='ocr_par' dir='ltr' id='par_1_19' title="bbox 1464 1379 2515 1459">
     <span class='ocr_line' id='line_1_73' title="bbox 1464 1379 2515 1452; baseline 0 -43"><span class='ocrx_word' id='word_1_486' title='bbox 1464 1379 1636 1452; x_wconf 51' lang='lat' dir='ltr'>differentes</span> <span class='ocrx_word' id='word_1_487' title='bbox 1660 1387 1734 1411; x_wconf 91' lang='lat' dir='ltr'>sunt</span> <span class='ocrx_word' id='word_1_488' title='bbox 1756 1381 1932 1411; x_wconf 86' lang='lat' dir='ltr'>secundum</span> <span class='ocrx_word' id='word_1_489' title='bbox 1958 1391 2047 1411; x_wconf 90' lang='lat' dir='ltr'>suam</span> <span class='ocrx_word' id='word_1_490' title='bbox 2078 1380 2231 1420; x_wconf 90' lang='lat' dir='ltr'>speciem,</span> <span class='ocrx_word' id='word_1_491' title='bbox 2255 1387 2290 1410; x_wconf 93' lang='lat' dir='ltr'>ut</span> <span class='ocrx_word' id='word_1_492' title='bbox 2313 1389 2439 1410; x_wconf 88' lang='lat' dir='ltr'>movere</span> <span class='ocrx_word' id='word_1_493' title='bbox 2462 1380 2515 1410; x_wconf 88' lang='lat' dir='ltr'>ba-</span> 
     </span>
     <span class='ocr_line' id='line_1_74' title="bbox 1465 1430 1664 1459; baseline 0.005 -7"><span class='ocrx_word' id='word_1_494' title='bbox 1465 1432 1503 1452; x_wconf 89' lang='lat' dir='ltr'>cu</span> <span class='ocrx_word' id='word_1_495' title='bbox 1518 1433 1582 1459; x_wconf 90' lang='lat' dir='ltr'>um,</span> <span class='ocrx_word' id='word_1_496' title='bbox 1608 1430 1664 1454; x_wconf 90' lang='lat' dir='ltr'>etc.</span> 
     </span>
    </p>
   </div>
   <div class='ocr_carea' id='block_1_17' title="bbox 1466 1508 1569 1515">
    <p class='ocr_par' dir='ltr' id='par_1_20' title="bbox 1466 1508 1569 1515">
     <span class='ocr_line' id='line_1_75' title="bbox 1466 1508 1569 1515; baseline 0 0"><span class='ocrx_word' id='word_1_497' title='bbox 1466 1508 1569 1515; x_wconf 53' lang='grc' dir='ltr'>ΜΝ»</span> 
     </span>
    </p>
   </div>
   <div class='ocr_carea' id='block_1_18' title="bbox 711 1582 2158 1711">
    <p class='ocr_par' dir='ltr' id='par_1_21' title="bbox 711 1582 2158 1711">
     <span class='ocr_line' id='line_1_76' title="bbox 1167 1582 1711 1624; baseline 0 -2"><span class='ocrx_word' id='word_1_498' title='bbox 1167 1582 1481 1624; x_wconf 89' lang='lat' dir='ltr'>ARTICULUS</span> <span class='ocrx_word' id='word_1_499' title='bbox 1510 1582 1711 1624; x_wconf 91' lang='lat' dir='ltr'>NONUS</span> 
     </span>
     <span class='ocr_line' id='line_1_77' title="bbox 711 1673 2158 1711; baseline -0.001 -5"><span class='ocrx_word' id='word_1_500' title='bbox 711 1675 867 1706; x_wconf 87' lang='lat' dir='ltr'><strong>UTRUM</strong></span> <span class='ocrx_word' id='word_1_501' title='bbox 890 1673 1060 1711; x_wconf 82' lang='lat' dir='ltr'>ALIQUIS</span> <span class='ocrx_word' id='word_1_502' title='bbox 1083 1673 1226 1704; x_wconf 87' lang='lat' dir='ltr'>ACTUS</span> <span class='ocrx_word' id='word_1_503' title='bbox 1250 1674 1316 1704; x_wconf 86' lang='lat' dir='ltr'>SIT</span> <span class='ocrx_word' id='word_1_504' title='bbox 1341 1674 1619 1704; x_wconf 84' lang='lat' dir='ltr'>INDIFFERENS</span> <span class='ocrx_word' id='word_1_505' title='bbox 1643 1673 1877 1704; x_wconf 83' lang='lat' dir='ltr'>SECUNDUM</span> <span class='ocrx_word' id='word_1_506' title='bbox 1901 1674 2158 1704; x_wconf 79' lang='lat' dir='ltr'>INDIVIDUUM</span> 
     </span>
    </p>
   </div>
   <div class='ocr_carea' id='block_1_19' title="bbox 855 1752 2017 1820">
    <p class='ocr_par' dir='ltr' id='par_1_22' title="bbox 855 1752 2017 1820">
     <span class='ocr_line' id='line_1_78' title="bbox 855 1752 2017 1785; baseline -0.002 -7"><span class='ocrx_word' id='word_1_507' title='bbox 855 1754 864 1778; x_wconf 92' lang='lat'>1</span> <span class='ocrx_word' id='word_1_508' title='bbox 885 1754 966 1782; x_wconf 73' lang='lat' dir='ltr'>Sent„</span> <span class='ocrx_word' id='word_1_509' title='bbox 987 1753 1046 1778; x_wconf 85' lang='lat' dir='ltr'>dist.</span> <span class='ocrx_word' id='word_1_510' title='bbox 1064 1761 1080 1783; x_wconf 84' lang='lat'>1,</span> <span class='ocrx_word' id='word_1_511' title='bbox 1101 1761 1144 1785; x_wconf 87' lang='lat' dir='ltr'>qu.</span> <span class='ocrx_word' id='word_1_512' title='bbox 1159 1760 1196 1783; x_wconf 91' lang='lat'>111,</span> <span class='ocrx_word' id='word_1_513' title='bbox 1216 1754 1248 1777; x_wconf 89' lang='lat' dir='ltr'>ad</span> <span class='ocrx_word' id='word_1_514' title='bbox 1265 1753 1291 1781; x_wconf 80' lang='lat'>33</span> <span class='ocrx_word' id='word_1_515' title='bbox 1311 1753 1339 1782; x_wconf 80' lang='lat'>11,</span> <span class='ocrx_word' id='word_1_516' title='bbox 1360 1753 1419 1777; x_wconf 87' lang='lat' dir='ltr'>dist.</span> <span class='ocrx_word' id='word_1_517' title='bbox 1438 1761 1478 1783; x_wconf 67' lang='lat' dir='ltr'>xz,</span> <span class='ocrx_word' id='word_1_518' title='bbox 1498 1757 1544 1777; x_wconf 87' lang='lat' dir='ltr'>art.</span> <span class='ocrx_word' id='word_1_519' title='bbox 1560 1752 1587 1783; x_wconf 72' lang='grc' dir='ltr'>ὃς</span> <span class='ocrx_word' id='word_1_520' title='bbox 1608 1753 1650 1783; x_wconf 91' lang='lat' dir='ltr'>IV,</span> <span class='ocrx_word' id='word_1_521' title='bbox 1670 1753 1727 1777; x_wconf 77' lang='lat' dir='ltr'>dist.</span> <span class='ocrx_word' id='word_1_522' title='bbox 1746 1760 1810 1782; x_wconf 78' lang='lat' dir='ltr'>xxvr,</span> <span class='ocrx_word' id='word_1_523' title='bbox 1830 1761 1874 1785; x_wconf 89' lang='lat' dir='ltr'>qu.</span> <span class='ocrx_word' id='word_1_524' title='bbox 1888 1760 1905 1783; x_wconf 86' lang='lat'>1,</span> <span class='ocrx_word' id='word_1_525' title='bbox 1925 1758 1971 1777; x_wconf 85' lang='lat' dir='ltr'>art.</span> <span class='ocrx_word' id='word_1_526' title='bbox 1986 1761 2017 1784; x_wconf 79' lang='lat'>43</span> 
     </span>
     <span class='ocr_line' id='line_1_79' title="bbox 1263 1787 1615 1820; baseline 0 -8"><span class='ocrx_word' id='word_1_527' title='bbox 1263 1788 1304 1812; x_wconf 87' lang='lat' dir='ltr'>De</span> <span class='ocrx_word' id='word_1_528' title='bbox 1322 1788 1404 1817; x_wconf 85' lang='lat' dir='ltr'>Malo,</span> <span class='ocrx_word' id='word_1_529' title='bbox 1424 1795 1469 1820; x_wconf 92' lang='lat' dir='ltr'>qu.</span> <span class='ocrx_word' id='word_1_530' title='bbox 1483 1795 1510 1818; x_wconf 86' lang='lat'>11,</span> <span class='ocrx_word' id='word_1_531' title='bbox 1529 1793 1576 1812; x_wconf 84' lang='lat' dir='ltr'>art.</span> <span class='ocrx_word' id='word_1_532' title='bbox 1591 1787 1615 1812; x_wconf 84' lang='lat'>5.</span> 
     </span>
    </p>
   </div>
   <div class='ocr_carea' id='block_1_20' title="bbox 351 1885 1410 2295">
    <p class='ocr_par' dir='ltr' id='par_1_23' title="bbox 351 1885 1410 2295">
     <span class='ocr_line' id='line_1_80' title="bbox 400 1885 1408 1950; baseline -0.007 -22"><span class='ocrx_word' id='word_1_533' title='bbox 400 1906 446 1930; x_wconf 53' lang='grc' dir='ltr'>»ι</span> <span class='ocrx_word' id='word_1_534' title='bbox 470 1910 539 1950; x_wconf 43' lang='lat'>4³&lt;</span> <span class='ocrx_word' id='word_1_535' title='bbox 561 1900 584 1925; x_wconf 82' lang='grc' dir='ltr'>ι)</span> <span class='ocrx_word' id='word_1_536' title='bbox 613 1899 739 1924; x_wconf 86' lang='lat' dir='ltr'>NONUM</span> <span class='ocrx_word' id='word_1_537' title='bbox 767 1899 820 1923; x_wconf 78' lang='lat' dir='ltr'>Sic</span> <span class='ocrx_word' id='word_1_538' title='bbox 839 1898 1077 1924; x_wconf 67' lang='lat' dir='ltr'>raonem-rua.</span> <span class='ocrx_word' id='word_1_539' title='bbox 1093 1885 1285 1922; x_wconf 75' lang='lat' dir='ltr'>*Videtur</span> <span class='ocrx_word' id='word_1_540' title='bbox 1305 1885 1408 1932; x_wconf 92' lang='lat' dir='ltr'>quod</span> 
     </span>
     <span class='ocr_line' id='line_1_81' title="bbox 491 1937 1407 1989; baseline -0.004 -12"><span class='ocrx_word' id='word_1_541' title='bbox 491 1940 540 1983; x_wconf 66' lang='grc' dir='ltr'>’ἕο</span> <span class='ocrx_word' id='word_1_542' title='bbox 562 1940 695 1989; x_wconf 89' lang='lat' dir='ltr'>aliquis</span> <span class='ocrx_word' id='word_1_543' title='bbox 722 1947 826 1976; x_wconf 89' lang='lat' dir='ltr'>actus</span> <span class='ocrx_word' id='word_1_544' title='bbox 856 1939 1067 1976; x_wconf 90' lang='lat' dir='ltr'>seeundum</span> <span class='ocrx_word' id='word_1_545' title='bbox 1095 1938 1335 1975; x_wconf 89' lang='lat' dir='ltr'>individuum</span> <span class='ocrx_word' id='word_1_546' title='bbox 1362 1937 1407 1974; x_wconf 90' lang='lat' dir='ltr'>sit</span> 
     </span>
     <span class='ocr_line' id='line_1_82' title="bbox 499 1978 1408 2039; baseline -0.004 -9"><span class='ocrx_word' id='word_1_547' title='bbox 499 1978 791 2034; x_wconf 30' lang='lat' dir='ltr'>Yindifferens.</span> <span class='ocrx_word' id='word_1_548' title='bbox 813 1993 927 2029; x_wconf 89' lang='lat' dir='ltr'>Nulla</span> <span class='ocrx_word' id='word_1_549' title='bbox 951 1991 1051 2028; x_wconf 86' lang='lat' dir='ltr'>enim</span> <span class='ocrx_word' id='word_1_550' title='bbox 1067 1991 1212 2039; x_wconf 90' lang='lat' dir='ltr'>species</span> <span class='ocrx_word' id='word_1_551' title='bbox 1238 1998 1293 2027; x_wconf 89' lang='lat' dir='ltr'>est</span> <span class='ocrx_word' id='word_1_552' title='bbox 1311 2003 1408 2039; x_wconf 86' lang='lat' dir='ltr'>quae</span> 
     </span>
     <span class='ocr_line' id='line_1_83' title="bbox 519 2038 1410 2092; baseline -0.004 -9"><span class='ocrx_word' id='word_1_553' title='bbox 519 2038 632 2083; x_wconf 92' lang='lat' dir='ltr'>sub</span> <span class='ocrx_word' id='word_1_554' title='bbox 653 2057 692 2082; x_wconf 92' lang='lat' dir='ltr'>se</span> <span class='ocrx_word' id='word_1_555' title='bbox 712 2057 790 2082; x_wconf 91' lang='lat' dir='ltr'>non</span> <span class='ocrx_word' id='word_1_556' title='bbox 811 2044 1010 2092; x_wconf 86' lang='lat' dir='ltr'>contineat,</span> <span class='ocrx_word' id='word_1_557' title='bbox 1030 2045 1091 2081; x_wconf 89' lang='lat' dir='ltr'>vel</span> <span class='ocrx_word' id='word_1_558' title='bbox 1113 2043 1304 2080; x_wconf 89' lang='lat' dir='ltr'>continere</span> <span class='ocrx_word' id='word_1_559' title='bbox 1322 2055 1410 2091; x_wconf 92' lang='lat' dir='ltr'>pos-</span> 
     </span>
     <span class='ocr_line' id='line_1_84' title="bbox 352 2096 1410 2148; baseline -0.005 -12"><span class='ocrx_word' id='word_1_560' title='bbox 352 2100 398 2137; x_wconf 90' lang='lat' dir='ltr'>sit</span> <span class='ocrx_word' id='word_1_561' title='bbox 425 2099 580 2148; x_wconf 85' lang='lat' dir='ltr'>aliquod</span> <span class='ocrx_word' id='word_1_562' title='bbox 607 2098 859 2135; x_wconf 90' lang='lat' dir='ltr'>individuum.</span> <span class='ocrx_word' id='word_1_563' title='bbox 886 2097 961 2134; x_wconf 89' lang='lat' dir='ltr'>Sed</span> <span class='ocrx_word' id='word_1_564' title='bbox 990 2097 1122 2146; x_wconf 89' lang='lat' dir='ltr'>aliquis</span> <span class='ocrx_word' id='word_1_565' title='bbox 1151 2104 1253 2132; x_wconf 88' lang='lat' dir='ltr'>actus</span> <span class='ocrx_word' id='word_1_566' title='bbox 1283 2103 1338 2132; x_wconf 89' lang='lat' dir='ltr'>est</span> <span class='ocrx_word' id='word_1_567' title='bbox 1356 2096 1410 2132; x_wconf 89' lang='lat' dir='ltr'>in-</span> 
     </span>
     <span class='ocr_line' id='line_1_85' title="bbox 353 2148 1408 2199; baseline -0.004 -10"><span class='ocrx_word' id='word_1_568' title='bbox 353 2152 529 2190; x_wconf 87' lang='lat' dir='ltr'>differens</span> <span class='ocrx_word' id='word_1_569' title='bbox 545 2151 756 2188; x_wconf 90' lang='lat' dir='ltr'>secundum</span> <span class='ocrx_word' id='word_1_570' title='bbox 773 2163 881 2187; x_wconf 87' lang='lat' dir='ltr'>suam</span> <span class='ocrx_word' id='word_1_571' title='bbox 897 2150 1076 2199; x_wconf 90' lang='lat' dir='ltr'>speciem,</span> <span class='ocrx_word' id='word_1_572' title='bbox 1096 2157 1138 2186; x_wconf 91' lang='lat' dir='ltr'>ut</span> <span class='ocrx_word' id='word_1_573' title='bbox 1153 2149 1294 2186; x_wconf 88' lang='lat' dir='ltr'>dictum</span> <span class='ocrx_word' id='word_1_574' title='bbox 1315 2155 1369 2185; x_wconf 88' lang='lat' dir='ltr'>est</span> <span class='ocrx_word' id='word_1_575' title='bbox 1379 2148 1408 2185; x_wconf 74' lang='lat'>²¹⁶.</span> 
     </span>
     <span class='ocr_line' id='line_1_86' title="bbox 352 2201 1409 2254; baseline -0.005 -12"><span class='ocrx_word' id='word_1_576' title='bbox 352 2206 454 2254; x_wconf 91' lang='lat' dir='ltr'>Ergo</span> <span class='ocrx_word' id='word_1_577' title='bbox 476 2210 493 2227; x_wconf 79' lang='lat'>‘²</span> <span class='ocrx_word' id='word_1_578' title='bbox 513 2204 643 2254; x_wconf 88' lang='lat' dir='ltr'>aliquis</span> <span class='ocrx_word' id='word_1_579' title='bbox 667 2211 771 2241; x_wconf 86' lang='lat' dir='ltr'>actus</span> <span class='ocrx_word' id='word_1_580' title='bbox 791 2203 1039 2241; x_wconf 73' lang='lat' dir='ltr'>,individualis</span> <span class='ocrx_word' id='word_1_581' title='bbox 1057 2210 1182 2251; x_wconf 92' lang='lat' dir='ltr'>potest</span> <span class='ocrx_word' id='word_1_582' title='bbox 1203 2214 1282 2238; x_wconf 89' lang='lat' dir='ltr'>esse</span> <span class='ocrx_word' id='word_1_583' title='bbox 1302 2201 1409 2238; x_wconf 90' lang='lat' dir='ltr'>indif-</span> 
     </span>
     <span class='ocr_line' id='line_1_87' title="bbox 351 2259 487 2295; baseline -0.007 0"><span class='ocrx_word' id='word_1_584' title='bbox 351 2259 487 2295; x_wconf 87' lang='lat' dir='ltr'>ferens.</span> 
     </span>
    </p>
   </div>
   <div class='ocr_carea' id='block_1_21' title="bbox 407 2306 1413 2357">
    <p class='ocr_par' dir='ltr' id='par_1_24' title="bbox 407 2306 1413 2357">
     <span class='ocr_line' id='line_1_88' title="bbox 407 2306 1413 2357; baseline -0.006 -10"><span class='ocrx_word' id='word_1_585' title='bbox 407 2322 442 2348; x_wconf 89' lang='lat'>2.</span> <span class='ocrx_word' id='word_1_586' title='bbox 463 2311 696 2357; x_wconf 74' lang='lat' dir='ltr'>PRAETEREA,</span> <span class='ocrx_word' id='word_1_587' title='bbox 718 2321 764 2345; x_wconf 86' lang='lat' dir='ltr'>ex</span> <span class='ocrx_word' id='word_1_588' title='bbox 779 2308 1073 2345; x_wconf 88' lang='lat' dir='ltr'>individualibus</span> <span class='ocrx_word' id='word_1_589' title='bbox 1093 2306 1237 2343; x_wconf 89' lang='lat' dir='ltr'>actibus</span> <span class='ocrx_word' id='word_1_590' title='bbox 1257 2318 1413 2342; x_wconf 87' lang='lat' dir='ltr'>causan-</span> 
     </span>
    </p>
   </div>
   <div class='ocr_carea' id='block_1_22' title="bbox 366 1902 519 2087">
    <p class='ocr_par' dir='ltr' id='par_1_25' title="bbox 366 1902 519 2087">
     <span class='ocr_line' id='line_1_89' title="bbox 366 1902 519 2087; baseline 0 -105"><span class='ocrx_word' id='word_1_591' title='bbox 366 1902 519 2087; x_wconf 95' lang='lat' dir='ltr'>   </span> 
     </span>
    </p>
   </div>
   <div class='ocr_carea' id='block_1_23' title="bbox 295 2359 1413 2409">
    <p class='ocr_par' dir='ltr' id='par_1_26' title="bbox 295 2359 1413 2409">
     <span class='ocr_line' id='line_1_90' title="bbox 295 2359 1413 2409; baseline -0.007 -8"><span class='ocrx_word' id='word_1_592' title='bbox 295 2384 323 2396; x_wconf 86' lang='lat'>--</span> <span class='ocrx_word' id='word_1_593' title='bbox 353 2371 413 2401; x_wconf 89' lang='lat' dir='ltr'>tur</span> <span class='ocrx_word' id='word_1_594' title='bbox 427 2362 577 2400; x_wconf 90' lang='lat' dir='ltr'>habitus</span> <span class='ocrx_word' id='word_1_595' title='bbox 597 2362 813 2398; x_wconf 84' lang='lat' dir='ltr'>conformes</span> <span class='ocrx_word' id='word_1_596' title='bbox 832 2361 933 2409; x_wconf 91' lang='lat' dir='ltr'>ipsis,</span> <span class='ocrx_word' id='word_1_597' title='bbox 949 2367 991 2397; x_wconf 92' lang='lat' dir='ltr'>ut</span> <span class='ocrx_word' id='word_1_598' title='bbox 1010 2360 1142 2396; x_wconf 86' lang='lat' dir='ltr'>dicitur</span> <span class='ocrx_word' id='word_1_599' title='bbox 1157 2359 1195 2395; x_wconf 91' lang='lat' dir='ltr'>in</span> <span class='ocrx_word' id='word_1_600' title='bbox 1210 2360 1241 2394; x_wconf 92' lang='lat' dir='ltr'>II</span> <span class='ocrx_word' id='word_1_601' title='bbox 1257 2359 1376 2395; x_wconf 86' lang='lat' dir='ltr'>Ethic.</span> <span class='ocrx_word' id='word_1_602' title='bbox 1394 2359 1413 2379; x_wconf 73' lang='grc'><strong>*</strong></span> 
     </span>
    </p>
   </div>
   <div class='ocr_carea' id='block_1_24' title="bbox 354 2411 1416 2463">
    <p class='ocr_par' dir='ltr' id='par_1_27' title="bbox 354 2411 1416 2463">
     <span class='ocr_line' id='line_1_91' title="bbox 354 2411 1416 2463; baseline -0.007 -10"><span class='ocrx_word' id='word_1_603' title='bbox 354 2415 430 2454; x_wconf 89' lang='lat' dir='ltr'>Sed</span> <span class='ocrx_word' id='word_1_604' title='bbox 450 2415 585 2463; x_wconf 89' lang='lat' dir='ltr'>aliquis</span> <span class='ocrx_word' id='word_1_605' title='bbox 603 2414 754 2452; x_wconf 90' lang='lat' dir='ltr'>habitus</span> <span class='ocrx_word' id='word_1_606' title='bbox 770 2421 825 2450; x_wconf 91' lang='lat' dir='ltr'>est</span> <span class='ocrx_word' id='word_1_607' title='bbox 843 2413 1074 2450; x_wconf 86' lang='lat' dir='ltr'>indifferens.</span> <span class='ocrx_word' id='word_1_608' title='bbox 1090 2411 1191 2448; x_wconf 90' lang='lat' dir='ltr'>Dicit</span> <span class='ocrx_word' id='word_1_609' title='bbox 1211 2411 1314 2448; x_wconf 89' lang='lat' dir='ltr'>enim</span> <span class='ocrx_word' id='word_1_610' title='bbox 1329 2411 1416 2447; x_wconf 89' lang='lat' dir='ltr'>Phi-</span> 
     </span>
    </p>
   </div>
   <div class='ocr_carea' id='block_1_25' title="bbox 296 2464 1416 2518">
    <p class='ocr_par' dir='ltr' id='par_1_28' title="bbox 296 2464 1416 2518">
     <span class='ocr_line' id='line_1_92' title="bbox 296 2464 1416 2518; baseline -0.007 -11"><span class='ocrx_word' id='word_1_611' title='bbox 296 2488 325 2500; x_wconf 91' lang='lat'>--</span> <span class='ocrx_word' id='word_1_612' title='bbox 352 2470 548 2518; x_wconf 90' lang='lat' dir='ltr'>losophus,</span> <span class='ocrx_word' id='word_1_613' title='bbox 568 2468 607 2505; x_wconf 91' lang='lat' dir='ltr'>in</span> <span class='ocrx_word' id='word_1_614' title='bbox 633 2468 686 2504; x_wconf 85' lang='lat' dir='ltr'>IV</span> <span class='ocrx_word' id='word_1_615' title='bbox 703 2467 822 2504; x_wconf 84' lang='lat' dir='ltr'>Ethic.</span> <span class='ocrx_word' id='word_1_616' title='bbox 842 2466 874 2514; x_wconf 73' lang='lat'>²¹⁶,</span> <span class='ocrx_word' id='word_1_617' title='bbox 896 2466 944 2503; x_wconf 94' lang='lat' dir='ltr'>de</span> <span class='ocrx_word' id='word_1_618' title='bbox 969 2464 1217 2513; x_wconf 89' lang='lat' dir='ltr'>quibusdam,</span> <span class='ocrx_word' id='word_1_619' title='bbox 1245 2464 1340 2500; x_wconf 90' lang='lat' dir='ltr'>sicut</span> <span class='ocrx_word' id='word_1_620' title='bbox 1369 2464 1416 2500; x_wconf 91' lang='lat' dir='ltr'>de</span> 
     </span>
    </p>
   </div>
   <div class='ocr_carea' id='block_1_26' title="bbox 301 2517 1420 3470">
    <p class='ocr_par' dir='ltr' id='par_1_29' title="bbox 301 2517 1418 2730">
     <span class='ocr_line' id='line_1_93' title="bbox 301 2517 1418 2573; baseline -0.007 -13"><span class='ocrx_word' id='word_1_621' title='bbox 301 2521 308 2527; x_wconf 81' lang='grc'><em>“</em></span> <span class='ocrx_word' id='word_1_622' title='bbox 352 2522 508 2573; x_wconf 89' lang='lat' dir='ltr'>placidis</span> <span class='ocrx_word' id='word_1_623' title='bbox 529 2529 564 2558; x_wconf 92' lang='lat' dir='ltr'>et</span> <span class='ocrx_word' id='word_1_624' title='bbox 582 2520 761 2570; x_wconf 90' lang='lat' dir='ltr'>prodigis,</span> <span class='ocrx_word' id='word_1_625' title='bbox 781 2519 887 2568; x_wconf 93' lang='lat' dir='ltr'>quod</span> <span class='ocrx_word' id='word_1_626' title='bbox 906 2531 985 2555; x_wconf 90' lang='lat' dir='ltr'>non</span> <span class='ocrx_word' id='word_1_627' title='bbox 1004 2525 1091 2555; x_wconf 90' lang='lat' dir='ltr'>sunt</span> <span class='ocrx_word' id='word_1_628' title='bbox 1107 2517 1212 2554; x_wconf 87' lang='lat' dir='ltr'>mali:</span> <span class='ocrx_word' id='word_1_629' title='bbox 1235 2525 1270 2554; x_wconf 91' lang='lat' dir='ltr'>et</span> <span class='ocrx_word' id='word_1_630' title='bbox 1289 2524 1418 2554; x_wconf 88' lang='lat' dir='ltr'>tamen</span> 
     </span>
     <span class='ocr_line' id='line_1_94' title="bbox 355 2570 1417 2623; baseline -0.008 -10"><span class='ocrx_word' id='word_1_631' title='bbox 355 2583 501 2613; x_wconf 89' lang='lat' dir='ltr'>constat</span> <span class='ocrx_word' id='word_1_632' title='bbox 526 2573 632 2623; x_wconf 91' lang='lat' dir='ltr'>quod</span> <span class='ocrx_word' id='word_1_633' title='bbox 655 2586 734 2611; x_wconf 93' lang='lat' dir='ltr'>non</span> <span class='ocrx_word' id='word_1_634' title='bbox 753 2580 840 2609; x_wconf 90' lang='lat' dir='ltr'>sunt</span> <span class='ocrx_word' id='word_1_635' title='bbox 858 2571 962 2619; x_wconf 92' lang='lat' dir='ltr'>boni,</span> <span class='ocrx_word' id='word_1_636' title='bbox 985 2583 1072 2608; x_wconf 90' lang='lat' dir='ltr'>cum</span> <span class='ocrx_word' id='word_1_637' title='bbox 1093 2570 1271 2607; x_wconf 81' lang='lat' dir='ltr'>recedant</span> <span class='ocrx_word' id='word_1_638' title='bbox 1298 2582 1320 2606; x_wconf 90' lang='lat' dir='ltr'>a</span> <span class='ocrx_word' id='word_1_639' title='bbox 1343 2570 1417 2606; x_wconf 88' lang='lat' dir='ltr'>vir-</span> 
     </span>
     <span class='ocr_line' id='line_1_95' title="bbox 353 2623 1415 2666; baseline -0.006 0"><span class='ocrx_word' id='word_1_640' title='bbox 353 2636 451 2666; x_wconf 86' lang='lat' dir='ltr'>tute:</span> <span class='ocrx_word' id='word_1_641' title='bbox 472 2635 509 2664; x_wconf 92' lang='lat' dir='ltr'>et</span> <span class='ocrx_word' id='word_1_642' title='bbox 537 2627 590 2664; x_wconf 91' lang='lat' dir='ltr'>sic</span> <span class='ocrx_word' id='word_1_643' title='bbox 614 2634 700 2665; x_wconf 89' lang='lat' dir='ltr'>sunt</span> <span class='ocrx_word' id='word_1_644' title='bbox 723 2625 980 2663; x_wconf 84' lang='lat' dir='ltr'>indifferentes</span> <span class='ocrx_word' id='word_1_645' title='bbox 999 2623 1212 2661; x_wconf 86' lang='lat' dir='ltr'>secundum</span> <span class='ocrx_word' id='word_1_646' title='bbox 1231 2623 1415 2660; x_wconf 89' lang='lat' dir='ltr'>habitum.</span> 
     </span>
     <span class='ocr_line' id='line_1_96' title="bbox 355 2675 1416 2730; baseline -0.008 -11"><span class='ocrx_word' id='word_1_647' title='bbox 355 2683 458 2730; x_wconf 88' lang='lat' dir='ltr'>Ergo</span> <span class='ocrx_word' id='word_1_648' title='bbox 488 2679 602 2728; x_wconf 86' lang='lat' dir='ltr'>aliqui</span> <span class='ocrx_word' id='word_1_649' title='bbox 618 2687 722 2717; x_wconf 90' lang='lat' dir='ltr'>actus</span> <span class='ocrx_word' id='word_1_650' title='bbox 741 2677 990 2716; x_wconf 88' lang='lat' dir='ltr'>individuales</span> <span class='ocrx_word' id='word_1_651' title='bbox 1010 2675 1025 2706; x_wconf 76' lang='grc' dir='ltr'><strong>β</strong></span> <span class='ocrx_word' id='word_1_652' title='bbox 1044 2683 1131 2713; x_wconf 90' lang='lat' dir='ltr'>sunt</span> <span class='ocrx_word' id='word_1_653' title='bbox 1148 2675 1416 2713; x_wconf 87' lang='lat' dir='ltr'>indifferentes.</span> 
     </span>
    </p>

    <p class='ocr_par' dir='ltr' id='par_1_30' title="bbox 355 2728 1419 3049">
     <span class='ocr_line' id='line_1_97' title="bbox 412 2728 1418 2780; baseline -0.006 -9"><span class='ocrx_word' id='word_1_654' title='bbox 412 2735 446 2771; x_wconf 87' lang='lat'>3.</span> <span class='ocrx_word' id='word_1_655' title='bbox 473 2734 706 2780; x_wconf 79' lang='lat' dir='ltr'>PRAETEREA,</span> <span class='ocrx_word' id='word_1_656' title='bbox 735 2732 882 2768; x_wconf 90' lang='lat' dir='ltr'>bonum</span> <span class='ocrx_word' id='word_1_657' title='bbox 911 2730 1055 2767; x_wconf 89' lang='lat' dir='ltr'>morale</span> <span class='ocrx_word' id='word_1_658' title='bbox 1082 2729 1241 2778; x_wconf 89' lang='lat' dir='ltr'>pertinet</span> <span class='ocrx_word' id='word_1_659' title='bbox 1269 2729 1318 2766; x_wconf 90' lang='lat' dir='ltr'>ad</span> <span class='ocrx_word' id='word_1_660' title='bbox 1342 2728 1418 2766; x_wconf 91' lang='lat' dir='ltr'>vir—</span> 
     </span>
     <span class='ocr_line' id='line_1_98' title="bbox 355 2781 1417 2833; baseline -0.006 -9"><span class='ocrx_word' id='word_1_661' title='bbox 355 2793 487 2833; x_wconf 90' lang='lat' dir='ltr'>tutem,</span> <span class='ocrx_word' id='word_1_662' title='bbox 517 2785 662 2823; x_wconf 87' lang='lat' dir='ltr'>malum</span> <span class='ocrx_word' id='word_1_663' title='bbox 691 2792 819 2822; x_wconf 88' lang='lat' dir='ltr'>autem</span> <span class='ocrx_word' id='word_1_664' title='bbox 848 2784 992 2821; x_wconf 88' lang='lat' dir='ltr'>morale</span> <span class='ocrx_word' id='word_1_665' title='bbox 1020 2782 1182 2832; x_wconf 92' lang='lat' dir='ltr'>pertinet</span> <span class='ocrx_word' id='word_1_666' title='bbox 1210 2783 1256 2819; x_wconf 91' lang='lat' dir='ltr'>ad</span> <span class='ocrx_word' id='word_1_667' title='bbox 1271 2781 1417 2819; x_wconf 84' lang='lat' dir='ltr'>vitium.</span> 
     </span>
     <span class='ocr_line' id='line_1_99' title="bbox 358 2835 1419 2887; baseline -0.006 -11"><span class='ocrx_word' id='word_1_668' title='bbox 358 2839 435 2877; x_wconf 90' lang='lat' dir='ltr'>Sed</span> <span class='ocrx_word' id='word_1_669' title='bbox 461 2839 641 2887; x_wconf 87' lang='lat' dir='ltr'>contingit</span> <span class='ocrx_word' id='word_1_670' title='bbox 667 2838 898 2887; x_wconf 88' lang='lat' dir='ltr'>quandoque</span> <span class='ocrx_word' id='word_1_671' title='bbox 927 2836 1031 2885; x_wconf 89' lang='lat' dir='ltr'>quod</span> <span class='ocrx_word' id='word_1_672' title='bbox 1055 2837 1174 2874; x_wconf 91' lang='lat' dir='ltr'>homo</span> <span class='ocrx_word' id='word_1_673' title='bbox 1200 2842 1325 2881; x_wconf 66' lang='lat' dir='ltr'>actum</span> <span class='ocrx_word' id='word_1_674' title='bbox 1357 2835 1419 2883; x_wconf 89' lang='lat' dir='ltr'>qui</span> 
     </span>
     <span class='ocr_line' id='line_1_100' title="bbox 359 2888 1419 2941; baseline -0.006 -11"><span class='ocrx_word' id='word_1_675' title='bbox 359 2905 403 2930; x_wconf 88' lang='lat' dir='ltr'>ex</span> <span class='ocrx_word' id='word_1_676' title='bbox 441 2892 566 2941; x_wconf 90' lang='lat' dir='ltr'>specie</span> <span class='ocrx_word' id='word_1_677' title='bbox 603 2904 672 2928; x_wconf 88' lang='lat' dir='ltr'>sua</span> <span class='ocrx_word' id='word_1_678' title='bbox 709 2899 764 2928; x_wconf 92' lang='lat' dir='ltr'>est</span> <span class='ocrx_word' id='word_1_679' title='bbox 800 2890 1031 2937; x_wconf 87' lang='lat' dir='ltr'>indifferens,</span> <span class='ocrx_word' id='word_1_680' title='bbox 1070 2901 1148 2926; x_wconf 92' lang='lat' dir='ltr'>non</span> <span class='ocrx_word' id='word_1_681' title='bbox 1185 2888 1334 2925; x_wconf 88' lang='lat' dir='ltr'>ordinat</span> <span class='ocrx_word' id='word_1_682' title='bbox 1370 2889 1419 2925; x_wconf 89' lang='lat' dir='ltr'>ad</span> 
     </span>
     <span class='ocr_line' id='line_1_101' title="bbox 358 2940 1419 2995; baseline -0.005 -12"><span class='ocrx_word' id='word_1_683' title='bbox 358 2946 522 2995; x_wconf 86' lang='lat' dir='ltr'>aliquem</span> <span class='ocrx_word' id='word_1_684' title='bbox 542 2946 660 2982; x_wconf 89' lang='lat' dir='ltr'>finem</span> <span class='ocrx_word' id='word_1_685' title='bbox 678 2945 741 2982; x_wconf 88' lang='lat' dir='ltr'>vel</span> <span class='ocrx_word' id='word_1_686' title='bbox 761 2944 839 2981; x_wconf 86' lang='lat' dir='ltr'>vitii</span> <span class='ocrx_word' id='word_1_687' title='bbox 858 2944 919 2981; x_wconf 93' lang='lat' dir='ltr'>vel</span> <span class='ocrx_word' id='word_1_688' title='bbox 938 2942 1094 2980; x_wconf 91' lang='lat' dir='ltr'>virtutis.</span> <span class='ocrx_word' id='word_1_689' title='bbox 1115 2943 1218 2989; x_wconf 88' lang='lat' dir='ltr'>Ergo</span> <span class='ocrx_word' id='word_1_690' title='bbox 1240 2940 1419 2989; x_wconf 89' lang='lat' dir='ltr'>contingit</span> 
     </span>
     <span class='ocr_line' id='line_1_102' title="bbox 358 2993 1416 3049; baseline -0.007 -13"><span class='ocrx_word' id='word_1_691' title='bbox 358 2999 524 3049; x_wconf 88' lang='lat' dir='ltr'>aliquem</span> <span class='ocrx_word' id='word_1_692' title='bbox 553 3006 679 3035; x_wconf 88' lang='lat' dir='ltr'>actum</span> <span class='ocrx_word' id='word_1_693' title='bbox 707 2996 980 3035; x_wconf 87' lang='lat' dir='ltr'>individualem</span> <span class='ocrx_word' id='word_1_694' title='bbox 1011 3008 1093 3032; x_wconf 89' lang='lat' dir='ltr'>esse</span> <span class='ocrx_word' id='word_1_695' title='bbox 1125 2993 1416 3032; x_wconf 86' lang='lat' dir='ltr'>indifferentem.</span> 
     </span>
    </p>

    <p class='ocr_par' dir='ltr' id='par_1_31' title="bbox 359 3047 1420 3470">
     <span class='ocr_line' id='line_1_103' title="bbox 413 3047 1417 3099; baseline -0.008 -9"><span class='ocrx_word' id='word_1_696' title='bbox 413 3053 487 3090; x_wconf 86' lang='lat' dir='ltr'>SED</span> <span class='ocrx_word' id='word_1_697' title='bbox 503 3063 648 3090; x_wconf 76' lang='lat' dir='ltr'>CONTRA</span> <span class='ocrx_word' id='word_1_698' title='bbox 662 3063 727 3088; x_wconf 83' lang='lat' dir='ltr'>EST</span> <span class='ocrx_word' id='word_1_699' title='bbox 749 3051 854 3099; x_wconf 91' lang='lat' dir='ltr'>quod</span> <span class='ocrx_word' id='word_1_700' title='bbox 877 3049 1081 3098; x_wconf 90' lang='lat' dir='ltr'>Gregorius</span> <span class='ocrx_word' id='word_1_701' title='bbox 1098 3048 1183 3085; x_wconf 90' lang='lat' dir='ltr'>dicit</span> <span class='ocrx_word' id='word_1_702' title='bbox 1197 3047 1236 3084; x_wconf 92' lang='lat' dir='ltr'>in</span> <span class='ocrx_word' id='word_1_703' title='bbox 1251 3047 1417 3095; x_wconf 90' lang='lat' dir='ltr'>quadam</span> 
     </span>
     <span class='ocr_line' id='line_1_104' title="bbox 360 3100 1419 3155; baseline -0.007 -13"><span class='ocrx_word' id='word_1_704' title='bbox 360 3105 526 3155; x_wconf 88' lang='lat' dir='ltr'>Homilia</span> <span class='ocrx_word' id='word_1_705' title='bbox 543 3105 580 3142; x_wconf 74' lang='grc' dir='ltr'>*ε</span> <span class='ocrx_word' id='word_1_706' title='bbox 607 3105 772 3142; x_wconf 85' lang='lat' dir='ltr'>Otiosum</span> <span class='ocrx_word' id='word_1_707' title='bbox 799 3103 956 3142; x_wconf 80' lang='lat' dir='ltr'>verbum</span> <span class='ocrx_word' id='word_1_708' title='bbox 976 3108 1031 3139; x_wconf 83' lang='lat' dir='ltr'>est</span> <span class='ocrx_word' id='word_1_709' title='bbox 1055 3101 1155 3150; x_wconf 87' lang='lat' dir='ltr'>quod</span> <span class='ocrx_word' id='word_1_710' title='bbox 1182 3100 1334 3136; x_wconf 83' lang='lat' dir='ltr'>utilitate</span> <span class='ocrx_word' id='word_1_711' title='bbox 1362 3112 1419 3136; x_wconf 86' lang='lat' dir='ltr'>re-</span> 
     </span>
     <span class='ocr_line' id='line_1_105' title="bbox 359 3152 1420 3204; baseline -0.008 -8"><span class='ocrx_word' id='word_1_712' title='bbox 359 3158 561 3204; x_wconf 83' lang='lat' dir='ltr'>ctitudinis,</span> <span class='ocrx_word' id='word_1_713' title='bbox 590 3164 656 3195; x_wconf 87' lang='lat' dir='ltr'>aut</span> <span class='ocrx_word' id='word_1_714' title='bbox 682 3158 827 3195; x_wconf 86' lang='lat' dir='ltr'>ratione</span> <span class='ocrx_word' id='word_1_715' title='bbox 854 3157 972 3193; x_wconf 87' lang='lat' dir='ltr'>iustae</span> <span class='ocrx_word' id='word_1_716' title='bbox 995 3154 1217 3192; x_wconf 81' lang='lat' dir='ltr'>necessitatis</span> <span class='ocrx_word' id='word_1_717' title='bbox 1244 3158 1311 3201; x_wconf 85' lang='lat' dir='ltr'>aut</span> <span class='ocrx_word' id='word_1_718' title='bbox 1330 3152 1420 3201; x_wconf 84' lang='lat' dir='ltr'>piae</span> 
     </span>
     <span class='ocr_line' id='line_1_106' title="bbox 360 3206 1417 3258; baseline -0.008 -9"><span class='ocrx_word' id='word_1_719' title='bbox 360 3211 523 3249; x_wconf 84' lang='lat' dir='ltr'>utilitatis</span> <span class='ocrx_word' id='word_1_720' title='bbox 540 3215 568 3258; x_wconf 68' lang='lat' dir='ltr'>Y,</span> <span class='ocrx_word' id='word_1_721' title='bbox 584 3216 696 3247; x_wconf 88' lang='lat' dir='ltr'>caret.</span> <span class='ocrx_word' id='word_1_722' title='bbox 719 3210 796 3248; x_wconf 91' lang='lat' dir='ltr'>Sed</span> <span class='ocrx_word' id='word_1_723' title='bbox 814 3210 978 3247; x_wconf 90' lang='lat' dir='ltr'>verbum</span> <span class='ocrx_word' id='word_1_724' title='bbox 998 3208 1163 3245; x_wconf 88' lang='lat' dir='ltr'>otiosum</span> <span class='ocrx_word' id='word_1_725' title='bbox 1183 3213 1239 3243; x_wconf 88' lang='lat' dir='ltr'>est</span> <span class='ocrx_word' id='word_1_726' title='bbox 1257 3206 1417 3242; x_wconf 89' lang='lat' dir='ltr'>malum:</span> 
     </span>
     <span class='ocr_line' id='line_1_107' title="bbox 360 3259 1419 3314; baseline -0.008 -12"><span class='ocrx_word' id='word_1_727' title='bbox 360 3265 450 3314; x_wconf 90' lang='lat' dir='ltr'>quia</span> <span class='ocrx_word' id='word_1_728' title='bbox 477 3264 522 3301; x_wconf 83' lang='lat' dir='ltr'>de</span> <span class='ocrx_word' id='word_1_729' title='bbox 550 3276 592 3300; x_wconf 90' lang='lat' dir='ltr'>eo</span> <span class='ocrx_word' id='word_1_730' title='bbox 621 3263 775 3301; x_wconf 85' lang='lat' dir='ltr'>reddent</span> <span class='ocrx_word' id='word_1_731' title='bbox 805 3262 972 3300; x_wconf 83' lang='lat' dir='ltr'>homines</span> <span class='ocrx_word' id='word_1_732' title='bbox 1000 3261 1183 3298; x_wconf 84' lang='lat' dir='ltr'>rationem</span> <span class='ocrx_word' id='word_1_733' title='bbox 1212 3259 1249 3295; x_wconf 89' lang='lat' dir='ltr'>in</span> <span class='ocrx_word' id='word_1_734' title='bbox 1277 3259 1336 3295; x_wconf 88' lang='lat' dir='ltr'>die</span> <span class='ocrx_word' id='word_1_735' title='bbox 1363 3259 1419 3294; x_wconf 88' lang='lat' dir='ltr'>iu-</span> 
     </span>
     <span class='ocr_line' id='line_1_108' title="bbox 361 3314 1420 3364; baseline -0.008 -9"><span class='ocrx_word' id='word_1_736' title='bbox 361 3318 458 3364; x_wconf 82' lang='lat' dir='ltr'>dicii,</span> <span class='ocrx_word' id='word_1_737' title='bbox 484 3324 525 3354; x_wconf 90' lang='lat' dir='ltr'>ut</span> <span class='ocrx_word' id='word_1_738' title='bbox 553 3316 686 3354; x_wconf 90' lang='lat' dir='ltr'>dicitur</span> <span class='ocrx_word' id='word_1_739' title='bbox 713 3317 846 3353; x_wconf 88' lang='lat' dir='ltr'>Matth.</span> <span class='ocrx_word' id='word_1_740' title='bbox 866 3328 914 3352; x_wconf 86' lang='lat' dir='ltr'>xn</span> <span class='ocrx_word' id='word_1_741' title='bbox 937 3315 968 3352; x_wconf 66' lang='lat'>²⁸.</span> <span class='ocrx_word' id='word_1_742' title='bbox 990 3314 1030 3351; x_wconf 92' lang='lat' dir='ltr'>Si</span> <span class='ocrx_word' id='word_1_743' title='bbox 1059 3321 1186 3350; x_wconf 89' lang='lat' dir='ltr'>autem</span> <span class='ocrx_word' id='word_1_744' title='bbox 1213 3324 1291 3348; x_wconf 92' lang='lat' dir='ltr'>non</span> <span class='ocrx_word' id='word_1_745' title='bbox 1320 3318 1420 3348; x_wconf 90' lang='lat' dir='ltr'>caret</span> 
     </span>
     <span class='ocr_line' id='line_1_109' title="bbox 361 3364 1420 3415; baseline -0.008 -7"><span class='ocrx_word' id='word_1_746' title='bbox 361 3371 506 3410; x_wconf 87' lang='lat' dir='ltr'>ratione</span> <span class='ocrx_word' id='word_1_747' title='bbox 537 3369 656 3406; x_wconf 87' lang='lat' dir='ltr'>iustae</span> <span class='ocrx_word' id='word_1_748' title='bbox 688 3368 916 3406; x_wconf 90' lang='lat' dir='ltr'>necessitatis</span> <span class='ocrx_word' id='word_1_749' title='bbox 949 3375 1014 3405; x_wconf 89' lang='lat' dir='ltr'>aut</span> <span class='ocrx_word' id='word_1_750' title='bbox 1043 3366 1129 3415; x_wconf 90' lang='lat' dir='ltr'>piae</span> <span class='ocrx_word' id='word_1_751' title='bbox 1156 3364 1334 3411; x_wconf 86' lang='lat' dir='ltr'>utilitatis,</span> <span class='ocrx_word' id='word_1_752' title='bbox 1365 3371 1420 3400; x_wconf 89' lang='lat' dir='ltr'>est</span> 
     </span>
     <span class='ocr_line' id='line_1_110' title="bbox 361 3419 1420 3470; baseline -0.008 -9"><span class='ocrx_word' id='word_1_753' title='bbox 361 3426 520 3462; x_wconf 90' lang='lat' dir='ltr'>bonum.</span> <span class='ocrx_word' id='word_1_754' title='bbox 546 3423 648 3470; x_wconf 90' lang='lat' dir='ltr'>Ergo</span> <span class='ocrx_word' id='word_1_755' title='bbox 678 3433 794 3458; x_wconf 89' lang='lat' dir='ltr'>omne</span> <span class='ocrx_word' id='word_1_756' title='bbox 818 3421 981 3470; x_wconf 87' lang='lat' dir='ltr'>verbum</span> <span class='ocrx_word' id='word_1_757' title='bbox 1010 3427 1074 3457; x_wconf 89' lang='lat' dir='ltr'>aut</span> <span class='ocrx_word' id='word_1_758' title='bbox 1102 3426 1157 3455; x_wconf 91' lang='lat' dir='ltr'>est</span> <span class='ocrx_word' id='word_1_759' title='bbox 1179 3419 1326 3455; x_wconf 88' lang='lat' dir='ltr'>bonurn</span> <span class='ocrx_word' id='word_1_760' title='bbox 1356 3423 1420 3453; x_wconf 92' lang='lat' dir='ltr'>aut</span> 
     </span>
    </p>
   </div>
   <div class='ocr_carea' id='block_1_27' title="bbox 1461 1885 2524 3459">
    <p class='ocr_par' dir='ltr' id='par_1_32' title="bbox 1461 1885 2518 2027">
     <span class='ocr_line' id='line_1_111' title="bbox 1462 1885 2518 1933; baseline 0.001 -12"><span class='ocrx_word' id='word_1_761' title='bbox 1462 1886 1618 1922; x_wconf 91' lang='lat' dir='ltr'>malum.</span> <span class='ocrx_word' id='word_1_762' title='bbox 1639 1885 1725 1921; x_wconf 91' lang='lat' dir='ltr'>Pari</span> <span class='ocrx_word' id='word_1_763' title='bbox 1754 1897 1842 1932; x_wconf 88' lang='lat' dir='ltr'>ergo</span> <span class='ocrx_word' id='word_1_764' title='bbox 1872 1885 2026 1931; x_wconf 90' lang='lat' dir='ltr'>ratione,</span> <span class='ocrx_word' id='word_1_765' title='bbox 2053 1892 2088 1921; x_wconf 88' lang='lat' dir='ltr'>et</span> <span class='ocrx_word' id='word_1_766' title='bbox 2116 1885 2269 1933; x_wconf 88' lang='lat' dir='ltr'>quilibet</span> <span class='ocrx_word' id='word_1_767' title='bbox 2296 1885 2387 1921; x_wconf 91' lang='lat' dir='ltr'>alius</span> <span class='ocrx_word' id='word_1_768' title='bbox 2416 1892 2518 1922; x_wconf 88' lang='lat' dir='ltr'>actus</span> 
     </span>
     <span class='ocr_line' id='line_1_112' title="bbox 1461 1937 2518 1985; baseline 0 -11"><span class='ocrx_word' id='word_1_769' title='bbox 1461 1939 1523 1975; x_wconf 90' lang='lat' dir='ltr'>vel</span> <span class='ocrx_word' id='word_1_770' title='bbox 1545 1945 1600 1974; x_wconf 90' lang='lat' dir='ltr'>est</span> <span class='ocrx_word' id='word_1_771' title='bbox 1624 1938 1747 1974; x_wconf 90' lang='lat' dir='ltr'>bonus</span> <span class='ocrx_word' id='word_1_772' title='bbox 1766 1938 1828 1974; x_wconf 87' lang='lat' dir='ltr'>vel</span> <span class='ocrx_word' id='word_1_773' title='bbox 1852 1938 1984 1974; x_wconf 86' lang='lat' dir='ltr'>malus.</span> <span class='ocrx_word' id='word_1_774' title='bbox 2006 1937 2142 1974; x_wconf 90' lang='lat' dir='ltr'>Nullus</span> <span class='ocrx_word' id='word_1_775' title='bbox 2166 1949 2254 1985; x_wconf 89' lang='lat' dir='ltr'>ergo</span> <span class='ocrx_word' id='word_1_776' title='bbox 2281 1937 2518 1975; x_wconf 87' lang='lat' dir='ltr'>individualis</span> 
     </span>
     <span class='ocr_line' id='line_1_113' title="bbox 1464 1990 1907 2027; baseline -0.002 0"><span class='ocrx_word' id='word_1_777' title='bbox 1464 1998 1568 2027; x_wconf 87' lang='lat' dir='ltr'>actus</span> <span class='ocrx_word' id='word_1_778' title='bbox 1597 1997 1652 2026; x_wconf 91' lang='lat' dir='ltr'>est</span> <span class='ocrx_word' id='word_1_779' title='bbox 1679 1990 1907 2027; x_wconf 85' lang='lat' dir='ltr'>indifferens.</span> 
     </span>
    </p>

    <p class='ocr_par' dir='ltr' id='par_1_33' title="bbox 1465 2042 2524 3241">
     <span class='ocr_line' id='line_1_114' title="bbox 1517 2042 2518 2092; baseline -0.001 -13"><span class='ocrx_word' id='word_1_780' title='bbox 1517 2044 1740 2079; x_wconf 79' lang='lat' dir='ltr'>REsPONDEo</span> <span class='ocrx_word' id='word_1_781' title='bbox 1762 2054 1943 2079; x_wconf 84' lang='lat' dir='ltr'>DICENDUM</span> <span class='ocrx_word' id='word_1_782' title='bbox 1964 2042 2068 2090; x_wconf 88' lang='lat' dir='ltr'>quod</span> <span class='ocrx_word' id='word_1_783' title='bbox 2088 2042 2266 2090; x_wconf 87' lang='lat' dir='ltr'>contingit</span> <span class='ocrx_word' id='word_1_784' title='bbox 2288 2042 2518 2092; x_wconf 87' lang='lat' dir='ltr'>quandoque</span> 
     </span>
     <span class='ocr_line' id='line_1_115' title="bbox 1465 2095 2518 2144; baseline 0 -12"><span class='ocrx_word' id='word_1_785' title='bbox 1465 2095 1628 2144; x_wconf 88' lang='lat' dir='ltr'>aliquem</span> <span class='ocrx_word' id='word_1_786' title='bbox 1649 2103 1775 2132; x_wconf 86' lang='lat' dir='ltr'>actum</span> <span class='ocrx_word' id='word_1_787' title='bbox 1796 2107 1877 2131; x_wconf 89' lang='lat' dir='ltr'>esse</span> <span class='ocrx_word' id='word_1_788' title='bbox 1903 2095 2180 2132; x_wconf 88' lang='lat' dir='ltr'>indifferentem</span> <span class='ocrx_word' id='word_1_789' title='bbox 2206 2095 2415 2132; x_wconf 89' lang='lat' dir='ltr'>secundum</span> <span class='ocrx_word' id='word_1_790' title='bbox 2435 2107 2518 2143; x_wconf 91' lang='lat' dir='ltr'>spe-</span> 
     </span>
     <span class='ocr_line' id='line_1_116' title="bbox 1466 2144 2517 2196; baseline 0 -12"><span class='ocrx_word' id='word_1_791' title='bbox 1466 2149 1574 2195; x_wconf 90' lang='lat' dir='ltr'>ciem,</span> <span class='ocrx_word' id='word_1_792' title='bbox 1596 2148 1660 2196; x_wconf 90' lang='lat' dir='ltr'>qui</span> <span class='ocrx_word' id='word_1_793' title='bbox 1678 2155 1807 2184; x_wconf 89' lang='lat' dir='ltr'>tamen</span> <span class='ocrx_word' id='word_1_794' title='bbox 1827 2155 1882 2184; x_wconf 90' lang='lat' dir='ltr'>est</span> <span class='ocrx_word' id='word_1_795' title='bbox 1900 2148 2024 2184; x_wconf 91' lang='lat' dir='ltr'>bonus</span> <span class='ocrx_word' id='word_1_796' title='bbox 2043 2148 2104 2184; x_wconf 87' lang='lat' dir='ltr'>vel</span> <span class='ocrx_word' id='word_1_797' title='bbox 2124 2149 2246 2184; x_wconf 89' lang='lat' dir='ltr'>malus</span> <span class='ocrx_word' id='word_1_798' title='bbox 2265 2147 2303 2184; x_wconf 93' lang='lat' dir='ltr'>in</span> <span class='ocrx_word' id='word_1_799' title='bbox 2322 2144 2517 2184; x_wconf 88' lang='lat' dir='ltr'>individuo</span> 
     </span>
     <span class='ocr_line' id='line_1_117' title="bbox 1467 2200 2520 2248; baseline -0.001 -11"><span class='ocrx_word' id='word_1_800' title='bbox 1467 2201 1735 2237; x_wconf 88' lang='lat' dir='ltr'>consideratus.</span> <span class='ocrx_word' id='word_1_801' title='bbox 1752 2202 1800 2236; x_wconf 90' lang='lat' dir='ltr'>Et</span> <span class='ocrx_word' id='word_1_802' title='bbox 1814 2201 1887 2236; x_wconf 91' lang='lat' dir='ltr'>hoc</span> <span class='ocrx_word' id='word_1_803' title='bbox 1906 2200 2006 2246; x_wconf 89' lang='lat' dir='ltr'>ideo,</span> <span class='ocrx_word' id='word_1_804' title='bbox 2023 2200 2110 2248; x_wconf 88' lang='lat' dir='ltr'>quia</span> <span class='ocrx_word' id='word_1_805' title='bbox 2125 2207 2228 2236; x_wconf 91' lang='lat' dir='ltr'>actus</span> <span class='ocrx_word' id='word_1_806' title='bbox 2245 2201 2409 2247; x_wconf 88' lang='lat' dir='ltr'>moralis,</span> <span class='ocrx_word' id='word_1_807' title='bbox 2426 2201 2520 2237; x_wconf 87' lang='lat' dir='ltr'>sicut</span> 
     </span>
     <span class='ocr_line' id='line_1_118' title="bbox 1468 2252 2520 2299; baseline -0.001 -9"><span class='ocrx_word' id='word_1_808' title='bbox 1468 2253 1609 2290; x_wconf 88' lang='lat' dir='ltr'>dictum</span> <span class='ocrx_word' id='word_1_809' title='bbox 1631 2261 1685 2289; x_wconf 88' lang='lat' dir='ltr'>est</span> <span class='ocrx_word' id='word_1_810' title='bbox 1694 2253 1724 2299; x_wconf 71' lang='lat'>⁵¹⁸,</span> <span class='ocrx_word' id='word_1_811' title='bbox 1746 2265 1823 2289; x_wconf 92' lang='lat' dir='ltr'>non</span> <span class='ocrx_word' id='word_1_812' title='bbox 1843 2253 1967 2289; x_wconf 89' lang='lat' dir='ltr'>solum</span> <span class='ocrx_word' id='word_1_813' title='bbox 1986 2253 2100 2288; x_wconf 89' lang='lat' dir='ltr'>habet</span> <span class='ocrx_word' id='word_1_814' title='bbox 2126 2252 2333 2289; x_wconf 90' lang='lat' dir='ltr'>bonitatem</span> <span class='ocrx_word' id='word_1_815' title='bbox 2354 2266 2398 2290; x_wconf 86' lang='lat' dir='ltr'>ex</span> <span class='ocrx_word' id='word_1_816' title='bbox 2418 2253 2520 2290; x_wconf 90' lang='lat' dir='ltr'>obie-</span> 
     </span>
     <span class='ocr_line' id='line_1_119' title="bbox 1469 2304 2522 2354; baseline 0 -12"><span class='ocrx_word' id='word_1_817' title='bbox 1469 2314 1540 2352; x_wconf 88' lang='lat' dir='ltr'>cto,</span> <span class='ocrx_word' id='word_1_818' title='bbox 1571 2318 1592 2342; x_wconf 88' lang='lat' dir='ltr'>a</span> <span class='ocrx_word' id='word_1_819' title='bbox 1613 2318 1689 2353; x_wconf 91' lang='lat' dir='ltr'>quo</span> <span class='ocrx_word' id='word_1_820' title='bbox 1717 2305 1831 2341; x_wconf 90' lang='lat' dir='ltr'>habet</span> <span class='ocrx_word' id='word_1_821' title='bbox 1856 2305 2038 2354; x_wconf 86' lang='lat' dir='ltr'>speciem3</span> <span class='ocrx_word' id='word_1_822' title='bbox 2068 2304 2136 2341; x_wconf 92' lang='lat' dir='ltr'>sed</span> <span class='ocrx_word' id='word_1_823' title='bbox 2164 2305 2275 2342; x_wconf 90' lang='lat' dir='ltr'>etiam</span> <span class='ocrx_word' id='word_1_824' title='bbox 2296 2317 2341 2341; x_wconf 85' lang='lat' dir='ltr'>ex</span> <span class='ocrx_word' id='word_1_825' title='bbox 2365 2305 2522 2342; x_wconf 88' lang='lat' dir='ltr'>circum-</span> 
     </span>
     <span class='ocr_line' id='line_1_120' title="bbox 1469 2356 2523 2406; baseline 0 -11"><span class='ocrx_word' id='word_1_826' title='bbox 1469 2358 1623 2405; x_wconf 88' lang='lat' dir='ltr'>stantiis,</span> <span class='ocrx_word' id='word_1_827' title='bbox 1639 2370 1736 2406; x_wconf 90' lang='lat' dir='ltr'>quae</span> <span class='ocrx_word' id='word_1_828' title='bbox 1757 2365 1843 2394; x_wconf 90' lang='lat' dir='ltr'>sunt</span> <span class='ocrx_word' id='word_1_829' title='bbox 1858 2356 1963 2406; x_wconf 90' lang='lat' dir='ltr'>quasi</span> <span class='ocrx_word' id='word_1_830' title='bbox 1978 2358 2167 2406; x_wconf 87' lang='lat' dir='ltr'>quaedam</span> <span class='ocrx_word' id='word_1_831' title='bbox 2183 2357 2407 2404; x_wconf 90' lang='lat' dir='ltr'>accidentia;</span> <span class='ocrx_word' id='word_1_832' title='bbox 2428 2358 2523 2395; x_wconf 90' lang='lat' dir='ltr'>sicut</span> 
     </span>
     <span class='ocr_line' id='line_1_121' title="bbox 1470 2409 2522 2459; baseline -0.001 -11"><span class='ocrx_word' id='word_1_833' title='bbox 1470 2411 1611 2459; x_wconf 86' lang='lat' dir='ltr'>aliquid</span> <span class='ocrx_word' id='word_1_834' title='bbox 1635 2410 1812 2447; x_wconf 89' lang='lat' dir='ltr'>convenit</span> <span class='ocrx_word' id='word_1_835' title='bbox 1831 2409 2026 2447; x_wconf 91' lang='lat' dir='ltr'>individuo</span> <span class='ocrx_word' id='word_1_836' title='bbox 2049 2410 2213 2447; x_wconf 89' lang='lat' dir='ltr'>hominis</span> <span class='ocrx_word' id='word_1_837' title='bbox 2233 2410 2443 2447; x_wconf 90' lang='lat' dir='ltr'>secundum</span> <span class='ocrx_word' id='word_1_838' title='bbox 2463 2423 2522 2447; x_wconf 88' lang='lat' dir='ltr'>ac-</span> 
     </span>
     <span class='ocr_line' id='line_1_122' title="bbox 1471 2463 2522 2511; baseline 0 -11"><span class='ocrx_word' id='word_1_839' title='bbox 1471 2463 1632 2501; x_wconf 88' lang='lat' dir='ltr'>cidentia</span> <span class='ocrx_word' id='word_1_840' title='bbox 1658 2463 1919 2510; x_wconf 88' lang='lat' dir='ltr'>individualia,</span> <span class='ocrx_word' id='word_1_841' title='bbox 1948 2463 2051 2511; x_wconf 92' lang='lat' dir='ltr'>quod</span> <span class='ocrx_word' id='word_1_842' title='bbox 2074 2475 2152 2499; x_wconf 92' lang='lat' dir='ltr'>non</span> <span class='ocrx_word' id='word_1_843' title='bbox 2179 2463 2356 2500; x_wconf 90' lang='lat' dir='ltr'>convenit</span> <span class='ocrx_word' id='word_1_844' title='bbox 2377 2463 2522 2500; x_wconf 90' lang='lat' dir='ltr'>homini</span> 
     </span>
     <span class='ocr_line' id='line_1_123' title="bbox 1471 2515 2523 2565; baseline -0.002 -11"><span class='ocrx_word' id='word_1_845' title='bbox 1471 2516 1682 2554; x_wconf 90' lang='lat' dir='ltr'>secundum</span> <span class='ocrx_word' id='word_1_846' title='bbox 1698 2515 1883 2552; x_wconf 86' lang='lat' dir='ltr'>rationem</span> <span class='ocrx_word' id='word_1_847' title='bbox 1900 2515 2048 2564; x_wconf 88' lang='lat' dir='ltr'>speciei.</span> <span class='ocrx_word' id='word_1_848' title='bbox 2070 2516 2118 2565; x_wconf 73' lang='lat' dir='ltr'>Et</span> <span class='ocrx_word' id='word_1_849' title='bbox 2138 2523 2285 2564; x_wconf 88' lang='lat' dir='ltr'>oportet</span> <span class='ocrx_word' id='word_1_850' title='bbox 2299 2516 2402 2564; x_wconf 92' lang='lat' dir='ltr'>quod</span> <span class='ocrx_word' id='word_1_851' title='bbox 2417 2516 2523 2564; x_wconf 91' lang='lat' dir='ltr'>quili-</span> 
     </span>
     <span class='ocr_line' id='line_1_124' title="bbox 1471 2568 2522 2617; baseline -0.002 -11"><span class='ocrx_word' id='word_1_852' title='bbox 1471 2570 1534 2606; x_wconf 91' lang='lat' dir='ltr'>bet</span> <span class='ocrx_word' id='word_1_853' title='bbox 1554 2569 1793 2606; x_wconf 90' lang='lat' dir='ltr'>individualis</span> <span class='ocrx_word' id='word_1_854' title='bbox 1813 2576 1916 2605; x_wconf 89' lang='lat' dir='ltr'>actus</span> <span class='ocrx_word' id='word_1_855' title='bbox 1935 2569 2072 2605; x_wconf 86' lang='lat' dir='ltr'>habeat</span> <span class='ocrx_word' id='word_1_856' title='bbox 2091 2569 2254 2617; x_wconf 90' lang='lat' dir='ltr'>aliquam</span> <span class='ocrx_word' id='word_1_857' title='bbox 2281 2568 2522 2605; x_wconf 88' lang='lat' dir='ltr'>circumstan-</span> 
     </span>
     <span class='ocr_line' id='line_1_125' title="bbox 1470 2621 2523 2671; baseline -0.002 -12"><span class='ocrx_word' id='word_1_858' title='bbox 1470 2624 1562 2659; x_wconf 91' lang='lat' dir='ltr'>tiam</span> <span class='ocrx_word' id='word_1_859' title='bbox 1581 2635 1650 2671; x_wconf 90' lang='lat' dir='ltr'>per</span> <span class='ocrx_word' id='word_1_860' title='bbox 1668 2634 1783 2670; x_wconf 88' lang='lat' dir='ltr'>quam</span> <span class='ocrx_word' id='word_1_861' title='bbox 1803 2622 1969 2658; x_wconf 86' lang='lat' dir='ltr'>trahatur</span> <span class='ocrx_word' id='word_1_862' title='bbox 1991 2621 2040 2658; x_wconf 91' lang='lat' dir='ltr'>ad</span> <span class='ocrx_word' id='word_1_863' title='bbox 2059 2621 2204 2657; x_wconf 90' lang='lat' dir='ltr'>bonum</span> <span class='ocrx_word' id='word_1_864' title='bbox 2222 2622 2283 2657; x_wconf 91' lang='lat' dir='ltr'>vel</span> <span class='ocrx_word' id='word_1_865' title='bbox 2302 2621 2458 2667; x_wconf 90' lang='lat' dir='ltr'>malum,</span> <span class='ocrx_word' id='word_1_866' title='bbox 2475 2621 2523 2658; x_wconf 89' lang='lat' dir='ltr'>ad</span> 
     </span>
     <span class='ocr_line' id='line_1_126' title="bbox 1472 2673 2523 2723; baseline -0.003 -11"><span class='ocrx_word' id='word_1_867' title='bbox 1472 2676 1597 2712; x_wconf 87' lang='lat' dir='ltr'>minus</span> <span class='ocrx_word' id='word_1_868' title='bbox 1627 2687 1671 2711; x_wconf 87' lang='lat' dir='ltr'>ex</span> <span class='ocrx_word' id='word_1_869' title='bbox 1696 2682 1801 2723; x_wconf 89' lang='lat' dir='ltr'>parte</span> <span class='ocrx_word' id='word_1_870' title='bbox 1820 2674 2035 2711; x_wconf 88' lang='lat' dir='ltr'>intentionis</span> <span class='ocrx_word' id='word_1_871' title='bbox 2054 2673 2151 2710; x_wconf 89' lang='lat' dir='ltr'>finis.</span> <span class='ocrx_word' id='word_1_872' title='bbox 2174 2674 2272 2710; x_wconf 87' lang='lat' dir='ltr'>Cum</span> <span class='ocrx_word' id='word_1_873' title='bbox 2294 2673 2394 2710; x_wconf 88' lang='lat' dir='ltr'>enim</span> <span class='ocrx_word' id='word_1_874' title='bbox 2414 2673 2523 2710; x_wconf 89' lang='lat' dir='ltr'>ratio-</span> 
     </span>
     <span class='ocr_line' id='line_1_127' title="bbox 1471 2725 2524 2774; baseline -0.004 -9"><span class='ocrx_word' id='word_1_875' title='bbox 1471 2729 1528 2765; x_wconf 89' lang='lat' dir='ltr'>nis</span> <span class='ocrx_word' id='word_1_876' title='bbox 1548 2728 1594 2765; x_wconf 89' lang='lat' dir='ltr'>sit</span> <span class='ocrx_word' id='word_1_877' title='bbox 1612 2728 1798 2774; x_wconf 89' lang='lat' dir='ltr'>ordinare,</span> <span class='ocrx_word' id='word_1_878' title='bbox 1828 2734 1932 2764; x_wconf 90' lang='lat' dir='ltr'>actus</span> <span class='ocrx_word' id='word_1_879' title='bbox 1961 2739 1982 2763; x_wconf 91' lang='lat' dir='ltr'>a</span> <span class='ocrx_word' id='word_1_880' title='bbox 2006 2726 2148 2763; x_wconf 89' lang='lat' dir='ltr'>ratione</span> <span class='ocrx_word' id='word_1_881' title='bbox 2170 2725 2411 2762; x_wconf 88' lang='lat' dir='ltr'>deliberativa</span> <span class='ocrx_word' id='word_1_882' title='bbox 2437 2739 2524 2774; x_wconf 94' lang='lat' dir='ltr'>pro-</span> 
     </span>
     <span class='ocr_line' id='line_1_128' title="bbox 1473 2778 2522 2828; baseline -0.004 -10"><span class='ocrx_word' id='word_1_883' title='bbox 1473 2782 1630 2828; x_wconf 80' lang='lat' dir='ltr'>cedens,</span> <span class='ocrx_word' id='word_1_884' title='bbox 1661 2780 1690 2817; x_wconf 93' lang='lat' dir='ltr'>si</span> <span class='ocrx_word' id='word_1_885' title='bbox 1723 2793 1802 2818; x_wconf 92' lang='lat' dir='ltr'>non</span> <span class='ocrx_word' id='word_1_886' title='bbox 1829 2780 1874 2816; x_wconf 92' lang='lat' dir='ltr'>sit</span> <span class='ocrx_word' id='word_1_887' title='bbox 1902 2780 1949 2816; x_wconf 88' lang='lat' dir='ltr'>ad</span> <span class='ocrx_word' id='word_1_888' title='bbox 1977 2779 2146 2816; x_wconf 92' lang='lat' dir='ltr'>debitum</span> <span class='ocrx_word' id='word_1_889' title='bbox 2173 2779 2290 2815; x_wconf 91' lang='lat' dir='ltr'>finem</span> <span class='ocrx_word' id='word_1_890' title='bbox 2319 2778 2522 2825; x_wconf 88' lang='lat' dir='ltr'>ordinatus,</span> 
     </span>
     <span class='ocr_line' id='line_1_129' title="bbox 1474 2831 2523 2882; baseline -0.003 -11"><span class='ocrx_word' id='word_1_891' title='bbox 1474 2847 1518 2871; x_wconf 87' lang='lat' dir='ltr'>ex</span> <span class='ocrx_word' id='word_1_892' title='bbox 1529 2835 1611 2873; x_wconf 82' lang='lat' dir='ltr'>,hoc</span> <span class='ocrx_word' id='word_1_893' title='bbox 1639 2833 1721 2882; x_wconf 92' lang='lat' dir='ltr'>ipso</span> <span class='ocrx_word' id='word_1_894' title='bbox 1750 2840 1932 2881; x_wconf 88' lang='lat' dir='ltr'>repugnat</span> <span class='ocrx_word' id='word_1_895' title='bbox 1956 2831 2106 2878; x_wconf 91' lang='lat' dir='ltr'>rationi,</span> <span class='ocrx_word' id='word_1_896' title='bbox 2135 2838 2170 2867; x_wconf 90' lang='lat' dir='ltr'>et</span> <span class='ocrx_word' id='word_1_897' title='bbox 2197 2831 2311 2868; x_wconf 91' lang='lat' dir='ltr'>habet</span> <span class='ocrx_word' id='word_1_898' title='bbox 2338 2831 2523 2868; x_wconf 91' lang='lat' dir='ltr'>rationem</span> 
     </span>
     <span class='ocr_line' id='line_1_130' title="bbox 1473 2884 2522 2930; baseline -0.005 -6"><span class='ocrx_word' id='word_1_899' title='bbox 1473 2887 1572 2924; x_wconf 87' lang='lat' dir='ltr'>mali.</span> <span class='ocrx_word' id='word_1_900' title='bbox 1599 2886 1639 2923; x_wconf 90' lang='lat' dir='ltr'>Si</span> <span class='ocrx_word' id='word_1_901' title='bbox 1662 2898 1754 2923; x_wconf 93' lang='lat' dir='ltr'>vero</span> <span class='ocrx_word' id='word_1_902' title='bbox 1785 2885 1976 2922; x_wconf 89' lang='lat' dir='ltr'>ordinetur</span> <span class='ocrx_word' id='word_1_903' title='bbox 2000 2885 2047 2921; x_wconf 91' lang='lat' dir='ltr'>ad</span> <span class='ocrx_word' id='word_1_904' title='bbox 2074 2884 2242 2920; x_wconf 90' lang='lat' dir='ltr'>debitum</span> <span class='ocrx_word' id='word_1_905' title='bbox 2270 2884 2404 2930; x_wconf 85' lang='lat' dir='ltr'>finem,</span> <span class='ocrx_word' id='word_1_906' title='bbox 2434 2895 2522 2920; x_wconf 89' lang='lat' dir='ltr'>con—</span> 
     </span>
     <span class='ocr_line' id='line_1_131' title="bbox 1471 2934 2522 2978; baseline -0.006 -1"><span class='ocrx_word' id='word_1_907' title='bbox 1471 2941 1576 2978; x_wconf 86' lang='lat' dir='ltr'>venit</span> <span class='ocrx_word' id='word_1_908' title='bbox 1605 2951 1692 2976; x_wconf 87' lang='lat' dir='ltr'>cum</span> <span class='ocrx_word' id='word_1_909' title='bbox 1721 2938 1853 2975; x_wconf 89' lang='lat' dir='ltr'>ordine</span> <span class='ocrx_word' id='word_1_910' title='bbox 1882 2937 2051 2974; x_wconf 88' lang='lat' dir='ltr'>rationis:</span> <span class='ocrx_word' id='word_1_911' title='bbox 2081 2936 2182 2973; x_wconf 89' lang='lat' dir='ltr'>unde</span> <span class='ocrx_word' id='word_1_912' title='bbox 2205 2936 2320 2972; x_wconf 90' lang='lat' dir='ltr'>habet</span> <span class='ocrx_word' id='word_1_913' title='bbox 2339 2934 2522 2972; x_wconf 83' lang='lat' dir='ltr'>rationem</span> 
     </span>
     <span class='ocr_line' id='line_1_132' title="bbox 1474 2989 2524 3038; baseline -0.006 -8"><span class='ocrx_word' id='word_1_914' title='bbox 1474 2993 1575 3030; x_wconf 89' lang='lat' dir='ltr'>boni.</span> <span class='ocrx_word' id='word_1_915' title='bbox 1605 2993 1773 3028; x_wconf 91' lang='lat' dir='ltr'>Necesse</span> <span class='ocrx_word' id='word_1_916' title='bbox 1794 2998 1848 3027; x_wconf 92' lang='lat' dir='ltr'>est</span> <span class='ocrx_word' id='word_1_917' title='bbox 1876 2997 2002 3027; x_wconf 88' lang='lat' dir='ltr'>autem</span> <span class='ocrx_word' id='word_1_918' title='bbox 2022 2989 2126 3038; x_wconf 91' lang='lat' dir='ltr'>quod</span> <span class='ocrx_word' id='word_1_919' title='bbox 2153 2989 2215 3025; x_wconf 93' lang='lat' dir='ltr'>vel</span> <span class='ocrx_word' id='word_1_920' title='bbox 2239 2989 2441 3035; x_wconf 90' lang='lat' dir='ltr'>ordinetur,</span> <span class='ocrx_word' id='word_1_921' title='bbox 2460 2989 2524 3024; x_wconf 90' lang='lat' dir='ltr'>vel</span> 
     </span>
     <span class='ocr_line' id='line_1_133' title="bbox 1472 3041 2524 3082; baseline -0.005 0"><span class='ocrx_word' id='word_1_922' title='bbox 1472 3058 1550 3082; x_wconf 92' lang='lat' dir='ltr'>non</span> <span class='ocrx_word' id='word_1_923' title='bbox 1586 3044 1778 3081; x_wconf 89' lang='lat' dir='ltr'>ordinetur</span> <span class='ocrx_word' id='word_1_924' title='bbox 1805 3042 1853 3080; x_wconf 88' lang='lat' dir='ltr'>ad</span> <span class='ocrx_word' id='word_1_925' title='bbox 1881 3041 2050 3079; x_wconf 88' lang='lat' dir='ltr'>debitum</span> <span class='ocrx_word' id='word_1_926' title='bbox 2075 3042 2205 3078; x_wconf 90' lang='lat' dir='ltr'>finem.</span> <span class='ocrx_word' id='word_1_927' title='bbox 2231 3041 2340 3078; x_wconf 92' lang='lat' dir='ltr'>Unde</span> <span class='ocrx_word' id='word_1_928' title='bbox 2369 3053 2524 3078; x_wconf 88' lang='lat' dir='ltr'>necesse</span> 
     </span>
     <span class='ocr_line' id='line_1_134' title="bbox 1474 3093 2523 3135; baseline -0.006 0"><span class='ocrx_word' id='word_1_929' title='bbox 1474 3106 1528 3135; x_wconf 88' lang='lat' dir='ltr'>est</span> <span class='ocrx_word' id='word_1_930' title='bbox 1557 3109 1714 3134; x_wconf 90' lang='lat' dir='ltr'>omnem</span> <span class='ocrx_word' id='word_1_931' title='bbox 1734 3103 1860 3133; x_wconf 89' lang='lat' dir='ltr'>actum</span> <span class='ocrx_word' id='word_1_932' title='bbox 1887 3093 2053 3131; x_wconf 90' lang='lat' dir='ltr'>hominis</span> <span class='ocrx_word' id='word_1_933' title='bbox 2078 3106 2100 3130; x_wconf 89' lang='lat' dir='ltr'>a</span> <span class='ocrx_word' id='word_1_934' title='bbox 2120 3093 2363 3131; x_wconf 88' lang='lat' dir='ltr'>deliberativa</span> <span class='ocrx_word' id='word_1_935' title='bbox 2382 3093 2523 3130; x_wconf 89' lang='lat' dir='ltr'>ratione</span> 
     </span>
     <span class='ocr_line' id='line_1_135' title="bbox 1473 3146 2523 3200; baseline -0.005 -13"><span class='ocrx_word' id='word_1_936' title='bbox 1473 3150 1757 3200; x_wconf 91' lang='lat' dir='ltr'>procedentem,</span> <span class='ocrx_word' id='word_1_937' title='bbox 1785 3148 1824 3185; x_wconf 90' lang='lat' dir='ltr'>in</span> <span class='ocrx_word' id='word_1_938' title='bbox 1843 3146 2041 3185; x_wconf 88' lang='lat' dir='ltr'>individuo</span> <span class='ocrx_word' id='word_1_939' title='bbox 2072 3146 2362 3194; x_wconf 86' lang='lat' dir='ltr'>consideratum,</span> <span class='ocrx_word' id='word_1_940' title='bbox 2378 3146 2523 3182; x_wconf 93' lang='lat' dir='ltr'>bonum</span> 
     </span>
     <span class='ocr_line' id='line_1_136' title="bbox 1475 3202 1821 3241; baseline -0.012 0"><span class='ocrx_word' id='word_1_941' title='bbox 1475 3216 1556 3241; x_wconf 89' lang='lat' dir='ltr'>esse</span> <span class='ocrx_word' id='word_1_942' title='bbox 1583 3202 1645 3239; x_wconf 91' lang='lat' dir='ltr'>vel</span> <span class='ocrx_word' id='word_1_943' title='bbox 1665 3202 1821 3238; x_wconf 88' lang='lat' dir='ltr'>malum.</span> 
     </span>
    </p>

    <p class='ocr_par' dir='ltr' id='par_1_34' title="bbox 1474 3250 2524 3459">
     <span class='ocr_line' id='line_1_137' title="bbox 1528 3250 2523 3302; baseline -0.007 -9"><span class='ocrx_word' id='word_1_944' title='bbox 1528 3256 1567 3293; x_wconf 91' lang='lat' dir='ltr'>Si</span> <span class='ocrx_word' id='word_1_945' title='bbox 1587 3262 1714 3292; x_wconf 87' lang='lat' dir='ltr'>autem</span> <span class='ocrx_word' id='word_1_946' title='bbox 1734 3265 1811 3291; x_wconf 92' lang='lat' dir='ltr'>non</span> <span class='ocrx_word' id='word_1_947' title='bbox 1839 3252 2010 3302; x_wconf 89' lang='lat' dir='ltr'>procedit</span> <span class='ocrx_word' id='word_1_948' title='bbox 2045 3265 2067 3289; x_wconf 89' lang='lat' dir='ltr'>a</span> <span class='ocrx_word' id='word_1_949' title='bbox 2098 3251 2239 3288; x_wconf 89' lang='lat' dir='ltr'>ratione</span> <span class='ocrx_word' id='word_1_950' title='bbox 2269 3250 2523 3296; x_wconf 87' lang='lat' dir='ltr'>deliberativa,</span> 
     </span>
     <span class='ocr_line' id='line_1_138' title="bbox 1474 3301 2524 3355; baseline -0.008 -9"><span class='ocrx_word' id='word_1_951' title='bbox 1474 3308 1541 3346; x_wconf 89' lang='lat' dir='ltr'>sed</span> <span class='ocrx_word' id='word_1_952' title='bbox 1575 3321 1619 3345; x_wconf 83' lang='lat' dir='ltr'>ex</span> <span class='ocrx_word' id='word_1_953' title='bbox 1647 3307 1814 3355; x_wconf 87' lang='lat' dir='ltr'>quadam</span> <span class='ocrx_word' id='word_1_954' title='bbox 1841 3304 2125 3353; x_wconf 86' lang='lat' dir='ltr'>imaginatione,</span> <span class='ocrx_word' id='word_1_955' title='bbox 2153 3303 2246 3340; x_wconf 91' lang='lat' dir='ltr'>sicut</span> <span class='ocrx_word' id='word_1_956' title='bbox 2280 3315 2365 3340; x_wconf 89' lang='lat' dir='ltr'>cum</span> <span class='ocrx_word' id='word_1_957' title='bbox 2394 3301 2524 3350; x_wconf 85' lang='lat' dir='ltr'>aliquis</span> 
     </span>
     <span class='ocr_line' id='line_1_139' title="bbox 1474 3352 2524 3406; baseline -0.009 -7"><span class='ocrx_word' id='word_1_958' title='bbox 1474 3362 1578 3399; x_wconf 89' lang='lat' dir='ltr'>fricat</span> <span class='ocrx_word' id='word_1_959' title='bbox 1605 3360 1776 3406; x_wconf 87' lang='lat' dir='ltr'>barbam,</span> <span class='ocrx_word' id='word_1_960' title='bbox 1806 3359 1869 3396; x_wconf 90' lang='lat' dir='ltr'>vel</span> <span class='ocrx_word' id='word_1_961' title='bbox 1897 3365 2028 3395; x_wconf 88' lang='lat' dir='ltr'>movet</span> <span class='ocrx_word' id='word_1_962' title='bbox 2055 3369 2212 3394; x_wconf 89' lang='lat' dir='ltr'>manum</span> <span class='ocrx_word' id='word_1_963' title='bbox 2241 3363 2303 3392; x_wconf 87' lang='lat' dir='ltr'>aut</span> <span class='ocrx_word' id='word_1_964' title='bbox 2329 3354 2468 3404; x_wconf 90' lang='lat' dir='ltr'>pedem</span> <span class='ocrx_word' id='word_1_965' title='bbox 2491 3352 2524 3400; x_wconf 79' lang='grc' dir='ltr'>δ;</span> 
     </span>
     <span class='ocr_line' id='line_1_140' title="bbox 1474 3406 2524 3459; baseline -0.01 -7"><span class='ocrx_word' id='word_1_966' title='bbox 1474 3414 1554 3452; x_wconf 89' lang='lat' dir='ltr'>talis</span> <span class='ocrx_word' id='word_1_967' title='bbox 1580 3421 1683 3450; x_wconf 87' lang='lat' dir='ltr'>actus</span> <span class='ocrx_word' id='word_1_968' title='bbox 1703 3424 1781 3449; x_wconf 93' lang='lat' dir='ltr'>non</span> <span class='ocrx_word' id='word_1_969' title='bbox 1808 3418 1873 3458; x_wconf 91' lang='lat' dir='ltr'>est,</span> <span class='ocrx_word' id='word_1_970' title='bbox 1894 3410 2045 3459; x_wconf 92' lang='lat' dir='ltr'>proprie</span> <span class='ocrx_word' id='word_1_971' title='bbox 2065 3408 2269 3457; x_wconf 92' lang='lat' dir='ltr'>loquendo,</span> <span class='ocrx_word' id='word_1_972' title='bbox 2289 3406 2440 3443; x_wconf 88' lang='lat' dir='ltr'>moralis</span> <span class='ocrx_word' id='word_1_973' title='bbox 2462 3407 2524 3444; x_wconf 87' lang='lat' dir='ltr'>vel</span> 
     </span>
    </p>
   </div>
   <div class='ocr_carea' id='block_1_28' title="bbox 1052 3491 1838 3503">
    <p class='ocr_par' dir='ltr' id='par_1_35' title="bbox 1052 3491 1838 3503">
     <span class='ocr_line' id='line_1_141' title="bbox 1052 3491 1838 3503; baseline 0 0"><span class='ocrx_word' id='word_1_974' title='bbox 1052 3491 1838 3503; x_wconf 95' lang='lat' dir='ltr'> </span> 
     </span>
    </p>
   </div>
   <div class='ocr_carea' id='block_1_29' title="bbox 415 3534 972 3605">
    <p class='ocr_par' dir='ltr' id='par_1_36' title="bbox 415 3534 972 3605">
     <span class='ocr_line' id='line_1_142' title="bbox 415 3534 972 3570; baseline -0.007 -8"><span class='ocrx_word' id='word_1_975' title='bbox 415 3538 441 3570; x_wconf 83' lang='grc' dir='ltr'>α)</span> <span class='ocrx_word' id='word_1_976' title='bbox 462 3536 545 3569; x_wconf 63' lang='lat' dir='ltr'>Erga</span> <span class='ocrx_word' id='word_1_977' title='bbox 563 3549 581 3554; x_wconf 93' lang='lat'>—</span> <span class='ocrx_word' id='word_1_978' title='bbox 600 3535 705 3560; x_wconf 83' lang='lat' dir='ltr'>videtur</span> <span class='ocrx_word' id='word_1_979' title='bbox 722 3534 793 3567; x_wconf 81' lang='lat' dir='ltr'>quod</span> <span class='ocrx_word' id='word_1_980' title='bbox 812 3534 908 3559; x_wconf 81' lang='lat' dir='ltr'>addunt</span> <span class='ocrx_word' id='word_1_981' title='bbox 925 3534 972 3559; x_wconf 85' lang='lat' dir='ltr'>Pa.</span> 
     </span>
     <span class='ocr_line' id='line_1_143' title="bbox 415 3570 885 3605; baseline -0.006 -9"><span class='ocrx_word' id='word_1_982' title='bbox 415 3571 439 3605; x_wconf 84' lang='grc' dir='ltr'>β)</span> <span class='ocrx_word' id='word_1_983' title='bbox 460 3571 644 3596; x_wconf 77' lang='lat' dir='ltr'>individuales.</span> <span class='ocrx_word' id='word_1_984' title='bbox 663 3585 681 3589; x_wconf 93' lang='lat'>—</span> <span class='ocrx_word' id='word_1_985' title='bbox 699 3570 760 3594; x_wconf 89' lang='lat' dir='ltr'>Om.</span> <span class='ocrx_word' id='word_1_986' title='bbox 774 3570 885 3594; x_wconf 79' lang='lat' dir='ltr'>codices.</span> 
     </span>
    </p>
   </div>
   <div class='ocr_carea' id='block_1_30' title="bbox 503 3620 1012 3648">
    <p class='ocr_par' dir='ltr' id='par_1_37' title="bbox 503 3620 1012 3648">
     <span class='ocr_line' id='line_1_144' title="bbox 503 3620 1012 3648; baseline -0.008 0"><span class='ocrx_word' id='word_1_987' title='bbox 503 3624 612 3648; x_wconf 65' lang='lat' dir='ltr'>Summas.</span> <span class='ocrx_word' id='word_1_988' title='bbox 630 3622 731 3647; x_wconf 75' lang='lat' dir='ltr'>Tnaor..</span> <span class='ocrx_word' id='word_1_989' title='bbox 750 3622 781 3645; x_wconf 89' lang='lat' dir='ltr'>D.</span> <span class='ocrx_word' id='word_1_990' title='bbox 795 3621 908 3645; x_wconf 68' lang='lat' dir='ltr'>Tnomn</span> <span class='ocrx_word' id='word_1_991' title='bbox 922 3620 954 3644; x_wconf 90' lang='lat' dir='ltr'>T.</span> <span class='ocrx_word' id='word_1_992' title='bbox 974 3620 1012 3644; x_wconf 86' lang='lat'>111.</span> 
     </span>
    </p>
   </div>
   <div class='ocr_carea' id='block_1_31' title="bbox 1523 3521 2313 3595">
    <p class='ocr_par' dir='ltr' id='par_1_38' title="bbox 1523 3521 2313 3595">
     <span class='ocr_line' id='line_1_145' title="bbox 1524 3521 2313 3561; baseline -0.011 -9"><span class='ocrx_word' id='word_1_993' title='bbox 1524 3530 1550 3561; x_wconf 87' lang='grc' dir='ltr'>γ)</span> <span class='ocrx_word' id='word_1_994' title='bbox 1570 3531 1618 3552; x_wconf 83' lang='lat' dir='ltr'>aut</span> <span class='ocrx_word' id='word_1_995' title='bbox 1633 3527 1695 3558; x_wconf 83' lang='lat' dir='ltr'>piae</span> <span class='ocrx_word' id='word_1_996' title='bbox 1715 3525 1847 3550; x_wconf 81' lang='lat' dir='ltr'>utilitatis.</span> <span class='ocrx_word' id='word_1_997' title='bbox 1864 3539 1883 3543; x_wconf 97' lang='lat'><em>-</em></span> <span class='ocrx_word' id='word_1_998' title='bbox 1903 3525 1963 3549; x_wconf 84' lang='lat' dir='ltr'>Om.</span> <span class='ocrx_word' id='word_1_999' title='bbox 1979 3523 2094 3553; x_wconf 72' lang='lat' dir='ltr'>codices,</span> <span class='ocrx_word' id='word_1_1000' title='bbox 2114 3521 2145 3546; x_wconf 84' lang='lat' dir='ltr'>cf.</span> <span class='ocrx_word' id='word_1_1001' title='bbox 2159 3521 2214 3545; x_wconf 85' lang='lat' dir='ltr'>loca</span> <span class='ocrx_word' id='word_1_1002' title='bbox 2232 3521 2313 3544; x_wconf 68' lang='lat' dir='ltr'>citata,</span> 
     </span>
     <span class='ocr_line' id='line_1_146' title="bbox 1523 3560 1901 3595; baseline -0.011 -7"><span class='ocrx_word' id='word_1_1003' title='bbox 1523 3563 1547 3595; x_wconf 85' lang='grc' dir='ltr'>δ)</span> <span class='ocrx_word' id='word_1_1004' title='bbox 1562 3563 1666 3595; x_wconf 81' lang='lat' dir='ltr'>pedem.</span> <span class='ocrx_word' id='word_1_1005' title='bbox 1684 3575 1703 3581; x_wconf 96' lang='lat'>-</span> <span class='ocrx_word' id='word_1_1006' title='bbox 1722 3560 1835 3592; x_wconf 84' lang='lat' dir='ltr'>lapidem</span> <span class='ocrx_word' id='word_1_1007' title='bbox 1855 3560 1901 3584; x_wconf 85' lang='lat' dir='ltr'>Pa.</span> 
     </span>
    </p>
   </div>
   <div class='ocr_carea' id='block_1_32' title="bbox 2354 3605 2383 3630">
    <p class='ocr_par' dir='ltr' id='par_1_39' title="bbox 2354 3605 2383 3630">
     <span class='ocr_line' id='line_1_147' title="bbox 2354 3605 2383 3630; baseline -0.034 0"><span class='ocrx_word' id='word_1_1008' title='bbox 2354 3605 2383 3630; x_wconf 79' lang='lat'>18</span> 
     </span>
    </p>
   </div>
   <div class='ocr_carea' id='block_1_33' title="bbox 2550 2264 2656 2292">
    <p class='ocr_par' dir='ltr' id='par_1_40' title="bbox 2550 2264 2656 2292">
     <span class='ocr_line' id='line_1_148' title="bbox 2550 2264 2656 2292; baseline 0 -7"><span class='ocrx_word' id='word_1_1009' title='bbox 2550 2265 2558 2273; x_wconf 84' lang='lat'><strong>¹</strong></span> <span class='ocrx_word' id='word_1_1010' title='bbox 2571 2264 2622 2285; x_wconf 86' lang='lat' dir='ltr'>Art.</span> <span class='ocrx_word' id='word_1_1011' title='bbox 2636 2270 2656 2292; x_wconf 87' lang='lat'>3.</span> 
     </span>
    </p>
   </div>
   <div class='ocr_carea' id='block_1_34' title="bbox 2650 3355 2666 3380">
    <p class='ocr_par' dir='ltr' id='par_1_41' title="bbox 2650 3355 2666 3380">
     <span class='ocr_line' id='line_1_149' title="bbox 2650 3355 2666 3380; textangle 90"><span class='ocrx_word' id='word_1_1012' title='bbox 2650 3355 2666 3380; x_wconf 76' lang='lat'>01</span> 
     </span>
    </p>
   </div>
  </div>
 </body>
</html>
