2852 4152
1072 251 1336 297 QUAESTIO
1367 252 1416 298 X,
1446 253 1739 290 ARTICULUS
1770 255 1782 289 Ι

2459 261 2504 296 83

1050 422 1458 498 QUAEsTlo
1502 424 1814 479 DECIMA

853 547 936 586 DE
969 548 1145 588 MODO
1181 548 1308 601 QUO
1342 549 1674 592 VOLUNTAS
1708 551 2007 593 MOVETUR

1131 664 1166 689 IN
1195 664 1366 695 QUATUOR
1393 665 1593 690 ARTICULOS
1619 666 1734 691 DIVISA

350 763 539 845 Durum:
567 753 889 791 considerandum
918 763 974 792 est
1006 756 1052 793 de
1080 756 1198 794 modo
1228 769 1304 806 quo
1337 769 1406 794 vo-

109 829 321 858 ·cf.qu.v1u,1n-
431 820 553 856 luntas
583 827 760 856 movetur
778 820 809 857 ²³³.

348 885 397 922 Et
425 885 524 922 circa
551 886 626 922 hoc
654 894 886 934 quaeruntur
914 895 1087 936 quatuor.

402 951 547 988 Primo:
575 960 703 989 utrum
731 954 908 990 voluntas
942 953 990 990 ad
1018 953 1159 1001 aliquid
1192 954 1404 990 naturaliter

453 1025 665 1054 moveatur.

108 855 169 878 trod.

1514 758 1711 795 Secundo:
1732 766 1858 796 utrum
1879 760 1925 796 de
1946 760 2163 797 necessitate
2183 769 2384 799 moveatur
2397 775 2419 799 a
2439 775 2507 800 suo

1566 811 1727 847 obiecto.

1513 863 1660 899 Tertio:
1690 871 1815 899 utrum
1846 864 1892 900 de
1921 865 2139 902 necessitate
2160 874 2360 903 moveatur
2379 869 2426 904 ab
2446 881 2510 916 ap-

1566 915 1682 963 petitu
1710 915 1885 953 inferiori.

1514 968 1678 1014 Quarto:
1706 975 1834 1005 utrum
1855 969 1902 1006 de
1922 970 2140 1007 necessitate
2159 979 2361 1008 moveatur
2380 973 2427 1009 ab
2450 985 2509 1009 ex·

1565 1020 1691 1056 teriori
1718 1021 1864 1058 motivo
1894 1022 1997 1070 quod
2027 1030 2082 1059 est
2110 1024 2224 1060 Deus.

1155 1127 1469 1169 ARTICULUS
1500 1129 1704 1171 PRIMUS

783 1218 939 1249 UTRUM
962 1218 1195 1250 VOLUNTAS
1218 1219 1276 1249 AD
1300 1219 1477 1256 ALIQun)
1501 1221 1811 1252 NATURALITER
1833 1222 2076 1254 MOVEATUR

596 1297 663 1321 Part.
681 1296 699 1327 1,
719 1304 763 1328 qu.
782 1304 821 1325 Lx,
840 1301 887 1321 art.
911 1304 931 1326 ι,
953 1303 980 1327 23
999 1296 1029 1320 111
1050 1296 1131 1325 sent„
1151 1296 1209 1320 dist.
1228 1304 1303 1327 xxvn,
1323 1304 1366 1328 qu.
1386 1305 1402 1327 1,
1423 1302 1469 1322 art.
1491 1298 1584 1356 3³35De
1607 1299 1695 1328 Verit„
1716 1307 1760 1331 qu.
1779 1307 1838 1330 xxu,
1857 1305 1904 1324 art.
1924 1299 1952 1330 5;
1973 1301 2015 1326 De
2031 1301 2123 1331 Malo„
2143 1310 2187 1335 qu.
2205 1310 2246 1333 νη

1237 1339 1283 1363 qu.
1301 1339 1351 1361 xvr,
1370 1337 1417 1356 art.
1435 1339 1460 1363 4,
1480 1340 1493 1356 a
1549 1350 1555 1357 .

334 1449 337 1451 ,
358 1431 451 1464 55„ss
467 1437 476 1459 ι,
490 1438 539 1473 s<
562 1428 585 1453 D
613 1428 750 1453 ptumum
778 1428 830 1452 S1c
859 1427 1097 1453 PROCEDITUR.
1120 1416 1279 1453 Videtur
1301 1418 1406 1466 quod

380 1460 535 1529 53⁷3ae
561 1469 739 1507 voluntas
766 1481 845 1506 non
873 1476 1075 1506 moveatur
1102 1469 1149 1506 ad
1178 1469 1319 1517 aliquid
1342 1482 1407 1506 na-

369 1518 491 1567 )Y'bn
507 1527 534 1561 ‘6
548 1519 740 1558 turaliter.
770 1523 898 1570 Agens
919 1521 1020 1558 enim
1041 1523 1209 1558 naturale
1230 1522 1408 1559 dividitur

348 1548 507 1612 l‘ff‘ffl»
523 1567 695 1612 contra
714 1587 828 1624 agens
848 1580 865 1596 α
891 1574 1161 1622 voluntarium,
1189 1581 1231 1611 ut
1248 1582 1351 1623 patet
1369 1575 1408 1612 in

349 1625 535 1676 principio
556 1627 755 1676 11Physic.
776 1626 796 1649 ’¹‘
824 1628 916 1664 Non
945 1639 1034 1675 ergo
1061 1628 1240 1664 voluntas
1268 1629 1316 1665 ad
1344 1628 1407 1664 ali-

349 1679 441 1730 quid
469 1680 686 1717 naturaliter
713 1687 902 1717 movetur.

405 1743 440 1769 2.
470 1733 702 1780 PRAETEREA,
722 1733 759 1770 id
779 1732 885 1781 quod
905 1740 959 1769 est
979 1733 1158 1780 naturale,
1184 1732 1279 1770 inest
1298 1733 1407 1770 alicui

350 1796 519 1834 semper3
541 1785 636 1823 sicut
650 1785 726 1833 igni
746 1798 829 1822 esse
849 1785 1024 1822 calidum.
1042 1785 1119 1822 Sed
1138 1786 1262 1822 nullus
1280 1793 1408 1823 motus

349 1837 446 1876 inest
475 1838 662 1876 voluntati
696 1850 859 1887 semper.
894 1839 995 1886 Ergo
1031 1839 1155 1875 nullus
1189 1846 1315 1875 motus
1353 1847 1408 1876 est

349 1891 529 1928 naturalis
555 1891 753 1928 voluntati.

406 1944 440 1981 3.
461 1944 693 1991 PRAETEREA,
715 1951 850 1980 natura
870 1951 924 1980 est
944 1943 1191 1980 determinata
1210 1943 1258 1980 ad
1273 1956 1404 1981 unum.

352 1996 429 2034 Sed
456 1997 633 2033 voluntas
653 2009 692 2033 se
713 1997 827 2033 habet
855 1997 903 2033 ad
932 1996 1118 2044 opposita.
1147 1997 1249 2043 Ergo
1272 1997 1408 2033 volun-

351 2057 408 2087 tas
436 2048 527 2085 nihil
554 2048 770 2086 naturaliter
796 2050 889 2086 vult.

407 2101 484 2138 Sed
503 2113 649 2138 CONTRA
667 2113 732 2138 EST
747 2101 853 2149 quod
872 2109 998 2137 motus
1017 2100 1220 2137 voluntatis
1239 2101 1407 2149 sequitur

353 2161 479 2191 actum
508 2154 728 2190 intellectus.
759 2154 837 2191 Sed
864 2154 1070 2190 intellectus
1089 2153 1213 2201 aliqua
1241 2153 1407 2201 intelligit

352 2206 579 2244 naturaliter.
592 2207 694 2254 Ergo
711 2214 746 2243 et
755 2208 932 2243 voluntas
947 2206 1072 2254 aliqua
1086 2207 1166 2243 vult
1180 2206 1406 2243 naturaliter.

406 2260 632 2295 RESPONDEO
660 2262 843 2296 monimum
872 2259 988 2307 quod,
1018 2258 1113 2295 sicut
1140 2258 1293 2295 Boetius
1321 2258 1408 2295 dicit

277 2321 283 2326 ⁴
320 2337 326 2343 -
350 2311 390 2348 in
417 2310 514 2348 libro
542 2311 588 2347 de
605 2312 764 2348 Duabus
790 2311 951 2348 Naturis
970 2312 1001 2357 *,
1032 2319 1068 2347 et
1095 2310 1349 2359 Philosophus
1369 2311 1407 2347 in

316 2384 323 2391 ·
349 2363 387 2401 V
404 2364 620 2410 Metaphys.
636 2363 667 2410 *,
689 2370 822 2400 natura
841 2363 975 2400 dicitur
993 2362 1255 2411 multipliciter.
1278 2364 1407 2409 Quan-

111 2407 144 2447 ἷν·
261 2411 267 2424 ’
316 2411 323 2418 ’
351 2415 479 2464 doque
490 2415 591 2452 enim
605 2415 740 2453 dicitur
748 2415 976 2464 principium
991 2415 1234 2453 intrinsecum
1249 2416 1287 2452 in
1297 2417 1409 2453 rebus

350 2468 566 2506 mobilibus.
587 2469 638 2505 Et
654 2468 737 2505 talis
756 2475 890 2505 natura
911 2475 967 2505 est
984 2469 1046 2505 vel
1064 2468 1232 2514 materia,
1253 2469 1315 2505 vel
1335 2469 1409 2505 for-

316 2546 323 2552 ·
350 2533 416 2559 ma
434 2520 648 2568 materialis,
663 2528 705 2558 ut
722 2528 824 2569 patet
844 2533 889 2557 ex
906 2522 937 2557 II
960 2520 1131 2569 Phys-ia*
1149 2542 1172 2548 -
1184 2521 1269 2557 Alio
1289 2522 1407 2558 modo

316 2573 323 2579 '
351 2573 485 2612 dicitur
513 2581 657 2611 natura,
674 2574 865 2623 quaelibet
896 2573 1120 2620 substantia,
1157 2574 1218 2610 vel
1261 2574 1374 2610 etiam
1394 2572 1409 2603 β

350 2627 548 2676 quodlibet
567 2639 646 2664 ens.
662 2627 712 2663 Et
726 2627 935 2663 seeundum
956 2626 1041 2672 hoc,
1062 2626 1152 2662 illud
1173 2626 1306 2663 dicitur
1325 2639 1407 2663 esse

351 2680 519 2717 naturale
547 2679 620 2726 rei,
650 2678 755 2727 quod
783 2678 961 2716 convenit
989 2678 1023 2714 ei
1052 2678 1264 2715 secundum
1297 2691 1406 2715 suam

351 2732 610 2769 substantiam.
646 2732 695 2768 Et
722 2732 797 2767 hoc
826 2739 881 2768 est
912 2731 1017 2779 quod
1049 2743 1118 2779 per
1144 2743 1185 2767 se
1211 2731 1308 2775 inest
1341 2731 1405 2768 rei.

352 2786 394 2822 In
423 2784 602 2821 omnibus
631 2791 770 2830 autern,
793 2796 837 2820 ea
866 2795 964 2831 quae
993 2795 1071 2820 non
1098 2795 1167 2832 per
1194 2796 1234 2820 se
1263 2783 1400 2830 insunt,

351 2837 583 2874 reducuntur
609 2836 648 2872 in
676 2836 816 2884 aliquid
845 2836 949 2884 quod
976 2848 1045 2884 per
1073 2848 1112 2873 se
1131 2835 1228 2872 inest
1245 2835 1280 2883 ²⁸,
1310 2836 1404 2873 sicut

207 2901 224 2927 Υ
349 2890 389 2927 in
415 2889 642 2939 principium
662 2893 688 2925 Υ.
719 2890 768 2925 Et
794 2888 882 2925 ideo
910 2900 1065 2925 necesse
1094 2896 1150 2926 est
1177 2888 1302 2936 quod,
1331 2889 1406 2926 hoc

304 2951 311 2953 ‘
349 2943 469 2980 modo
490 2941 713 2990 accipiendo
733 2948 919 2987 naturam,
949 2953 1102 2989 semper
1118 2941 1345 2989 principium
1364 2942 1403 2978 in

348 2995 406 3032 his
425 3007 523 3044 quae
545 2994 777 3031 conveniunt
796 2993 861 3041 rei,
883 2993 929 3030 sit
947 2994 1127 3029 naturale.
1157 2994 1206 3029 Et
1226 2994 1299 3030 hoc
1321 3006 1402 3030 ma-

348 3048 480 3086 nifeste
500 3054 657 3096 apparet
671 3047 709 3083 in
724 3046 929 3083 intellectu:
950 3058 1040 3082 narn
1060 3045 1242 3094 principia
1260 3045 1404 3082 intelle-

349 3100 479 3138 ctualis
508 3099 731 3148 cognitionis
760 3106 846 3136 sunt
865 3098 1080 3135 naturaliter
1097 3105 1197 3135 nota.
1229 3098 1405 3135 Similiter

206 3159 221 3186 δ
348 3153 462 3191 etiam
480 3152 708 3201 principium
725 3159 900 3189 motuum
915 3149 928 3173 δ
942 3150 1242 3188 voluntariorum
1257 3158 1405 3199 oportet

348 3219 430 3243 esse
460 3205 600 3253 aliquid
628 3204 843 3242 naturaliter
869 3204 1029 3241 volitum
1047 3203 1078 3240 ²⁸.

402 3259 488 3295 Hoc
515 3265 641 3294 autem
670 3265 726 3294 est
754 3258 899 3294 bonum
928 3257 965 3293 in
995 3255 1208 3303 communi,
1238 3255 1275 3292 in
1299 3257 1403 3304 quod

346 3313 524 3350 voluntas
547 3310 760 3348 naturaliter
787 3309 922 3356 tendit,
953 3309 1047 3346 sicut
1075 3308 1187 3345 etiam
1216 3308 1403 3356 quaelibet

346 3363 516 3414 potentia
546 3363 584 3400 in
614 3375 726 3400 suurn
755 3363 964 3400 obiectum:
995 3369 1030 3399 et
1058 3361 1168 3398 etiam
1203 3361 1283 3409 ipse
1316 3360 1403 3398 finis

108 1635 322 1685 tfflssfflffe'si

110 1693 307 1739 maffia?
315 1695 322 1715 ³

400 3487 427 3519 α)
446 3494 537 3520 agens.
555 3501 572 3505 -
592 3487 652 3511 Om.
673 3487 700 3510 P.

400 3522 426 3554 β)
446 3523 486 3547 vel
504 3522 594 3547 etiam.
611 3535 629 3540 -
647 3521 727 3546 etiam
746 3519 767 3551 1,
787 3521 827 3545 vel
846 3521 891 3545 Pa.

400 3558 426 3591 γ)
442 3558 605 3590 principium
624 3571 643 3575 -
656 3557 775 3588 primum
795 3556 841 3580 Pa.

1460 1418 1624 1466 ultimus,
1654 1420 1718 1467 qui
1746 1421 1819 1457 hoc
1847 1422 1965 1459 mod'o
1989 1435 2028 1459 se
2047 1424 2161 1461 habet
2179 1424 2216 1461 in
2237 1426 2511 1474 appetibilibus,

1460 1469 1554 1506 sicut
1581 1471 1702 1519 prima
1721 1473 1902 1522 prinpria
1930 1475 2294 1514 demonstrationum
2322 1477 2359 1515 in
2382 1478 2512 1516 intelli-

1460 1522 1650 1569 gibilibus:
1680 1531 1716 1560 et
1734 1525 1992 1563 universaliter
2020 1529 2148 1565 omnia
2166 1529 2226 1566 illa
2251 1542 2347 1578 quae
2373 1543 2510 1568 conve-

1460 1574 1566 1612 niunt
1583 1577 1726 1613 volenti
1746 1578 1956 1615 secundum
1976 1592 2083 1616 suam
2099 1589 2281 1619 naturam.
2304 1583 2394 1620 Non
2410 1584 2511 1621 enim

1459 1639 1528 1675 per
1537 1628 1771 1665 voluntatem
1788 1630 2001 1678 appetimus
2016 1633 2139 1669 solum
2156 1645 2199 1670 ea
2214 1646 2310 1682 quae
2325 1636 2512 1683 pertinent

1461 1679 1509 1716 ad
1527 1681 1736 1728 potentiam
1754 1683 1975 1730 voluntatis;
2000 1685 2067 1721 sed
2092 1685 2203 1722 etiam
2224 1698 2268 1722 ea
2287 1699 2384 1735 quae
2402 1688 2512 1736 perti-

1460 1740 1550 1769 nent
1569 1734 1617 1770 ad
1637 1734 1799 1782 singulas
1818 1736 2015 1783 potentias,
2041 1744 2076 1773 et
2095 1738 2143 1774 ad
2162 1745 2282 1775 toturn
2301 1740 2509 1777 hominem.

1460 1785 1571 1822 Unde
1590 1787 1803 1824 naturaliter
1820 1789 1938 1825 homo
1959 1790 2040 1826 vult
2063 1802 2141 1827 non
2165 1791 2288 1827 solum
2321 1792 2509 1829 obiectum

1460 1838 1684 1886 voluntatis,
1714 1841 1781 1877 sed
1810 1841 1922 1877 etiam
1951 1841 2021 1878 alia
2049 1854 2146 1889 quae
2176 1843 2406 1881 conveniunt
2433 1845 2512 1886 aliis

1460 1891 1650 1939 potentiis:
1679 1899 1721 1928 ut
1749 1893 2003 1940 cognitionem
2022 1895 2114 1942 veri,
2140 1908 2237 1944 quae
2263 1897 2439 1934 convenit
2458 1897 2512 1934 in-

1460 1943 1637 1989 tellectui;
1660 1951 1695 1980 et
1715 1956 1796 1981 esse
1821 1953 1857 1982 et
1873 1946 2004 1982 vivere
2023 1954 2059 1983 et
2078 1947 2149 1984 alia
2167 1948 2397 1996 huiusmodi,
2414 1962 2511 1998 quae

1461 1995 1662 2044 respiciunt
1692 1997 1972 2035 consistentiam
2001 2000 2229 2046 naturalem;
2259 2013 2355 2049 quae
2384 2002 2513 2039 omnia

1461 2049 1836 2096 comprehenduntur
1871 2051 1941 2087 sub
1978 2051 2126 2089 obiecto
2160 2053 2384 2101 voluntatis,
2420 2054 2513 2091 sicut

1460 2101 1651 2148 quaedam
1679 2102 1915 2150 particularia
1943 2103 2056 2141 bona.

1513 2155 1571 2189 An
1599 2165 1735 2190 ramum
1769 2166 1867 2191 ERGO
1899 2167 2082 2193 DICENDUM
2114 2157 2218 2205 quod
2249 2158 2425 2194 voluntas
2458 2159 2510 2195 di-

1459 2205 1599 2242 viditur
1627 2214 1758 2243 contra
1785 2214 1975 2254 naturam,
2009 2208 2103 2244 sicut
2133 2221 2211 2246 una
2239 2222 2351 2246 causa
2383 2218 2512 2247 contra

1461 2257 1593 2294 aliam:
1611 2258 1800 2305 quaedam
1817 2259 1917 2296 enirn
1931 2260 2027 2296 fiunt
2041 2261 2264 2308 naturaliter,
2277 2270 2314 2299 et
2323 2263 2511 2310 quaedam

1461 2310 1558 2346 fiunt
1575 2310 1797 2347 voluntarie.
1827 2312 1895 2348 Est
1913 2319 2040 2349 autem
2060 2313 2152 2350 alius
2172 2314 2310 2351 modus
2335 2315 2512 2352 causandi

1461 2362 1637 2410 proprius
1670 2363 1872 2410 voluntati,
1908 2376 2005 2413 quae
2038 2373 2093 2402 est
2120 2366 2275 2403 domina
2303 2368 2360 2404 sui
2392 2375 2511 2415 actuS,

1460 2421 1610 2463 praeter
1640 2417 1800 2452 modum
1829 2416 1894 2464 qui
1923 2418 2100 2454 convenit
2127 2426 2297 2467 naturae,
2332 2432 2429 2468 quae
2458 2428 2512 2457 est

1463 2467 1710 2504 determinata
1737 2468 1786 2504 ad
1813 2481 1946 2506 unum.
1978 2470 2054 2507 Sed
2082 2471 2170 2519 quia
2196 2473 2370 2509 voluntas
2390 2473 2427 2509 in
2448 2473 2512 2509 ali-

1463 2532 1538 2568 qua
1558 2527 1691 2557 natura
1710 2521 1896 2569 fundatur,
1914 2526 2071 2559 'necesse
2090 2531 2146 2569 est
2160 2524 2263 2572 quod
2278 2532 2404 2562 motus
2422 2537 2511 2573 pro-

1461 2573 1564 2621 prius
1592 2581 1763 2620 naturae,
1798 2582 1980 2622 quantum
2009 2576 2056 2611 ad
2084 2576 2242 2624 aliquid,
2271 2577 2512 2626 participetur

1460 2625 1498 2662 in
1526 2626 1741 2662 voluntate:
1770 2626 1864 2663 sicut
1892 2627 1996 2675 quod
2015 2635 2071 2664 est
2088 2628 2222 2676 prioris
2251 2642 2397 2677 causae,
2426 2643 2511 2678 par-

1459 2677 1632 2726 ticipatur
1646 2690 1668 2714 a
1681 2678 1889 2726 posteriori.
1912 2680 1980 2716 Est
1999 2680 2100 2717 enim
2115 2681 2217 2729 prius
2232 2682 2270 2718 in
2284 2694 2510 2731 unaquaque

1459 2742 1499 2766 re
1519 2730 1644 2778 ipsum
1666 2742 1758 2778 esse,
1779 2731 1884 2778 quod
1904 2739 1958 2768 est
1975 2745 2045 2780 per
2063 2740 2248 2781 naturam,
2266 2746 2381 2782 quam
2399 2736 2508 2782 velle,

1455 2779 1562 2831 ’quod
1592 2789 1648 2819 est
1673 2795 1742 2831 per
1767 2784 2013 2821 voluntatem.
2044 2786 2092 2822 Et
2117 2785 2206 2823 inde
2235 2794 2290 2823 est
2314 2787 2418 2835 quod
2443 2800 2511 2824 vo-

1458 2836 1580 2872 luntas
1608 2835 1824 2872 naturaliter
1851 2836 1992 2885 aliquid
2017 2838 2110 2875 vult.

1510 2889 1569 2924 AD
1598 2900 1786 2925 SECUNDUM
1815 2900 1996 2926 DlCENDUM
2025 2890 2129 2938 quod
2156 2890 2193 2927 in
2221 2891 2334 2928 rebus
2358 2899 2507 2928 natura-

1458 2940 1555 2977 libus
1574 2940 1612 2977 id
1633 2941 1737 2989 quod
1760 2948 1815 2977 est
1842 2943 2010 2978 naturale
2038 2943 2144 2991 quasi
2173 2955 2408 2992 consequens
2436 2944 2509 2980 for-

1458 3004 1563 3029 mam
1591 3000 1747 3039 tantum,
1777 3005 1928 3042 semper
1955 3002 2040 3031 actu
2059 2999 2071 3016 ⁸
2090 2995 2196 3042 inest,
2227 2995 2321 3032 sicut
2345 2996 2508 3033 calidum

1456 3044 1543 3092 igni.
1574 3045 1691 3091 Quod
1719 3053 1846 3082 autern
1876 3053 1931 3082 est
1956 3048 2123 3084 naturale
2152 3048 2247 3085 sicut
2271 3061 2508 3096 consequens

1457 3097 1671 3144 materiam,
1700 3110 1779 3134 non
1806 3110 1958 3147 semper
1985 3107 2069 3136 actu
2098 3099 2207 3147 inest,
2242 3102 2310 3138 sed
2337 3102 2508 3149 quando-

1457 3162 1532 3198 que
1552 3150 1762 3187 secundum
1781 3151 1991 3199 potentiam
2010 3159 2167 3190 tantum.
2189 3154 2291 3190 Nam
2310 3154 2434 3191 forma
2453 3162 2508 3190 est

1457 3210 1582 3250 actus,
1611 3203 1768 3239 materia
1798 3215 1892 3240 vero
1928 3205 2106 3253 potentia.
2141 3207 2270 3242 Motus
2298 3214 2424 3243 autem
2453 3214 2508 3242 est

1457 3261 1561 3292 actus
1587 3255 1773 3292 existentis
1800 3256 1838 3293 in
1865 3258 2033 3305 potentia
2056 3257 2087 3295 *.
2121 3259 2170 3294 Et
2203 3259 2289 3295 ideo
2316 3258 2377 3295 illa
2410 3271 2506 3307 quae

1457 3308 1643 3356 pertinent
1670 3308 1718 3345 ad
1742 3315 1907 3355 motum,
1928 3310 1989 3346 vel
2009 3322 2107 3358 quae
2128 3318 2408 3360 consequuntur
2425 3323 2506 3348 mo—
2536 3327 2551 3346 ι.

1457 3368 1551 3408 turn,
1566 3360 1604 3397 in
1620 3361 1732 3398 rebus
1747 3362 1988 3411 naturalibus,
2000 3375 2078 3400 non
2093 3376 2244 3413 semper
2257 3364 2397 3401 insunt:
2414 3363 2508 3401 sicut

1508 3483 1533 3515 ὀ)
1553 3488 1680 3509 motuum.
1698 3499 1715 3503 -
1734 3484 1859 3509 motivum
1880 3485 1972 3517 PCEpl
1992 3490 2017 3510 et
2035 3493 2060 3510 a.

1507 3520 1529 3551 ε)
1549 3522 1618 3544 actu.
1632 3533 1650 3538 -
1669 3520 1730 3544 Om.
1749 3520 2014 3552 ABDEFGHIKLpC.

2536 3269 2746 3298 ·Cf.Aristot.P1-y-

2535 3295 2584 3322 sic„
2595 3295 2635 3317 lib.
2645 3296 2685 3322 111,
2693 3302 2743 3344 eug.

2567 3328 2589 3343 n.
2605 3322 2626 3343 6.
2638 3332 2649 3338 -
2663 3322 2688 3344 S.
2698 3322 2718 3344 T
2737 3338 2743 3344 .

2534 3348 2586 3369 lect.
2601 3353 2625 3370 u.
