<?xml version="1.0" encoding="UTF-8"?>
<!DOCTYPE html PUBLIC "-//W3C//DTD XHTML 1.0 Transitional//EN"
    "http://www.w3.org/TR/xhtml1/DTD/xhtml1-transitional.dtd">
<html xmlns="http://www.w3.org/1999/xhtml" xml:lang="en" lang="en">
 <head>
  <title>
</title>
<meta http-equiv="Content-Type" content="text/html;charset=utf-8" />
  <meta name='ocr-system' content='tesseract 3.04.00' />
  <meta name='ocr-capabilities' content='ocr_page ocr_carea ocr_par ocr_line ocrx_word'/>
</head>
<body>
  <div class='ocr_page' id='page_1' title='image "./operaomniaiussui06thom_0263.png"; bbox 0 0 2852 4152; ppageno 0'>
   <div class='ocr_carea' id='block_1_1' title="bbox 0 1222 58 3588">
    <p class='ocr_par' dir='ltr' id='par_1_1' title="bbox 0 1222 58 3588">
     <span class='ocr_line' id='line_1_1' title="bbox 0 1222 58 3588; baseline 0 0"><span class='ocrx_word' id='word_1_1' title='bbox 0 1222 58 3588; x_wconf 95' lang='lat' dir='ltr'> </span> 
     </span>
    </p>
   </div>
   <div class='ocr_carea' id='block_1_2' title="bbox 11 4090 22 4152">
    <p class='ocr_par' dir='ltr' id='par_1_2' title="bbox 11 4090 22 4152">
     <span class='ocr_line' id='line_1_2' title="bbox 11 4090 21 4109; baseline 0 0"><span class='ocrx_word' id='word_1_2' title='bbox 11 4090 21 4109; x_wconf 62' lang='grc' dir='ltr'>ἰε</span> 
     </span>
     <span class='ocr_line' id='line_1_3' title="bbox 11 4113 22 4138; baseline 0 0"><span class='ocrx_word' id='word_1_3' title='bbox 11 4113 22 4138; x_wconf 61' lang='lat'>³1</span> 
     </span>
     <span class='ocr_line' id='line_1_4' title="bbox 12 4142 16 4152; baseline 0 0"><span class='ocrx_word' id='word_1_4' title='bbox 12 4142 16 4152; x_wconf 89' lang='grc'><strong>1</strong></span> 
     </span>
    </p>
   </div>
   <div class='ocr_carea' id='block_1_3' title="bbox 972 238 1945 291">
    <p class='ocr_par' dir='ltr' id='par_1_3' title="bbox 972 238 1945 291">
     <span class='ocr_line' id='line_1_5' title="bbox 972 238 1945 291; baseline -0.009 -9"><span class='ocrx_word' id='word_1_5' title='bbox 972 242 1236 291; x_wconf 74' lang='lat' dir='ltr'>QUAEs‘mo</span> <span class='ocrx_word' id='word_1_6' title='bbox 1267 242 1444 289; x_wconf 73' lang='lat' dir='ltr'>xxxw,</span> <span class='ocrx_word' id='word_1_7' title='bbox 1472 239 1767 278; x_wconf 73' lang='lat' dir='ltr'>ARTmULUs</span> <span class='ocrx_word' id='word_1_8' title='bbox 1798 239 1864 285; x_wconf 87' lang='lat'>111,</span> <span class='ocrx_word' id='word_1_9' title='bbox 1895 238 1945 274; x_wconf 81' lang='lat' dir='ltr'>lv</span> 
     </span>
    </p>
   </div>
   <div class='ocr_carea' id='block_1_4' title="bbox 375 322 1435 639">
    <p class='ocr_par' dir='ltr' id='par_1_4' title="bbox 375 322 1433 426">
     <span class='ocr_line' id='line_1_6' title="bbox 375 322 1433 375; baseline -0.004 -13"><span class='ocrx_word' id='word_1_10' title='bbox 375 323 571 375; x_wconf 79' lang='lat' dir='ltr'>appetitivi</span> <span class='ocrx_word' id='word_1_11' title='bbox 589 323 601 348; x_wconf 61' lang='grc' dir='ltr'>ζ</span> <span class='ocrx_word' id='word_1_12' title='bbox 621 322 687 373; x_wconf 87' lang='lat' dir='ltr'>qui</span> <span class='ocrx_word' id='word_1_13' title='bbox 706 322 910 372; x_wconf 81' lang='lat' dir='ltr'>respiciunt</span> <span class='ocrx_word' id='word_1_14' title='bbox 929 325 1086 370; x_wconf 82' lang='lat' dir='ltr'>bonum,</span> <span class='ocrx_word' id='word_1_15' title='bbox 1108 330 1301 372; x_wconf 89' lang='lat' dir='ltr'>ponuntur</span> <span class='ocrx_word' id='word_1_16' title='bbox 1320 333 1433 358; x_wconf 89' lang='lat' dir='ltr'>causa</span> 
     </span>
     <span class='ocr_line' id='line_1_7' title="bbox 377 376 1278 426; baseline -0.004 -10"><span class='ocrx_word' id='word_1_17' title='bbox 377 386 554 416; x_wconf 88' lang='lat' dir='ltr'>motuum</span> <span class='ocrx_word' id='word_1_18' title='bbox 583 377 771 426; x_wconf 83' lang='lat' dir='ltr'>appetitus</span> <span class='ocrx_word' id='word_1_19' title='bbox 800 377 864 424; x_wconf 92' lang='lat' dir='ltr'>qui</span> <span class='ocrx_word' id='word_1_20' title='bbox 893 377 1096 425; x_wconf 90' lang='lat' dir='ltr'>respiciunt</span> <span class='ocrx_word' id='word_1_21' title='bbox 1123 376 1278 412; x_wconf 87' lang='lat' dir='ltr'>malurn.</span> 
     </span>
    </p>

    <p class='ocr_par' dir='ltr' id='par_1_5' title="bbox 377 427 1435 639">
     <span class='ocr_line' id='line_1_8' title="bbox 430 427 1434 477; baseline -0.005 -10"><span class='ocrx_word' id='word_1_22' title='bbox 430 433 490 468; x_wconf 79' lang='lat' dir='ltr'>An</span> <span class='ocrx_word' id='word_1_23' title='bbox 518 440 707 467; x_wconf 74' lang='lat' dir='ltr'>SECUNDUM</span> <span class='ocrx_word' id='word_1_24' title='bbox 740 442 923 466; x_wconf 82' lang='lat' dir='ltr'>DICENDUM</span> <span class='ocrx_word' id='word_1_25' title='bbox 947 429 1052 477; x_wconf 91' lang='lat' dir='ltr'>quod</span> <span class='ocrx_word' id='word_1_26' title='bbox 1084 429 1174 466; x_wconf 91' lang='lat' dir='ltr'>illud</span> <span class='ocrx_word' id='word_1_27' title='bbox 1207 427 1312 476; x_wconf 91' lang='lat' dir='ltr'>quod</span> <span class='ocrx_word' id='word_1_28' title='bbox 1346 438 1434 462; x_wconf 91' lang='lat' dir='ltr'>con-</span> 
     </span>
     <span class='ocr_line' id='line_1_9' title="bbox 378 482 1435 532; baseline -0.005 -12"><span class='ocrx_word' id='word_1_29' title='bbox 378 483 599 532; x_wconf 90' lang='lat' dir='ltr'>cupiscitur,</span> <span class='ocrx_word' id='word_1_30' title='bbox 636 483 703 519; x_wconf 91' lang='lat' dir='ltr'>etsi</span> <span class='ocrx_word' id='word_1_31' title='bbox 740 482 887 519; x_wconf 83' lang='lat' dir='ltr'>realiter</span> <span class='ocrx_word' id='word_1_32' title='bbox 921 483 966 519; x_wconf 91' lang='lat' dir='ltr'>sit</span> <span class='ocrx_word' id='word_1_33' title='bbox 998 483 1185 527; x_wconf 88' lang='lat' dir='ltr'>futurum,</span> <span class='ocrx_word' id='word_1_34' title='bbox 1219 488 1275 517; x_wconf 90' lang='lat' dir='ltr'>est</span> <span class='ocrx_word' id='word_1_35' title='bbox 1307 487 1435 516; x_wconf 90' lang='lat' dir='ltr'>tamen</span> 
     </span>
     <span class='ocr_line' id='line_1_10' title="bbox 377 532 1434 586; baseline -0.006 -13"><span class='ocrx_word' id='word_1_36' title='bbox 377 535 670 586; x_wconf 86' lang='lat' dir='ltr'>quodammodo</span> <span class='ocrx_word' id='word_1_37' title='bbox 686 547 878 584; x_wconf 84' lang='lat' dir='ltr'>praesens,</span> <span class='ocrx_word' id='word_1_38' title='bbox 898 535 1120 583; x_wconf 88' lang='lat' dir='ltr'>inquantum</span> <span class='ocrx_word' id='word_1_39' title='bbox 1136 541 1318 582; x_wconf 86' lang='lat' dir='ltr'>speratur.</span> <span class='ocrx_word' id='word_1_40' title='bbox 1336 532 1434 568; x_wconf 87' lang='lat' dir='ltr'>-Vel</span> 
     </span>
     <span class='ocr_line' id='line_1_11' title="bbox 378 584 1435 639; baseline -0.005 -13"><span class='ocrx_word' id='word_1_41' title='bbox 378 596 503 639; x_wconf 91' lang='lat' dir='ltr'>potest</span> <span class='ocrx_word' id='word_1_42' title='bbox 535 588 608 625; x_wconf 91' lang='lat' dir='ltr'>dici</span> <span class='ocrx_word' id='word_1_43' title='bbox 637 588 758 639; x_wconf 86' lang='lat' dir='ltr'>quod,</span> <span class='ocrx_word' id='word_1_44' title='bbox 788 588 872 624; x_wconf 91' lang='lat' dir='ltr'>licet</span> <span class='ocrx_word' id='word_1_45' title='bbox 891 588 1015 636; x_wconf 89' lang='lat' dir='ltr'>ipsum</span> <span class='ocrx_word' id='word_1_46' title='bbox 1036 593 1053 614; x_wconf 71' lang='grc' dir='ltr'>η</span> <span class='ocrx_word' id='word_1_47' title='bbox 1082 588 1228 623; x_wconf 90' lang='lat' dir='ltr'>bonum</span> <span class='ocrx_word' id='word_1_48' title='bbox 1258 584 1435 632; x_wconf 90' lang='lat' dir='ltr'>concupi-</span> 
     </span>
    </p>
   </div>
   <div class='ocr_carea' id='block_1_5' title="bbox 2466 236 2536 272">
    <p class='ocr_par' dir='ltr' id='par_1_6' title="bbox 2466 236 2536 272">
     <span class='ocr_line' id='line_1_12' title="bbox 2466 236 2536 272; baseline 0 -1"><span class='ocrx_word' id='word_1_49' title='bbox 2466 236 2536 272; x_wconf 84' lang='lat'>251</span> 
     </span>
    </p>
   </div>
   <div class='ocr_carea' id='block_1_6' title="bbox 1487 314 2544 630">
    <p class='ocr_par' dir='ltr' id='par_1_7' title="bbox 1487 314 2543 420">
     <span class='ocr_line' id='line_1_13' title="bbox 1487 314 2543 365; baseline -0.006 -9"><span class='ocrx_word' id='word_1_50' title='bbox 1487 328 1568 356; x_wconf 89' lang='lat' dir='ltr'>tum</span> <span class='ocrx_word' id='word_1_51' title='bbox 1584 319 1629 355; x_wconf 93' lang='lat' dir='ltr'>sit</span> <span class='ocrx_word' id='word_1_52' title='bbox 1644 319 1824 365; x_wconf 80' lang='lat' dir='ltr'>futurum,</span> <span class='ocrx_word' id='word_1_53' title='bbox 1840 324 1968 353; x_wconf 91' lang='lat' dir='ltr'>tamen</span> <span class='ocrx_word' id='word_1_54' title='bbox 1983 315 2298 364; x_wconf 82' lang='lat' dir='ltr'>impedimentum</span> <span class='ocrx_word' id='word_1_55' title='bbox 2317 314 2543 363; x_wconf 90' lang='lat' dir='ltr'>praesentia-</span> 
     </span>
     <span class='ocr_line' id='line_1_14' title="bbox 1488 369 2319 420; baseline -0.007 -11"><span class='ocrx_word' id='word_1_56' title='bbox 1488 372 1569 409; x_wconf 92' lang='lat' dir='ltr'>liter</span> <span class='ocrx_word' id='word_1_57' title='bbox 1597 370 1811 420; x_wconf 89' lang='lat' dir='ltr'>apponitur,</span> <span class='ocrx_word' id='word_1_58' title='bbox 1846 369 1950 417; x_wconf 92' lang='lat' dir='ltr'>quod</span> <span class='ocrx_word' id='word_1_59' title='bbox 1978 369 2151 405; x_wconf 91' lang='lat' dir='ltr'>dolorem</span> <span class='ocrx_word' id='word_1_60' title='bbox 2181 375 2319 404; x_wconf 90' lang='lat' dir='ltr'>causat.</span> 
     </span>
    </p>

    <p class='ocr_par' dir='ltr' id='par_1_8' title="bbox 1490 419 2544 630">
     <span class='ocr_line' id='line_1_15' title="bbox 1541 419 2544 468; baseline -0.006 -7"><span class='ocrx_word' id='word_1_61' title='bbox 1541 426 1600 461; x_wconf 84' lang='lat' dir='ltr'>AD</span> <span class='ocrx_word' id='word_1_62' title='bbox 1631 435 1790 463; x_wconf 80' lang='lat' dir='ltr'>TERTmM</span> <span class='ocrx_word' id='word_1_63' title='bbox 1817 433 2000 459; x_wconf 77' lang='lat' dir='ltr'>nicENDUM</span> <span class='ocrx_word' id='word_1_64' title='bbox 2025 420 2130 468; x_wconf 91' lang='lat' dir='ltr'>quod</span> <span class='ocrx_word' id='word_1_65' title='bbox 2159 419 2461 468; x_wconf 86' lang='lat' dir='ltr'>concupiscentia</span> <span class='ocrx_word' id='word_1_66' title='bbox 2489 428 2544 455; x_wconf 90' lang='lat' dir='ltr'>est</span> 
     </span>
     <span class='ocr_line' id='line_1_16' title="bbox 1490 472 2544 524; baseline -0.007 -10"><span class='ocrx_word' id='word_1_67' title='bbox 1490 476 1730 522; x_wconf 88' lang='lat' dir='ltr'>delectabilis,</span> <span class='ocrx_word' id='word_1_68' title='bbox 1747 474 1915 524; x_wconf 88' lang='lat' dir='ltr'>quandiu</span> <span class='ocrx_word' id='word_1_69' title='bbox 1934 481 2063 510; x_wconf 91' lang='lat' dir='ltr'>manet</span> <span class='ocrx_word' id='word_1_70' title='bbox 2082 485 2168 521; x_wconf 90' lang='lat' dir='ltr'>spes</span> <span class='ocrx_word' id='word_1_71' title='bbox 2188 472 2420 520; x_wconf 90' lang='lat' dir='ltr'>adipiscendi</span> <span class='ocrx_word' id='word_1_72' title='bbox 2439 472 2544 519; x_wconf 92' lang='lat' dir='ltr'>quod</span> 
     </span>
     <span class='ocr_line' id='line_1_17' title="bbox 1491 524 2543 578; baseline -0.008 -11"><span class='ocrx_word' id='word_1_73' title='bbox 1491 529 1779 578; x_wconf 84' lang='lat' dir='ltr'>concupiscitur.</span> <span class='ocrx_word' id='word_1_74' title='bbox 1801 529 1890 574; x_wconf 89' lang='lat' dir='ltr'>Sed,</span> <span class='ocrx_word' id='word_1_75' title='bbox 1911 527 2099 563; x_wconf 87' lang='lat' dir='ltr'>subtracta</span> <span class='ocrx_word' id='word_1_76' title='bbox 2123 537 2189 573; x_wconf 91' lang='lat' dir='ltr'>spe</span> <span class='ocrx_word' id='word_1_77' title='bbox 2209 537 2276 573; x_wconf 93' lang='lat' dir='ltr'>per</span> <span class='ocrx_word' id='word_1_78' title='bbox 2295 524 2543 572; x_wconf 89' lang='lat' dir='ltr'>impedimen-</span> 
     </span>
     <span class='ocr_line' id='line_1_18' title="bbox 1490 578 2517 630; baseline -0.008 -10"><span class='ocrx_word' id='word_1_79' title='bbox 1490 591 1570 620; x_wconf 89' lang='lat' dir='ltr'>tum</span> <span class='ocrx_word' id='word_1_80' title='bbox 1599 581 1825 630; x_wconf 83' lang='lat' dir='ltr'>appositum,</span> <span class='ocrx_word' id='word_1_81' title='bbox 1856 578 2160 628; x_wconf 89' lang='lat' dir='ltr'>concupiscentia</span> <span class='ocrx_word' id='word_1_82' title='bbox 2185 578 2357 615; x_wconf 88' lang='lat' dir='ltr'>dolorem</span> <span class='ocrx_word' id='word_1_83' title='bbox 2378 584 2517 613; x_wconf 88' lang='lat' dir='ltr'>causat.</span> 
     </span>
    </p>
   </div>
   <div class='ocr_carea' id='block_1_7' title="bbox 1123 660 1855 669">
    <p class='ocr_par' dir='ltr' id='par_1_9' title="bbox 1123 660 1855 669">
     <span class='ocr_line' id='line_1_19' title="bbox 1123 660 1855 669; baseline 0 0"><span class='ocrx_word' id='word_1_84' title='bbox 1123 660 1855 669; x_wconf 95' lang='lat' dir='ltr'> </span> 
     </span>
    </p>
   </div>
   <div class='ocr_carea' id='block_1_8' title="bbox 432 705 858 739">
    <p class='ocr_par' dir='ltr' id='par_1_10' title="bbox 432 705 858 739">
     <span class='ocr_line' id='line_1_20' title="bbox 432 705 858 739; baseline -0.009 -6"><span class='ocrx_word' id='word_1_85' title='bbox 432 707 457 739; x_wconf 69' lang='grc' dir='ltr'>ζ)</span> <span class='ocrx_word' id='word_1_86' title='bbox 475 706 624 738; x_wconf 76' lang='lat' dir='ltr'>appetitivi.</span> <span class='ocrx_word' id='word_1_87' title='bbox 641 719 660 724; x_wconf 91' lang='lat'>-</span> <span class='ocrx_word' id='word_1_88' title='bbox 678 705 810 737; x_wconf 77' lang='lat' dir='ltr'>appetitus</span> <span class='ocrx_word' id='word_1_89' title='bbox 830 705 858 729; x_wconf 90' lang='grc' dir='ltr'>Ρ.</span> 
     </span>
    </p>
   </div>
   <div class='ocr_carea' id='block_1_9' title="bbox 1542 699 1864 733">
    <p class='ocr_par' dir='ltr' id='par_1_11' title="bbox 1542 699 1864 733">
     <span class='ocr_line' id='line_1_21' title="bbox 1542 699 1864 733; baseline -0.006 -8"><span class='ocrx_word' id='word_1_90' title='bbox 1542 702 1569 733; x_wconf 90' lang='grc' dir='ltr'>η)</span> <span class='ocrx_word' id='word_1_91' title='bbox 1589 701 1684 732; x_wconf 81' lang='lat' dir='ltr'>ipsum.</span> <span class='ocrx_word' id='word_1_92' title='bbox 1702 714 1719 719; x_wconf 88' lang='lat'>-</span> <span class='ocrx_word' id='word_1_93' title='bbox 1737 700 1798 724; x_wconf 89' lang='lat' dir='ltr'>Om.</span> <span class='ocrx_word' id='word_1_94' title='bbox 1817 699 1864 724; x_wconf 76' lang='lat' dir='ltr'>Pa.</span> 
     </span>
    </p>
   </div>
   <div class='ocr_carea' id='block_1_10' title="bbox 1056 780 1876 817">
    <p class='ocr_par' dir='ltr' id='par_1_12' title="bbox 1056 780 1876 817">
     <span class='ocr_line' id='line_1_22' title="bbox 1056 780 1876 817; baseline -0.009 0"><span class='ocrx_word' id='word_1_95' title='bbox 1056 784 1385 817; x_wconf 68' lang='lat' dir='ltr'>Commentario.</span> <span class='ocrx_word' id='word_1_96' title='bbox 1407 781 1655 814; x_wconf 71' lang='lat' dir='ltr'>cardinalis</span> <span class='ocrx_word' id='word_1_97' title='bbox 1677 780 1876 812; x_wconf 75' lang='lat' dir='ltr'>Caietam</span> 
     </span>
    </p>
   </div>
   <div class='ocr_carea' id='block_1_11' title="bbox 384 869 1438 956">
    <p class='ocr_par' dir='ltr' id='par_1_13' title="bbox 384 869 1438 956">
     <span class='ocr_line' id='line_1_23' title="bbox 412 869 1438 913; baseline -0.005 -10"><span class='ocrx_word' id='word_1_98' title='bbox 412 882 432 903; x_wconf 73' lang='lat' dir='ltr'>N</span> <span class='ocrx_word' id='word_1_99' title='bbox 455 873 587 904; x_wconf 81' lang='lat' dir='ltr'>articulo</span> <span class='ocrx_word' id='word_1_100' title='bbox 612 873 762 908; x_wconf 82' lang='lat' dir='ltr'>secundo,</span> <span class='ocrx_word' id='word_1_101' title='bbox 779 879 865 909; x_wconf 84' lang='lat' dir='ltr'>nota,</span> <span class='ocrx_word' id='word_1_102' title='bbox 885 872 1012 909; x_wconf 71' lang='lat' dir='ltr'>novifie,</span> <span class='ocrx_word' id='word_1_103' title='bbox 1031 872 1119 913; x_wconf 91' lang='lat' dir='ltr'>quod</span> <span class='ocrx_word' id='word_1_104' title='bbox 1135 871 1266 906; x_wconf 80' lang='lat' dir='ltr'>malurn,</span> <span class='ocrx_word' id='word_1_105' title='bbox 1283 869 1372 910; x_wconf 92' lang='lat' dir='ltr'>quod</span> <span class='ocrx_word' id='word_1_106' title='bbox 1392 875 1438 899; x_wconf 86' lang='lat' dir='ltr'>est</span> 
     </span>
     <span class='ocr_line' id='line_1_24' title="bbox 384 885 1437 956; baseline -0.004 -9"><span class='ocrx_word' id='word_1_107' title='bbox 384 885 574 947; x_wconf 78' lang='lat' dir='ltr'>Iobiectum</span> <span class='ocrx_word' id='word_1_108' title='bbox 593 916 752 952; x_wconf 84' lang='lat' dir='ltr'>tristitiae,</span> <span class='ocrx_word' id='word_1_109' title='bbox 782 916 911 956; x_wconf 89' lang='lat' dir='ltr'>ponitur</span> <span class='ocrx_word' id='word_1_110' title='bbox 933 915 1003 946; x_wconf 88' lang='lat' dir='ltr'>finis</span> <span class='ocrx_word' id='word_1_111' title='bbox 1027 914 1190 956; x_wconf 82' lang='lat' dir='ltr'>appetitivi</span> <span class='ocrx_word' id='word_1_112' title='bbox 1218 921 1342 950; x_wconf 89' lang='lat' dir='ltr'>motus,</span> <span class='ocrx_word' id='word_1_113' title='bbox 1371 923 1437 943; x_wconf 86' lang='lat' dir='ltr'>non</span> 
     </span>
    </p>
   </div>
   <div class='ocr_carea' id='block_1_12' title="bbox 1490 862 2545 942">
    <p class='ocr_par' dir='ltr' id='par_1_14' title="bbox 1490 862 2545 942">
     <span class='ocr_line' id='line_1_25' title="bbox 1492 862 2545 908; baseline -0.007 -9"><span class='ocrx_word' id='word_1_114' title='bbox 1492 875 1529 898; x_wconf 92' lang='lat' dir='ltr'>ut</span> <span class='ocrx_word' id='word_1_115' title='bbox 1551 868 1801 908; x_wconf 84' lang='lat' dir='ltr'>prosequendus,</span> <span class='ocrx_word' id='word_1_116' title='bbox 1819 867 1873 897; x_wconf 87' lang='lat' dir='ltr'>sed</span> <span class='ocrx_word' id='word_1_117' title='bbox 1895 873 1932 897; x_wconf 93' lang='lat' dir='ltr'>ut</span> <span class='ocrx_word' id='word_1_118' title='bbox 1950 865 2132 906; x_wconf 82' lang='lat' dir='ltr'>fugiendus:</span> <span class='ocrx_word' id='word_1_119' title='bbox 2156 864 2200 894; x_wconf 90' lang='lat' dir='ltr'>sic</span> <span class='ocrx_word' id='word_1_120' title='bbox 2219 863 2304 894; x_wconf 86' lang='lat' dir='ltr'>enirn</span> <span class='ocrx_word' id='word_1_121' title='bbox 2333 869 2379 893; x_wconf 88' lang='lat' dir='ltr'>est</span> <span class='ocrx_word' id='word_1_122' title='bbox 2404 862 2545 893; x_wconf 85' lang='lat' dir='ltr'>tristitiae</span> 
     </span>
     <span class='ocr_line' id='line_1_26' title="bbox 1490 911 1571 942; baseline 0.012 -1"><span class='ocrx_word' id='word_1_123' title='bbox 1490 911 1571 942; x_wconf 87' lang='lat' dir='ltr'>finis.</span> 
     </span>
    </p>
   </div>
   <div class='ocr_carea' id='block_1_13' title="bbox 879 1062 2020 1189">
    <p class='ocr_par' dir='ltr' id='par_1_15' title="bbox 879 1062 2020 1189">
     <span class='ocr_line' id='line_1_27' title="bbox 1182 1062 1752 1106; baseline -0.005 0"><span class='ocrx_word' id='word_1_124' title='bbox 1182 1064 1496 1106; x_wconf 88' lang='lat' dir='ltr'>ARTICULUS</span> <span class='ocrx_word' id='word_1_125' title='bbox 1524 1062 1752 1104; x_wconf 86' lang='lat' dir='ltr'>TERTIUS</span> 
     </span>
     <span class='ocr_line' id='line_1_28' title="bbox 879 1153 2020 1189; baseline -0.004 0"><span class='ocrx_word' id='word_1_126' title='bbox 879 1159 881 1161; x_wconf 89' lang='lat'>·</span> <span class='ocrx_word' id='word_1_127' title='bbox 917 1158 1072 1189; x_wconf 87' lang='lat' dir='ltr'>UTRUM</span> <span class='ocrx_word' id='word_1_128' title='bbox 1094 1156 1332 1188; x_wconf 78' lang='lat' dir='ltr'>APPETITUS</span> <span class='ocrx_word' id='word_1_129' title='bbox 1355 1155 1558 1187; x_wconf 79' lang='lat' dir='ltr'>UNITATIS</span> <span class='ocrx_word' id='word_1_130' title='bbox 1581 1154 1647 1186; x_wconf 76' lang='lat' dir='ltr'>sir</span> <span class='ocrx_word' id='word_1_131' title='bbox 1671 1154 1812 1185; x_wconf 78' lang='lat' dir='ltr'>CAUSA</span> <span class='ocrx_word' id='word_1_132' title='bbox 1834 1153 2020 1185; x_wconf 87' lang='lat' dir='ltr'>DOLORIS</span> 
     </span>
    </p>
   </div>
   <div class='ocr_carea' id='block_1_14' title="bbox 398 1253 584 1436">
    <p class='ocr_par' dir='ltr' id='par_1_16' title="bbox 398 1253 584 1436">
     <span class='ocr_line' id='line_1_29' title="bbox 398 1253 584 1362; baseline 0 0"><span class='ocrx_word' id='word_1_133' title='bbox 398 1253 584 1362; x_wconf 95' lang='lat' dir='ltr'>   </span> <span class='ocrx_word' id='word_1_134' title='bbox 484 1340 539 1362; x_wconf 95' lang='lat' dir='ltr'> </span> 
     </span>
     <span class='ocr_line' id='line_1_30' title="bbox 398 1362 584 1436; baseline 0 0"><span class='ocrx_word' id='word_1_135' title='bbox 398 1362 443 1436; x_wconf 95' lang='lat' dir='ltr'> </span> <span class='ocrx_word' id='word_1_136' title='bbox 484 1362 584 1436; x_wconf 95' lang='lat' dir='ltr'> </span> 
     </span>
    </p>
   </div>
   <div class='ocr_carea' id='block_1_15' title="bbox 382 1262 1443 1858">
    <p class='ocr_par' dir='ltr' id='par_1_17' title="bbox 382 1262 1443 1796">
     <span class='ocr_line' id='line_1_31' title="bbox 504 1262 1440 1337; baseline -0.003 -11"><span class='ocrx_word' id='word_1_137' title='bbox 504 1262 573 1337; x_wconf 48' lang='lat'>{³³3</span> <span class='ocrx_word' id='word_1_138' title='bbox 596 1289 783 1337; x_wconf 89' lang='lat' dir='ltr'>appetitus</span> <span class='ocrx_word' id='word_1_139' title='bbox 810 1288 961 1324; x_wconf 88' lang='lat' dir='ltr'>unitatis</span> <span class='ocrx_word' id='word_1_140' title='bbox 989 1300 1067 1324; x_wconf 91' lang='lat' dir='ltr'>non</span> <span class='ocrx_word' id='word_1_141' title='bbox 1089 1287 1135 1323; x_wconf 91' lang='lat' dir='ltr'>sit</span> <span class='ocrx_word' id='word_1_142' title='bbox 1155 1299 1268 1335; x_wconf 88' lang='lat' dir='ltr'>causa</span> <span class='ocrx_word' id='word_1_143' title='bbox 1288 1287 1440 1324; x_wconf 88' lang='lat' dir='ltr'>doloris.</span> 
     </span>
     <span class='ocr_line' id='line_1_32' title="bbox 404 1329 1440 1389; baseline 0 -15"><span class='ocrx_word' id='word_1_144' title='bbox 404 1348 414 1387; x_wconf 41' lang='lat'>1,</span> <span class='ocrx_word' id='word_1_145' title='bbox 423 1383 425 1389; x_wconf 19' lang='lat' dir='ltr'><em>A</em></span> <span class='ocrx_word' id='word_1_146' title='bbox 461 1329 695 1377; x_wconf 50' lang='lat' dir='ltr'>W&#39;Dicit</span> <span class='ocrx_word' id='word_1_147' title='bbox 723 1341 825 1377; x_wconf 86' lang='lat' dir='ltr'>enim</span> <span class='ocrx_word' id='word_1_148' title='bbox 858 1340 1124 1387; x_wconf 84' lang='lat' dir='ltr'>Philosophus,</span> <span class='ocrx_word' id='word_1_149' title='bbox 1145 1339 1184 1375; x_wconf 82' lang='lat' dir='ltr'>in</span> <span class='ocrx_word' id='word_1_150' title='bbox 1211 1340 1246 1375; x_wconf 88' lang='lat' dir='ltr'><strong>x</strong></span> <span class='ocrx_word' id='word_1_151' title='bbox 1269 1340 1389 1375; x_wconf 74' lang='lat' dir='ltr'>Ethic.</span> <span class='ocrx_word' id='word_1_152' title='bbox 1410 1339 1440 1384; x_wconf 61' lang='lat'>²³,</span> 
     </span>
     <span class='ocr_line' id='line_1_33' title="bbox 408 1372 1443 1442; baseline -0.003 -13"><span class='ocrx_word' id='word_1_153' title='bbox 408 1372 539 1442; x_wconf 41' lang='lat'>”5¹3²</span> <span class='ocrx_word' id='word_1_154' title='bbox 554 1387 586 1428; x_wconf 42' lang='grc' dir='ltr'>Ἃ</span> <span class='ocrx_word' id='word_1_155' title='bbox 596 1393 700 1440; x_wconf 91' lang='lat' dir='ltr'>quod</span> <span class='ocrx_word' id='word_1_156' title='bbox 727 1393 821 1428; x_wconf 84' lang='lat' dir='ltr'>haec</span> <span class='ocrx_word' id='word_1_157' title='bbox 848 1391 984 1439; x_wconf 87' lang='lat' dir='ltr'>opinio,</span> <span class='ocrx_word' id='word_1_158' title='bbox 1009 1403 1106 1439; x_wconf 88' lang='lat' dir='ltr'>quae</span> <span class='ocrx_word' id='word_1_159' title='bbox 1125 1391 1252 1439; x_wconf 90' lang='lat' dir='ltr'>posuit</span> <span class='ocrx_word' id='word_1_160' title='bbox 1271 1391 1443 1438; x_wconf 86' lang='lat' dir='ltr'>repletio-</span> 
     </span>
     <span class='ocr_line' id='line_1_34' title="bbox 383 1442 1442 1489; baseline -0.003 -7"><span class='ocrx_word' id='word_1_161' title='bbox 383 1457 474 1482; x_wconf 86' lang='lat' dir='ltr'>nem</span> <span class='ocrx_word' id='word_1_162' title='bbox 495 1455 577 1480; x_wconf 91' lang='lat' dir='ltr'>esse</span> <span class='ocrx_word' id='word_1_163' title='bbox 593 1455 747 1480; x_wconf 87' lang='lat' dir='ltr'>causam</span> <span class='ocrx_word' id='word_1_164' title='bbox 768 1443 1035 1489; x_wconf 85' lang='lat' dir='ltr'>delectationis,</span> <span class='ocrx_word' id='word_1_165' title='bbox 1057 1451 1093 1479; x_wconf 93' lang='lat' dir='ltr'>et</span> <span class='ocrx_word' id='word_1_166' title='bbox 1112 1442 1335 1480; x_wconf 88' lang='lat' dir='ltr'>incisionem</span> <span class='ocrx_word' id='word_1_167' title='bbox 1356 1455 1442 1479; x_wconf 88' lang='lat' dir='ltr'>cau-</span> 
     </span>
     <span class='ocr_line' id='line_1_35' title="bbox 383 1495 1443 1543; baseline -0.003 -9"><span class='ocrx_word' id='word_1_168' title='bbox 383 1509 465 1534; x_wconf 90' lang='lat' dir='ltr'>sam</span> <span class='ocrx_word' id='word_1_169' title='bbox 489 1495 666 1542; x_wconf 84' lang='lat' dir='ltr'>tristitiae,</span> <span class='ocrx_word' id='word_1_170' title='bbox 686 1496 832 1531; x_wconf 79' lang='lat' dir='ltr'>videtur</span> <span class='ocrx_word' id='word_1_171' title='bbox 851 1507 928 1532; x_wconf 88' lang='lat' dir='ltr'>esse</span> <span class='ocrx_word' id='word_1_172' title='bbox 940 1496 1052 1543; x_wconf 73' lang='lat' dir='ltr'>faeta</span> <span class='ocrx_word' id='word_1_173' title='bbox 1072 1507 1122 1531; x_wconf 91' lang='lat' dir='ltr'>ex</span> <span class='ocrx_word' id='word_1_174' title='bbox 1143 1495 1443 1531; x_wconf 84' lang='lat' dir='ltr'>delectationibus</span> 
     </span>
     <span class='ocr_line' id='line_1_36' title="bbox 383 1547 1443 1595; baseline -0.002 -10"><span class='ocrx_word' id='word_1_175' title='bbox 383 1554 420 1586; x_wconf 90' lang='lat' dir='ltr'>et</span> <span class='ocrx_word' id='word_1_176' title='bbox 444 1548 596 1585; x_wconf 70' lang='lat' dir='ltr'>tristitiis</span> <span class='ocrx_word' id='word_1_177' title='bbox 621 1559 718 1595; x_wconf 84' lang='lat' dir='ltr'>quae</span> <span class='ocrx_word' id='word_1_178' title='bbox 734 1553 822 1584; x_wconf 91' lang='lat' dir='ltr'>sunt</span> <span class='ocrx_word' id='word_1_179' title='bbox 838 1548 939 1584; x_wconf 89' lang='lat' dir='ltr'>circa</span> <span class='ocrx_word' id='word_1_180' title='bbox 958 1548 1093 1584; x_wconf 89' lang='lat' dir='ltr'>cibum.</span> <span class='ocrx_word' id='word_1_181' title='bbox 1125 1547 1202 1583; x_wconf 90' lang='lat' dir='ltr'>Sed</span> <span class='ocrx_word' id='word_1_182' title='bbox 1222 1559 1300 1583; x_wconf 92' lang='lat' dir='ltr'>non</span> <span class='ocrx_word' id='word_1_183' title='bbox 1320 1547 1443 1583; x_wconf 89' lang='lat' dir='ltr'>omnis</span> 
     </span>
     <span class='ocr_line' id='line_1_37' title="bbox 385 1599 1443 1648; baseline -0.002 -10"><span class='ocrx_word' id='word_1_184' title='bbox 385 1600 581 1639; x_wconf 84' lang='lat' dir='ltr'>delectatio</span> <span class='ocrx_word' id='word_1_185' title='bbox 601 1601 664 1636; x_wconf 89' lang='lat' dir='ltr'>vel</span> <span class='ocrx_word' id='word_1_186' title='bbox 691 1600 835 1637; x_wconf 89' lang='lat' dir='ltr'>tristitia</span> <span class='ocrx_word' id='word_1_187' title='bbox 864 1608 919 1637; x_wconf 89' lang='lat' dir='ltr'>est</span> <span class='ocrx_word' id='word_1_188' title='bbox 945 1599 1176 1637; x_wconf 85' lang='lat' dir='ltr'>huiusmodi.</span> <span class='ocrx_word' id='word_1_189' title='bbox 1207 1601 1308 1647; x_wconf 89' lang='lat' dir='ltr'>Ergo</span> <span class='ocrx_word' id='word_1_190' title='bbox 1328 1612 1443 1648; x_wconf 92' lang='lat' dir='ltr'>appe-</span> 
     </span>
     <span class='ocr_line' id='line_1_38' title="bbox 382 1652 1441 1690; baseline -0.001 0"><span class='ocrx_word' id='word_1_191' title='bbox 382 1653 471 1690; x_wconf 87' lang='lat' dir='ltr'>titus</span> <span class='ocrx_word' id='word_1_192' title='bbox 507 1652 657 1689; x_wconf 89' lang='lat' dir='ltr'>unitatis</span> <span class='ocrx_word' id='word_1_193' title='bbox 689 1665 768 1689; x_wconf 93' lang='lat' dir='ltr'>non</span> <span class='ocrx_word' id='word_1_194' title='bbox 796 1660 851 1689; x_wconf 90' lang='lat' dir='ltr'>est</span> <span class='ocrx_word' id='word_1_195' title='bbox 879 1665 993 1689; x_wconf 88' lang='lat' dir='ltr'>causa</span> <span class='ocrx_word' id='word_1_196' title='bbox 1023 1652 1247 1689; x_wconf 90' lang='lat' dir='ltr'>universalis</span> <span class='ocrx_word' id='word_1_197' title='bbox 1280 1653 1441 1690; x_wconf 92' lang='lat' dir='ltr'>doloris:</span> 
     </span>
     <span class='ocr_line' id='line_1_39' title="bbox 385 1704 1442 1754; baseline -0.002 -11"><span class='ocrx_word' id='word_1_198' title='bbox 385 1718 474 1743; x_wconf 91' lang='lat' dir='ltr'>cum</span> <span class='ocrx_word' id='word_1_199' title='bbox 502 1705 658 1754; x_wconf 89' lang='lat' dir='ltr'>repletio</span> <span class='ocrx_word' id='word_1_200' title='bbox 687 1705 737 1742; x_wconf 90' lang='lat' dir='ltr'>ad</span> <span class='ocrx_word' id='word_1_201' title='bbox 763 1705 945 1742; x_wconf 87' lang='lat' dir='ltr'>unitatem</span> <span class='ocrx_word' id='word_1_202' title='bbox 973 1704 1169 1754; x_wconf 86' lang='lat' dir='ltr'>pertineat,</span> <span class='ocrx_word' id='word_1_203' title='bbox 1199 1704 1329 1741; x_wconf 91' lang='lat' dir='ltr'>incisio</span> <span class='ocrx_word' id='word_1_204' title='bbox 1349 1718 1442 1742; x_wconf 90' lang='lat' dir='ltr'>vero</span> 
     </span>
     <span class='ocr_line' id='line_1_40' title="bbox 384 1757 854 1796; baseline -0.004 0"><span class='ocrx_word' id='word_1_205' title='bbox 384 1758 664 1796; x_wconf 88' lang='lat' dir='ltr'>multitudinem</span> <span class='ocrx_word' id='word_1_206' title='bbox 690 1757 854 1794; x_wconf 90' lang='lat' dir='ltr'>inducat.</span> 
     </span>
    </p>

    <p class='ocr_par' dir='ltr' id='par_1_18' title="bbox 438 1809 1443 1858">
     <span class='ocr_line' id='line_1_41' title="bbox 438 1809 1443 1858; baseline -0.001 -11"><span class='ocrx_word' id='word_1_207' title='bbox 438 1822 474 1847; x_wconf 84' lang='lat'>2.</span> <span class='ocrx_word' id='word_1_208' title='bbox 494 1811 726 1856; x_wconf 74' lang='lat' dir='ltr'>PRAETEREA,</span> <span class='ocrx_word' id='word_1_209' title='bbox 756 1810 946 1857; x_wconf 88' lang='lat' dir='ltr'>quaelibet</span> <span class='ocrx_word' id='word_1_210' title='bbox 964 1809 1151 1858; x_wconf 80' lang='lat' dir='ltr'>separatio</span> <span class='ocrx_word' id='word_1_211' title='bbox 1170 1809 1302 1846; x_wconf 89' lang='lat' dir='ltr'>unitati</span> <span class='ocrx_word' id='word_1_212' title='bbox 1322 1822 1443 1858; x_wconf 93' lang='lat' dir='ltr'>oppo-</span> 
     </span>
    </p>
   </div>
   <div class='ocr_carea' id='block_1_16' title="bbox 303 1439 494 1467">
    <p class='ocr_par' dir='ltr' id='par_1_19' title="bbox 303 1439 494 1467">
     <span class='ocr_line' id='line_1_42' title="bbox 303 1439 494 1467; baseline 0 0"><span class='ocrx_word' id='word_1_213' title='bbox 303 1462 330 1467; x_wconf 20' lang='grc' dir='ltr'>μ’</span> <span class='ocrx_word' id='word_1_214' title='bbox 349 1439 494 1459; x_wconf 44' lang='grc' dir='ltr'>’μ</span> 
     </span>
    </p>
   </div>
   <div class='ocr_carea' id='block_1_17' title="bbox 324 1857 1443 1911">
    <p class='ocr_par' dir='ltr' id='par_1_20' title="bbox 324 1857 1443 1911">
     <span class='ocr_line' id='line_1_43' title="bbox 324 1857 1443 1911; baseline -0.001 -11"><span class='ocrx_word' id='word_1_215' title='bbox 324 1857 330 1861; x_wconf 75' lang='grc'><strong>’</strong></span> <span class='ocrx_word' id='word_1_216' title='bbox 384 1862 494 1900; x_wconf 90' lang='lat' dir='ltr'>nitur.</span> <span class='ocrx_word' id='word_1_217' title='bbox 526 1862 566 1899; x_wconf 92' lang='lat' dir='ltr'>Si</span> <span class='ocrx_word' id='word_1_218' title='bbox 594 1874 684 1910; x_wconf 85' lang='lat' dir='ltr'>ergo</span> <span class='ocrx_word' id='word_1_219' title='bbox 712 1862 823 1899; x_wconf 87' lang='lat' dir='ltr'>dolor</span> <span class='ocrx_word' id='word_1_220' title='bbox 850 1867 1067 1899; x_wconf 73' lang='lat' dir='ltr'>causaretur</span> <span class='ocrx_word' id='word_1_221' title='bbox 1095 1874 1140 1898; x_wconf 86' lang='lat' dir='ltr'>ex</span> <span class='ocrx_word' id='word_1_222' title='bbox 1168 1863 1334 1911; x_wconf 88' lang='lat' dir='ltr'>appetitu</span> <span class='ocrx_word' id='word_1_223' title='bbox 1362 1863 1443 1899; x_wconf 92' lang='lat' dir='ltr'>uni-</span> 
     </span>
    </p>
   </div>
   <div class='ocr_carea' id='block_1_18' title="bbox 381 1914 1444 2749">
    <p class='ocr_par' dir='ltr' id='par_1_21' title="bbox 383 1914 1444 2015">
     <span class='ocr_line' id='line_1_44' title="bbox 383 1914 1444 1964; baseline 0 -13"><span class='ocrx_word' id='word_1_224' title='bbox 383 1915 480 1962; x_wconf 88' lang='lat' dir='ltr'>tatis,</span> <span class='ocrx_word' id='word_1_225' title='bbox 500 1915 603 1952; x_wconf 90' lang='lat' dir='ltr'>nulla</span> <span class='ocrx_word' id='word_1_226' title='bbox 621 1915 808 1963; x_wconf 89' lang='lat' dir='ltr'>separatio</span> <span class='ocrx_word' id='word_1_227' title='bbox 830 1922 927 1951; x_wconf 91' lang='lat' dir='ltr'>esset</span> <span class='ocrx_word' id='word_1_228' title='bbox 946 1914 1184 1952; x_wconf 91' lang='lat' dir='ltr'>delectabilis.</span> <span class='ocrx_word' id='word_1_229' title='bbox 1207 1915 1323 1961; x_wconf 88' lang='lat' dir='ltr'>Quod</span> <span class='ocrx_word' id='word_1_230' title='bbox 1342 1923 1444 1964; x_wconf 89' lang='lat' dir='ltr'>patet</span> 
     </span>
     <span class='ocr_line' id='line_1_45' title="bbox 386 1967 1440 2015; baseline 0 -10"><span class='ocrx_word' id='word_1_231' title='bbox 386 1980 468 2005; x_wconf 91' lang='lat' dir='ltr'>esse</span> <span class='ocrx_word' id='word_1_232' title='bbox 483 1968 620 2004; x_wconf 89' lang='lat' dir='ltr'>falsum</span> <span class='ocrx_word' id='word_1_233' title='bbox 639 1967 678 2003; x_wconf 93' lang='lat' dir='ltr'>in</span> <span class='ocrx_word' id='word_1_234' title='bbox 699 1968 933 2015; x_wconf 89' lang='lat' dir='ltr'>separatione</span> <span class='ocrx_word' id='word_1_235' title='bbox 954 1967 1128 2004; x_wconf 91' lang='lat' dir='ltr'>omnium</span> <span class='ocrx_word' id='word_1_236' title='bbox 1148 1968 1440 2015; x_wconf 90' lang='lat' dir='ltr'>superfluorum.</span> 
     </span>
    </p>

    <p class='ocr_par' dir='ltr' id='par_1_22' title="bbox 385 2019 1443 2330">
     <span class='ocr_line' id='line_1_46' title="bbox 441 2019 1442 2068; baseline 0 -11"><span class='ocrx_word' id='word_1_237' title='bbox 441 2021 475 2057; x_wconf 91' lang='lat'>3.</span> <span class='ocrx_word' id='word_1_238' title='bbox 504 2021 741 2065; x_wconf 79' lang='lat' dir='ltr'>PRAETEREA,</span> <span class='ocrx_word' id='word_1_239' title='bbox 772 2019 907 2056; x_wconf 92' lang='lat' dir='ltr'>eadem</span> <span class='ocrx_word' id='word_1_240' title='bbox 935 2020 1079 2056; x_wconf 89' lang='lat' dir='ltr'>ratione</span> <span class='ocrx_word' id='word_1_241' title='bbox 1108 2020 1323 2068; x_wconf 90' lang='lat' dir='ltr'>appetimus</span> <span class='ocrx_word' id='word_1_242' title='bbox 1353 2033 1442 2057; x_wconf 91' lang='lat' dir='ltr'>con-</span> 
     </span>
     <span class='ocr_line' id='line_1_47' title="bbox 385 2071 1443 2118; baseline 0.001 -9"><span class='ocrx_word' id='word_1_243' title='bbox 385 2071 618 2109; x_wconf 90' lang='lat' dir='ltr'>iunctionem</span> <span class='ocrx_word' id='word_1_244' title='bbox 647 2072 749 2118; x_wconf 90' lang='lat' dir='ltr'>boni,</span> <span class='ocrx_word' id='word_1_245' title='bbox 771 2079 808 2108; x_wconf 94' lang='lat' dir='ltr'>et</span> <span class='ocrx_word' id='word_1_246' title='bbox 837 2072 1089 2109; x_wconf 87' lang='lat' dir='ltr'>remotionem</span> <span class='ocrx_word' id='word_1_247' title='bbox 1118 2072 1219 2109; x_wconf 89' lang='lat' dir='ltr'>mali.</span> <span class='ocrx_word' id='word_1_248' title='bbox 1243 2073 1320 2109; x_wconf 86' lang='lat' dir='ltr'>Sed</span> <span class='ocrx_word' id='word_1_249' title='bbox 1348 2073 1443 2110; x_wconf 92' lang='lat' dir='ltr'>sicut</span> 
     </span>
     <span class='ocr_line' id='line_1_48' title="bbox 387 2124 1441 2172; baseline 0 -10"><span class='ocrx_word' id='word_1_250' title='bbox 387 2124 601 2169; x_wconf 89' lang='lat' dir='ltr'>coniunctio</span> <span class='ocrx_word' id='word_1_251' title='bbox 638 2124 800 2172; x_wconf 91' lang='lat' dir='ltr'>pertinet</span> <span class='ocrx_word' id='word_1_252' title='bbox 835 2124 884 2161; x_wconf 90' lang='lat' dir='ltr'>ad</span> <span class='ocrx_word' id='word_1_253' title='bbox 920 2125 1121 2171; x_wconf 91' lang='lat' dir='ltr'>unitatem,</span> <span class='ocrx_word' id='word_1_254' title='bbox 1156 2137 1243 2162; x_wconf 91' lang='lat' dir='ltr'>cum</span> <span class='ocrx_word' id='word_1_255' title='bbox 1277 2125 1323 2162; x_wconf 90' lang='lat' dir='ltr'>sit</span> <span class='ocrx_word' id='word_1_256' title='bbox 1350 2126 1441 2162; x_wconf 92' lang='lat' dir='ltr'>unio</span> 
     </span>
     <span class='ocr_line' id='line_1_49' title="bbox 386 2176 1441 2226; baseline 0 -12"><span class='ocrx_word' id='word_1_257' title='bbox 386 2178 597 2226; x_wconf 88' lang='lat' dir='ltr'>quaedam;</span> <span class='ocrx_word' id='word_1_258' title='bbox 631 2177 681 2213; x_wconf 91' lang='lat' dir='ltr'>ita</span> <span class='ocrx_word' id='word_1_259' title='bbox 714 2176 899 2225; x_wconf 89' lang='lat' dir='ltr'>separatio</span> <span class='ocrx_word' id='word_1_260' title='bbox 939 2185 994 2214; x_wconf 91' lang='lat' dir='ltr'>est</span> <span class='ocrx_word' id='word_1_261' title='bbox 1031 2177 1260 2214; x_wconf 91' lang='lat' dir='ltr'>contrarium</span> <span class='ocrx_word' id='word_1_262' title='bbox 1298 2178 1441 2215; x_wconf 90' lang='lat' dir='ltr'>unitati.</span> 
     </span>
     <span class='ocr_line' id='line_1_50' title="bbox 385 2229 1442 2279; baseline 0 -12"><span class='ocrx_word' id='word_1_263' title='bbox 385 2230 487 2277; x_wconf 90' lang='lat' dir='ltr'>Ergo</span> <span class='ocrx_word' id='word_1_264' title='bbox 525 2229 711 2278; x_wconf 90' lang='lat' dir='ltr'>appetitus</span> <span class='ocrx_word' id='word_1_265' title='bbox 748 2229 897 2265; x_wconf 91' lang='lat' dir='ltr'>unitatis</span> <span class='ocrx_word' id='word_1_266' title='bbox 934 2242 1013 2266; x_wconf 92' lang='lat' dir='ltr'>non</span> <span class='ocrx_word' id='word_1_267' title='bbox 1051 2229 1170 2276; x_wconf 88' lang='lat' dir='ltr'>magis</span> <span class='ocrx_word' id='word_1_268' title='bbox 1202 2230 1315 2266; x_wconf 91' lang='lat' dir='ltr'>debet</span> <span class='ocrx_word' id='word_1_269' title='bbox 1350 2231 1442 2279; x_wconf 91' lang='lat' dir='ltr'>poni</span> 
     </span>
     <span class='ocr_line' id='line_1_51' title="bbox 386 2281 1314 2330; baseline 0 -11"><span class='ocrx_word' id='word_1_270' title='bbox 386 2294 499 2319; x_wconf 87' lang='lat' dir='ltr'>causa</span> <span class='ocrx_word' id='word_1_271' title='bbox 528 2281 667 2319; x_wconf 90' lang='lat' dir='ltr'>doloris</span> <span class='ocrx_word' id='word_1_272' title='bbox 696 2293 811 2329; x_wconf 89' lang='lat' dir='ltr'>quam</span> <span class='ocrx_word' id='word_1_273' title='bbox 841 2282 1027 2329; x_wconf 89' lang='lat' dir='ltr'>appetitus</span> <span class='ocrx_word' id='word_1_274' title='bbox 1055 2282 1314 2330; x_wconf 91' lang='lat' dir='ltr'>separationis.</span> 
     </span>
    </p>

    <p class='ocr_par' dir='ltr' id='par_1_23' title="bbox 381 2334 1444 2643">
     <span class='ocr_line' id='line_1_52' title="bbox 438 2334 1441 2382; baseline 0 -11"><span class='ocrx_word' id='word_1_275' title='bbox 438 2335 512 2371; x_wconf 81' lang='lat' dir='ltr'>SED</span> <span class='ocrx_word' id='word_1_276' title='bbox 541 2345 687 2371; x_wconf 78' lang='lat' dir='ltr'>CONTRA</span> <span class='ocrx_word' id='word_1_277' title='bbox 714 2345 780 2369; x_wconf 84' lang='grc' dir='ltr'>Ε5τ</span> <span class='ocrx_word' id='word_1_278' title='bbox 807 2334 911 2382; x_wconf 91' lang='lat' dir='ltr'>quod</span> <span class='ocrx_word' id='word_1_279' title='bbox 938 2334 1171 2381; x_wconf 89' lang='lat' dir='ltr'>Augustinus</span> <span class='ocrx_word' id='word_1_280' title='bbox 1205 2334 1303 2379; x_wconf 86' lang='lat' dir='ltr'>dicit,</span> <span class='ocrx_word' id='word_1_281' title='bbox 1324 2334 1363 2371; x_wconf 93' lang='lat' dir='ltr'>in</span> <span class='ocrx_word' id='word_1_282' title='bbox 1391 2337 1441 2371; x_wconf 95' lang='lat' dir='ltr'>III</span> 
     </span>
     <span class='ocr_line' id='line_1_53' title="bbox 383 2385 1444 2434; baseline 0.001 -11"><span class='ocrx_word' id='word_1_283' title='bbox 383 2386 429 2424; x_wconf 91' lang='lat' dir='ltr'>de</span> <span class='ocrx_word' id='word_1_284' title='bbox 447 2387 583 2423; x_wconf 88' lang='lat' dir='ltr'>Libero</span> <span class='ocrx_word' id='word_1_285' title='bbox 602 2386 769 2422; x_wconf 85' lang='lat' dir='ltr'>Arbitrio</span> <span class='ocrx_word' id='word_1_286' title='bbox 783 2385 815 2432; x_wconf 73' lang='lat'>²¹²,</span> <span class='ocrx_word' id='word_1_287' title='bbox 835 2386 938 2434; x_wconf 91' lang='lat' dir='ltr'>quod</span> <span class='ocrx_word' id='word_1_288' title='bbox 958 2398 1008 2422; x_wconf 88' lang='lat' dir='ltr'>ex</span> <span class='ocrx_word' id='word_1_289' title='bbox 1026 2386 1154 2434; x_wconf 88' lang='lat' dir='ltr'>dolore</span> <span class='ocrx_word' id='word_1_290' title='bbox 1174 2398 1283 2434; x_wconf 85' lang='lat' dir='ltr'>quem</span> <span class='ocrx_word' id='word_1_291' title='bbox 1308 2388 1444 2424; x_wconf 86' lang='lat' dir='ltr'>bestiae</span> 
     </span>
     <span class='ocr_line' id='line_1_54' title="bbox 381 2439 1442 2487; baseline 0 -11"><span class='ocrx_word' id='word_1_292' title='bbox 381 2440 553 2484; x_wconf 88' lang='lat' dir='ltr'>sentiunt,</span> <span class='ocrx_word' id='word_1_293' title='bbox 572 2439 660 2487; x_wconf 84' lang='lat' dir='ltr'>satis</span> <span class='ocrx_word' id='word_1_294' title='bbox 683 2444 841 2486; x_wconf 83' lang='lat' dir='ltr'>apparet</span> <span class='ocrx_word' id='word_1_295' title='bbox 858 2439 894 2474; x_wconf 90' lang='lat' dir='ltr'>in</span> <span class='ocrx_word' id='word_1_296' title='bbox 924 2439 1097 2487; x_wconf 81' lang='lat' dir='ltr'>regendis</span> <span class='ocrx_word' id='word_1_297' title='bbox 1120 2439 1405 2487; x_wconf 82' lang='lat' dir='ltr'>animandisque</span> <span class='ocrx_word' id='word_1_298' title='bbox 1425 2445 1442 2461; x_wconf 62' lang='grc' dir='ltr'>α</span> 
     </span>
     <span class='ocr_line' id='line_1_55' title="bbox 381 2491 1441 2539; baseline -0.001 -10"><span class='ocrx_word' id='word_1_299' title='bbox 381 2492 458 2529; x_wconf 84' lang='lat' dir='ltr'>suis</span> <span class='ocrx_word' id='word_1_300' title='bbox 477 2491 716 2539; x_wconf 70' lang='lat' dir='ltr'>corporibus,</span> <span class='ocrx_word' id='word_1_301' title='bbox 742 2502 856 2539; x_wconf 87' lang='lat' dir='ltr'>quam</span> <span class='ocrx_word' id='word_1_302' title='bbox 874 2491 947 2527; x_wconf 89' lang='lat' dir='ltr'>sint</span> <span class='ocrx_word' id='word_1_303' title='bbox 965 2491 1116 2527; x_wconf 88' lang='lat' dir='ltr'>animae</span> <span class='ocrx_word' id='word_1_304' title='bbox 1134 2498 1342 2539; x_wconf 85' lang='lat' dir='ltr'>appetentes</span> <span class='ocrx_word' id='word_1_305' title='bbox 1362 2493 1441 2528; x_wconf 87' lang='lat' dir='ltr'>uni-</span> 
     </span>
     <span class='ocr_line' id='line_1_56' title="bbox 382 2543 1443 2591; baseline -0.001 -9"><span class='ocrx_word' id='word_1_306' title='bbox 382 2545 476 2582; x_wconf 83' lang='lat' dir='ltr'>tatis.</span> <span class='ocrx_word' id='word_1_307' title='bbox 501 2545 600 2586; x_wconf 83' lang='lat' dir='ltr'>Quid</span> <span class='ocrx_word' id='word_1_308' title='bbox 612 2544 710 2580; x_wconf 90' lang='lat' dir='ltr'>enim</span> <span class='ocrx_word' id='word_1_309' title='bbox 725 2549 779 2579; x_wconf 91' lang='lat' dir='ltr'>est</span> <span class='ocrx_word' id='word_1_310' title='bbox 795 2543 899 2580; x_wconf 88' lang='lat' dir='ltr'>aliud</span> <span class='ocrx_word' id='word_1_311' title='bbox 916 2543 1036 2589; x_wconf 87' lang='lat' dir='ltr'>dolor,</span> <span class='ocrx_word' id='word_1_312' title='bbox 1055 2544 1127 2580; x_wconf 89' lang='lat' dir='ltr'>nisi</span> <span class='ocrx_word' id='word_1_313' title='bbox 1144 2545 1296 2591; x_wconf 87' lang='lat' dir='ltr'>quidam</span> <span class='ocrx_word' id='word_1_314' title='bbox 1314 2557 1443 2581; x_wconf 88' lang='lat' dir='ltr'>sensus</span> 
     </span>
     <span class='ocr_line' id='line_1_57' title="bbox 382 2596 1187 2643; baseline -0.002 -9"><span class='ocrx_word' id='word_1_315' title='bbox 382 2597 572 2634; x_wconf 76' lang='lat' dir='ltr'>divisionis</span> <span class='ocrx_word' id='word_1_316' title='bbox 598 2596 658 2632; x_wconf 82' lang='lat' dir='ltr'>vel</span> <span class='ocrx_word' id='word_1_317' title='bbox 684 2596 933 2643; x_wconf 86' lang='lat' dir='ltr'>corruptionis</span> <span class='ocrx_word' id='word_1_318' title='bbox 961 2596 1187 2643; x_wconf 83' lang='lat' dir='ltr'>impatiens?</span> 
     </span>
    </p>

    <p class='ocr_par' dir='ltr' id='par_1_24' title="bbox 384 2648 1442 2749">
     <span class='ocr_line' id='line_1_58' title="bbox 436 2648 1442 2696; baseline -0.001 -11"><span class='ocrx_word' id='word_1_319' title='bbox 436 2650 661 2685; x_wconf 79' lang='lat' dir='ltr'>RESPONDEO</span> <span class='ocrx_word' id='word_1_320' title='bbox 690 2659 873 2684; x_wconf 83' lang='lat' dir='ltr'>DICENDUM</span> <span class='ocrx_word' id='word_1_321' title='bbox 902 2649 1007 2695; x_wconf 92' lang='lat' dir='ltr'>quod</span> <span class='ocrx_word' id='word_1_322' title='bbox 1037 2660 1082 2684; x_wconf 93' lang='lat' dir='ltr'>eo</span> <span class='ocrx_word' id='word_1_323' title='bbox 1112 2648 1230 2685; x_wconf 93' lang='lat' dir='ltr'>modo</span> <span class='ocrx_word' id='word_1_324' title='bbox 1253 2661 1330 2696; x_wconf 93' lang='lat' dir='ltr'>quo</span> <span class='ocrx_word' id='word_1_325' title='bbox 1351 2661 1442 2685; x_wconf 92' lang='lat' dir='ltr'>con-</span> 
     </span>
     <span class='ocr_line' id='line_1_59' title="bbox 384 2700 1438 2749; baseline -0.001 -11"><span class='ocrx_word' id='word_1_326' title='bbox 384 2700 614 2749; x_wconf 88' lang='lat' dir='ltr'>cupiscentia</span> <span class='ocrx_word' id='word_1_327' title='bbox 641 2701 703 2737; x_wconf 91' lang='lat' dir='ltr'>vel</span> <span class='ocrx_word' id='word_1_328' title='bbox 733 2700 915 2748; x_wconf 92' lang='lat' dir='ltr'>cupiditas</span> <span class='ocrx_word' id='word_1_329' title='bbox 945 2700 1035 2736; x_wconf 91' lang='lat' dir='ltr'>boni</span> <span class='ocrx_word' id='word_1_330' title='bbox 1064 2707 1119 2736; x_wconf 90' lang='lat' dir='ltr'>est</span> <span class='ocrx_word' id='word_1_331' title='bbox 1143 2713 1256 2737; x_wconf 91' lang='lat' dir='ltr'>causa</span> <span class='ocrx_word' id='word_1_332' title='bbox 1280 2701 1438 2747; x_wconf 91' lang='lat' dir='ltr'>doloris,</span> 
     </span>
    </p>
   </div>
   <div class='ocr_carea' id='block_1_19' title="bbox 596 1233 2550 1283">
    <p class='ocr_par' dir='ltr' id='par_1_25' title="bbox 596 1233 2550 1283">
     <span class='ocr_line' id='line_1_60' title="bbox 596 1233 2550 1283; baseline -0.001 -10"><span class='ocrx_word' id='word_1_333' title='bbox 596 1250 619 1274; x_wconf 84' lang='lat' dir='ltr'>n</span> <span class='ocrx_word' id='word_1_334' title='bbox 638 1248 796 1273; x_wconf 77' lang='lat' dir='ltr'>TERTmM</span> <span class='ocrx_word' id='word_1_335' title='bbox 816 1248 869 1272; x_wconf 82' lang='lat' dir='ltr'>src</span> <span class='ocrx_word' id='word_1_336' title='bbox 891 1247 1129 1272; x_wconf 66' lang='lat' dir='ltr'>pnoersnrrua.</span> <span class='ocrx_word' id='word_1_337' title='bbox 1158 1235 1317 1271; x_wconf 86' lang='lat' dir='ltr'>Videtur</span> <span class='ocrx_word' id='word_1_338' title='bbox 1337 1234 1442 1282; x_wconf 90' lang='lat' dir='ltr'>quod</span> <span class='ocrx_word' id='word_1_339' title='bbox 1495 1233 1661 1282; x_wconf 89' lang='lat' dir='ltr'>quadam</span> <span class='ocrx_word' id='word_1_340' title='bbox 1689 1233 1830 1270; x_wconf 88' lang='lat' dir='ltr'>unitate</span> <span class='ocrx_word' id='word_1_341' title='bbox 1859 1233 2037 1280; x_wconf 89' lang='lat' dir='ltr'>consistit,</span> <span class='ocrx_word' id='word_1_342' title='bbox 2058 1242 2170 1283; x_wconf 91' lang='lat' dir='ltr'>prout</span> <span class='ocrx_word' id='word_1_343' title='bbox 2193 1234 2331 1271; x_wconf 91' lang='lat' dir='ltr'>scilicet</span> <span class='ocrx_word' id='word_1_344' title='bbox 2357 1247 2550 1283; x_wconf 90' lang='lat' dir='ltr'>unaquae-</span> 
     </span>
    </p>
   </div>
   <div class='ocr_carea' id='block_1_20' title="bbox 1494 1285 2555 2749">
    <p class='ocr_par' dir='ltr' id='par_1_26' title="bbox 1494 1285 2552 1634">
     <span class='ocr_line' id='line_1_61' title="bbox 1495 1285 2551 1336; baseline 0.003 -15"><span class='ocrx_word' id='word_1_345' title='bbox 1495 1298 1569 1334; x_wconf 91' lang='lat' dir='ltr'>que</span> <span class='ocrx_word' id='word_1_346' title='bbox 1598 1298 1657 1322; x_wconf 90' lang='lat' dir='ltr'>res</span> <span class='ocrx_word' id='word_1_347' title='bbox 1686 1286 1800 1322; x_wconf 87' lang='lat' dir='ltr'>habet</span> <span class='ocrx_word' id='word_1_348' title='bbox 1827 1285 1865 1322; x_wconf 93' lang='lat' dir='ltr'>in</span> <span class='ocrx_word' id='word_1_349' title='bbox 1890 1298 1929 1322; x_wconf 93' lang='lat' dir='ltr'>se</span> <span class='ocrx_word' id='word_1_350' title='bbox 1949 1287 2051 1323; x_wconf 89' lang='lat' dir='ltr'>unita</span> <span class='ocrx_word' id='word_1_351' title='bbox 2069 1286 2131 1323; x_wconf 90' lang='lat' dir='ltr'>illa</span> <span class='ocrx_word' id='word_1_352' title='bbox 2160 1299 2204 1323; x_wconf 88' lang='lat' dir='ltr'>ex</span> <span class='ocrx_word' id='word_1_353' title='bbox 2224 1287 2361 1336; x_wconf 91' lang='lat' dir='ltr'>quibus</span> <span class='ocrx_word' id='word_1_354' title='bbox 2385 1287 2551 1325; x_wconf 88' lang='lat' dir='ltr'>consistit</span> 
     </span>
     <span class='ocr_line' id='line_1_62' title="bbox 1497 1338 2551 1388; baseline 0.004 -15"><span class='ocrx_word' id='word_1_355' title='bbox 1497 1338 1576 1374; x_wconf 91' lang='lat' dir='ltr'>eius</span> <span class='ocrx_word' id='word_1_356' title='bbox 1595 1338 1796 1386; x_wconf 87' lang='lat' dir='ltr'>perfectio:</span> <span class='ocrx_word' id='word_1_357' title='bbox 1825 1339 1927 1375; x_wconf 91' lang='lat' dir='ltr'>unde</span> <span class='ocrx_word' id='word_1_358' title='bbox 1948 1346 1983 1375; x_wconf 91' lang='lat' dir='ltr'>et</span> <span class='ocrx_word' id='word_1_359' title='bbox 2003 1339 2184 1376; x_wconf 87' lang='lat' dir='ltr'>Platonici</span> <span class='ocrx_word' id='word_1_360' title='bbox 2203 1348 2413 1388; x_wconf 90' lang='lat' dir='ltr'>posuerunt</span> <span class='ocrx_word' id='word_1_361' title='bbox 2430 1352 2551 1377; x_wconf 91' lang='lat' dir='ltr'>unum</span> 
     </span>
     <span class='ocr_line' id='line_1_63' title="bbox 1496 1390 2552 1438; baseline 0.004 -13"><span class='ocrx_word' id='word_1_362' title='bbox 1496 1401 1578 1425; x_wconf 92' lang='lat' dir='ltr'>esse</span> <span class='ocrx_word' id='word_1_363' title='bbox 1593 1390 1829 1438; x_wconf 89' lang='lat' dir='ltr'>principium,</span> <span class='ocrx_word' id='word_1_364' title='bbox 1846 1390 1941 1427; x_wconf 90' lang='lat' dir='ltr'>sicut</span> <span class='ocrx_word' id='word_1_365' title='bbox 1957 1398 1992 1427; x_wconf 91' lang='lat' dir='ltr'>et</span> <span class='ocrx_word' id='word_1_366' title='bbox 2007 1392 2152 1428; x_wconf 89' lang='lat' dir='ltr'>bonum</span> <span class='ocrx_word' id='word_1_367' title='bbox 2166 1392 2197 1428; x_wconf 65' lang='lat'>²⁸.</span> <span class='ocrx_word' id='word_1_368' title='bbox 2211 1393 2321 1429; x_wconf 92' lang='lat' dir='ltr'>Unde</span> <span class='ocrx_word' id='word_1_369' title='bbox 2336 1393 2552 1430; x_wconf 89' lang='lat' dir='ltr'>naturaliter</span> 
     </span>
     <span class='ocr_line' id='line_1_64' title="bbox 1494 1442 2552 1491; baseline 0.005 -14"><span class='ocrx_word' id='word_1_370' title='bbox 1494 1442 1802 1490; x_wconf 91' lang='lat' dir='ltr'>unumquodque</span> <span class='ocrx_word' id='word_1_371' title='bbox 1830 1443 1971 1491; x_wconf 87' lang='lat' dir='ltr'>appetit</span> <span class='ocrx_word' id='word_1_372' title='bbox 1997 1444 2190 1491; x_wconf 91' lang='lat' dir='ltr'>unitatem,</span> <span class='ocrx_word' id='word_1_373' title='bbox 2220 1445 2315 1481; x_wconf 92' lang='lat' dir='ltr'>sicut</span> <span class='ocrx_word' id='word_1_374' title='bbox 2343 1452 2378 1481; x_wconf 94' lang='lat' dir='ltr'>et</span> <span class='ocrx_word' id='word_1_375' title='bbox 2406 1446 2552 1482; x_wconf 92' lang='lat' dir='ltr'>bonita-</span> 
     </span>
     <span class='ocr_line' id='line_1_65' title="bbox 1495 1494 2552 1546; baseline 0.005 -17"><span class='ocrx_word' id='word_1_376' title='bbox 1495 1501 1585 1530; x_wconf 90' lang='lat' dir='ltr'>tem.</span> <span class='ocrx_word' id='word_1_377' title='bbox 1607 1494 1655 1529; x_wconf 88' lang='lat' dir='ltr'>Et</span> <span class='ocrx_word' id='word_1_378' title='bbox 1668 1501 1824 1542; x_wconf 92' lang='lat' dir='ltr'>propter</span> <span class='ocrx_word' id='word_1_379' title='bbox 1837 1495 1923 1540; x_wconf 93' lang='lat' dir='ltr'>hoc,</span> <span class='ocrx_word' id='word_1_380' title='bbox 1944 1495 2039 1532; x_wconf 91' lang='lat' dir='ltr'>sicut</span> <span class='ocrx_word' id='word_1_381' title='bbox 2057 1508 2166 1532; x_wconf 90' lang='lat' dir='ltr'>amor</span> <span class='ocrx_word' id='word_1_382' title='bbox 2179 1498 2241 1533; x_wconf 91' lang='lat' dir='ltr'>vel</span> <span class='ocrx_word' id='word_1_383' title='bbox 2261 1498 2445 1546; x_wconf 90' lang='lat' dir='ltr'>appetitus</span> <span class='ocrx_word' id='word_1_384' title='bbox 2460 1498 2552 1534; x_wconf 92' lang='lat' dir='ltr'>boni</span> 
     </span>
     <span class='ocr_line' id='line_1_66' title="bbox 1497 1547 2552 1604; baseline 0.006 -23"><span class='ocrx_word' id='word_1_385' title='bbox 1497 1553 1558 1604; x_wconf 35' lang='lat' dir='ltr'>est·</span> <span class='ocrx_word' id='word_1_386' title='bbox 1582 1558 1695 1604; x_wconf 81' lang='lat' dir='ltr'>causa</span> <span class='ocrx_word' id='word_1_387' title='bbox 1724 1547 1881 1593; x_wconf 88' lang='lat' dir='ltr'>doloris,</span> <span class='ocrx_word' id='word_1_388' title='bbox 1911 1547 1962 1583; x_wconf 91' lang='lat' dir='ltr'>ita</span> <span class='ocrx_word' id='word_1_389' title='bbox 1992 1548 2104 1584; x_wconf 89' lang='lat' dir='ltr'>etiam</span> <span class='ocrx_word' id='word_1_390' title='bbox 2137 1561 2246 1586; x_wconf 90' lang='lat' dir='ltr'>amor</span> <span class='ocrx_word' id='word_1_391' title='bbox 2272 1551 2334 1586; x_wconf 89' lang='lat' dir='ltr'>vel</span> <span class='ocrx_word' id='word_1_392' title='bbox 2366 1551 2552 1598; x_wconf 88' lang='lat' dir='ltr'>appetitus</span> 
     </span>
     <span class='ocr_line' id='line_1_67' title="bbox 1496 1605 1657 1634; baseline 0 0"><span class='ocrx_word' id='word_1_393' title='bbox 1496 1605 1657 1634; x_wconf 81' lang='lat' dir='ltr'>unitatls.</span> 
     </span>
    </p>

    <p class='ocr_par' dir='ltr' id='par_1_27' title="bbox 1495 1652 2555 2316">
     <span class='ocr_line' id='line_1_68' title="bbox 1549 1652 2553 1700; baseline 0.005 -14"><span class='ocrx_word' id='word_1_394' title='bbox 1549 1652 1608 1686; x_wconf 86' lang='lat' dir='ltr'>AD</span> <span class='ocrx_word' id='word_1_395' title='bbox 1650 1662 1786 1687; x_wconf 68' lang='lat' dir='ltr'>Palmum</span> <span class='ocrx_word' id='word_1_396' title='bbox 1819 1662 1916 1687; x_wconf 85' lang='lat' dir='ltr'>ERGO</span> <span class='ocrx_word' id='word_1_397' title='bbox 1954 1662 2136 1688; x_wconf 83' lang='lat' dir='ltr'><strong>DICENDUM</strong></span> <span class='ocrx_word' id='word_1_398' title='bbox 2173 1654 2278 1700; x_wconf 91' lang='lat' dir='ltr'>quod</span> <span class='ocrx_word' id='word_1_399' title='bbox 2313 1666 2391 1690; x_wconf 91' lang='lat' dir='ltr'>non</span> <span class='ocrx_word' id='word_1_400' title='bbox 2428 1655 2553 1691; x_wconf 89' lang='lat' dir='ltr'>omnis</span> 
     </span>
     <span class='ocr_line' id='line_1_69' title="bbox 1495 1701 2554 1751; baseline 0.005 -13"><span class='ocrx_word' id='word_1_401' title='bbox 1495 1702 1587 1738; x_wconf 92' lang='lat' dir='ltr'>unio</span> <span class='ocrx_word' id='word_1_402' title='bbox 1616 1701 1631 1731; x_wconf 74' lang='grc' dir='ltr'><strong>β</strong></span> <span class='ocrx_word' id='word_1_403' title='bbox 1657 1702 1804 1751; x_wconf 90' lang='lat' dir='ltr'>perficit</span> <span class='ocrx_word' id='word_1_404' title='bbox 1832 1703 2017 1740; x_wconf 90' lang='lat' dir='ltr'>rationem</span> <span class='ocrx_word' id='word_1_405' title='bbox 2052 1704 2254 1750; x_wconf 89' lang='lat' dir='ltr'>boni,-sed</span> <span class='ocrx_word' id='word_1_406' title='bbox 2287 1707 2411 1742; x_wconf 90' lang='lat' dir='ltr'>solum</span> <span class='ocrx_word' id='word_1_407' title='bbox 2443 1707 2503 1743; x_wconf 89' lang='lat' dir='ltr'>illa</span> <span class='ocrx_word' id='word_1_408' title='bbox 2531 1720 2554 1743; x_wconf 90' lang='lat' dir='ltr'>a</span> 
     </span>
     <span class='ocr_line' id='line_1_70' title="bbox 1497 1755 2554 1806; baseline 0.005 -15"><span class='ocrx_word' id='word_1_409' title='bbox 1497 1767 1572 1803; x_wconf 93' lang='lat' dir='ltr'>qua</span> <span class='ocrx_word' id='word_1_410' title='bbox 1601 1755 1790 1803; x_wconf 91' lang='lat' dir='ltr'>dependet</span> <span class='ocrx_word' id='word_1_411' title='bbox 1816 1767 1897 1791; x_wconf 89' lang='lat' dir='ltr'>esse</span> <span class='ocrx_word' id='word_1_412' title='bbox 1915 1756 2126 1803; x_wconf 86' lang='lat' dir='ltr'>perfectum</span> <span class='ocrx_word' id='word_1_413' title='bbox 2146 1757 2209 1793; x_wconf 90' lang='lat' dir='ltr'>rei.</span> <span class='ocrx_word' id='word_1_414' title='bbox 2239 1758 2288 1794; x_wconf 90' lang='lat' dir='ltr'>Et</span> <span class='ocrx_word' id='word_1_415' title='bbox 2306 1766 2462 1806; x_wconf 90' lang='lat' dir='ltr'>propter</span> <span class='ocrx_word' id='word_1_416' title='bbox 2479 1760 2554 1796; x_wconf 89' lang='lat' dir='ltr'>hoc</span> 
     </span>
     <span class='ocr_line' id='line_1_71' title="bbox 1497 1807 2555 1856; baseline 0.005 -13"><span class='ocrx_word' id='word_1_417' title='bbox 1497 1807 1624 1854; x_wconf 88' lang='lat' dir='ltr'>etiam,</span> <span class='ocrx_word' id='word_1_418' title='bbox 1643 1820 1722 1844; x_wconf 90' lang='lat' dir='ltr'>non</span> <span class='ocrx_word' id='word_1_419' title='bbox 1742 1808 1940 1844; x_wconf 90' lang='lat' dir='ltr'>cuiuslibet</span> <span class='ocrx_word' id='word_1_420' title='bbox 1958 1809 2144 1856; x_wconf 90' lang='lat' dir='ltr'>appetitus</span> <span class='ocrx_word' id='word_1_421' title='bbox 2164 1809 2314 1847; x_wconf 89' lang='lat' dir='ltr'>unitatis</span> <span class='ocrx_word' id='word_1_422' title='bbox 2332 1815 2348 1838; x_wconf 78' lang='grc' dir='ltr'><strong>Υ</strong></span> <span class='ocrx_word' id='word_1_423' title='bbox 2368 1818 2423 1847; x_wconf 90' lang='lat' dir='ltr'>est</span> <span class='ocrx_word' id='word_1_424' title='bbox 2443 1824 2555 1848; x_wconf 90' lang='lat' dir='ltr'>causa</span> 
     </span>
     <span class='ocr_line' id='line_1_72' title="bbox 1497 1860 2554 1911; baseline 0.005 -15"><span class='ocrx_word' id='word_1_425' title='bbox 1497 1860 1637 1897; x_wconf 92' lang='lat' dir='ltr'>doloris</span> <span class='ocrx_word' id='word_1_426' title='bbox 1655 1861 1717 1897; x_wconf 90' lang='lat' dir='ltr'>vel</span> <span class='ocrx_word' id='word_1_427' title='bbox 1736 1860 1915 1907; x_wconf 87' lang='lat' dir='ltr'>tristitiae,</span> <span class='ocrx_word' id='word_1_428' title='bbox 1932 1868 1973 1897; x_wconf 91' lang='lat' dir='ltr'>ut</span> <span class='ocrx_word' id='word_1_429' title='bbox 1991 1861 2146 1909; x_wconf 90' lang='lat' dir='ltr'>quidam</span> <span class='ocrx_word' id='word_1_430' title='bbox 2165 1863 2428 1910; x_wconf 84' lang='lat' dir='ltr'>opinabantur.</span> <span class='ocrx_word' id='word_1_431' title='bbox 2449 1865 2554 1911; x_wconf 88' lang='lat' dir='ltr'>Quo-</span> 
     </span>
     <span class='ocr_line' id='line_1_73' title="bbox 1496 1913 2552 1964; baseline 0.005 -15"><span class='ocrx_word' id='word_1_432' title='bbox 1496 1925 1581 1950; x_wconf 89' lang='lat' dir='ltr'>rum</span> <span class='ocrx_word' id='word_1_433' title='bbox 1606 1913 1827 1961; x_wconf 88' lang='lat' dir='ltr'>opinionem</span> <span class='ocrx_word' id='word_1_434' title='bbox 1851 1913 1903 1949; x_wconf 90' lang='lat' dir='ltr'>ibi</span> <span class='ocrx_word' id='word_1_435' title='bbox 1931 1914 2185 1962; x_wconf 88' lang='lat' dir='ltr'>Philosophus</span> <span class='ocrx_word' id='word_1_436' title='bbox 2206 1916 2366 1952; x_wconf 84' lang='lat' dir='ltr'>excludit</span> <span class='ocrx_word' id='word_1_437' title='bbox 2378 1929 2447 1964; x_wconf 94' lang='lat' dir='ltr'>per</span> <span class='ocrx_word' id='word_1_438' title='bbox 2467 1918 2552 1964; x_wconf 89' lang='lat' dir='ltr'>hoc,</span> 
     </span>
     <span class='ocr_line' id='line_1_74' title="bbox 1497 1965 2552 2014; baseline 0.006 -13"><span class='ocrx_word' id='word_1_439' title='bbox 1497 1966 1601 2014; x_wconf 93' lang='lat' dir='ltr'>quod</span> <span class='ocrx_word' id='word_1_440' title='bbox 1630 1965 1819 2013; x_wconf 90' lang='lat' dir='ltr'>quaedam</span> <span class='ocrx_word' id='word_1_441' title='bbox 1847 1966 2072 2014; x_wconf 91' lang='lat' dir='ltr'>repletiones</span> <span class='ocrx_word' id='word_1_442' title='bbox 2092 1979 2170 2003; x_wconf 92' lang='lat' dir='ltr'>non</span> <span class='ocrx_word' id='word_1_443' title='bbox 2190 1975 2276 2004; x_wconf 89' lang='lat' dir='ltr'>sunt</span> <span class='ocrx_word' id='word_1_444' title='bbox 2295 1969 2552 2007; x_wconf 90' lang='lat' dir='ltr'>delectabiles:</span> 
     </span>
     <span class='ocr_line' id='line_1_75' title="bbox 1497 2018 2552 2066; baseline 0.005 -12"><span class='ocrx_word' id='word_1_445' title='bbox 1497 2018 1592 2054; x_wconf 89' lang='lat' dir='ltr'>sicut</span> <span class='ocrx_word' id='word_1_446' title='bbox 1628 2018 1758 2066; x_wconf 88' lang='lat' dir='ltr'>repleti</span> <span class='ocrx_word' id='word_1_447' title='bbox 1797 2018 1888 2054; x_wconf 92' lang='lat' dir='ltr'>cibis</span> <span class='ocrx_word' id='word_1_448' title='bbox 1925 2030 2003 2055; x_wconf 92' lang='lat' dir='ltr'>non</span> <span class='ocrx_word' id='word_1_449' title='bbox 2041 2018 2272 2057; x_wconf 90' lang='lat' dir='ltr'>delectantur</span> <span class='ocrx_word' id='word_1_450' title='bbox 2306 2021 2344 2057; x_wconf 93' lang='lat' dir='ltr'>in</span> <span class='ocrx_word' id='word_1_451' title='bbox 2380 2022 2552 2059; x_wconf 81' lang='lat' dir='ltr'>ciborum</span> 
     </span>
     <span class='ocr_line' id='line_1_76' title="bbox 1497 2070 2554 2123; baseline 0.005 -16"><span class='ocrx_word' id='word_1_452' title='bbox 1497 2070 1725 2118; x_wconf 90' lang='lat' dir='ltr'>sumptione.</span> <span class='ocrx_word' id='word_1_453' title='bbox 1742 2070 1845 2107; x_wconf 87' lang='lat' dir='ltr'>Talis</span> <span class='ocrx_word' id='word_1_454' title='bbox 1874 2070 1975 2107; x_wconf 93' lang='lat' dir='ltr'>enim</span> <span class='ocrx_word' id='word_1_455' title='bbox 2003 2072 2171 2119; x_wconf 89' lang='lat' dir='ltr'>repletio,</span> <span class='ocrx_word' id='word_1_456' title='bbox 2201 2073 2280 2110; x_wconf 91' lang='lat' dir='ltr'>sive</span> <span class='ocrx_word' id='word_1_457' title='bbox 2308 2073 2412 2121; x_wconf 87' lang='lat' dir='ltr'>unio,</span> <span class='ocrx_word' id='word_1_458' title='bbox 2433 2076 2554 2123; x_wconf 90' lang='lat' dir='ltr'>magis</span> 
     </span>
     <span class='ocr_line' id='line_1_77' title="bbox 1496 2123 2553 2174; baseline 0.005 -15"><span class='ocrx_word' id='word_1_459' title='bbox 1496 2130 1724 2172; x_wconf 87' lang='lat' dir='ltr'>repugnaret</span> <span class='ocrx_word' id='word_1_460' title='bbox 1751 2123 1799 2159; x_wconf 94' lang='lat' dir='ltr'>ad</span> <span class='ocrx_word' id='word_1_461' title='bbox 1826 2123 2036 2171; x_wconf 88' lang='lat' dir='ltr'>perfectum</span> <span class='ocrx_word' id='word_1_462' title='bbox 2065 2135 2159 2172; x_wconf 88' lang='lat' dir='ltr'>esse,</span> <span class='ocrx_word' id='word_1_463' title='bbox 2180 2137 2297 2172; x_wconf 89' lang='lat' dir='ltr'>quam</span> <span class='ocrx_word' id='word_1_464' title='bbox 2317 2126 2441 2174; x_wconf 88' lang='lat' dir='ltr'>ipsum</span> <span class='ocrx_word' id='word_1_465' title='bbox 2464 2141 2553 2164; x_wconf 92' lang='lat' dir='ltr'>con-</span> 
     </span>
     <span class='ocr_line' id='line_1_78' title="bbox 1496 2175 2554 2228; baseline 0.006 -17"><span class='ocrx_word' id='word_1_466' title='bbox 1496 2176 1673 2212; x_wconf 90' lang='lat' dir='ltr'>stitueret.</span> <span class='ocrx_word' id='word_1_467' title='bbox 1709 2175 1820 2212; x_wconf 92' lang='lat' dir='ltr'>Unde</span> <span class='ocrx_word' id='word_1_468' title='bbox 1857 2175 1966 2212; x_wconf 93' lang='lat' dir='ltr'>dolor</span> <span class='ocrx_word' id='word_1_469' title='bbox 1997 2188 2075 2213; x_wconf 92' lang='lat' dir='ltr'>non</span> <span class='ocrx_word' id='word_1_470' title='bbox 2111 2185 2284 2214; x_wconf 89' lang='lat' dir='ltr'>causatur</span> <span class='ocrx_word' id='word_1_471' title='bbox 2316 2191 2360 2215; x_wconf 83' lang='lat' dir='ltr'>ex</span> <span class='ocrx_word' id='word_1_472' title='bbox 2388 2181 2554 2228; x_wconf 90' lang='lat' dir='ltr'>appetitu</span> 
     </span>
     <span class='ocr_line' id='line_1_79' title="bbox 1497 2227 2552 2281; baseline 0.005 -17"><span class='ocrx_word' id='word_1_473' title='bbox 1497 2228 1692 2264; x_wconf 90' lang='lat' dir='ltr'>cuiuslibet</span> <span class='ocrx_word' id='word_1_474' title='bbox 1718 2227 1879 2274; x_wconf 90' lang='lat' dir='ltr'>unitatis,</span> <span class='ocrx_word' id='word_1_475' title='bbox 1909 2228 1975 2264; x_wconf 91' lang='lat' dir='ltr'>sed</span> <span class='ocrx_word' id='word_1_476' title='bbox 2005 2229 2084 2265; x_wconf 93' lang='lat' dir='ltr'>eius</span> <span class='ocrx_word' id='word_1_477' title='bbox 2112 2229 2150 2266; x_wconf 94' lang='lat' dir='ltr'>in</span> <span class='ocrx_word' id='word_1_478' title='bbox 2178 2243 2253 2278; x_wconf 90' lang='lat' dir='ltr'>qua</span> <span class='ocrx_word' id='word_1_479' title='bbox 2282 2232 2447 2268; x_wconf 87' lang='lat' dir='ltr'>consistit</span> <span class='ocrx_word' id='word_1_480' title='bbox 2469 2246 2552 2281; x_wconf 90' lang='lat' dir='ltr'>per-</span> 
     </span>
     <span class='ocr_line' id='line_1_80' title="bbox 1495 2280 2184 2316; baseline 0 0"><span class='ocrx_word' id='word_1_481' title='bbox 1495 2280 1606 2316; x_wconf 87' lang='lat' dir='ltr'>fectio</span> <span class='ocrx_word' id='word_1_482' title='bbox 1634 2287 1802 2316; x_wconf 88' lang='lat' dir='ltr'>naturae.</span> <span class='ocrx_word' id='word_1_483' title='bbox 2180 2294 2184 2297; x_wconf 65' lang='grc'>’</span> 
     </span>
    </p>

    <p class='ocr_par' dir='ltr' id='par_1_28' title="bbox 1494 2335 2555 2591">
     <span class='ocr_line' id='line_1_81' title="bbox 1549 2335 2555 2385; baseline 0.006 -17"><span class='ocrx_word' id='word_1_484' title='bbox 1549 2335 1607 2369; x_wconf 82' lang='lat' dir='ltr'>AD</span> <span class='ocrx_word' id='word_1_485' title='bbox 1636 2344 1825 2369; x_wconf 84' lang='lat' dir='ltr'>SECUNDUM</span> <span class='ocrx_word' id='word_1_486' title='bbox 1858 2344 2041 2369; x_wconf 84' lang='lat' dir='ltr'>DICENDUM</span> <span class='ocrx_word' id='word_1_487' title='bbox 2073 2335 2178 2382; x_wconf 90' lang='lat' dir='ltr'>quod</span> <span class='ocrx_word' id='word_1_488' title='bbox 2211 2335 2397 2383; x_wconf 89' lang='lat' dir='ltr'>separatio</span> <span class='ocrx_word' id='word_1_489' title='bbox 2429 2345 2555 2385; x_wconf 91' lang='lat' dir='ltr'>potest</span> 
     </span>
     <span class='ocr_line' id='line_1_82' title="bbox 1497 2384 2554 2433; baseline 0.007 -13"><span class='ocrx_word' id='word_1_490' title='bbox 1497 2397 1579 2421; x_wconf 89' lang='lat' dir='ltr'>esse</span> <span class='ocrx_word' id='word_1_491' title='bbox 1608 2384 1847 2430; x_wconf 87' lang='lat' dir='ltr'>delectabilis,</span> <span class='ocrx_word' id='word_1_492' title='bbox 1875 2385 1937 2421; x_wconf 88' lang='lat' dir='ltr'>vel</span> <span class='ocrx_word' id='word_1_493' title='bbox 1966 2385 2188 2433; x_wconf 88' lang='lat' dir='ltr'>inquantum</span> <span class='ocrx_word' id='word_1_494' title='bbox 2218 2397 2437 2425; x_wconf 81' lang='lat' dir='ltr'>removetur</span> <span class='ocrx_word' id='word_1_495' title='bbox 2463 2390 2554 2427; x_wconf 92' lang='lat' dir='ltr'>illud</span> 
     </span>
     <span class='ocr_line' id='line_1_83' title="bbox 1496 2437 2552 2490; baseline 0.007 -18"><span class='ocrx_word' id='word_1_496' title='bbox 1496 2438 1601 2486; x_wconf 89' lang='lat' dir='ltr'>quod</span> <span class='ocrx_word' id='word_1_497' title='bbox 1631 2445 1685 2473; x_wconf 92' lang='lat' dir='ltr'>est</span> <span class='ocrx_word' id='word_1_498' title='bbox 1714 2437 1943 2473; x_wconf 89' lang='lat' dir='ltr'>contrarium</span> <span class='ocrx_word' id='word_1_499' title='bbox 1967 2438 2186 2486; x_wconf 89' lang='lat' dir='ltr'>perfectioni</span> <span class='ocrx_word' id='word_1_500' title='bbox 2215 2440 2284 2476; x_wconf 92' lang='lat' dir='ltr'>rei:</span> <span class='ocrx_word' id='word_1_501' title='bbox 2313 2442 2374 2478; x_wconf 88' lang='lat' dir='ltr'>vel</span> <span class='ocrx_word' id='word_1_502' title='bbox 2393 2442 2552 2490; x_wconf 88' lang='lat' dir='ltr'>inquan-</span> 
     </span>
     <span class='ocr_line' id='line_1_84' title="bbox 1495 2490 2550 2543; baseline 0.006 -17"><span class='ocrx_word' id='word_1_503' title='bbox 1495 2498 1576 2528; x_wconf 87' lang='lat' dir='ltr'>tum</span> <span class='ocrx_word' id='word_1_504' title='bbox 1596 2490 1781 2538; x_wconf 85' lang='lat' dir='ltr'>separatio</span> <span class='ocrx_word' id='word_1_505' title='bbox 1801 2490 1916 2526; x_wconf 92' lang='lat' dir='ltr'>habet</span> <span class='ocrx_word' id='word_1_506' title='bbox 1935 2490 2100 2538; x_wconf 87' lang='lat' dir='ltr'>aliquam</span> <span class='ocrx_word' id='word_1_507' title='bbox 2119 2492 2302 2529; x_wconf 91' lang='lat' dir='ltr'>unionem</span> <span class='ocrx_word' id='word_1_508' title='bbox 2322 2494 2550 2543; x_wconf 89' lang='lat' dir='ltr'>adiunctam,</span> 
     </span>
     <span class='ocr_line' id='line_1_85' title="bbox 1494 2542 2101 2591; baseline 0.002 -12"><span class='ocrx_word' id='word_1_509' title='bbox 1494 2551 1586 2591; x_wconf 88' lang='lat' dir='ltr'>puta</span> <span class='ocrx_word' id='word_1_510' title='bbox 1614 2542 1798 2578; x_wconf 89' lang='lat' dir='ltr'>sensibilis</span> <span class='ocrx_word' id='word_1_511' title='bbox 1826 2542 1875 2578; x_wconf 95' lang='lat' dir='ltr'>ad</span> <span class='ocrx_word' id='word_1_512' title='bbox 1903 2554 2069 2580; x_wconf 91' lang='lat' dir='ltr'>sensum.</span> <span class='ocrx_word' id='word_1_513' title='bbox 2090 2550 2101 2563; x_wconf 77' lang='lat'><strong><em>¹</em></strong></span> 
     </span>
    </p>

    <p class='ocr_par' dir='ltr' id='par_1_29' title="bbox 1496 2596 2551 2749">
     <span class='ocr_line' id='line_1_86' title="bbox 1547 2596 2550 2644; baseline 0.006 -14"><span class='ocrx_word' id='word_1_514' title='bbox 1547 2597 1606 2631; x_wconf 83' lang='lat' dir='ltr'>An</span> <span class='ocrx_word' id='word_1_515' title='bbox 1625 2606 1783 2631; x_wconf 73' lang='lat' dir='ltr'>TER-rium</span> <span class='ocrx_word' id='word_1_516' title='bbox 1802 2606 1984 2631; x_wconf 81' lang='lat' dir='ltr'>D1CEND1JM</span> <span class='ocrx_word' id='word_1_517' title='bbox 2000 2596 2103 2643; x_wconf 87' lang='lat' dir='ltr'>quod</span> <span class='ocrx_word' id='word_1_518' title='bbox 2118 2597 2303 2644; x_wconf 85' lang='lat' dir='ltr'>separatio</span> <span class='ocrx_word' id='word_1_519' title='bbox 2323 2599 2550 2637; x_wconf 85' lang='lat' dir='ltr'>nocivorum</span> 
     </span>
     <span class='ocr_line' id='line_1_87' title="bbox 1496 2647 2551 2698; baseline 0.006 -15"><span class='ocrx_word' id='word_1_520' title='bbox 1496 2655 1532 2684; x_wconf 92' lang='lat' dir='ltr'>et</span> <span class='ocrx_word' id='word_1_521' title='bbox 1568 2647 1891 2694; x_wconf 90' lang='lat' dir='ltr'>corrumpentium</span> <span class='ocrx_word' id='word_1_522' title='bbox 1925 2648 2130 2695; x_wconf 86' lang='lat' dir='ltr'>appetitur,</span> <span class='ocrx_word' id='word_1_523' title='bbox 2159 2649 2383 2698; x_wconf 88' lang='lat' dir='ltr'>inquantum</span> <span class='ocrx_word' id='word_1_524' title='bbox 2416 2653 2551 2689; x_wconf 90' lang='lat' dir='ltr'>tollunt</span> 
     </span>
     <span class='ocr_line' id='line_1_88' title="bbox 1496 2698 2550 2749; baseline 0.005 -13"><span class='ocrx_word' id='word_1_525' title='bbox 1496 2699 1662 2736; x_wconf 86' lang='lat' dir='ltr'>debitam</span> <span class='ocrx_word' id='word_1_526' title='bbox 1690 2698 1885 2735; x_wconf 91' lang='lat' dir='ltr'>unitatem.</span> <span class='ocrx_word' id='word_1_527' title='bbox 1915 2699 2025 2736; x_wconf 92' lang='lat' dir='ltr'>Unde</span> <span class='ocrx_word' id='word_1_528' title='bbox 2049 2701 2236 2749; x_wconf 88' lang='lat' dir='ltr'>appetitus</span> <span class='ocrx_word' id='word_1_529' title='bbox 2254 2703 2473 2741; x_wconf 88' lang='lat' dir='ltr'>huiusmodi</span> <span class='ocrx_word' id='word_1_530' title='bbox 2493 2718 2550 2742; x_wconf 90' lang='lat' dir='ltr'>se-</span> 
     </span>
    </p>
   </div>
   <div class='ocr_carea' id='block_1_21' title="bbox 382 2751 2549 2854">
    <p class='ocr_par' dir='ltr' id='par_1_30' title="bbox 382 2751 2549 2854">
     <span class='ocr_line' id='line_1_89' title="bbox 384 2751 2549 2805; baseline 0.002 -15"><span class='ocrx_word' id='word_1_531' title='bbox 384 2753 497 2790; x_wconf 91' lang='lat' dir='ltr'>etiam</span> <span class='ocrx_word' id='word_1_532' title='bbox 528 2752 714 2801; x_wconf 90' lang='lat' dir='ltr'>appetitus</span> <span class='ocrx_word' id='word_1_533' title='bbox 742 2752 903 2799; x_wconf 90' lang='lat' dir='ltr'>unitatis,</span> <span class='ocrx_word' id='word_1_534' title='bbox 924 2753 986 2789; x_wconf 90' lang='lat' dir='ltr'>vel</span> <span class='ocrx_word' id='word_1_535' title='bbox 1014 2765 1134 2799; x_wconf 91' lang='lat' dir='ltr'>amor,</span> <span class='ocrx_word' id='word_1_536' title='bbox 1161 2765 1274 2789; x_wconf 91' lang='lat' dir='ltr'>causa</span> <span class='ocrx_word' id='word_1_537' title='bbox 1302 2753 1442 2790; x_wconf 92' lang='lat' dir='ltr'>doloris</span> <span class='ocrx_word' id='word_1_538' title='bbox 1495 2751 1699 2801; x_wconf 90' lang='lat' dir='ltr'>parationis</span> <span class='ocrx_word' id='word_1_539' title='bbox 1727 2764 1806 2788; x_wconf 92' lang='lat' dir='ltr'>non</span> <span class='ocrx_word' id='word_1_540' title='bbox 1826 2759 1881 2788; x_wconf 90' lang='lat' dir='ltr'>est</span> <span class='ocrx_word' id='word_1_541' title='bbox 1898 2752 2021 2800; x_wconf 90' lang='lat' dir='ltr'>prima</span> <span class='ocrx_word' id='word_1_542' title='bbox 2041 2765 2152 2790; x_wconf 89' lang='lat' dir='ltr'>causa</span> <span class='ocrx_word' id='word_1_543' title='bbox 2172 2755 2324 2802; x_wconf 91' lang='lat' dir='ltr'>doloris,</span> <span class='ocrx_word' id='word_1_544' title='bbox 2345 2757 2411 2793; x_wconf 92' lang='lat' dir='ltr'>sed</span> <span class='ocrx_word' id='word_1_545' title='bbox 2429 2758 2549 2805; x_wconf 89' lang='lat' dir='ltr'>magis</span> 
     </span>
     <span class='ocr_line' id='line_1_90' title="bbox 382 2796 1872 2854; baseline -0.002 -11"><span class='ocrx_word' id='word_1_546' title='bbox 382 2806 583 2854; x_wconf 91' lang='lat' dir='ltr'>ponendus</span> <span class='ocrx_word' id='word_1_547' title='bbox 612 2812 678 2842; x_wconf 89' lang='lat' dir='ltr'>est.</span> <span class='ocrx_word' id='word_1_548' title='bbox 707 2806 859 2841; x_wconf 89' lang='lat' dir='ltr'>Bonum</span> <span class='ocrx_word' id='word_1_549' title='bbox 890 2805 989 2841; x_wconf 90' lang='lat' dir='ltr'>enim</span> <span class='ocrx_word' id='word_1_550' title='bbox 1010 2805 1306 2853; x_wconf 91' lang='lat' dir='ltr'>uniuscuiusque</span> <span class='ocrx_word' id='word_1_551' title='bbox 1330 2806 1384 2842; x_wconf 91' lang='lat' dir='ltr'>rei</span> <span class='ocrx_word' id='word_1_552' title='bbox 1403 2806 1440 2842; x_wconf 92' lang='lat' dir='ltr'>in</span> <span class='ocrx_word' id='word_1_553' title='bbox 1466 2796 1470 2850; x_wconf 90' lang='grc' dir='ltr'>Ι</span> <span class='ocrx_word' id='word_1_554' title='bbox 1496 2804 1684 2852; x_wconf 89' lang='lat' dir='ltr'>appetitus</span> <span class='ocrx_word' id='word_1_555' title='bbox 1711 2803 1872 2840; x_wconf 88' lang='lat' dir='ltr'>unitatis.</span> 
     </span>
    </p>
   </div>
   <div class='ocr_carea' id='block_1_22' title="bbox 435 2917 984 2986">
    <p class='ocr_par' dir='ltr' id='par_1_31' title="bbox 435 2917 984 2986">
     <span class='ocr_line' id='line_1_91' title="bbox 436 2917 984 2950; baseline -0.002 -7"><span class='ocrx_word' id='word_1_556' title='bbox 436 2919 462 2950; x_wconf 83' lang='grc' dir='ltr'>οι)</span> <span class='ocrx_word' id='word_1_557' title='bbox 481 2917 692 2949; x_wconf 81' lang='lat' dir='ltr'>animandisque.</span> <span class='ocrx_word' id='word_1_558' title='bbox 710 2931 727 2935; x_wconf 98' lang='lat'><em>-</em></span> <span class='ocrx_word' id='word_1_559' title='bbox 746 2917 919 2949; x_wconf 83' lang='lat' dir='ltr'>amandisque</span> <span class='ocrx_word' id='word_1_560' title='bbox 938 2918 984 2942; x_wconf 88' lang='grc' dir='ltr'>Ρα.</span> 
     </span>
     <span class='ocr_line' id='line_1_92' title="bbox 435 2952 928 2986; baseline -0.002 -8"><span class='ocrx_word' id='word_1_561' title='bbox 435 2952 459 2986; x_wconf 80' lang='grc' dir='ltr'>β)</span> <span class='ocrx_word' id='word_1_562' title='bbox 480 2953 551 2978; x_wconf 75' lang='lat' dir='ltr'>unio.</span> <span class='ocrx_word' id='word_1_563' title='bbox 568 2966 587 2971; x_wconf 90' lang='lat'><em>-</em></span> <span class='ocrx_word' id='word_1_564' title='bbox 605 2953 689 2977; x_wconf 88' lang='lat' dir='ltr'>unitio</span> <span class='ocrx_word' id='word_1_565' title='bbox 707 2952 928 2977; x_wconf 82' lang='lat' dir='ltr'>ABCDEGHlLa.</span> 
     </span>
    </p>
   </div>
   <div class='ocr_carea' id='block_1_23' title="bbox 1333 3027 1438 3034">
    <p class='ocr_par' dir='ltr' id='par_1_32' title="bbox 1333 3027 1438 3034">
     <span class='ocr_line' id='line_1_93' title="bbox 1333 3027 1438 3034; baseline 0.01 -1"><span class='ocrx_word' id='word_1_566' title='bbox 1333 3027 1438 3034; x_wconf 58' lang='lat' dir='ltr'>Nm</span> 
     </span>
    </p>
   </div>
   <div class='ocr_carea' id='block_1_24' title="bbox 1493 2918 2548 2984">
    <p class='ocr_par' dir='ltr' id='par_1_33' title="bbox 1493 2918 2548 2984">
     <span class='ocr_line' id='line_1_94' title="bbox 1546 2918 2548 2951; baseline 0.006 -10"><span class='ocrx_word' id='word_1_567' title='bbox 1546 2919 1572 2951; x_wconf 92' lang='grc' dir='ltr'>γ)</span> <span class='ocrx_word' id='word_1_568' title='bbox 1592 2918 1725 2949; x_wconf 82' lang='lat' dir='ltr'>appetitus</span> <span class='ocrx_word' id='word_1_569' title='bbox 1744 2918 1864 2942; x_wconf 80' lang='lat' dir='ltr'>unitatis.</span> <span class='ocrx_word' id='word_1_570' title='bbox 1875 2930 1894 2937; x_wconf 87' lang='lat'>—-</span> <span class='ocrx_word' id='word_1_571' title='bbox 1907 2918 2032 2942; x_wconf 79' lang='lat' dir='ltr'>bonitatis</span> <span class='ocrx_word' id='word_1_572' title='bbox 2050 2918 2248 2950; x_wconf 83' lang='lat' dir='ltr'>ACGleBDH,</span> <span class='ocrx_word' id='word_1_573' title='bbox 2266 2920 2376 2945; x_wconf 81' lang='lat' dir='ltr'>unitatis</span> <span class='ocrx_word' id='word_1_574' title='bbox 2390 2921 2460 2951; x_wconf 86' lang='lat' dir='ltr'>KsH,</span> <span class='ocrx_word' id='word_1_575' title='bbox 2475 2922 2548 2947; x_wconf 81' lang='lat' dir='ltr'>boni-</span> 
     </span>
     <span class='ocr_line' id='line_1_95' title="bbox 1493 2953 2466 2984; baseline 0.004 -7"><span class='ocrx_word' id='word_1_576' title='bbox 1493 2953 1558 2977; x_wconf 82' lang='lat' dir='ltr'>tatis</span> <span class='ocrx_word' id='word_1_577' title='bbox 1575 2953 1708 2984; x_wconf 77' lang='lat' dir='ltr'>appetitus</span> <span class='ocrx_word' id='word_1_578' title='bbox 1726 2953 1755 2981; x_wconf 78' lang='lat' dir='ltr'>E,</span> <span class='ocrx_word' id='word_1_579' title='bbox 1776 2953 1886 2977; x_wconf 79' lang='lat' dir='ltr'>unitatis</span> <span class='ocrx_word' id='word_1_580' title='bbox 1904 2953 2037 2984; x_wconf 78' lang='lat' dir='ltr'>appetitus</span> <span class='ocrx_word' id='word_1_581' title='bbox 2056 2954 2120 2977; x_wconf 84' lang='lat' dir='ltr'>FsB.</span> <span class='ocrx_word' id='word_1_582' title='bbox 2138 2968 2156 2972; x_wconf 91' lang='lat'>—</span> <span class='ocrx_word' id='word_1_583' title='bbox 2174 2955 2223 2978; x_wconf 87' lang='lat' dir='ltr'>Pro</span> <span class='ocrx_word' id='word_1_584' title='bbox 2242 2955 2293 2984; x_wconf 85' lang='lat' dir='ltr'>vel,</span> <span class='ocrx_word' id='word_1_585' title='bbox 2313 2959 2339 2979; x_wconf 85' lang='lat' dir='ltr'>et</span> <span class='ocrx_word' id='word_1_586' title='bbox 2357 2956 2466 2981; x_wconf 86' lang='lat' dir='ltr'>codices.</span> 
     </span>
    </p>
   </div>
   <div class='ocr_carea' id='block_1_25' title="bbox 1439 3029 1597 3036">
    <p class='ocr_par' dir='ltr' id='par_1_34' title="bbox 1439 3029 1597 3036">
     <span class='ocr_line' id='line_1_96' title="bbox 1439 3029 1597 3036; baseline 0 1116"><span class='ocrx_word' id='word_1_587' title='bbox 1439 3029 1597 3036; x_wconf 95' lang='lat' dir='ltr'> </span> 
     </span>
    </p>
   </div>
   <div class='ocr_carea' id='block_1_26' title="bbox 732 3077 2191 3225">
    <p class='ocr_par' dir='ltr' id='par_1_35' title="bbox 732 3077 2191 3225">
     <span class='ocr_line' id='line_1_97' title="bbox 1157 3077 1772 3147; baseline 0.002 -11"><span class='ocrx_word' id='word_1_588' title='bbox 1157 3077 1472 3137; x_wconf 75' lang='lat' dir='ltr'>ARTicutus</span> <span class='ocrx_word' id='word_1_589' title='bbox 1502 3096 1772 3147; x_wconf 81' lang='lat' dir='ltr'><strong>QUARTUS</strong></span> 
     </span>
     <span class='ocr_line' id='line_1_98' title="bbox 732 3187 2191 3225; baseline 0.001 -5"><span class='ocrx_word' id='word_1_590' title='bbox 732 3189 885 3220; x_wconf 88' lang='lat' dir='ltr'>UTRUM</span> <span class='ocrx_word' id='word_1_591' title='bbox 910 3188 1129 3219; x_wconf 87' lang='lat' dir='ltr'>POTESTAS</span> <span class='ocrx_word' id='word_1_592' title='bbox 1154 3187 1225 3219; x_wconf 92' lang='lat' dir='ltr'>CUl</span> <span class='ocrx_word' id='word_1_593' title='bbox 1250 3188 1341 3219; x_wconf 94' lang='lat' dir='ltr'>NON</span> <span class='ocrx_word' id='word_1_594' title='bbox 1364 3189 1531 3219; x_wconf 87' lang='lat' dir='ltr'>POTEST</span> <span class='ocrx_word' id='word_1_595' title='bbox 1555 3189 1728 3225; x_wconf 89' lang='lat' dir='ltr'>RESISTI,</span> <span class='ocrx_word' id='word_1_596' title='bbox 1754 3189 1819 3219; x_wconf 88' lang='lat' dir='ltr'>SIT</span> <span class='ocrx_word' id='word_1_597' title='bbox 1843 3189 1983 3220; x_wconf 86' lang='lat' dir='ltr'>CAUSA</span> <span class='ocrx_word' id='word_1_598' title='bbox 2006 3190 2191 3222; x_wconf 91' lang='lat' dir='ltr'>DOLORIS</span> 
     </span>
    </p>
   </div>
   <div class='ocr_carea' id='block_1_27' title="bbox 446 3267 1435 3332">
    <p class='ocr_par' dir='ltr' id='par_1_36' title="bbox 446 3267 1435 3332">
     <span class='ocr_line' id='line_1_99' title="bbox 446 3267 1435 3332; baseline -0.003 -26"><span class='ocrx_word' id='word_1_599' title='bbox 446 3282 475 3299; x_wconf 39' lang='grc' dir='ltr'>κ»</span> <span class='ocrx_word' id='word_1_600' title='bbox 495 3282 568 3332; x_wconf 46' lang='grc' dir='ltr'>ζμ(</span> <span class='ocrx_word' id='word_1_601' title='bbox 590 3281 612 3305; x_wconf 83' lang='grc'><strong>1)</strong></span> <span class='ocrx_word' id='word_1_602' title='bbox 633 3280 804 3310; x_wconf 81' lang='lat' dir='ltr'><strong>QUARTUM</strong></span> <span class='ocrx_word' id='word_1_603' title='bbox 824 3280 876 3304; x_wconf 84' lang='lat' dir='ltr'>SIC</span> <span class='ocrx_word' id='word_1_604' title='bbox 897 3279 1134 3304; x_wconf 82' lang='lat' dir='ltr'>PROCEDITUR.</span> <span class='ocrx_word' id='word_1_605' title='bbox 1154 3267 1312 3304; x_wconf 90' lang='lat' dir='ltr'>Videtur</span> <span class='ocrx_word' id='word_1_606' title='bbox 1331 3269 1435 3315; x_wconf 89' lang='lat' dir='ltr'>quod</span> 
     </span>
    </p>
   </div>
   <div class='ocr_carea' id='block_1_28' title="bbox 394 3283 550 3465">
    <p class='ocr_par' dir='ltr' id='par_1_37' title="bbox 394 3283 550 3465">
     <span class='ocr_line' id='line_1_100' title="bbox 394 3283 550 3364; baseline 0 0"><span class='ocrx_word' id='word_1_607' title='bbox 394 3283 550 3364; x_wconf 95' lang='lat' dir='ltr'>  </span> 
     </span>
     <span class='ocr_line' id='line_1_101' title="bbox 394 3364 549 3465; baseline 0 0"><span class='ocrx_word' id='word_1_608' title='bbox 394 3364 549 3465; x_wconf 95' lang='lat' dir='ltr'>  </span> 
     </span>
    </p>
   </div>
   <div class='ocr_carea' id='block_1_29' title="bbox 378 3478 1432 3582">
    <p class='ocr_par' dir='ltr' id='par_1_38' title="bbox 378 3478 1432 3582">
     <span class='ocr_line' id='line_1_102' title="bbox 380 3478 1432 3528; baseline -0.003 -11"><span class='ocrx_word' id='word_1_609' title='bbox 380 3492 477 3517; x_wconf 88' lang='lat' dir='ltr'>rum.</span> <span class='ocrx_word' id='word_1_610' title='bbox 508 3480 629 3516; x_wconf 91' lang='lat' dir='ltr'>Dolor</span> <span class='ocrx_word' id='word_1_611' title='bbox 656 3487 783 3515; x_wconf 90' lang='lat' dir='ltr'>autem</span> <span class='ocrx_word' id='word_1_612' title='bbox 813 3486 867 3515; x_wconf 90' lang='lat' dir='ltr'>est</span> <span class='ocrx_word' id='word_1_613' title='bbox 896 3478 942 3515; x_wconf 91' lang='lat' dir='ltr'>de</span> <span class='ocrx_word' id='word_1_614' title='bbox 971 3479 1072 3515; x_wconf 88' lang='lat' dir='ltr'>malo</span> <span class='ocrx_word' id='word_1_615' title='bbox 1101 3478 1432 3528; x_wconf 35' lang='lat' dir='ltr'>praesenti5Ergo</span> 
     </span>
     <span class='ocr_line' id='line_1_103' title="bbox 378 3531 1203 3582; baseline -0.004 -12"><span class='ocrx_word' id='word_1_616' title='bbox 378 3540 545 3582; x_wconf 89' lang='lat' dir='ltr'>potestas</span> <span class='ocrx_word' id='word_1_617' title='bbox 573 3532 694 3569; x_wconf 84' lang='lat' dir='ltr'>maior</span> <span class='ocrx_word' id='word_1_618' title='bbox 722 3544 800 3568; x_wconf 87' lang='lat' dir='ltr'>non</span> <span class='ocrx_word' id='word_1_619' title='bbox 830 3539 883 3568; x_wconf 91' lang='lat' dir='ltr'>est</span> <span class='ocrx_word' id='word_1_620' title='bbox 912 3543 1024 3568; x_wconf 90' lang='lat' dir='ltr'>causa</span> <span class='ocrx_word' id='word_1_621' title='bbox 1053 3531 1203 3567; x_wconf 90' lang='lat' dir='ltr'>doloris.</span> 
     </span>
    </p>
   </div>
   <div class='ocr_carea' id='block_1_30' title="bbox 1544 3269 2543 3314">
    <p class='ocr_par' dir='ltr' id='par_1_39' title="bbox 1544 3269 2543 3314">
     <span class='ocr_line' id='line_1_104' title="bbox 1544 3269 2543 3314; baseline 0.007 -11"><span class='ocrx_word' id='word_1_622' title='bbox 1544 3279 1578 3304; x_wconf 91' lang='lat'>2.</span> <span class='ocrx_word' id='word_1_623' title='bbox 1608 3269 1845 3314; x_wconf 78' lang='lat' dir='ltr'>PRAETEREA,</span> <span class='ocrx_word' id='word_1_624' title='bbox 1874 3277 2148 3306; x_wconf 90' lang='lat' dir='ltr'>nocumentum</span> <span class='ocrx_word' id='word_1_625' title='bbox 2176 3270 2317 3307; x_wconf 91' lang='lat' dir='ltr'>illatum</span> <span class='ocrx_word' id='word_1_626' title='bbox 2347 3280 2403 3308; x_wconf 91' lang='lat' dir='ltr'>est</span> <span class='ocrx_word' id='word_1_627' title='bbox 2431 3285 2543 3311; x_wconf 88' lang='lat' dir='ltr'>causa</span> 
     </span>
    </p>
   </div>
   <div class='ocr_carea' id='block_1_31' title="bbox 438 3319 2543 3474">
    <p class='ocr_par' dir='ltr' id='par_1_40' title="bbox 438 3319 2543 3474">
     <span class='ocr_line' id='line_1_105' title="bbox 564 3319 2542 3373; baseline 0.004 -19"><span class='ocrx_word' id='word_1_628' title='bbox 564 3328 756 3373; x_wconf 89' lang='lat' dir='ltr'>potestas</span> <span class='ocrx_word' id='word_1_629' title='bbox 785 3320 908 3357; x_wconf 91' lang='lat' dir='ltr'>maior</span> <span class='ocrx_word' id='word_1_630' title='bbox 934 3333 1012 3357; x_wconf 93' lang='lat' dir='ltr'>non</span> <span class='ocrx_word' id='word_1_631' title='bbox 1041 3321 1175 3356; x_wconf 88' lang='lat' dir='ltr'>debeat</span> <span class='ocrx_word' id='word_1_632' title='bbox 1202 3319 1293 3368; x_wconf 91' lang='lat' dir='ltr'>poni</span> <span class='ocrx_word' id='word_1_633' title='bbox 1323 3332 1435 3356; x_wconf 92' lang='lat' dir='ltr'>causa</span> <span class='ocrx_word' id='word_1_634' title='bbox 1491 3320 1642 3356; x_wconf 91' lang='lat' dir='ltr'>doloris.</span> <span class='ocrx_word' id='word_1_635' title='bbox 1674 3321 1749 3357; x_wconf 91' lang='lat' dir='ltr'>Sed</span> <span class='ocrx_word' id='word_1_636' title='bbox 1778 3329 2053 3358; x_wconf 90' lang='lat' dir='ltr'>nocumentum</span> <span class='ocrx_word' id='word_1_637' title='bbox 2080 3330 2204 3370; x_wconf 90' lang='lat' dir='ltr'>potest</span> <span class='ocrx_word' id='word_1_638' title='bbox 2230 3323 2354 3360; x_wconf 91' lang='lat' dir='ltr'>inferri</span> <span class='ocrx_word' id='word_1_639' title='bbox 2384 3325 2496 3363; x_wconf 90' lang='lat' dir='ltr'>etiam</span> <span class='ocrx_word' id='word_1_640' title='bbox 2521 3339 2542 3363; x_wconf 90' lang='lat' dir='ltr'>a</span> 
     </span>
     <span class='ocr_line' id='line_1_106' title="bbox 443 3372 2543 3423; baseline 0.002 -13"><span class='ocrx_word' id='word_1_641' title='bbox 443 3387 519 3421; x_wconf 54' lang='grc' dir='ltr'>,νζ</span> <span class='ocrx_word' id='word_1_642' title='bbox 540 3376 562 3419; x_wconf 56' lang='lat'>(4</span> <span class='ocrx_word' id='word_1_643' title='bbox 592 3373 742 3410; x_wconf 91' lang='lat' dir='ltr'>doloris.</span> <span class='ocrx_word' id='word_1_644' title='bbox 787 3373 903 3419; x_wconf 87' lang='lat' dir='ltr'>Quod</span> <span class='ocrx_word' id='word_1_645' title='bbox 941 3372 1041 3409; x_wconf 90' lang='lat' dir='ltr'>enim</span> <span class='ocrx_word' id='word_1_646' title='bbox 1082 3380 1136 3409; x_wconf 90' lang='lat' dir='ltr'>est</span> <span class='ocrx_word' id='word_1_647' title='bbox 1172 3372 1210 3409; x_wconf 91' lang='lat' dir='ltr'>in</span> <span class='ocrx_word' id='word_1_648' title='bbox 1250 3380 1433 3420; x_wconf 90' lang='lat' dir='ltr'>potestate</span> <span class='ocrx_word' id='word_1_649' title='bbox 1487 3380 1672 3421; x_wconf 88' lang='lat' dir='ltr'>potestate</span> <span class='ocrx_word' id='word_1_650' title='bbox 1692 3373 1850 3410; x_wconf 91' lang='lat' dir='ltr'>minore.</span> <span class='ocrx_word' id='word_1_651' title='bbox 1881 3375 1981 3422; x_wconf 88' lang='lat' dir='ltr'>Ergo</span> <span class='ocrx_word' id='word_1_652' title='bbox 2006 3382 2172 3423; x_wconf 89' lang='lat' dir='ltr'>potestas</span> <span class='ocrx_word' id='word_1_653' title='bbox 2192 3376 2314 3412; x_wconf 90' lang='lat' dir='ltr'>maior</span> <span class='ocrx_word' id='word_1_654' title='bbox 2332 3389 2410 3413; x_wconf 92' lang='lat' dir='ltr'>non</span> <span class='ocrx_word' id='word_1_655' title='bbox 2430 3379 2543 3415; x_wconf 92' lang='lat' dir='ltr'>debet</span> 
     </span>
     <span class='ocr_line' id='line_1_107' title="bbox 438 3399 1899 3474; baseline 0.003 -15"><span class='ocrx_word' id='word_1_656' title='bbox 438 3399 535 3460; x_wconf 40' lang='grc' dir='ltr'>ἐξ)</span> <span class='ocrx_word' id='word_1_657' title='bbox 549 3414 743 3474; x_wconf 49' lang='grc' dir='ltr'>Χειξςεηῑίε,</span> <span class='ocrx_word' id='word_1_658' title='bbox 774 3425 946 3463; x_wconf 88' lang='lat' dir='ltr'>nondum</span> <span class='ocrx_word' id='word_1_659' title='bbox 967 3433 1021 3462; x_wconf 92' lang='lat' dir='ltr'>est</span> <span class='ocrx_word' id='word_1_660' title='bbox 1039 3437 1228 3474; x_wconf 87' lang='lat' dir='ltr'>praesens,</span> <span class='ocrx_word' id='word_1_661' title='bbox 1251 3426 1317 3462; x_wconf 92' lang='lat' dir='ltr'>sed</span> <span class='ocrx_word' id='word_1_662' title='bbox 1337 3426 1434 3462; x_wconf 88' lang='lat' dir='ltr'>futu-</span> <span class='ocrx_word' id='word_1_663' title='bbox 1487 3426 1580 3473; x_wconf 84' lang='lat' dir='ltr'>poni</span> <span class='ocrx_word' id='word_1_664' title='bbox 1608 3438 1720 3462; x_wconf 91' lang='lat' dir='ltr'>causa</span> <span class='ocrx_word' id='word_1_665' title='bbox 1749 3426 1899 3463; x_wconf 92' lang='lat' dir='ltr'>doloris.</span> 
     </span>
    </p>
   </div>
   <div class='ocr_carea' id='block_1_32' title="bbox 1488 3479 2539 3572">
    <p class='ocr_par' dir='ltr' id='par_1_41' title="bbox 1488 3479 2539 3572">
     <span class='ocr_line' id='line_1_108' title="bbox 1544 3479 2539 3528; baseline 0.006 -14"><span class='ocrx_word' id='word_1_666' title='bbox 1544 3479 1577 3515; x_wconf 88' lang='lat'>3.</span> <span class='ocrx_word' id='word_1_667' title='bbox 1607 3479 1848 3525; x_wconf 74' lang='lat' dir='ltr'>PRAETEREA,</span> <span class='ocrx_word' id='word_1_668' title='bbox 1879 3492 2014 3516; x_wconf 88' lang='lat' dir='ltr'>causae</span> <span class='ocrx_word' id='word_1_669' title='bbox 2043 3480 2335 3528; x_wconf 85' lang='lat' dir='ltr'>appetitivorum</span> <span class='ocrx_word' id='word_1_670' title='bbox 2363 3490 2539 3520; x_wconf 87' lang='lat' dir='ltr'>motuum</span> 
     </span>
     <span class='ocr_line' id='line_1_109' title="bbox 1488 3531 2539 3572; baseline 0.005 -5"><span class='ocrx_word' id='word_1_671' title='bbox 1488 3538 1575 3567; x_wconf 92' lang='lat' dir='ltr'>sunt</span> <span class='ocrx_word' id='word_1_672' title='bbox 1601 3531 1795 3568; x_wconf 89' lang='lat' dir='ltr'>interiores</span> <span class='ocrx_word' id='word_1_673' title='bbox 1818 3532 2076 3569; x_wconf 92' lang='lat' dir='ltr'>inclinationes</span> <span class='ocrx_word' id='word_1_674' title='bbox 2096 3533 2256 3570; x_wconf 89' lang='lat' dir='ltr'>animae.</span> <span class='ocrx_word' id='word_1_675' title='bbox 2285 3535 2454 3572; x_wconf 88' lang='lat' dir='ltr'>Potestas</span> <span class='ocrx_word' id='word_1_676' title='bbox 2474 3549 2539 3572; x_wconf 93' lang='lat' dir='ltr'>au-</span> 
     </span>
    </p>
   </div>
   <div class='ocr_carea' id='block_1_33' title="bbox 2579 1399 2790 1454">
    <p class='ocr_par' dir='ltr' id='par_1_42' title="bbox 2579 1399 2790 1454">
     <span class='ocr_line' id='line_1_110' title="bbox 2579 1399 2790 1421; baseline 0 0"><span class='ocrx_word' id='word_1_677' title='bbox 2579 1400 2590 1411; x_wconf 74' lang='grc'><em>·</em></span> <span class='ocrx_word' id='word_1_678' title='bbox 2612 1399 2648 1421; x_wconf 81' lang='lat' dir='ltr'>Ct&#39;.</span> <span class='ocrx_word' id='word_1_679' title='bbox 2670 1399 2790 1421; x_wconf 75' lang='lat' dir='ltr'>Theaetet-</span> 
     </span>
     <span class='ocr_line' id='line_1_111' title="bbox 2579 1432 2776 1454; baseline 0 -7"><span class='ocrx_word' id='word_1_680' title='bbox 2579 1432 2630 1454; x_wconf 78' lang='lat' dir='ltr'>cap.</span> <span class='ocrx_word' id='word_1_681' title='bbox 2644 1432 2707 1453; x_wconf 81' lang='lat' dir='ltr'>xxrx,</span> <span class='ocrx_word' id='word_1_682' title='bbox 2722 1432 2776 1447; x_wconf 84' lang='lat' dir='ltr'>xxx.</span> 
     </span>
    </p>
   </div>
   <div class='ocr_carea' id='block_1_34' title="bbox 2678 1709 2695 1742">
    <p class='ocr_par' dir='ltr' id='par_1_43' title="bbox 2678 1709 2695 1742">
     <span class='ocr_line' id='line_1_112' title="bbox 2678 1709 2695 1742; baseline 0 0"><span class='ocrx_word' id='word_1_683' title='bbox 2678 1709 2695 1742; x_wconf 78' lang='grc' dir='ltr'><strong>β</strong></span> 
     </span>
    </p>
   </div>
   <div class='ocr_carea' id='block_1_35' title="bbox 2677 1815 2695 1840">
    <p class='ocr_par' dir='ltr' id='par_1_44' title="bbox 2677 1815 2695 1840">
     <span class='ocr_line' id='line_1_113' title="bbox 2677 1815 2695 1840; baseline 0 0"><span class='ocrx_word' id='word_1_684' title='bbox 2677 1815 2695 1840; x_wconf 76' lang='grc' dir='ltr'>Υ</span> 
     </span>
    </p>
   </div>
  </div>
 </body>
</html>
