2852 4152
108 2516 117 2525 ⁶
129 2514 186 2542 Cap.
201 2521 223 2541 x,
234 2520 257 2535 n.
267 2519 287 2542 3,
298 2520 318 2541 5.

209 2837 225 2854 α

109 3156 119 3164 ·
135 3154 191 3181 Cap.
206 3158 244 3174 vu.
259 3163 270 3167 -
285 3152 321 3174 ef.

109 3186 160 3208 cap.
176 3186 207 3201 nt.

111 3313 120 3322 '
135 3311 186 3333 Art.
201 3310 308 3338 praeced.

357 215 432 249 204

355 282 428 311 dam
452 292 506 312 ens
529 288 583 318 est,
609 291 786 322 repugnans
810 282 887 312 mihi
904 293 968 313 non
988 283 1178 323 inquantum
1202 293 1266 319 ens,
1284 284 1339 313 sed
1363 293 1411 312 so-

353 326 421 355 lum
445 325 635 366 inquantum
659 326 729 362 tale,
747 326 863 357 scilicet
879 326 1040 357 offendens
1064 336 1132 357 me:
1159 327 1237 357 sicut
1261 337 1343 367 aqua
1367 333 1412 356 est

353 370 436 399 mala
459 370 523 409 igni
549 370 740 410 inquantum
763 370 842 407 talis,
860 381 926 401 non
948 371 1139 411 inquantum
1163 380 1228 401 enS.

411 414 447 443 ΙΙ.
475 413 565 444 Circa
589 415 725 444 eundem
753 414 893 454 primum
916 415 1084 445 articulum
1115 413 1248 444 dubium
1278 412 1413 443 occurrit

354 457 392 487 de
417 458 634 497 explanatione
658 458 732 494 odii,
750 459 838 498 quod
863 459 979 489 scilicet
1002 465 1047 488 est
1077 454 1270 487 dissonantia
1293 456 1333 485 ad
1357 467 1411 496 ap-

354 501 545 540 prehensum
561 512 748 542 repugnans,
770 512 824 532 seu
845 503 976 532 malurn.
995 501 1115 532 Odium
1131 501 1216 530 enim
1238 509 1412 530 consonare

353 546 439 575 malo
464 552 592 576 testatur
612 546 789 581 inimicitia,
814 546 891 575 dum
911 545 980 586 quis
1005 545 1096 580 mala,
1115 551 1149 574 ut
1173 543 1264 579 mala,
1281 543 1410 573 inimico

353 589 432 620 vult.
454 590 556 619 Immo
581 589 641 620 hoc
666 596 711 620 est
735 590 848 625 odisse,
865 590 943 619 velle
968 589 1089 618 malum
1113 587 1209 617 malo.

409 633 460 663 111.
480 633 531 663 Ad
554 633 615 663 hoc
636 633 747 663 dicitur
763 634 861 673 quod,
886 633 966 662 sicut
983 642 1073 662 amor
1096 630 1244 661 dividitur
1267 630 1299 660 in
1323 641 1411 661 amo-

352 686 420 707 rem
444 677 598 707 amicitiae
622 684 652 707 et
675 677 954 717 concupiscentiae,
976 676 1018 706 ita
1042 682 1072 706 et
1090 674 1212 705 odium.
1237 675 1277 705 Et
1300 675 1412 705 odium

353 721 483 761 quidem
512 719 697 760 oppositum
728 721 828 750 amori
862 719 1150 759 concupiscentiae,
1176 719 1411 749 innominatum

352 771 415 801 est,
445 772 476 796 et
504 771 608 804 potest
637 764 741 794 vocari
766 764 871 794 odium
902 764 1165 794 abominationis:
1194 762 1307 793 odium
1336 773 1411 794 vero

352 808 540 848 oppositum
563 809 663 838 amori
686 807 848 843 amicitiae,
870 807 976 838 odium
1001 808 1184 838 inimicitiae
1205 814 1346 838 vocatur.
1372 808 1413 838 Et

353 852 449 888 sicut,
476 853 550 892 quia
574 862 678 881 amare
702 858 747 881 est
776 851 855 882 velle
887 852 1011 881 bonum
1034 851 1144 887 alicui,
1169 852 1235 882 duo
1259 861 1296 881 ex
1325 858 1412 891 parte

353 896 467 926 obiecti
490 895 631 931 includit,
653 895 768 925 scilicet
783 895 815 936 ly
838 896 955 926 bonum
980 902 1010 926 et
1031 895 1063 936 ly
1087 896 1185 926 alicui
1193 903 1206 933 ‚⁶
1229 895 1271 926 ita
1293 895 1327 925 in
1347 895 1412 926 odii

353 939 476 970 obiecto
501 940 565 969 duo
583 938 781 975 clauduntur,
799 939 916 969 scilicet
938 938 1061 969 malum
1077 945 1108 969 et
1125 949 1268 979 persona.
1290 939 1411 976 Quam-

351 983 397 1013 vis
422 990 528 1013 autem
551 993 641 1012 amor
673 982 826 1013 amicitiae
851 989 881 1013 et
911 983 1182 1023 concupiscentiae
1213 982 1412 1014 uniformiter

351 1037 383 1056 se
400 1027 535 1056 habeant
553 1027 592 1056 ad
616 1033 797 1067 utrumque,
823 1027 939 1058 scilicet
963 1037 1018 1067 per
1037 1027 1172 1057 modum
1195 1026 1411 1057 affirmationis

351 1080 405 1100 seu
431 1071 669 1106 consonantiae;
694 1071 806 1101 odium
826 1078 931 1101 tamen
950 1071 1132 1101 inimicitiae
1156 1077 1186 1101 et
1209 1071 1321 1101 odium
1337 1071 1412 1101 abo-

351 1114 533 1145 minationis
556 1115 747 1145 dissimiliter
763 1125 795 1145 se
820 1115 935 1146 habent
952 1115 991 1145 ad
1015 1115 1101 1145 haec.
1118 1116 1200 1145 Nam
1225 1115 1338 1145 odium
1353 1115 1411 1145 ini—

350 1158 486 1188 micitiae
508 1159 602 1189 habet
625 1169 658 1189 se
681 1159 720 1188 ad
744 1169 913 1199 personam
936 1169 992 1198 per
1023 1159 1159 1189 modum
1182 1158 1358 1198 negationis
1382 1165 1412 1190 et

350 1201 571 1239 dissonantiae,
592 1203 631 1232 ad
655 1203 777 1233 malum
800 1213 873 1233 vero
898 1213 953 1242 per
976 1203 1111 1232 modum
1141 1201 1358 1233 affirmationis
1383 1210 1413 1234 et

351 1247 591 1277 consonantiae:
618 1247 730 1277 odium
749 1254 856 1277 autem
879 1246 1133 1282 abominationis,
1152 1256 1168 1276 e
1188 1256 1352 1285 converso,
1372 1247 1411 1277 ad

350 1300 520 1330 personam
544 1301 576 1321 se
599 1291 692 1321 habet
711 1301 766 1330 per
789 1291 923 1320 modum
940 1290 1156 1321 affirmationis
1181 1297 1211 1320 et
1234 1301 1412 1321 consonan—

348 1334 420 1370 tiae,
437 1335 476 1365 ad
500 1335 621 1365 malum
644 1341 750 1365 autem
766 1345 822 1375 per
844 1335 980 1365 modum
1003 1334 1178 1375 negationis
1194 1340 1224 1364 et
1248 1335 1411 1366 dissonan-

349 1378 419 1409 tiae.
437 1378 523 1409 Cum
539 1379 624 1409 enim
641 1379 753 1419 aliquis
776 1379 844 1409 odit
858 1379 989 1418 flagella,
1007 1385 1037 1409 et
1055 1379 1180 1415 similia,
1195 1379 1256 1409 illis
1279 1380 1411 1420 quidem

349 1422 499 1459 dissonat,
515 1430 546 1453 et
568 1433 604 1453 ea
628 1424 665 1453 ab
682 1423 793 1454 affectu
810 1433 869 1453 suo
889 1424 1038 1463 abnegat:
1063 1423 1204 1464 seipsum
1224 1430 1341 1461 autem,
1361 1425 1411 1455 vel

348 1466 483 1497 alterum
509 1467 559 1497 cui
582 1467 635 1497 illa
659 1467 766 1503 nollet,
787 1466 921 1498 affirmat
938 1467 971 1498 in
994 1467 1115 1504 affectu,
1138 1468 1230 1508 eique
1245 1476 1410 1500 consonat.

349 1510 376 1540 E
394 1517 500 1541 contra
523 1521 607 1547 vero,
625 1521 699 1541 cum
723 1511 791 1542 odit
814 1511 885 1552 quis
908 1511 1082 1548 hominem,
1108 1511 1215 1551 ipsum
1239 1512 1369 1552 quidem
1393 1523 1411 1543 a

348 1564 409 1584 suo
426 1554 536 1585 affectu
553 1555 695 1595 abnegat,
715 1555 824 1596 illique
839 1555 996 1587 dissonat:
1017 1556 1072 1586 sed
1087 1555 1179 1586 malis
1194 1555 1278 1586 illius
1295 1567 1409 1587 conso-

349 1605 413 1635 nat,
430 1598 626 1640 affirmatque
649 1599 702 1630 illa
725 1600 758 1630 in
774 1610 834 1630 suo
859 1599 987 1637 affectu,
1012 1601 1080 1631 vult
1103 1600 1188 1631 enim
1207 1600 1253 1630 illi
1275 1601 1408 1632 malum.

349 1643 391 1673 Et
413 1643 438 1673 si
462 1643 625 1683 diligenter
648 1650 858 1684 perscrutatus
882 1644 988 1681 fueris,
1004 1644 1123 1676 videbis
1139 1645 1229 1685 quod
1252 1644 1409 1675 dissimili-

349 1687 428 1717 tudo
452 1687 511 1718 ista
535 1698 600 1718 non
623 1688 722 1719 variat
744 1689 971 1719 dissonantiam
990 1689 1056 1719 odii
1079 1699 1097 1719 a
1120 1689 1206 1719 malo
1230 1689 1354 1720 obiecto
1379 1696 1409 1720 et

349 1740 461 1761 causa:
487 1732 640 1772 quoniam
668 1732 838 1773 utrobique
861 1733 894 1762 id
922 1733 1010 1774 quod
1033 1734 1127 1764 habet
1154 1733 1310 1763 rationem
1332 1734 1408 1764 mali

350 1775 465 1806 obiecti
496 1782 526 1806 et
558 1786 667 1806 causae
692 1776 774 1812 odii,
799 1777 970 1817 abnegatur
993 1778 1031 1807 ab
1055 1777 1166 1808 affectu
1198 1784 1228 1807 et
1259 1777 1407 1809 dissonat.

349 1819 432 1849 Nam
461 1819 494 1849 in
527 1820 602 1851 odio
631 1820 828 1857 inimicitiae,
858 1831 992 1861 persona
1024 1821 1118 1851 habet
1147 1822 1303 1852 rationem
1334 1822 1408 1852 mali

348 1863 463 1893 obiecti
487 1871 516 1894 et
539 1873 667 1895 causae:
691 1871 722 1895 et
744 1865 778 1894 in
801 1865 877 1895 odio
901 1865 1156 1901 abominationis,
1174 1875 1239 1895 non
1263 1876 1407 1905 persona,

1030 205 1295 251 QUAESTIO
1325 207 1466 253 XXIX,
1495 207 1789 243 ARTICULUS
1819 207 1850 242 ΙΙ

1465 282 1497 311 in
1521 293 1627 313 amore
1656 283 1826 322 amicitiae,
1852 284 2011 315 obiectum
2034 293 2176 317 amatum
2207 293 2252 318 est
2276 287 2412 324 amicus;
2437 294 2467 318 et
2490 286 2522 316 in

1466 336 1573 356 amore
1598 327 1878 366 concupiscentiae,
1897 334 1942 358 est
1960 338 2008 359 res
2032 331 2209 371 concupita.

1521 370 1744 401 Universaliter
1766 370 1860 410 igitur
1875 371 1988 402 odium
2012 380 2057 404 est
2081 374 2273 405 dissonantia
2289 385 2307 405 a
2331 375 2416 404 malo
2436 374 2521 404 obie—

1466 419 1529 442 cto:
1556 413 1631 453 quia
1655 420 1780 453 oportet
1795 414 1917 444 malum
1933 415 2092 447 obiectum
2111 428 2177 448 esse
2201 418 2276 448 odio
2293 418 2446 449 habitum.
2463 418 2524 448 Sed

1466 456 1540 495 quia
1560 457 1719 487 diversum
1734 457 1767 486 in
1791 463 1927 498 utroque
1946 460 2021 490 odio
2046 462 2246 492 constituitur
2263 462 2432 497 obiectum,
2449 462 2524 502 quia

1466 499 1561 529 unius
1585 510 1729 539 persona,
1750 501 1875 532 alterius
1898 511 1962 539 res;
1988 504 2118 535 varietas
2141 512 2279 545 apparet,
2300 506 2353 535 sed
2377 515 2443 535 non
2467 511 2522 536 est.

1466 543 1558 573 Unde
1581 543 1742 574 inimicitia
1765 554 1831 575 non
1860 552 1990 577 testatur
2014 549 2102 588 quod
2125 549 2237 579 odium
2261 555 2415 579 consonat
2438 549 2523 579 malo

1466 586 1607 617 obiecto:
1624 588 1678 617 sed
1701 589 1790 628 quod
1805 595 1929 620 tantum
1945 591 2085 622 dissonat
2100 593 2138 622 ab
2155 593 2294 629 inimico,
2312 599 2347 623 ut
2371 598 2525 622 consonet

1465 631 1555 660 malis
1577 631 1671 661 illius.
1689 632 1780 662 Unde
1804 639 1932 664 testatur
1955 644 2104 675 magnam
2128 636 2354 667 dissonantiam
2377 636 2500 666 obiecti.

1522 675 1573 705 IV.
1602 675 1667 705 Nec
1691 675 1822 712 fallaris,
1848 677 1977 708 audiens
2000 679 2112 710 odium
2135 680 2379 711 abominationis
2410 679 2523 710 habere

1465 728 1523 758 pro
1548 718 1672 749 obiecto
1695 729 1778 756 rem,
1803 730 1869 750 non
1892 731 2076 761 personam3
2101 730 2131 762 et
2153 730 2245 764 putes
2269 730 2434 764 propterea
2457 733 2523 754 ma-

1465 768 1545 792 trem
1568 772 1635 792 non
1658 763 1712 793 tali
1735 763 1811 794 odio
1827 764 1940 795 habere
1962 764 2050 802 filias,
2067 766 2182 806 quibus
2198 774 2288 808 optat
2310 774 2457 804 mortem,
2473 767 2524 797 vel

1464 806 1540 846 quia
1556 816 1622 837 non
1638 813 1743 847 potest
1758 807 1830 838 dare
1854 818 1905 838 eas
1920 809 2045 848 nuptui,
2063 810 2122 840 vel·
2136 811 2211 851 quia
2231 812 2401 852 despicitur
2423 821 2441 842 a
2454 811 2523 841 viro

1465 860 1524 880 suo
1549 857 1678 891 propter
1693 861 1753 882 eas.
1771 852 1806 882 In
1823 851 1977 882 similibus
2000 852 2085 882 enim
2104 863 2170 884 non
2190 854 2345 886 habentur
2360 855 2436 886 odio
2453 865 2521 895 per-

1467 904 1562 924 sonae
1579 901 1615 925 ut
1629 905 1793 934 personae,
1810 896 1865 926 sed
1881 903 1917 927 ut
1932 906 1989 927 res.
2008 896 2100 927 Unde
2115 907 2182 927 non
2202 905 2248 929 est
2267 899 2307 929 ad
2321 899 2397 930 tales
2411 899 2523 930 odium

1465 938 1659 975 inimicitiae;
1678 940 1732 969 sed
1755 940 2000 971 abominationis
2025 939 2123 970 solius
2141 940 2222 972 vitae
2245 952 2362 980 earum,
2379 943 2454 984 quia
2477 953 2523 973 re-

1465 988 1586 1021 pugnat
1609 982 1808 1022 dispositioni
1825 993 1942 1021 earum,
1962 984 2013 1015 vel
2037 985 2212 1015 secundum
2226 983 2457 1026 paupertatem,
2473 986 2523 1017 vel

1465 1025 1596 1064 gratiam
1620 1036 1693 1056 cum
1712 1027 1790 1063 viro,
1806 1028 1856 1057 vel
1879 1028 1999 1068 aliquid
2015 1028 2210 1060 huiusmodi.
2229 1029 2262 1059 ln
2280 1030 2369 1061 cuius
2385 1031 2522 1071 signum,

1465 1068 1544 1099 nihil
1567 1069 1643 1100 mali
1666 1070 1727 1100 illis
1750 1071 1867 1101 vellent
1889 1070 1993 1113 (cuius
2017 1072 2204 1112 oppositum
2228 1073 2266 1103 de
2289 1074 2364 1104 odio
2388 1075 2523 1106 inimici-

1451 1111 1526 1157 ·tiae
1549 1113 1693 1144 scribitur
1707 1114 1740 1144 in
1765 1115 1791 1144 ΙΙ
1805 1115 1964 1146 Rhetoric.
1984 1113 2032 1157 *);
2058 1116 2113 1146 sed
2135 1116 2234 1146 vitam
2256 1123 2380 1148 tantum
2403 1128 2522 1155 earum,

1465 1162 1501 1187 ut
1523 1166 1591 1187 rem
1615 1157 1658 1188 eis
1673 1158 1870 1195 contrariam,
1888 1159 2012 1190 nolunt.
2029 1159 2070 1190 Et
2088 1160 2176 1200 quod
2197 1160 2229 1191 in
2254 1161 2397 1201 exemplo
2417 1162 2524 1193 mattis

1465 1207 1495 1230 et
1513 1199 1595 1231 filiae
1619 1202 1718 1238 audis,
1733 1202 1766 1232 in
1791 1203 1899 1233 ceteris
1922 1214 2003 1244 quae
2025 1210 2099 1234 sunt
2122 1204 2244 1234 domini
2267 1205 2307 1235 ad
2329 1215 2445 1242 servos,
2466 1206 2524 1236 viri

1464 1244 1503 1274 ad
1527 1254 1669 1282 uxorem,
1687 1252 1717 1276 et
1736 1246 1949 1277 universaliter
1972 1248 2011 1278 ad
2035 1257 2147 1278 omnes
2168 1248 2244 1278 odio
2264 1248 2388 1279 habitos
2407 1259 2474 1280 non
2489 1256 2526 1281 ut

1464 1298 1618 1329 personae
1634 1297 1717 1326 sunt,
1735 1291 1789 1320 sed
1812 1298 1847 1321 ut
1866 1291 1985 1332 aliquid
2001 1291 2095 1328 illius,
2115 1292 2205 1333 quasi
2229 1299 2421 1324 nocumenta
2440 1300 2523 1330 sunt,

1465 1332 1547 1363 dicta
1570 1333 1735 1374 intelligas.
1752 1334 1800 1365 De
1823 1335 1966 1375 personis
1989 1335 2074 1366 enim
2098 1343 2128 1366 et
2150 1337 2243 1366 rebus
2267 1336 2453 1374 formaliter,
2475 1337 2525 1368 in-

1465 1384 1622 1417 quantum
1639 1378 1756 1409 scilicet
1773 1389 1927 1419 personae
1947 1386 1978 1410 et
1999 1379 2192 1420 inquantum
2214 1390 2273 1416 res,
2289 1381 2429 1422 intellige
2443 1391 2525 1423 quae

1466 1421 1601 1452 diximus
1623 1422 1641 1441 *
1660 1423 1699 1453 de
1722 1423 1851 1454 obiectis
1873 1424 2009 1465 propriis
2033 1424 2198 1465 utriusque
2221 1425 2296 1456 odii.

1517 1466 1584 1496 Nec
1607 1466 1735 1497 obiicias
1758 1467 1836 1497 mihi
1852 1468 1950 1508 quod,
1974 1467 2146 1499 immemor
2168 1469 2422 1509 supradictorum
2443 1467 2463 1488 ‘
2485 1469 2524 1500 de
2549 1476 2559 1485 “

1463 1509 1698 1541 indistinctione
1730 1511 1846 1541 amoris
1878 1511 2032 1542 amicitiae
2063 1519 2094 1543 et
2128 1513 2416 1553 concupiscentiae,
2439 1523 2525 1544 nunc

1464 1563 1560 1594 penes
1591 1554 1713 1585 obiecta
1743 1555 1937 1586 distinxerim
1969 1562 2141 1596 utrumque
2172 1556 2293 1587 odium.
2320 1557 2412 1588 Nosti
2440 1557 2525 1588 enim

1463 1598 1552 1639 quod
1571 1599 1686 1629 bonum
1708 1609 1772 1629 uno
1795 1599 1898 1637 modo,
1914 1605 2026 1639 utpote
2048 1609 2090 1630 ex
2113 1609 2211 1631 causa
2232 1601 2361 1641 integra
2368 1608 2381 1638 ;
2403 1602 2524 1632 malum

1463 1648 1569 1673 autem
1586 1643 1805 1684 omnifariam,
1823 1650 1934 1683 utpote
1954 1653 1995 1674 ex
2003 1644 2260 1683 particularibus
2276 1645 2460 1686 defectibus,
2478 1646 2525 1676 di-

1464 1687 1544 1717 citur
1557 1686 1586 1717 *ἢ
1604 1686 1738 1718 Constat
1754 1693 1861 1718 autem
1882 1688 1971 1728 quod
1991 1698 2082 1718 amor
2097 1698 2134 1718 ex
2151 1695 2240 1728 parte
2263 1688 2349 1725 boni,
2367 1695 2397 1720 et
2413 1689 2526 1720 odium

1464 1742 1501 1762 ex
1523 1738 1611 1772 parte
1634 1730 1723 1767 mali,
1748 1741 1780 1762 se
1803 1738 1897 1762 tenet.
1921 1731 2053 1772 Propter
2075 1733 2178 1773 quod,
2197 1730 2268 1763 'non
2294 1740 2341 1764 est
2359 1733 2477 1764 mirum
2500 1734 2526 1765 si

1463 1776 1536 1806 odia
1560 1775 1797 1816 distinguuntur
1820 1786 1856 1806 ex
1879 1785 2015 1815 persona
2037 1776 2087 1806 vel
2109 1786 2155 1813 re,
2178 1783 2214 1807 ut
2237 1776 2367 1808 obiectis
2389 1777 2525 1818 propriis

1464 1819 1544 1856 odii;
1570 1829 1660 1850 amor
1679 1826 1786 1850 autem
1808 1829 1884 1855 non,
1905 1819 1960 1850 sed
1983 1819 2051 1850 sola
2067 1819 2220 1851 habitudo
2244 1821 2283 1851 ad
2306 1831 2476 1862 personam
2495 1829 2526 1854 et

1463 1874 1531 1894 rem
1553 1864 1764 1894 diversimode
1787 1870 1939 1900 amatam,
1959 1864 1992 1894 in
2015 1864 2159 1904 quolibet
2180 1874 2289 1896 amore
2308 1865 2524 1907 distinguitur,

348 1907 404 1937 sed
425 1917 473 1937 res
498 1908 580 1938 mala
602 1909 696 1939 habet
719 1909 873 1939 rationem
889 1909 964 1939 mali
988 1909 1102 1940 obiecti
1125 1916 1156 1940 et
1179 1918 1303 1940 causae:
1329 1909 1409 1940 sicut
1459 1915 1500 1945 ,ut
1522 1908 1666 1948 superius
1688 1908 1706 1928 *
1729 1908 1922 1939 declaratum
1945 1914 2000 1939 est.

1298 1995 1378 2002 ›vv-v&

1114 2061 1432 2103 ARTICULUS
1462 2061 1760 2103 SECUNDUS

1021 2162 1177 2193 UTRUM
1200 2162 1341 2193 omum
1365 2162 1596 2194 CAUSETUR
1619 2163 1676 2193 Ex
1698 2162 1851 2195 AMORE

1243 2249 1276 2274 IV
1299 2250 1376 2275 Cont.
1395 2251 1486 2280 Gent„
1506 2258 1562 2282 cap.
1580 2257 1630 2274 xix.

373 2363 442 2418 bii*
463 2366 519 2400 μζ
557 2359 580 2384 D
596 2357 786 2383 SECUNDUM
801 2358 854 2382 stc
870 2357 1109 2383 Paocamrua.
1130 2346 1290 2383 Videtur
1305 2346 1410 2395 quod

380 2390 537 2459 §.5¹54
558 2412 668 2437 amor
695 2411 773 2436 non
793 2399 839 2435 sit
858 2411 972 2436 causa
992 2398 1080 2436 odii.
1110 2400 1170 2436 Ea
1190 2399 1292 2436 enim
1314 2411 1411 2448 quae

365 2457 402 2511 ,y
425 2469 478 2488 κη
505 2452 608 2495 r'ex
635 2452 801 2501 opposito
829 2452 1056 2498 dividuntur,
1086 2452 1308 2489 naturaliter
1325 2458 1412 2489 sunt

403 2481 491 2534 ᾗ
515 2499 686 2551 Krimul,
721 2513 763 2541 ut
800 2504 934 2541 dicitur
966 2505 1003 2541 in
1038 2505 1355 2542 Raedicamentis
1375 2506 1407 2542 *.

347 2561 423 2598 Sed
451 2573 560 2597 amor
589 2566 626 2595 et
653 2558 799 2604 odium,
830 2570 919 2595 cum
948 2557 1020 2594 sint
1049 2557 1246 2606 contraria,
1278 2570 1323 2595 ex
1342 2571 1410 2608 op-

345 2614 470 2663 posito
510 2612 738 2650 dividuntur.
773 2611 874 2659 Ergo
911 2610 1127 2647 naturaliter
1164 2619 1251 2648 sunt
1283 2611 1407 2648 simul.

346 2667 438 2704 Non
467 2678 555 2714 ergo
585 2677 695 2702 amor
723 2671 779 2701 est
807 2676 920 2701 causa
949 2663 1038 2700 odii.

401 2732 435 2757 2.
458 2721 690 2764 PRAETEREA,
710 2729 832 2754 unum
853 2717 1129 2754 contrariorum
1149 2729 1228 2754 non
1248 2724 1304 2753 est
1323 2728 1409 2754 cau-

347 2785 389 2809 sa
417 2772 576 2809 alterius.
613 2771 690 2808 Sed
723 2782 833 2808 amor
866 2778 902 2807 et
933 2769 1065 2807 odium
1095 2777 1181 2806 sunt
1210 2770 1407 2807 contraria.

347 2826 449 2874 Ergo
483 2837 594 2862 amor
621 2836 699 2861 non
728 2831 784 2860 est
812 2835 926 2860 causa
954 2822 1031 2860 odii
1059 2827 1088 2859 α.

403 2880 436 2916 3.
458 2880 691 2925 PRAETEREA,
720 2876 907 2925 posterius
927 2887 1006 2913 non
1035 2882 1091 2912 est
1119 2887 1232 2912 causa
1260 2875 1408 2924 prioris.

349 2931 426 2968 Sed
442 2931 574 2968 odium
591 2938 647 2967 est
660 2930 764 2979 prius
779 2941 924 2977 amore,
935 2936 977 2966 ut
991 2928 1156 2966 videtur:
1174 2941 1264 2965 nam
1276 2928 1408 2966 odium

347 2984 526 3033 importat
553 2995 747 3021 recessum
768 2995 790 3019 a
809 2983 923 3029 malo,
954 2994 1064 3019 amor
1090 2994 1184 3019 vero
1214 2993 1409 3018 accessum

349 3037 396 3074 ad
426 3037 583 3073 bonum.
614 3037 715 3083 Ergo
745 3047 855 3072 amor
882 3047 961 3072 non
990 3042 1046 3071 est
1071 3047 1185 3071 causa
1214 3034 1301 3071 odii.

403 3090 476 3126 SED
497 3101 642 3126 CONTRA
666 3101 731 3125 EST
756 3088 860 3136 quod
889 3088 976 3125 dicit
994 3087 1237 3135 Augustinus,
1258 3087 1347 3124 XIV
1366 3087 1412 3124 de

354 3143 432 3179 (Σίν.
453 3143 528 3179 Dei
547 3143 577 3188 ²¹⁸,
599 3143 703 3190 quod
733 3153 868 3178 omnes
894 3141 1115 3177 affectiones
1144 3147 1347 3177 causantur
1365 3151 1411 3177 ex

350 3207 493 3232 amore.
529 3196 631 3242 Ergo
661 3202 698 3230 et
726 3194 874 3241 odium,
905 3206 992 3233 curn
1021 3193 1068 3230 sit
1101 3193 1292 3242 quaedam
1319 3193 1410 3230 affe-

350 3249 422 3286 ctio
451 3248 614 3292 animae‚
646 3254 820 3284 causatur
847 3259 893 3283 ex
921 3258 1063 3283 amore.

402 3303 628 3338 RESPONDEO
652 3311 836 3337 Dici-:nuum
865 3300 982 3348 quod,
1013 3299 1108 3336 sicut
1136 3298 1279 3336 dictum
1310 3305 1365 3335 est
1378 3297 1409 3347 ²⁸²,

350 3366 460 3392 amor
487 3353 655 3392 consistit
683 3353 721 3390 in
749 3353 917 3402 quadam
955 3352 1217 3389 convenientia
1250 3351 1411 3389 amantis

350 3407 398 3445 ad
427 3415 608 3454 amatum,
639 3405 772 3444 odium
800 3417 893 3443 vero
924 3405 1091 3442 consistit
1110 3405 1149 3442 in
1169 3405 1335 3454 quadam
1354 3417 1411 3442 re-

1462 2346 1669 2395 pugnantia
1687 2347 1749 2383 vel
1771 2347 2014 2384 dissonantia.
2045 2348 2208 2396 Oportet
2225 2353 2352 2384 autern
2371 2346 2410 2385 in
2429 2360 2524 2396 quo-

1462 2398 1553 2435 libet
1579 2399 1682 2448 prius
1712 2399 1951 2437 considerare
1979 2400 2071 2448 quid
2101 2400 2134 2436 ei
2163 2400 2378 2448 conveniat,
2407 2412 2524 2449 quam

1463 2451 1554 2500 quid
1584 2452 1617 2488 ei
1645 2460 1849 2501 repugnet:
1879 2464 1947 2501 per
1973 2453 2048 2490 hoc
2077 2452 2179 2491 enim
2209 2452 2350 2502 aliquid
2379 2461 2434 2490 est
2466 2463 2524 2490 re-

1462 2516 1636 2554 pugnans
1666 2505 1791 2552 alteri,
1821 2506 1909 2554 quia
1938 2513 1993 2542 est
2021 2505 2280 2554 corruptivum
2314 2506 2377 2542 vel
2405 2506 2525 2555 impe-

1463 2557 1624 2595 ditivum
1653 2557 1732 2594 eius
1761 2558 1866 2606 quod
1887 2565 1943 2595 est
1962 2558 2206 2595 conveniens.
2237 2558 2349 2595 Unde
2368 2570 2524 2596 necesse

1463 2617 1519 2647 est
1547 2609 1652 2660 quod
1681 2622 1790 2647 amor
1818 2610 1864 2647 sit
1881 2610 1986 2659 prior
2003 2610 2114 2657 odio;
2146 2618 2182 2647 et
2200 2610 2306 2660 quod
2324 2611 2415 2647 nihil
2434 2610 2524 2648 odio

1462 2663 1657 2711 habeatur,
1687 2662 1758 2700 nisi
1785 2675 1854 2712 per
1880 2664 1955 2700 hoc
1983 2664 2089 2712 quod
2118 2663 2366 2700 contrariatur
2385 2674 2525 2701 conve-

1463 2715 1579 2753 nienti
1612 2715 1717 2764 quod
1751 2723 1911 2753 amatur.
1950 2717 2000 2753 Et
2036 2716 2247 2755 secundum
2283 2717 2378 2765 hoc,
2409 2726 2525 2754 omne

1463 2769 1595 2806 odium
1625 2781 1670 2805 ex
1698 2781 1830 2806 amore
1860 2777 2045 2807 causatur.

1516 2824 1574 2859 AD
1594 2833 1732 2859 ramum
1751 2834 1849 2859 ERGO
1869 2834 2054 2860 DICENDUM
2068 2822 2088 2844 ⁵¹⁸
2102 2822 2208 2871 quod
2226 2822 2264 2859 in
2282 2822 2340 2859 his
2360 2833 2460 2870 quae
2480 2833 2525 2859 ex

1465 2875 1640 2924 opposito
1672 2874 1908 2924 dividuntur,
1938 2875 2129 2924 quaedam
2157 2873 2400 2912 inveniuntur
2427 2886 2526 2923 quae

1465 2935 1551 2965 sunt
1578 2927 1796 2965 naturaliter
1829 2928 1940 2965 simul
1971 2936 2007 2966 et
2034 2928 2247 2966 secundum
2277 2940 2375 2975 rem,
2407 2934 2442 2965 et
2469 2939 2526 2965 se-

1465 2981 1634 3018 cundum
1664 2979 1874 3018 rationem:
1903 2981 1997 3018 sicut
2029 2981 2126 3019 duae
2159 2981 2304 3031 species
2332 2980 2524 3028 animalis,

1465 3035 1526 3071 vel
1565 3034 1662 3071 duae
1699 3034 1844 3083 species
1882 3034 2028 3071 coloris.
2068 3034 2270 3081 Quaedam
2306 3046 2402 3071 vero
2440 3039 2527 3070 sunt

1465 3087 1578 3124 simul
1606 3087 1820 3124 secundum
1848 3087 2046 3134 rationem,
2077 3087 2144 3124 sed
2163 3099 2285 3124 unum
2305 3086 2453 3124 realiter
2471 3093 2527 3123 est

1464 3140 1568 3188 prius
1597 3141 1715 3177 altero
1745 3147 1781 3177 et
1809 3151 1923 3177 causa
1951 3140 2053 3177 eius:
2083 3140 2178 3177 sicut
2204 3147 2307 3188 patet
2325 3140 2365 3177 in
2383 3138 2525 3189 specie-

1465 3194 1536 3230 bus
1564 3205 1831 3240 numerorum,
1861 3193 2070 3240 figurarum
2103 3201 2141 3230 et
2172 3200 2361 3230 motuum.
2398 3192 2524 3239 Quae—

1466 3246 1556 3283 dam
1584 3258 1678 3283 vero
1707 3258 1787 3283 non
1818 3253 1906 3283 sunt
1937 3245 2049 3282 simul
2077 3258 2149 3282 nec
2182 3245 2394 3283 secundum
2421 3251 2522 3291 rem,

1465 3311 1536 3336 nec
1564 3299 1776 3336 secundum
1805 3298 2002 3346 rationem,
2032 3298 2126 3335 sicut
2148 3299 2356 3336 substantia
2375 3304 2412 3334 et
2429 3295 2523 3334 acci-

1466 3352 1580 3389 dens:
1610 3364 1700 3389 nam
1729 3351 1936 3389 substantia
1964 3351 2112 3389 realiter
2132 3358 2188 3390 est
2215 3363 2329 3390 causa
2352 3349 2524 3388 acciden-

1464 3404 1529 3452 tis;
1561 3412 1596 3442 et
1625 3418 1692 3443 ens
1720 3405 1932 3442 seeundum
1966 3405 2152 3442 rationem
2185 3404 2288 3454 prius
2315 3402 2524 3441 attribuitur

403 3522 430 3554 α)
451 3523 526 3555 &go
544 3529 621 3547 amor
639 3529 690 3546 non
710 3524 750 3546 est
766 3527 848 3547 causa
866 3521 930 3546 odii.
948 3534 967 3540 —
987 3521 1060 3553 Ergo
1079 3524 1127 3545 etc.
1147 3521 1193 3545 Pa.

2550 1126 2560 1135 '¹
2575 1125 2632 1153 Cap.
2646 1131 2676 1152 ιν,
2691 1131 2717 1147 n.
2729 1130 2760 1153 ³¹·

2551 1425 2562 1437 ⁸
2575 1425 2647 1448 Num.
2655 1425 2761 1454 praeced.

2602 1480 2625 1496 u.
2638 1480 2704 1502 xxvi,
2719 1477 2763 1497 art.

2551 1508 2574 1528 4,
2625 1503 2722 1523 ument-

2551 1697 2563 1709 ·
2571 1684 2763 1719 ‹irari-imre.

2553 1723 2593 1746 lib.
2603 1723 2633 1751 11,
2686 1729 2761 1751 .n,n.

2551 1756 2597 1798 ¹vii:
2610 1755 2714 1804 ⁸furum.
2733 1776 2764 1798 de

2551 1802 2605 1824 Diu.
2619 1801 2695 1830 Nom„
2710 1808 2762 1831 cap.

2551 1835 2625 1877 1:¹3:-
2638 1828 2682 1851 Th.
2709 1829 2761 1851 lect.

2552 1893 2561 1901 '
2602 1896 2626 1912 u.
2641 1896 2705 1917 xxvi,
2719 1893 2763 1912 art.

2550 1923 2575 1944 4,
2625 1919 2723 1939 minent.

2550 2830 2624 2853 ’Vide
2629 2830 2762 2853 Commeat.

2551 2857 2622 2882 edet.
2628 2860 2736 2886 poet-art.
2740 2863 2763 2886 3.
