2852 4152
120 393 129 403 ·
143 392 168 413 In
183 397 293 419 corpore.

116 2497 128 2509 ⁸
135 2496 261 2519 S.Th.lect.
268 2502 327 2518 xxn.

118 2921 127 2930 ·
149 2919 208 2941 Vide
229 2919 288 2941 Part.
310 2920 327 2945 1,

119 2952 157 2974 qu.
171 2952 194 2973 v,
209 2949 250 2968 art.
265 2951 285 2973 5.

117 3231 129 3243 ’
142 3232 194 3254 Art.
208 3231 315 3260 praeced.

1021 303 1455 351 QUAESTIO‘XVIII,
1485 302 1779 339 ARTlCULUS
1808 303 1858 341 XI

358 388 400 426 ut
427 373 619 429 quaedam
649 380 814 417 conditio
843 381 991 429 obiecti,
1013 382 1107 418 sicut
1135 381 1277 418 dictum
1307 388 1362 418 est
1382 381 1413 428 ²¹⁸,

323 474 326 478 ,
362 441 398 470 et
425 432 532 482 quasi
561 433 750 482 quaedam
778 434 955 482 specifica
983 434 1192 471 differentia
1220 433 1312 471 eius.

413 487 471 523 AD
500 497 688 523 SECUNDUM
712 497 894 523 DICENDUM
914 487 1020 534 quod
1040 486 1318 524 circumstantia
1336 498 1415 523 ma-

359 550 455 576 nens
482 538 521 575 in
548 537 692 575 ratione
727 538 1041 586 circumstantiae,
1072 552 1159 577 cum
1193 538 1332 577 habeat
1359 551 1415 576 ra-

359 591 504 644 tionem
530 590 744 637 accidentis,
766 603 845 628 non
864 591 927 628 dat
955 592 1143 640 speciem:
1172 592 1240 629 sed
1259 591 1416 640 inquan-

360 651 442 680 tum
466 650 632 679 mutatur
659 643 697 680 in
725 643 971 702 principalem
993 644 1247 681 conditionem
1267 644 1415 711 obiecti,

362 695 571 732 secundum
600 695 674 732 hoc
703 696 767 733 dat
794 696 972 745 speciem.
1118 707 1120 710 ’

2451 304 2521 349 139

1469 380 1606 417 stantia¹
1632 379 1820 425 constituit
1847 388 1973 417 actum
1994 380 2177 417 moralem
2198 381 2235 417 in
2255 381 2378 429 aliqua
2399 380 2522 429 specie

1469 433 1561 470 boni
1587 434 1650 479 vel
1678 433 1784 470 mali:
1814 433 1901 470 curn
1925 445 2003 470 non
2032 433 2220 481 quaelibet
2248 433 2523 471 circumstantia

1468 486 1647 535 importet
1665 485 1831 534 aliquam
1856 485 2143 524 consonantiam
2170 486 2232 522 vel
2253 485 2523 522 dissonantiam

1471 538 1519 576 ad
1547 538 1742 576 rationem.
1758 538 1882 581 ,Unde
1910 550 1989 575 non
2013 545 2173 586 oportet,
2193 537 2277 574 licet
2296 537 2366 574 sint
2383 538 2522 574 multae

1472 591 1771 628 circumstantiae
1798 591 1911 628 unius
1939 599 2059 637 actus,
2089 590 2193 649 quod
2220 601 2319 626 unus
2348 597 2452 626 actus
2480 590 2524 627 sit

1471 642 1509 680 in
1536 643 1707 702 pluribus
1734 643 1944 692 speciebus.
1974 643 2079 689 Licet
2102 642 2215 679 etiam
2235 642 2314 679 non
2332 642 2378 678 sit
2395 642 2523 678 incon-

1469 696 1629 733 veniens
1657 697 1759 745 quod
1787 709 1886 734 unus
1909 703 2020 733 actus
2048 695 2201 733 moralis
2221 694 2266 731 sit
2291 694 2329 731 in
2353 694 2524 743 pluribus

413 749 472 786 AD
491 759 650 794 TERTnJM
670 760 853 786 DICENDUM
873 749 978 798 quod
1002 762 1079 786 non
1108 749 1231 786 omnis
1260 748 1418 786 circum·
1467 748 1670 800 speciebus
1699 749 1815 787 moris
1842 749 1955 788 etiam
1975 747 2181 798 disparatis,
2201 755 2243 784 ut
2262 747 2403 784 dictum
2424 754 2479 783 est
2492 746 2523 783 *ζ

1104 873 1420 934 ARTlCULUS
1450 872 1781 952 UNDECIMUS

682 974 836 1007 UTRUM
859 976 990 1008 OMNIS
1014 975 1369 1007 CIRCUMSTANTIA
1391 974 1576 1007 AUGENS·
1585 973 1842 1006 BONITATEM
1865 975 1948 1007 VEL
1970 974 2200 1012 MALITIAM,
2238 950 2240 952 ι

803 1019 1081 1052 CONSTITUAT
1105 1019 1259 1050 ACTUM
1282 1018 1496 1050 MORALEM
1519 1018 1562 1050 IN
1586 1016 1731 1050 SPECIE
1753 1019 1854 1050 ΒΟΝΙ
1873 1019 1957 1050 VEL
1980 1019 2083 1051 MALI

702 1125 704 1127 Ι
755 1089 828 1121 Infra,
847 1097 892 1122 qu.
910 1097 998 1119 Lunx,
1018 1094 1065 1114 art.
1079 1096 1109 1122 73
1129 1089 1163 1114 IV
1182 1089 1268 1118 Sent„
1287 1089 1346 1113 dist.
1365 1096 1418 1119 xvx,
1437 1096 1482 1121 qu.
1499 1094 1604 1129 ,Infim-
1625 1081 1658 1119 2,
1671 1090 1718 1121 qu·
1734 1088 1761 1120 33
1782 1089 1823 1114 De
1841 1089 1923 1118 Malo,
1943 1097 1986 1122 qu.
2000 1082 2034 1120 11,
2047 1095 2093 1114 art.
2106 1097 2130 1121 7.

479 1196 542 1266 ,ᾖ
557 1181 591 1205 ‚D
608 1180 816 1216 UNDECIMUM
831 1181 884 1205 sm
899 1168 1299 1206 pa‘ocmeNidetur
1313 1167 1416 1216 quod

544 1222 693 1259 omnis
723 1221 1001 1259 circumstantia
1021 1221 1212 1270 pertinens
1231 1214 1280 1257 ad
1308 1220 1416 1257 boni-

423 1316 425 1318 ,
470 1307 474 1310 ,
508 1230 685 1315 ¹'‘Aiftatem
711 1275 774 1311 vel
808 1274 999 1324 malitiam,
1020 1274 1083 1311 det
1109 1273 1276 1322 speciem
1306 1273 1414 1310 actui.

413 1322 504 1357 ΓὌ
528 1318 720 1366 &Bonum
755 1326 859 1362 enim
888 1333 925 1362 et
950 1326 1094 1363 malum
1126 1333 1213 1362 sunt
1241 1325 1416 1362 differen-

358 1379 431 1416 tiae
459 1379 659 1427 specificae
688 1377 892 1415 moralium
921 1386 1087 1414 actuum.
1109 1378 1226 1423 Quod
1255 1388 1344 1424 ergo
1364 1378 1415 1413 fa-

357 1430 690 1468 citdifferentiam
718 1430 756 1466 in
791 1429 967 1466 bonitate
993 1431 1054 1466 vel
1088 1429 1229 1465 malitia
1262 1429 1416 1465 moralis

358 1490 479 1529 actus,
509 1483 596 1519 facit
628 1482 778 1519 differre
813 1482 1025 1519 secundum
1055 1482 1304 1519 differentiam
1333 1494 1416 1529 spe-

358 1535 527 1582 cificam,
562 1535 667 1582 quod
705 1542 759 1571 est
797 1535 948 1571 differre
986 1535 1199 1571 secundum
1236 1534 1415 1582 speciem.

357 1588 435 1625 Sed
462 1588 500 1624 id
530 1588 635 1636 quod
664 1587 767 1624 addit
794 1587 832 1624 in
861 1587 1029 1624 bonitate
1047 1588 1109 1624 vel
1138 1587 1278 1623 malitia
1298 1595 1414 1634 actus,

355 1640 443 1678 facit
479 1640 630 1678 differre
669 1641 880 1678 secundum
917 1641 1123 1677 bonitatem
1158 1647 1195 1676 et
1222 1639 1414 1676 malitiam.

355 1694 458 1742 Ergo
473 1693 561 1744 facit
575 1693 725 1730 differre
746 1694 957 1730 secundum
978 1693 1156 1742 speciem.
1173 1693 1274 1740 Ergo
1291 1691 1415 1728 omnis

356 1746 632 1784 circumstantia
649 1746 852 1786 addenssin
872 1746 1037 1783 bonitate
1056 1747 1118 1782 vel
1137 1745 1279 1782 malitia
1298 1753 1414 1792 actus,

357 1799 547 1836 constituit
574 1799 753 1848 speciem.

410 1863 445 1889 2.
460 1853 694 1899 PRAETEREA,
707 1859 770 1889 aut
784 1851 1062 1888 circumstantia
1077 1851 1285 1887 adveniens
1300 1851 1415 1887 habet

354 1905 393 1942 in
417 1917 457 1941 se
477 1905 643 1953 aliquam
664 1905 849 1942 rationem
871 1904 1046 1940 bonitatis
1068 1904 1131 1941 vel
1155 1903 1329 1950 malitiae,
1351 1911 1415 1940 aut

355 1958 449 1995 non.¹
477 1957 516 1995 Si
545 1971 635 2005 non,
665 1970 744 1994 non
771 1965 896 2006 potest
925 1957 1064 1994 addere
1090 1957 1128 1993 in
1156 1957 1323 1993 bonitate
1350 1957 1413 1993 vel

355 2010 497 2047 malitia
525 2019 650 2048 actus:
680 2011 769 2058 quia
802 2010 907 2058 quod
941 2023 1019 2047 non
1053 2018 1107 2046 est
1139 2010 1306 2056 bonum,
1336 2022 1413 2046 non

353 2070 479 2112 potest
515 2064 639 2100 facere
673 2063 797 2100 maius
834 2064 1002 2108 bonum;
1037 2070 1072 2098 et
1105 2063 1210 2111 quod
1243 2075 1321 2099 non
1360 2070 1415 2098 est

355 2117 512 2163 malurn,
533 2128 612 2153 non
639 2123 764 2164 potest
791 2116 914 2152 facere
943 2115 1066 2152 maius
1094 2116 1249 2152 malum.
1282 2115 1320 2152 Si
1349 2127 1414 2151 au-

355 2176 432 2206 tem
457 2169 575 2211 habet
602 2168 639 2205 in
668 2181 708 2205 se
737 2168 923 2205 rationem
952 2168 1128 2204 bonitatis
1146 2169 1207 2205 vel
1236 2167 1412 2214 malitiae,

357 2234 402 2258 ex
429 2222 504 2258 hoc
536 2221 619 2270 ipso
653 2222 768 2258 habet
805 2221 998 2269 quandam
1031 2221 1198 2269 speciem
1232 2221 1324 2257 boni
1351 2221 1414 2257 vel

356 2275 457 2311 mali.
495 2275 597 2322 Ergo
632 2274 757 2311 omnis
791 2273 1069 2310 circumstantia
1101 2285 1242 2321 augens
1272 2273 1415 2310 bonita-

355 2335 432 2364 tem
460 2327 522 2364 vel
550 2327 743 2374 malitiam,
765 2326 955 2363 constituit
973 2339 1115 2362 novam
1136 2326 1303 2374 speciem
1324 2326 1416 2363 boni

354 2380 417 2416 vel
445 2379 547 2416 mali.

411 2433 444 2469 3.
474 2433 717 2479 PRAETEREA,
747 2430 958 2468 secundum
987 2431 1238 2479 Dionysium,
1268 2443 1303 2467 ιν
1331 2443 1415 2479 cap.

355 2485 401 2522 de
419 2485 506 2522 Div.
528 2485 645 2522 Nom.
665 2484 701 2531 ³¹⁶,
731 2484 874 2521 malum
898 2490 1076 2520 causatur
1094 2496 1144 2520 ex
1161 2484 1417 2533 singularibus

356 2538 568 2587 defectibus.
599 2537 801 2584 Quaelibet
829 2543 956 2573 autem
980 2536 1258 2573 circumstantia
1287 2549 1416 2584 aggra-

355 2603 451 2628 vans
480 2590 678 2637 malitiam,
707 2590 822 2626 habet
849 2589 1053 2638 specialem
1081 2590 1283 2626 defectum.
1314 2591 1415 2636 Ergo

357 2643 547 2692 quaelibet
580 2641 856 2679 circumstantia
884 2647 901 2663 α
938 2642 1041 2678 addit
1073 2654 1216 2678 novam
1251 2642 1417 2690 speciem

355 2696 512 2744 peccati.
533 2697 582 2732 Et
610 2696 744 2732 eadem
773 2695 932 2741 ratione,
957 2694 1148 2743 quaelibet
1175 2707 1316 2741 augens
1349 2696 1416 2731 bo-

357 2748 532 2795 nitatem,
561 2748 712 2785 videtur
749 2747 888 2784 addere
926 2759 1069 2783 novam
1103 2746 1269 2795 speciem
1303 2747 1414 2784 boni:

358 2801 452 2838 sicut
474 2801 664 2850 quaelibet
684 2800 808 2837 unitas
828 2799 953 2837 addita
973 2811 1146 2847 numerO,
1167 2799 1253 2836 facit
1272 2813 1415 2837 novam

358 2853 524 2903 speciem
562 2853 732 2898 numeri3
762 2853 908 2889 bonum
944 2852 1045 2889 enim
1079 2852 1246 2889 consistit
1282 2853 1318 2889 in
1349 2866 1415 2890 nu-

357 2919 477 2952 mero,
501 2906 669 2955 pondere
696 2911 731 2942 et
756 2917 932 2941 mensura
959 2905 989 2941 ²¹⁸.

411 2960 484 2996 SED
508 2970 664 3005 CONTRA,
691 2957 811 3005 magis
840 2965 876 2994 et
903 2956 1028 2994 minus
1054 2970 1132 2994 non
1161 2958 1416 2995 diversificant

357 3012 535 3061 speciem.
571 3012 647 3049 Sed
680 3011 799 3058 magis
833 3018 868 3046 et
896 3010 1021 3046 minus
1050 3017 1105 3046 est
1138 3010 1415 3047 circumstantia

357 3065 501 3102 addens
529 3065 567 3101 in
595 3064 760 3101 bonitate
787 3064 849 3100 vel
878 3063 1027 3100 malitia.
1058 3063 1159 3110 Ergo
1180 3075 1257 3100 non
1288 3062 1412 3099 omnis

358 3117 636 3154 circumstantia
661 3116 805 3154 addens
824 3116 862 3152 in
882 3115 1048 3152 bonitate
1068 3116 1130 3151 vel
1150 3115 1301 3161 malitia,
1324 3127 1412 3152 con-

357 3171 470 3208 stituit
499 3178 624 3207 actum
653 3170 838 3207 moralem
872 3169 910 3205 in
943 3168 1067 3216 specie
1104 3168 1195 3204 boni
1222 3168 1283 3204 vel
1308 3168 1410 3205 mali.

410 3225 634 3260 ResPONDEo
663 3234 846 3259 DICENDUM
870 3222 990 3270 quod,
1012 3221 1106 3257 sicut
1134 3220 1276 3257 dictum
1305 3228 1360 3256 est
1378 3220 1408 3267 ⁹²⁶,

1471 1169 1751 1205 circumstantia
1784 1169 1847 1205 dat
1883 1170 2048 1219 speciem
2083 1170 2174 1206 boni
2201 1171 2272 1218 ⁴vel
2306 1170 2524 1207 maliactui

1469 1221 1622 1267 morali,
1646 1221 1884 1270 'inquantum
1922 1222 2074 1270 respicit
2109 1223 2311 1270 specialem
2339 1223 2522 1260 ordinem

1470 1274 1634 1311 radonis.
1669 1274 1860 1322 Contingit
1892 1275 2019 1313 autem
2052 1276 2282 1323 quandoque
2320 1275 2422 1324 quod
2457 1275 2523 1312 cir-

2551 735 2602 756 Art.
2613 741 2635 763 7,
2649 735 2704 760 adi:
2720 742 2759 764 qu.

2553 768 2568 788 1,
2584 765 2625 783 art.
2640 768 2660 790 3,
2675 762 2703 783 ad
2717 769 2737 790 3.

1470 1326 1694 1363 cumstantia
1716 1339 1794 1363 non
1822 1327 1970 1375 respicit
1999 1327 2170 1364 ordinem
2190 1327 2344 1364 rationis
2362 1328 2400 1364 in
2419 1329 2522 1365 bono
2562 1356 2566 1360 ,

1469 1379 1531 1414 vel
1554 1380 1669 1425 malo,
1690 1379 1758 1415 nisi
1785 1380 2072 1428 praesupposita
2100 1379 2205 1417 alia?
2234 1380 2522 1427 circumstantia,

1470 1442 1492 1466 a
1512 1442 1587 1478 qua
1607 1439 1710 1467 actus
1739 1432 1891 1468 moralis
1914 1433 2028 1469 habet
2047 1433 2213 1481 speciem
2232 1433 2323 1470 boni
2341 1433 2403 1469 vel
2422 1433 2522 1469 mali.

1472 1482 1575 1518 Sicut
1589 1484 1718 1519 tollere
1734 1484 1873 1531 aliquid
1892 1485 1930 1521 in
1946 1497 2083 1532 magna
2097 1486 2300 1534 quantitate
2315 1486 2376 1523 vel
2392 1498 2522 1534 parva,

1471 1547 1549 1571 non
1578 1535 1727 1583 respicit
1755 1537 1928 1572 ordinem
1957 1538 2110 1574 rationis
2139 1539 2176 1574 in
2205 1539 2307 1574 bono
2327 1539 2388 1575 vel
2408 1539 2522 1585 malo,

1471 1587 1540 1623 nisi
1555 1589 1843 1636 praesupposita
1859 1589 1982 1637 aliqua
1998 1590 2068 1626 alia
2084 1591 2309 1637 conditione,
2325 1603 2393 1639 per
2408 1603 2523 1639 quam

1471 1647 1574 1676 actus
1602 1640 1741 1676 habeat
1768 1641 1950 1677 malitiam
1982 1643 2044 1678 vel
2074 1643 2301 1679 bonitatem:
2331 1651 2422 1691 puta
2449 1644 2524 1679 hoc

1471 1692 1575 1740 quod
1613 1700 1668 1728 est
1703 1704 1783 1729 esse
1813 1693 1999 1740 alienum,
2030 1695 2139 1743 quod.
2168 1703 2350 1743 repugnat
2377 1696 2522 1732 rationi.

1469 1745 1580 1781 Unde
1609 1745 1738 1781 tollere
1768 1745 1932 1782 alienum
1955 1746 1993 1783 in
2016 1759 2153 1795 magna
2180 1749 2241 1784 vel
2262 1761 2379 1796 parva
2408 1761 2524 1795 quan-

1468 1797 1581 1844 titate,
1603 1810 1681 1834 non
1702 1798 1929 1835 diversificat
1948 1799 2114 1847 speciem
2129 1801 2441 1848 peccati.Tamen
2455 1813 2523 1848 po-

1469 1858 1539 1886 test
1558 1862 1761 1897 aggravare
1791 1853 1852 1888 vel
1878 1851 2086 1888 diminuere
2107 1861 2318 1900 peccatum.
2349 1854 2397 1889 Et
2424 1853 2524 1889 simi-

1468 1903 1549 1939 liter
1569 1910 1623 1939 est
1646 1903 1684 1939 in
1704 1903 1783 1940 aliis
1804 1904 1912 1940 malis
1931 1905 1992 1941 vel
2013 1905 2133 1942 bonis.
2163 1906 2274 1942 Unde
2302 1918 2379 1942 non
2400 1906 2523 1942 omnis

1469 1955 1747 1992 circumstantia
1769 1957 1913 1993 addens
1940 1957 1978 1994 in
2007 1958 2172 1995 bonitate
2197 1959 2258 1996 vel
2288 1958 2438 2005 malitia,
2458 1971 2524 1996 va-

1469 2008 1535 2044 riat
1562 2008 1729 2056 speciem
1758 2009 1910 2046 moralis
1939 2017 2054 2046 actus.

1521 2063 1579 2097 AD
1609 2073 1744 2098 PRIMUM
1772 2073 1869 2098 ERGO
1906 2074 2089 2099 DICENDUM
2128 2063 2231 2111 quod
2258 2064 2295 2099 in
2330 2064 2387 2100 his
2425 2076 2521 2112 quae

1466 2113 1711 2150 intenduntur
1739 2121 1774 2150 et
1803 2114 2051 2161 remittuntur,
2073 2115 2280 2152 differentia
2304 2116 2522 2153 intensionis

1469 2173 1505 2202 et
1533 2166 1762 2203 remissionis
1795 2179 1873 2203 non
1909 2167 2137 2204 diversificat
2164 2169 2330 2217 speciem
2358 2169 2399 2205 *τ
2429 2169 2523 2205 sicut

1469 2219 1572 2267 quod
1602 2219 1724 2255 differt
1751 2219 1789 2255 in
1817 2220 1991 2256 albedine
2012 2221 2221 2257 secundum
2250 2221 2368 2268 magis
2398 2229 2434 2258 et
2452 2222 2521 2258 mi-

1468 2284 1559 2317 nus,
1589 2284 1667 2308 non
1695 2271 1818 2308 differt
1854 2273 2064 2309 secundum
2102 2274 2266 2321 speciem
2297 2274 2444 2310 coloris.
2474 2275 2523 2310 Et

1468 2323 1636 2374 similiter
1656 2324 1760 2372 quod
1779 2325 1864 2361 facit
1885 2324 2139 2362 diversitatem
2159 2326 2196 2362 in
2217 2326 2319 2362 bono
2339 2327 2401 2363 vel
2421 2328 2522 2363 malo

1469 2377 1680 2413 secundum
1701 2376 1955 2414 intensionem
1982 2385 2018 2414 et
2045 2378 2321 2425 remissionem,
2342 2391 2419 2421 non
2439 2379 2524 2416 facit

1470 2428 1722 2469 differentiam
1750 2430 1903 2466 moralis
1932 2438 2035 2467 actus
2064 2432 2275 2468 secundum
2304 2431 2482 2480 speciem.

1522 2483 1581 2518 AD
1609 2494 1798 2519 SECUNDUM
1826 2495 2009 2520 DICENDUM
2038 2484 2142 2531 quod
2167 2484 2444 2521 circumstantia
2463 2497 2523 2532 ag-

1470 2547 1631 2582 gravans
1658 2543 1870 2584 peccatum,
1899 2537 1961 2572 vel
1990 2548 2131 2583 augens
2160 2537 2368 2573 bonitatem
2398 2544 2521 2584 actus,

1470 2588 1700 2635 quandoque
1725 2601 1816 2625 ¹non
1852 2589 1967 2625 habet
1998 2589 2205 2626 bonitatem
2242 2589 2304 2626 vel
2342 2589 2522 2626 malitiam

1470 2640 1682 2676 secundum
1711 2653 1762 2687 se,
1785 2641 1850 2677 sed
1878 2653 1947 2689 per
1975 2641 2148 2678 ordinem
2177 2641 2226 2678 ad
2253 2641 2366 2678 aliam
2396 2642 2523 2679 condi-

1469 2693 1611 2729 tionem
1641 2700 1755 2739 actus,
1781 2701 1822 2730 ut
1851 2694 1992 2730 dictum
2022 2701 2076 2730 est
2102 2693 2132 2730 ²⁸.
2163 2695 2212 2730 Et
2237 2694 2324 2731 ideo
2353 2707 2432 2731 non
2461 2695 2524 2731 dat

1471 2758 1613 2782 novam
1642 2746 1826 2794 speciem,
1859 2746 1926 2782 sed
1954 2754 2065 2793 auget
2092 2746 2298 2783 bonitatem
2328 2748 2389 2784 vel
2418 2747 2523 2784 mali-

1470 2798 1561 2835 tiam
1595 2811 1694 2846 quae
1723 2806 1778 2835 est
1806 2811 1850 2835 ex
1879 2798 1950 2835 alia
1978 2799 2192 2836 conditione
2219 2807 2334 2836 actus.

1523 2854 1580 2888 AD
1609 2863 1767 2888 TERTIUM
1794 2863 1976 2888 DICENDUM
2005 2851 2109 2900 quod
2137 2864 2216 2888 non
2239 2852 2427 2901 quaelibet
2454 2852 2521 2888 cir-

1470 2904 1694 2941 cumstantia
1709 2904 1851 2941 inducit
1864 2904 2089 2952 singularem
2107 2904 2294 2941 defectum
2310 2905 2520 2941 secundum

1470 2957 1648 3005 seipsam,
1670 2957 1737 2994 sed
1753 2958 1876 2994 solum
1892 2957 2102 2994 secundum
2124 2957 2296 2993 ordinem
2317 2957 2364 2993 ad
2380 2957 2520 3005 aliquid

1470 3010 1582 3047 aliud.
1612 3011 1660 3052 Et
1695 3009 1860 3046 similiter
1896 3022 1973 3046 non
2011 3021 2161 3057 semper
2197 3009 2302 3046 addit
2333 3014 2349 3036 Υ
2377 3022 2520 3047 novam

1468 3062 1751 3110 perfectionem,
1772 3062 1842 3098 nisi
1869 3074 1938 3109 per
1957 3062 2279 3110 comparationem
2309 3062 2356 3098 ad
2380 3062 2520 3111 aliquid

1467 3115 1579 3151 aliud,
1609 3115 1658 3150 Et
1683 3127 1753 3163 pro
1782 3122 1905 3160 tanto,
1935 3114 2020 3151 licet
2056 3122 2191 3162 augeat
2217 3114 2423 3151 bonitatem
2458 3116 2520 3152 vel

1467 3167 1660 3214 malitiam,
1682 3180 1760 3204 non
1787 3165 1800 3188 δ
1832 3179 1983 3215 semper
2010 3168 2129 3204 variat
2157 3168 2320 3216 speciem
2349 3168 2439 3204 boni
2458 3169 2520 3205 vel

1464 3220 1565 3258 mali.

410 3338 436 3369 α)
455 3336 665 3362 circumstantia.
678 3349 697 3354 —
715 3336 776 3360 Om.
789 3334 1059 3367 ABCDEGHIKLpF.
1070 3348 1088 3352 -
1102 3334 1152 3358 Pro
1171 3333 1255 3363 addit,
1275 3333 1354 3358 habet
1366 3334 1413 3358 Pa.

410 3371 434 3405 β)
454 3373 516 3397 αΙὶα.
535 3386 553 3390 -
571 3371 660 3403 aliqua
679 3371 790 3395 codices.

1519 3334 1545 3366 γ)
1565 3340 1667 3365 semper
1685 3333 1771 3358 addit.
1789 3347 1807 3352 -
1825 3333 1983 3365 superaddit
2002 3334 2020 3357 Ρ
2040 3331 2076 3386 (et
2094 3333 2154 3365 αἳ).

1519 3368 1543 3401 ὂ)
1564 3376 1624 3395 non.
1643 3382 1661 3388 —
1680 3375 1730 3392 non
1750 3371 1837 3393 tamen
1858 3369 1903 3393 Pa.

1027 3439 1357 3472 commentar-ia
1378 3438 1627 3471 Oardjnalis
1649 3437 1847 3470 Caietam

422 3523 492 3543 ch
515 3512 675 3543 decimum
699 3517 729 3542 et
753 3510 958 3541 undecimum
980 3509 1156 3545 articulum,
1182 3519 1245 3540 una
1269 3519 1342 3539 cum
1365 3518 1412 3539 re-

422 3557 594 3608 sponsione
618 3556 657 3586 ad
681 3562 830 3596 quartum
852 3555 885 3584 in
908 3554 1020 3595 quinto
1045 3554 1175 3584 articulo
1200 3552 1294 3583 huius
1318 3562 1413 3593 quae-

357 3601 466 3632 stionis
481 3601 758 3635 decimaeoctavae,
773 3599 906 3635 adverte,
919 3605 949 3629 et
964 3598 1126 3638 diligenter
1141 3597 1302 3628 considera
1314 3597 1411 3637 quod,

1468 3509 1548 3540 sicut
1561 3509 1593 3539 in
1608 3508 1802 3539 naturalibus
1821 3509 1977 3549 quaedam
2001 3508 2170 3539 accidentia
2193 3514 2266 3538 sunt
2288 3507 2462 3538 secundum
2485 3518 2518 3538 se

1468 3553 1598 3589 formae,
1615 3559 1650 3584 ut
1666 3553 1778 3583 albedo
1795 3559 1825 3583 et
1840 3553 1992 3588 dulcedo3
2014 3552 2169 3592 quaedam
2185 3558 2289 3582 autem
2309 3558 2382 3582 sunt
2397 3552 2516 3582 solum-

1468 3597 1567 3627 modo
1592 3596 1788 3627 conditiones
1812 3596 2121 3637 praesuppositarum
2144 3595 2327 3632 formarum,
2349 3602 2384 3626 ut
2406 3595 2515 3635 magis,

2550 2172 2558 2181 ·
2574 2171 2602 2192 D.
2617 2171 2670 2198 648.

2549 2705 2558 2714 ·
2573 2704 2598 2725 In
2613 2709 2719 2731 corpore.
