2852 4152
114 801 126 812 ·
139 799 168 821 D.
183 805 230 827 ¹74-

115 852 125 862 ·
137 851 167 874 D.
180 857 230 881 973.

1059 245 1323 291 QUAESTIO
1355 246 1422 292 IV,
1450 245 1744 281 ARTICULUS
1772 244 1807 280 V

402 323 462 358 An
490 332 626 358 ramum
653 333 751 358 ERGO
784 333 966 359 DICENDUM
995 323 1099 370 quod
1130 322 1323 359 beatitudo
1354 331 1410 360 est

349 373 530 424 perfectio
559 374 709 410 animae
738 386 783 410 ex
810 382 915 422 parte
944 375 1166 422 intellectus,
1196 375 1407 412 secundum

351 438 466 476 quem
487 426 614 471 anima
633 427 862 474 transcendit
877 428 1046 476 corporis
1067 440 1223 476 organa:
1245 441 1322 465 non
1344 441 1409 465 au-

350 487 428 516 tem
447 481 658 516 secundum
687 479 793 527 quod
814 487 868 516 est
889 481 1011 517 forma
1030 481 1206 518 naturalis
1227 482 1407 529 corporis.

352 533 402 569 Et
419 531 506 569 ideo
536 532 597 568 illa
621 539 776 569 naturae
797 537 808 553 ⁵
836 533 1015 581 perfectio
1042 542 1171 571 manet
1193 535 1406 571 secundum

353 597 468 633 quam
498 584 532 620 ei
550 585 744 621 beatitudo
774 585 942 631 debetur,
972 586 1055 622 licet
1074 599 1153 623 non
1179 594 1331 624 maneat
1350 587 1410 623 illa

352 645 509 674 naturae
545 637 725 686 perfectio
759 639 970 675 secundum
1003 652 1119 688 quam
1153 647 1208 676 est
1241 640 1410 688 corporis

351 690 487 727 forma.

404 745 464 779 AD
492 754 680 779 SECUNDUM
717 754 899 780 mCENDUM
937 744 1040 792 quod
1075 744 1201 781 anima
1238 744 1342 780 aliter
1370 756 1409 780 se

339 789 466 832 *habet
485 795 534 832 ad
550 807 632 832 esse
652 807 768 843 quarn
784 795 878 832 aliae
897 804 1021 844 partes
1035 796 1066 833 ²¹⁶.
1083 798 1184 833 Nam
1200 809 1282 833 esse
1296 797 1410 833 totius

351 860 431 885 non
452 856 507 885 est
525 848 679 885 alicuius
699 861 852 885 suarum
872 850 1036 897 partium
1055 849 1090 885 ³¹⁶:
1120 850 1222 886 unde
1241 850 1302 886 vel
1322 861 1409 897 pars

353 900 512 938 omnino
543 901 676 938 desinit
697 914 791 948 esse,
822 902 1011 939 destructo
1040 909 1132 949 toto,
1161 902 1258 938 sicut
1283 909 1409 950 partes

352 953 524 991 animalis
554 954 741 991 destructo
771 954 938 1000 animali3
966 955 1040 1002 vel,
1061 954 1091 990 si
1116 962 1323 1001 remanent,
1344 955 1409 991 ha-

352 1006 442 1044 bent
470 1007 567 1044 aliud
603 1019 686 1044 esse
714 1008 752 1044 in
780 1014 882 1054 actu,
912 1007 1007 1044 sicut
1033 1019 1120 1056 pars
1148 1007 1268 1044 lineae
1296 1008 1411 1044 habet

353 1059 455 1096 aliud
476 1072 557 1096 esse
577 1072 694 1108 quam
722 1067 800 1097 tota
819 1060 928 1097 linea.
951 1060 1028 1097 Sed
1048 1060 1198 1096 animae
1218 1060 1409 1097 humanae

352 1120 523 1149 remanet
552 1125 634 1149 esse
660 1112 859 1162 compositi
882 1121 968 1161 post
994 1113 1163 1161 corporis
1192 1113 1410 1149 destructio-

353 1177 460 1202 nem:
491 1173 527 1202 et
561 1166 636 1202 hoc
664 1166 773 1212 ideo,
802 1166 891 1213 quia
922 1165 1025 1202 idem
1062 1173 1117 1201 est
1144 1177 1225 1201 esse
1263 1166 1409 1202 formae

355 1225 391 1255 et
413 1218 603 1264 materiae,
629 1226 666 1254 et
692 1219 766 1254 hoc
795 1217 807 1243 t
836 1226 891 1255 est
918 1230 1000 1254 esse
1030 1218 1240 1265 compositi.
1270 1218 1410 1255 Anima

353 1278 482 1308 autem
502 1270 666 1307 subsistit
680 1270 718 1306 in
733 1282 802 1306 suo
819 1282 912 1315 esse,
928 1277 970 1306 ut
985 1270 1022 1306 in
1037 1270 1165 1306 Primo
1180 1269 1200 1291 *
1215 1278 1409 1307 ostensum

353 1330 419 1360 est.
449 1322 561 1360 Unde
589 1322 808 1370 relinquitur
834 1323 939 1370 quod
965 1329 1054 1369 post
1080 1322 1360 1369 separationem
1389 1335 1411 1359 a

352 1386 512 1422 corpore
531 1375 741 1422 perfectum
761 1386 843 1410 esse
862 1374 1011 1419 habeat,
1028 1374 1128 1410 unde
1149 1381 1186 1410 et
1204 1374 1410 1422 perfectam

352 1426 616 1475 operationem
644 1426 785 1463 habere
801 1433 941 1474 potest;
970 1426 1054 1463 licet
1073 1438 1151 1462 non
1170 1426 1310 1463 habeat
1328 1439 1411 1475 per-

287 1491 300 1495 ·
350 1476 488 1516 sectam
516 1486 690 1515 naturam
718 1478 856 1527 speciei
876 1484 906 1515 η.

403 1533 463 1568 An
490 1543 649 1568 'mimum
678 1543 861 1568 melerinum
894 1532 998 1579 quod
1031 1531 1225 1568 beatitudo
1259 1539 1315 1567 est
1341 1532 1411 1568 ho-

351 1583 463 1621 minis
491 1584 702 1621 secundum
727 1584 976 1621 intellectum:
1007 1590 1043 1620 et
1070 1583 1170 1630 ideo,
1191 1591 1410 1620 remanente

350 1636 550 1683 intellectu,
570 1644 695 1686 potest
713 1637 836 1674 inesse
865 1637 900 1673 ei
918 1636 1124 1673 beatitudo.
1147 1636 1251 1673 Sicut
1279 1636 1410 1673 dentes

350 1689 548 1738 Aethiopis
576 1698 736 1738 possunt
765 1702 846 1726 esse
875 1689 959 1735 albi,
990 1688 1103 1725 etiarn
1130 1696 1217 1737 post
1249 1689 1411 1726 evulsio-

350 1753 452 1788 nem,
483 1742 694 1780 secundum
723 1754 820 1791 quos
848 1741 1033 1790 Aethiops
1062 1741 1196 1778 dicitur
1223 1742 1341 1778 albus.

403 1797 462 1831 An
491 1806 661 1837 QUARTUM
690 1807 873 1832 DICENDUM
901 1794 1007 1842 quod
1041 1794 1235 1842 dupliciter
1269 1794 1411 1843 aliquid

349 1846 555 1896 impeditur
569 1848 617 1884 ab
633 1847 719 1885 alio.
740 1848 827 1885 Uno
847 1847 978 1894 modo,
999 1859 1068 1895 per
1082 1847 1243 1884 modum
1265 1854 1411 1884 contra-

349 1898 502 1946 rietatis,
531 1900 626 1937 sicut
654 1901 768 1948 frigus
796 1900 955 1949 impedit
982 1899 1171 1937 actionem
1201 1899 1350 1936 caloris:
1376 1907 1412 1937 et

349 1953 422 1990 tale
442 1953 760 2002 impedimentum
783 1952 1013 2001 operationis
1033 1960 1216 2000 repugnat
1235 1952 1408 1989 felicitati.

2466 249 2515 293 43

1462 323 1547 359 Alio
1571 323 1702 369 modo,
1731 335 1800 371 per
1819 323 1980 360 modurn
2010 323 2205 359 cuiusdam
2226 324 2408 371 defectus,
2430 325 2518 373 quia

1463 376 1602 412 scilicet
1629 388 1689 412 res
1712 375 1892 424 impedita
1920 388 1998 412 non
2025 376 2139 412 habet
2167 376 2350 424 quidquid
2370 378 2418 414 ad
2438 390 2517 414 om-

1463 429 1661 465 nimodam
1694 428 1752 464 sui
1780 426 1792 449 ⁰
1821 428 2092 477 perfectionem
2128 429 2343 476 requiritur:
2377 438 2413 466 et
2446 432 2517 466 tale

1462 481 1778 530 impedimentum
1798 481 2026 530 operationis
2046 493 2124 517 non
2144 490 2326 530 repugnat
2345 482 2517 529 felicitati,

1464 534 1530 570 sed
1556 534 1801 571 omnimodae
1829 534 2049 582 perfectioni
2078 534 2204 582 ipsius.
2226 535 2275 570 Et
2299 535 2351 570 sic
2370 547 2517 583 separa-

1463 587 1514 623 tio
1535 592 1542 607 ‘
1563 599 1584 622 a
1609 599 1768 635 corpore
1798 586 1932 623 dicitur
1955 586 2123 623 animam
2145 587 2345 634 retardare,
2366 599 2414 623 ne
2442 595 2518 624 tota

1464 639 1670 675 intentione
1698 640 1827 676 tendat
1854 639 1892 675 in
1920 639 2107 676 visionem
2143 639 2292 676 divinae
2322 640 2516 677 essentiae.

1464 691 1618 740 Appetit
1652 692 1753 728 enim
1790 692 1916 728 anima
1944 692 1997 729 sic
2029 692 2100 728 frui
2128 693 2211 728 Deo
2229 722 2238 739 ,
2267 693 2371 740 quod
2406 693 2517 729 etiarn

1463 744 1544 792 ipsa
1572 744 1695 780 fruitio
1734 744 1925 781 derivetur
1952 745 2000 782 ad
2039 757 2175 793 corpus
2203 757 2272 793 per
2306 745 2518 782 redundan-

1463 796 1566 843 tiam,
1584 797 1678 833 sicut
1702 804 1758 833 est
1774 797 1965 845 possibile.
1983 798 2031 834 Et
2049 797 2135 834 ideo
2156 797 2324 845 quandiu
2338 798 2419 847 ipsa
2433 798 2519 834 frui-

1463 857 1523 885 tur
1549 851 1634 886 Deo
1663 849 1743 886 sine
1772 861 1942 898 corpore,
1966 850 2152 898 appetitus
2182 850 2261 886 eius
2281 850 2334 886 sic
2361 850 2519 898 quiescit

1462 901 1501 938 in
1522 914 1567 938 eo
1588 902 1693 949 quod
1712 902 1826 938 habet
1843 908 1871 948 ²,
1887 902 1991 950 quod
2011 910 2139 939 tamen
2155 902 2279 939 adhuc
2297 903 2346 940 ad
2374 903 2519 952 partici-

1463 954 1655 1002 pationem
1684 954 1763 991 eius
1790 955 1903 991 vellet
1930 967 2041 991 suum
2070 968 2207 1004 corpus
2242 955 2465 1004 pertingere.

1515 1009 1574 1043 An
1603 1018 1763 1049 QUINTUM
1791 1019 1972 1044 DICENDUM
1998 1008 2102 1055 quod
2122 1008 2350 1046 desiderium
2370 1008 2518 1045 animae

1463 1067 1657 1108 separatae
1690 1060 1852 1096 totaliter
1887 1060 2044 1108 quiescit
2077 1073 2121 1097 ex
2152 1068 2257 1109 parte
2290 1061 2517 1110 appetibilis:

1463 1112 1551 1161 quia
1579 1112 1717 1148 scilicet
1735 1110 1747 1133 λ
1775 1113 1890 1149 habet
1917 1112 1955 1149 id
1979 1113 2083 1161 quod
2111 1126 2180 1150 suo
2209 1114 2388 1162 appetitui
2415 1114 2518 1150 suffi-

1464 1165 1522 1201 cit.
1545 1165 1620 1202 Sed
1640 1177 1718 1201 non
1747 1165 1907 1201 totaliter
1926 1165 2122 1214 requiescit
2150 1178 2194 1202 ex
2212 1175 2318 1214 parte
2338 1174 2516 1215 appeten-

1463 1217 1508 1254 tis
1533 1217 1568 1254 *z
1599 1217 1688 1265 quia
1715 1217 1804 1268 illud
1833 1218 1979 1254 bonurn
2007 1230 2086 1254 non
2112 1218 2281 1266 possidet
2307 1219 2516 1255 secundum

1464 1282 1622 1306 omnem
1650 1270 1809 1307 modum
1844 1282 1920 1318 quo
1952 1271 2148 1319 possidere
2180 1272 2303 1307 vellet.
2334 1272 2382 1308 Et
2410 1271 2516 1318 ideo,

1463 1333 1622 1370 corpore
1638 1330 1846 1370 resumpto,
1863 1323 2056 1360 beatitudo
2077 1324 2208 1360 crescit
2227 1336 2305 1360 non
2321 1323 2517 1371 intensive,

1465 1374 1532 1410 sed
1561 1375 1751 1412 extensive
1782 1376 1813 1411 ²¹³.

1518 1428 1576 1462 An
1604 1438 1744 1463 sExTUM
1762 1439 1955 1478 ‚mcaNDUM
1982 1428 2088 1476 quod
2110 1428 2149 1465 id
2172 1429 2277 1476 quod
2305 1428 2446 1465 ibidem
2467 1428 2520 1465 di-

1466 1478 1579 1525 citur,
1610 1479 1713 1527 quod
1740 1480 1889 1526 spiritus
1915 1481 2174 1527 defunctorum
2208 1493 2281 1518 non
2313 1482 2367 1518 sic
2397 1481 2522 1518 vident

1464 1532 1588 1567 Deum
1616 1532 1711 1567 sicut
1736 1532 1874 1580 angeli,
1896 1544 1974 1568 non
2003 1540 2058 1569 est
2080 1533 2363 1581 intelligendum
2388 1546 2520 1571 secun-

1466 1583 1558 1620 dum
1578 1583 1884 1631 inaequalitatem
1904 1585 2134 1632 quantitatis:
2154 1586 2243 1633 quia
2267 1586 2380 1623 etiam
2400 1587 2518 1623 modo

1465 1635 1612 1683 aliquae
1641 1636 1790 1673 animae
1810 1637 2015 1673 Beatorum
2043 1645 2128 1674 sunt
2148 1646 2363 1687 assumptae
2388 1640 2437 1676 ad
2457 1652 2518 1675 su-

1463 1689 1633 1736 periores
1649 1689 1800 1725 ordines
1815 1690 2048 1736 angelorum,
2066 1690 2199 1726 clarius
2212 1691 2384 1728 videntes
2396 1693 2521 1729 Deum

1465 1753 1582 1789 quam
1602 1741 1796 1778 inferiores
1825 1742 1957 1789 angeli.
1982 1742 2059 1779 Sed
2082 1743 2292 1790 intelligitur
2311 1744 2520 1781 secundum

1464 1793 1769 1842 inaequalitatem
1804 1794 2081 1843 proportionis:
2121 1796 2210 1843 quia
2238 1797 2377 1844 angeli,
2407 1796 2519 1834 etiam

1465 1846 1598 1894 infimi,
1626 1847 1768 1884 habent
1800 1859 1957 1884 omnem
1985 1848 2256 1896 perfectionem
2284 1849 2521 1886 beatitudinis

1466 1912 1583 1947 quam
1603 1907 1689 1936 sunt
1707 1900 1881 1947 habituri,
1907 1912 1984 1937 non
2004 1908 2132 1937 autem
2153 1901 2302 1938 animae
2327 1910 2521 1951 separatae

1466 1953 1705 1989 Sanctorum.

403 2066 426 2098 ε)
445 2069 568 2091 naturae.
584 2079 604 2084 -
622 2065 754 2090 naturalis
772 2066 818 2090 Pa.

402 2101 428 2134 ζ)
447 2104 473 2126 et
490 2101 547 2126 hoc.
565 2114 584 2118 -
601 2103 627 2125 et
645 2100 693 2125 hoc
712 2100 780 2125 idem
800 2101 846 2125 Pa.

402 2137 430 2168 η)
448 2136 553 2168 speciei.
570 2149 589 2154 —
607 2135 738 2160 Ominum
756 2136 802 2160 Pa.

402 2169 428 2204 θ)
445 2171 497 2196 sui.
513 2185 533 2189 -
551 2171 608 2196 eius
626 2171 672 2195 Pa.

1520 2066 1538 2097 ι)
1557 2066 1700 2097 separatio.
1718 2079 1738 2084 —
1755 2066 1860 2090 animae
1879 2066 1975 2090 addunt
1994 2066 2040 2091 Pa.

1519 2101 1543 2132 κ)
1562 2101 1634 2132 ‘quod
1652 2101 1738 2126 habet.
1756 2115 1775 2119 -
1793 2101 1853 2125 Om.
1872 2101 1927 2125 PsF
1947 2106 1972 2125 et
1990 2108 2016 2125 α.

1464 2135 1672 2196 omssgtsglicet.
1689 2150 1708 2154 —
1721 2135 1850 2160 Omittunt
1868 2136 1957 2160 PEFa.
1976 2150 1994 2155 -
2011 2136 2088 2161 habet
2107 2136 2136 2160 id
2153 2137 2224 2168 quod
2235 2154 2241 2161 .
2252 2154 2276 2162 ..

2295 2138 2441 2169 appetentis
2459 2146 2492 2171 qu
2496 2139 2522 2163 ia

1029 2239 1359 2272 Commentaria
1381 2238 1630 2271 Cardinalis
1651 2238 1850 2272 Caietam
1886 2239 1890 2241 ’

380 2329 402 2350 N
417 2318 549 2349 articulo
565 2317 689 2359 quinto,
704 2318 737 2348 in
753 2318 960 2358 responsione
975 2319 1015 2348 ad
1029 2318 1187 2359 quintum,
1201 2319 1336 2349 occurrit
1351 2319 1409 2348 du-

354 2331 472 2394 Ibium
494 2362 534 2393 ad
555 2361 731 2398 hominem,
753 2368 783 2392 et
805 2361 995 2402 simpliciter.
1015 2362 1067 2392 Ad
1081 2362 1246 2392 hominem
1268 2363 1408 2403 quidem,

351 2406 429 2448 quia
445 2417 469 2438 S.
487 2405 630 2437 Thomas
645 2405 678 2436 in
692 2406 734 2437 IV
750 2406 849 2444 Sent.,
866 2405 936 2437 dist.
959 2416 1039 2442 mx,
1063 2416 1118 2447 qu.
1136 2417 1156 2443 1,
1181 2413 1236 2438 art.
1253 2416 1283 2446 4,
1310 2406 1366 2447 qu*
1387 2417 1408 2442 1,

351 2460 493 2491 expresse
508 2449 735 2480 beatitudinem
750 2449 874 2480 animae
885 2450 992 2489 augeri
1008 2450 1103 2480 etiam
1112 2450 1273 2486 intensive,
1287 2460 1407 2481 resum-

351 2501 408 2535 pto
424 2503 565 2534 corpore,
582 2493 726 2524 sustinet:
752 2493 841 2524 cuius
865 2493 1050 2534 oppositum
1073 2493 1124 2524 hic
1147 2495 1248 2525 docet.

404 2538 594 2578 Simpliciter
616 2544 737 2574 autern,
762 2537 836 2578 quia
863 2537 942 2568 ratio
970 2538 1010 2567 ad
1037 2537 1117 2568 illud
1140 2538 1243 2574 ducit,
1275 2538 1405 2568 scilicet:

350 2582 476 2618 Anima,
496 2589 659 2621 resumpto
683 2591 832 2621 corpore,
853 2581 910 2612 erit
931 2581 1098 2621 perfectior
1120 2581 1152 2612 in
1176 2592 1208 2612 se
1232 2582 1407 2612 secundum

351 2633 507 2657 naturam.
531 2626 616 2665 Ergo
631 2625 773 2666 operatio
795 2625 862 2661 eius
885 2624 942 2655 erit
969 2625 1144 2665 perfectior.
1160 2626 1244 2665 Ergo
1265 2633 1294 2656 et
1312 2626 1407 2656 beati-

350 2670 430 2701 tudo
447 2669 504 2700 erit
525 2669 558 2699 in
581 2679 614 2700 se
637 2669 812 2709 perfectior.
837 2669 921 2708 Ergo
941 2679 1006 2699 non
1023 2669 1129 2699 solum
1146 2669 1310 2700 extensive.
1327 2687 1348 2692 —
1367 2670 1408 2700 Et

352 2719 486 2753 augetur
509 2723 546 2743 ex
561 2713 618 2743 hac
641 2713 762 2743 ratione
784 2712 928 2749 dubium,
945 2713 1020 2753 quia
1042 2713 1075 2742 in
1092 2722 1222 2753 corpore
1245 2713 1340 2743 huius
1360 2723 1408 2743 ar-

351 2757 440 2788 ticuli
455 2756 625 2787 assumitur
642 2757 719 2787 haec
741 2757 830 2793 ratio,
855 2763 886 2787 et
911 2757 1110 2787 concluditur
1130 2756 1273 2797 operatio
1294 2757 1327 2787 in
1346 2767 1410 2797 qua

353 2800 495 2832 consistit
517 2800 688 2836 beatitudo,
711 2800 886 2840 perfectior.

406 2845 443 2875 ΙΙ.
468 2845 519 2874 Ad
540 2844 602 2874 hoc
621 2844 717 2874 simul
732 2844 902 2874 dicendum
920 2851 966 2874 est
980 2844 1170 2884 simpliciter,
1187 2850 1218 2874 et
1233 2845 1408 2875 secundum

352 2888 526 2923 hominem.
543 2887 714 2918 Sciendum
737 2894 783 2918 est
805 2887 908 2928 igitur,
926 2898 963 2918 ex
984 2888 1139 2928 praesenti
1162 2887 1304 2924 articulo,
1320 2889 1409 2928 quod

352 2932 512 2972 tripliciter
538 2931 668 2971 intelligi
697 2938 802 2972 potest
834 2931 971 2961 animam
994 2939 1169 2971 separatam
1198 2931 1344 2972 impediri
1372 2942 1408 2962 ex

352 2976 494 3017 appetitu
512 2975 652 3015 corporis
668 2985 686 3005 a
701 2975 838 3015 perfecta
853 2974 1054 3006 beatitudine.
1068 2975 1185 3011 Primo,
1202 2985 1258 3015 per
1272 2976 1408 3006 modum

353 3019 591 3051 contrarietatis:
615 3019 657 3050 ita
677 3019 774 3059 quod,
792 3019 873 3049 sicut
890 3019 999 3049 videns
1016 3019 1219 3058 corporaliter
1238 3019 1409 3059 impeditur

351 3070 481 3104 propter
502 3063 647 3093 dolorem
663 3063 764 3103 pedis,
785 3063 827 3093 ita
843 3062 947 3092 anima
963 3065 1103 3102 separata
1118 3069 1246 3102 propter
1262 3062 1408 3093 affectum

352 3107 493 3147 corporis
517 3107 705 3138 distrahatur
727 3106 901 3147 aliqualiter
915 3117 933 3136 a
948 3106 1084 3146 perfecta
1107 3106 1227 3136 visione
1245 3106 1314 3137 Dei.
1330 3124 1352 3129 -
1367 3107 1409 3136 Et

350 3151 412 3182 hoc
434 3151 467 3181 in
489 3150 590 3181 littera
612 3151 805 3191 reprobatur.

406 3195 570 3231 Secundo,
595 3204 650 3234 per
674 3195 809 3225 modum
833 3194 972 3224 defectus
1002 3193 1162 3224 intensivi:
1188 3193 1230 3224 ita
1253 3193 1342 3234 quod
1370 3204 1407 3223 ex

349 3238 411 3269 hoc
434 3238 523 3279 quod
545 3238 650 3268 anima
672 3245 812 3278 separata
836 3237 939 3268 deficit
956 3237 988 3267 in
1004 3237 1195 3278 perfectione
1219 3247 1293 3268 suae
1316 3244 1406 3268 natu-

348 3292 410 3319 rae,
435 3281 558 3313 deficiat
580 3282 674 3312 etiarn
696 3282 728 3312 in
752 3281 924 3313 attentione
948 3291 1022 3312 suae
1045 3281 1253 3321 operationis,
1281 3281 1405 3312 defectu

349 3326 383 3356 in
411 3326 543 3356 essendo
575 3332 721 3356 causante
744 3326 903 3356 defectum
925 3325 958 3355 in
982 3326 1153 3365 operando.
1178 3325 1219 3355 Et
1241 3325 1403 3365 quoniam,

350 3370 458 3401 ceteris
477 3370 614 3410 paribus,
640 3370 781 3409 operatio
805 3369 952 3400 attentior
966 3376 1012 3400 est
1026 3369 1124 3409 magis
1142 3369 1274 3405 intensa,
1299 3375 1329 3399 et
1343 3369 1404 3399 mi-

348 3423 410 3444 nus
439 3414 557 3444 habens
587 3413 770 3444 intentionis
801 3420 847 3444 est
870 3413 1038 3450 remissior,
1063 3419 1098 3443 ut
1120 3419 1204 3453 patet
1227 3412 1259 3442 in
1282 3412 1351 3443 visu
1376 3420 1406 3444 et

349 3457 475 3494 auditu;
500 3468 536 3488 ex
560 3457 621 3487 hoc
640 3457 781 3498 sequitur
804 3457 892 3498 quod
913 3457 1018 3487 anima
1040 3457 1139 3493 beata,
1155 3462 1318 3496 resumpto
1338 3467 1405 3487 cor-

349 3511 437 3541 pore,
454 3508 500 3532 est
521 3501 643 3532 beatior
659 3501 822 3537 intensive,
839 3511 906 3531 non
921 3511 957 3531 ex
972 3507 1058 3541 parte
1075 3500 1189 3531 obiecti
1203 3507 1258 3531 aut
1276 3500 1405 3531 luminis

348 3545 482 3585 gloriae,
507 3545 561 3575 sed
585 3555 621 3575 ex
644 3552 730 3585 parte
754 3545 926 3575 attentioris
948 3544 1077 3575 visionis
1102 3550 1312 3584 consequente
1337 3554 1404 3584 per-

1464 2318 1635 2349 fectionem
1664 2318 1786 2348 animae
1813 2318 1846 2348 in
1875 2319 2016 2349 essendo.
2041 2336 2062 2341 —
2086 2319 2127 2349 Et
2153 2319 2234 2349 hanc
2256 2320 2340 2349 viam
2369 2327 2519 2361 tanquam

1464 2362 1661 2402 probabilem
1684 2362 1829 2393 sustineri
1851 2373 1945 2402 posse
1969 2362 2045 2393 dixit
2067 2365 2188 2393 Auctor
2201 2363 2233 2393 in
2251 2363 2293 2394 IV
2308 2364 2415 2395 Sent..·
2437 2366 2521 2395 unde

1463 2406 1522 2442 ibi,
1546 2406 1699 2436 inchoans
1722 2406 1908 2436 huiusmodi
1929 2406 2154 2443 intentionem,
2180 2407 2269 2438 dicit:
2294 2408 2399 2438 Potest
2426 2410 2519 2439 etiam

1463 2450 1525 2480 dici
1546 2450 1631 2490 quod
1653 2451 1748 2480 etiam
1772 2450 1930 2481 beatitudo
1954 2451 2106 2481 intensive
2125 2458 2180 2481 etc.
2202 2451 2322 2482 Verum
2345 2451 2425 2483 hanc
2449 2453 2517 2492 opi-

1462 2494 1593 2524 nionem
1615 2494 1648 2524 in
1671 2494 1732 2524 hoc
1754 2494 1827 2524 loco
1851 2501 1887 2525 ut
1909 2494 2020 2524 falsam
2043 2495 2175 2534 negavit,
2200 2495 2331 2535 ipsaque
2354 2497 2519 2536 negatione

1462 2548 1499 2568 ex
1521 2548 1577 2568 sua
1601 2537 1726 2568 officina
1748 2537 1834 2568 illam
1857 2538 1964 2568 haberi
1987 2538 2118 2568 minime
2140 2538 2252 2569 voluit.>
2275 2540 2316 2569 Et
2338 2540 2461 2576 merito,
2482 2547 2518 2571 ut

1461 2581 1588 2622 patebit.
2095 2589 2105 2602 ¹

1516 2625 1637 2660 Tertio,
1661 2635 1718 2665 per
1740 2625 1875 2655 modum
1899 2624 2038 2655 defectus
2062 2625 2224 2655 extensivi:
2244 2625 2286 2656 ita
2300 2627 2389 2666 quod
2405 2637 2441 2657 ex
2456 2627 2517 2658 hoc

1462 2669 1551 2709 quod
1574 2669 1679 2698 anima
1702 2675 1842 2708 separata
1865 2668 1968 2699 deficit
1990 2668 2023 2698 in
2041 2669 2232 2708 perfectione
2256 2670 2411 2700 extensiva
2442 2681 2516 2701 suae

1462 2719 1607 2748 naturae,
1633 2712 1710 2742 dum
1737 2722 1802 2742 non
1826 2723 1858 2743 se
1882 2712 2019 2742 extendit
2045 2713 2085 2743 ad
2108 2723 2222 2753 corpus
2251 2721 2281 2744 et
2309 2714 2518 2754 integritatem

1462 2756 1619 2786 humanae
1638 2763 1776 2792 naturae,
1793 2756 1833 2786 ad
1848 2766 1929 2797 quae
1950 2762 2021 2787 nata
2037 2763 2083 2787 est
2101 2767 2133 2786 se
2149 2757 2322 2796 extendere,
2339 2764 2370 2788 et
2385 2759 2518 2798 pertinet

1462 2800 1523 2830 hoc
1546 2800 1586 2830 ad
1608 2800 1835 2839 perfectionem
1857 2800 1940 2836 eius,
1965 2800 2118 2840 quoniam
2137 2800 2214 2831 haec
2232 2801 2330 2840 ipsius
2345 2809 2455 2832 natura
2469 2813 2516 2832 re-

1462 2843 1573 2884 quirit;
1599 2843 1721 2874 deficiat
1743 2853 1873 2885 quoque
1896 2844 1929 2874 in
1953 2843 2143 2884 perfectione
2166 2844 2321 2875 extensiva
2343 2855 2418 2875 suae
2441 2856 2516 2886 ope-

1461 2887 1590 2918 rationis
1614 2898 1677 2928 qua
1699 2888 1818 2919 beatur.
1842 2887 1978 2918 Pertinet
2001 2887 2086 2918 enim
2105 2888 2144 2918 ad
2163 2888 2388 2927 perfectionem
2408 2899 2516 2929 opera-

1461 2931 1557 2962 tionis
1579 2932 1699 2962 beantis
1718 2931 1866 2968 animam,
1891 2932 1979 2972 quod
1995 2941 2031 2961 ex
2049 2932 2117 2971 ipsa
2131 2932 2284 2962 redundet
2307 2933 2467 2963 beatitudo
2483 2933 2515 2963 in

1463 2984 1592 3016 corpus;
1610 2982 1644 3006 ut
1655 2976 1851 3015 Augustinus
1868 2975 1942 3005 dicit
1956 2975 1988 3004 in
2005 2975 2137 3014 epistola
2157 2976 2199 3006 ad
2214 2976 2416 3014 Dioscorum,
2438 2978 2514 3007 Tam

1456 3020 1580 3059 potenti
1602 3024 1720 3049 natura
1742 3020 1832 3050 Deus
1845 3018 1931 3059 fecit
1953 3020 2093 3049 animam
2117 3026 2192 3055 etc.,
2213 3026 2248 3050 ut
2270 3020 2365 3050 habes
2388 3020 2421 3050 in
2443 3021 2515 3051 arti-

1463 3063 1535 3093 culo
1554 3063 1706 3103 sequenti.
1722 3081 1741 3084 —
1757 3063 1798 3093 Et
1812 3063 1889 3093 haec
1905 3070 1951 3093 est
1966 3063 2107 3093 doctrina
2123 3063 2232 3094 tradita
2248 3063 2280 3093 in
2296 3063 2357 3094 hoc
2372 3064 2514 3095 articulo.

1462 3107 1502 3137 Et
1524 3103 1760 3137 rationabiliter:
1789 3106 1943 3146 quoniam
1970 3106 2109 3137 defectus
2132 3107 2332 3147 perfectionis
2354 3107 2387 3137 in
2411 3108 2516 3138 anima

1461 3157 1600 3190 separata
1623 3160 1689 3180 non
1713 3156 1759 3180 est
1781 3150 1920 3181 defectus
1942 3150 2142 3190 perfectionis
2164 3150 2344 3187 intensivae,
2362 3152 2515 3191 quoniam

1460 3194 1536 3224 haec
1559 3194 1664 3224 anima
1691 3204 1757 3224 non
1780 3194 1910 3234 suscipit
1932 3194 2031 3234 magis
2055 3200 2085 3225 et
2107 3194 2214 3225 minus
2240 3195 2415 3225 secundum
2443 3196 2515 3226 sub-

1461 3237 1622 3274 stantiam;
1647 3238 1701 3267 sed
1718 3244 1764 3268 est
1782 3238 1920 3269 defectus
1943 3238 2143 3278 perfectionis
2167 3239 2349 3269 extensivae.
2374 3238 2514 3269 Consen-

1461 3288 1589 3312 taneum
1606 3288 1713 3312 autem
1729 3289 1774 3312 est
1788 3288 1824 3312 ut
1839 3281 1977 3312 defectus
1996 3282 2119 3312 animae
2135 3282 2293 3313 defectum
2312 3283 2512 3322 operationiS‚

1461 3331 1491 3356 et
1514 3325 1689 3356 extensivus
1713 3325 1908 3356 extensivum
1931 3333 2044 3362 causet,
2069 3332 2099 3356 et
2122 3336 2187 3356 non
2210 3326 2411 3357 intensivum.

1515 3369 1565 3399 111.
1590 3369 1641 3399 Ad
1664 3369 1818 3399 rationem
1835 3379 1909 3409 ergo
1932 3369 1965 3399 in
1988 3369 2173 3410 oppositum
2188 3369 2206 3387 ff
2222 3370 2334 3400 dicitur
2356 3370 2444 3410 quod
2468 3377 2514 3400 est
2541 3377 2550 3385 ·

1458 3412 1500 3443 ibi
1523 3412 1684 3453 sophisma
1701 3412 1942 3454 Consequentis,
1966 3423 1984 3443 a
2006 3413 2105 3453 magis
2128 3413 2263 3453 perfecta
2277 3413 2459 3453 operatione
2474 3414 2514 3444 ad

1459 3457 1557 3497 tnagis
1581 3456 1736 3487 intensam
1760 3457 1988 3487 descendendo.
2011 3457 2190 3498 Perfectum
2210 3457 2294 3487 enim
2311 3458 2513 3488 communius

1459 3507 1505 3531 est
1528 3510 1623 3540 quam
1648 3502 1824 3532 intensum:
1847 3501 2009 3541 quoniam,
2027 3507 2063 3531 ut
2085 3507 2169 3540 patet
2191 3501 2223 3530 in
2240 3501 2269 3531 V
2287 3502 2469 3542 Metaphys.
2486 3499 2511 3537 *,
2540 3506 2548 3515 ”

1459 3551 1504 3575 est
1520 3545 1553 3575 id
1568 3546 1620 3575 cui
1636 3545 1715 3575 nihil
1736 3545 1822 3575 deest
1837 3545 1876 3575 de
1891 3546 2049 3585 requisitis
2063 3545 2106 3575 ad
2120 3546 2221 3584 ipsum
2230 3554 2245 3583 ;
2269 3552 2299 3575 et
2319 3555 2511 3586 consequen-

2545 1225 2554 1233 ·
2569 1223 2597 1244 D·
2611 1229 2662 1251 454·

2545 1374 2556 1385 ⁸
2570 1375 2599 1396 D.
2612 1380 2659 1402 ²75-

2538 3521 2602 3553 xvm'.
2614 3542 2625 3547 -
2638 3521 2691 3553 oid.
2707 3521 2749 3554 nb]

2538 3557 2579 3585 IV,
2595 3564 2645 3586 cap.
2659 3564 2706 3580 xvi.
