2852 4152
163 604 220 652 §.Cf
237 618 244 651 .·
255 602 353 650 ἲέςεέῑέῗ
362 612 372 616 ·

163 691 174 702 ⁸
185 690 221 711 Cf.
232 695 282 716 cap.
293 695 307 714 ι,
319 694 341 710 n.
350 688 371 709 6.

164 728 173 732 -
184 716 208 738 S.
217 716 261 737 Th.
270 716 322 736 lect.
330 721 345 735 1.

163 1214 244 1262 ὲΕτἚ·
256 1218 353 1261 sttgtn-vs-
362 1222 372 1228 “

164 1256 251 1293 ⁸⁸'Cap
269 1271 287 1292 ι,
301 1253 338 1286 ⁰n.'
352 1271 371 1290 ι;

164 1297 374 1344 {fernl¹ike{¹.'1‚¹1x‘

166 1783 174 1792 ·
186 1781 217 1803 Ca
236 1797 242 1802 .
252 1787 293 1808 vu,
303 1787 354 1809 n.3.
364 1792 376 1797 -

166 1808 219 1830 S.T
238 1824 243 1830 .
258 1808 309 1829 lect.
324 1814 357 1830 ιι.

170 3185 181 3196 ”
197 3185 232 3207 Cf.
247 3190 308 3206 num.
318 3190 365 3206 vm.

399 214 421 248 8
1136 201 1398 251 QUAESTIO
1429 203 1459 247 I,
1489 200 1783 237 ARTICULUS
1813 201 1826 236 I

399 297 429 321 et
452 289 632 320 conditione
651 287 811 319 efficientis
835 285 988 329 (dicimus
1012 284 1105 319 enim,
1123 293 1196 313 cum
1219 281 1359 312 medicus
1387 290 1451 310 me-

399 335 498 369 detur,
519 333 606 373 quod
630 332 708 363 ratio
724 330 870 361 medendi
887 336 932 359 est
948 339 995 358 ars
1012 327 1200 362 medicinae;
1223 325 1362 356 conditio
1377 333 1451 354 vero

400 377 584 407 medicantis
615 382 661 406 est
692 375 833 410 existere,
868 382 933 403 esse
968 371 1123 410 singulare
1154 369 1315 410 quoddam
1352 367 1452 400 subsiff

403 428 495 456 stens‚
513 418 599 462 etc.);
623 419 665 449 ita
681 419 713 449 in
738 417 914 448 causalitate
937 415 1021 445 finali
1038 413 1293 453 distinguendum
1310 418 1356 441 est
1375 411 1455 441 inter

398 465 553 495 rationem
575 462 763 497 finalizandi,
785 468 815 491 et
831 459 1046 491 conditionem
1068 456 1261 487 finalizantis.
1279 455 1328 491 Et,
1349 461 1384 484 ut
1403 464 1452 484 ex-

400 507 549 549 perientia
564 507 597 537 in
613 506 704 536 nobis
721 505 795 544 ipsis
819 510 956 538 testatur,
974 502 1053 532 inter
1072 510 1165 540 agens
1182 506 1211 529 et
1230 498 1327 528 finem
1346 498 1453 538 quoad

400 553 461 582 hoc
484 557 607 581 tantum
629 550 772 583 interest,
798 547 901 587 quod,
928 544 1138 575 universaliter
1159 543 1341 583 loquendo,
1374 542 1452 572 ratio

401 595 512 635 agendi
528 601 573 624 est
589 593 690 623 forma
706 590 804 632 (iuxta
815 590 893 620 illud
910 590 950 619 111
968 589 1094 628 Physic.
1109 585 1134 625 *,
1148 593 1220 617 text.
1233 597 1304 622 xvn,
1322 586 1454 625 Semper

401 637 632 670 existimabitur
646 636 763 676 species
786 635 893 674 aliqua
917 630 1066 673 movere),
1085 630 1223 661 conditio
1243 640 1317 660 vero
1335 629 1453 670 agentis

401 689 446 713 est
458 681 632 716 subsistere,
642 679 691 709 vel
703 679 734 708 in
749 678 933 708 subsistente
946 686 1011 706 esse
1025 673 1123 716 (iuxta
1134 674 1212 704 illud
1222 674 1232 703 1
1242 673 1452 714 Metaphys.*,

399 726 546 756 Actiones
575 729 650 754 sunt
672 718 934 761 subsistentium):
960 719 1037 749 ratio
1066 724 1172 748 autern
1201 717 1378 747 finalizandi
1409 724 1455 747 est

400 778 465 799 esse
488 768 531 798 rei
547 777 627 807 quae
650 766 720 796 finis
737 765 857 800 dicitur,
874 763 1012 794 conditio
1031 772 1106 792 vero
1123 761 1307 792 finalizantis
1323 769 1369 792 est
1389 771 1454 791 esse

398 814 430 843 in
446 811 628 842 intentione.

452 855 536 885 Scito
553 853 702 888 secundo,
718 851 806 893 quod
821 860 886 881 esse
902 850 934 880 in
955 856 1064 879 natura
1079 850 1117 879 ab
1139 859 1204 879 esse
1220 849 1253 879 in
1273 850 1455 880 executione

399 900 471 932 licet
498 908 563 928 non
579 897 786 935 distinguatur
801 895 881 924 sicut
899 903 1002 924 unum
1025 903 1090 924 esse
1107 894 1145 923 ab
1165 893 1226 923 alio
1248 903 1324 929 esse,
1349 893 1455 924 distin-

399 943 505 983 guitur
528 949 632 971 tamen
656 940 734 970 adeo
765 939 802 968 ab
827 948 882 974 eo,
907 945 942 969 ut
973 947 1038 967 esse
1061 938 1094 968 in
1119 937 1318 973 executione,
1342 944 1378 968 ut
1397 938 1454 974 sic,

399 985 550 1026 significet
573 994 638 1014 esse
662 990 697 1013 ut
719 982 858 1022 pendens
885 982 923 1011 ab
942 987 1065 1020 agente:
1091 990 1157 1011 esse
1188 991 1264 1011 vero
1287 981 1319 1010 in
1350 991 1455 1011 rerum

400 1036 509 1060 namra
532 1028 593 1058 hoc
616 1037 673 1057 nec
692 1025 824 1056 includit
842 1035 899 1056 nec
918 1025 1064 1064 excludit,
1080 1025 1181 1055 immo
1198 1024 1329 1055 fundare
1353 1031 1456 1065 potest

399 1072 610 1104 causalitatem
634 1080 670 1100 ex
689 1080 752 1111 qua
773 1069 928 1110 dependet
951 1079 1044 1108 agens
1069 1075 1099 1100 et
1121 1069 1188 1099 eius
1212 1068 1364 1099 executio.
1380 1087 1398 1092 -
1415 1069 1456 1099 Et

399 1117 442 1147 sic
466 1122 550 1156 patet
573 1124 682 1145 sensus
706 1113 963 1154 propositionum
986 1113 1170 1152 positarum.

464 1160 503 1190 X.
527 1159 702 1189 Probantur
732 1164 838 1188 autem
870 1157 924 1188 sic.
948 1156 1051 1193 Finis,
1079 1157 1203 1187 bonum
1231 1161 1261 1185 et
1288 1157 1455 1197 appetibile

401 1203 541 1235 eiusdem
558 1209 631 1233 sunt
646 1201 774 1232 rationis
791 1208 821 1232 et
837 1200 1041 1236 conditionis;
1060 1207 1095 1230 ut
1108 1206 1193 1240 patet
1205 1209 1241 1229 ex
1257 1199 1284 1228 II
1296 1201 1423 1241 Physic.
1438 1200 1455 1219 *

401 1255 431 1279 et
446 1248 458 1278 Ι
475 1247 578 1278 Ethic.
590 1246 607 1266 *
627 1246 710 1286 Ergo
732 1245 810 1275 ratio
832 1244 1007 1285 appetibilis
1027 1250 1073 1275 est
1091 1243 1170 1274 ratio
1191 1242 1277 1278 finis;
1299 1252 1329 1276 et
1348 1244 1454 1275 condi-

399 1293 445 1325 tio
462 1290 637 1331 appetibilis
653 1296 699 1320 est
713 1289 851 1319 conditio
875 1287 961 1323 finis;
987 1294 1017 1318 et
1032 1298 1048 1318 e
1065 1297 1227 1318 converso.
1252 1286 1293 1320 Et
1316 1289 1456 1319 similiter

401 1336 489 1377 quod
512 1345 578 1365 non
602 1340 647 1364 est
676 1333 755 1363 ratio
779 1333 889 1368 unius,
914 1342 981 1362 non
1008 1338 1055 1362 est
1083 1331 1162 1362 ratio
1191 1331 1326 1364 alterius.
1349 1330 1454 1363 'Modo

402 1386 524 1411 constat
546 1378 634 1419 quod
656 1377 734 1408 ratio
765 1376 853 1416 quod
883 1375 997 1406 sanitas
1024 1382 1205 1415 appetatur,
1231 1384 1277 1408 est
1300 1387 1366 1407 esse
1389 1387 1455 1407 non

400 1425 433 1455 in
457 1423 561 1454 anima
584 1420 672 1464 (nam
695 1430 760 1451 non
780 1419 899 1460 appetit
922 1419 1065 1449 infirmus
1081 1419 1246 1450 sanitatem
1268 1421 1301 1451 in
1325 1419 1454 1463 anima),

401 1469 455 1498 sed
478 1467 511 1497 in
534 1476 638 1496 rerum
662 1471 781 1495 natura.
802 1464 886 1504 Ergo
911 1473 977 1494 esse
1001 1463 1138 1494 sanitatis
1157 1463 1189 1493 in
1213 1473 1317 1495 rerum
1346 1471 1456 1495 natura

401 1518 447 1542 est
469 1510 547 1541 ratio
564 1508 752 1540 finalizandi.
768 1525 788 1531 —
802 1508 843 1538 Et
866 1517 973 1545 rursus
990 1514 1112 1538 constat
1134 1508 1222 1548 quod
1245 1509 1359 1539 sanitas
1375 1518 1456 1539 nun-

400 1565 498 1597 quam
520 1559 726 1595 appeteretur,
751 1551 811 1582 nisi
835 1551 956 1582 obiecta
971 1558 1001 1582 et
1016 1551 1150 1590 cognita.
1171 1551 1255 1591 Ergo
1275 1563 1342 1583 esse
1362 1553 1394 1583 in
1410 1553 1455 1582 in-

399 1600 540 1632 tentione
563 1605 609 1628 est
625 1596 763 1628 conditio
791 1594 987 1626 finalizantis.
1005 1613 1024 1618 -
1041 1595 1082 1625 Et
1097 1605 1203 1625 rursus
1223 1603 1345 1628 constat
1368 1597 1456 1637 quod

401 1643 568 1684 appetibile
585 1647 692 1672 movet
706 1650 771 1670 non
788 1646 922 1670 motum.
938 1639 1021 1679 Ergo
1037 1649 1102 1669 esse
1117 1639 1150 1669 in
1163 1640 1354 1677 executione,
1368 1641 1456 1681 quod

402 1695 448 1719 est
470 1697 536 1718 esse
559 1686 591 1716 in
616 1683 823 1725 dependentia
846 1683 886 1713 ad
909 1693 1017 1722 agens,
1041 1693 1107 1714 non
1131 1690 1177 1714 est
1199 1684 1278 1715 ratio
1301 1695 1359 1715 nec
1382 1695 1456 1715 con-

402 1731 479 1762 ditio
503 1730 583 1760 finis.
608 1729 669 1760 Sed
692 1728 766 1769 quia
788 1727 859 1757 finis
882 1727 1090 1767 generationis
1115 1734 1145 1758 et
1167 1727 1269 1758 forma
1287 1729 1383 1768 geniti
1404 1738 1455 1759 co-

401 1775 543 1806 incidunt
565 1774 597 1804 in
613 1773 698 1803 idem
720 1781 864 1806 numero,
883 1781 918 1801 ex
934 1771 961 1801 11
975 1772 1098 1812 Physic.
1115 1771 1141 1808 *,
1161 1771 1233 1802 ideo
1250 1782 1317 1803 esse
1339 1773 1372 1802 in
1389 1783 1456 1803 exe-

403 1819 528 1850 cutione
553 1817 730 1848 coincidens
754 1815 916 1856 quoddam
940 1821 994 1845 est.

467 1863 508 1893 Et
531 1862 556 1892 si
579 1870 709 1902 quaeras
734 1860 771 1890 de
799 1869 864 1889 esse
892 1858 1031 1889 sanitatis
1059 1858 1092 1888 in
1122 1868 1228 1889 rerum
1258 1866 1386 1897 natura,
1416 1871 1456 1890 an

402 1905 580 1937 finalizandi
602 1905 681 1935 ratio
705 1903 745 1934 sit
767 1903 895 1943 quando
920 1909 975 1938 est,
1000 1909 1054 1933 aut
1076 1903 1204 1942 quando
1229 1903 1373 1935 futurum
1397 1911 1455 1935 est:

402 1950 579 1991 respondeo
606 1948 694 1989 quod
727 1954 863 1987 utroque
894 1953 1055 1986 tempore,
1083 1954 1226 1986 respectu
1261 1947 1456 1978 diversorum

402 2001 531 2025 actuum
555 1992 729 2033 appetitus,
759 1991 848 2021 cuius
875 1990 1040 2031 proprium
1072 1997 1118 2020 est
1145 1991 1304 2021 obiectum
1332 1991 1403 2022 finis
1427 1998 1458 2022 et

402 2039 535 2068 bonum.
550 2037 632 2066 Nam
648 2045 713 2065 esse
728 2034 761 2064 in
777 2044 883 2064 rerum
902 2040 1012 2064 natura
1027 2033 1166 2064 sanitatis
1189 2034 1333 2065 futurum
1349 2042 1458 2066 movet

401 2081 534 2111 finaliter
556 2079 732 2120 appetitum
747 2078 923 2108 secundum
938 2083 1045 2108 actum
1069 2077 1227 2114 desiderii;
1245 2085 1275 2108 et
1288 2078 1373 2109 idem
1390 2089 1456 2109 esse

401 2124 610 2166 postmodum
632 2132 777 2164 praesens
800 2128 909 2152 movet
930 2121 1116 2161 appetitum,
1140 2121 1234 2152 etiam
1253 2121 1394 2159 finaliter,
1411 2133 1458 2153 se-

403 2169 544 2200 cundum
574 2174 679 2198 actum
710 2166 934 2196 delectationis.
963 2165 1067 2195 Habet
1095 2165 1180 2195 enim
1210 2166 1272 2196 hoc
1302 2167 1458 2206 singulare

402 2223 501 2253 genus
526 2221 636 2242 causae
657 2209 775 2244 finalis,
800 2216 836 2240 ut
863 2209 1075 2240 causalitatem
1099 2219 1190 2239 suam
1219 2216 1290 2240 actu
1321 2217 1459 2241 exerceat

403 2257 498 2287 etiam
520 2256 637 2286 habens
659 2260 783 2285 tantum
807 2263 873 2283 esse
895 2253 928 2283 in
951 2253 1056 2283 anima
1075 2259 1227 2293 tanquam
1244 2254 1459 2284 conditionem

404 2310 523 2331 causae.
547 2300 613 2329 Nec
636 2298 698 2328 hoc
721 2304 767 2328 est
790 2297 889 2337 magis
911 2297 1029 2327 mirum
1052 2306 1150 2338 quam
1173 2297 1322 2328 mirabilis
1349 2298 1389 2329 sit
1414 2298 1459 2328 di-

402 2354 490 2375 versa
514 2350 623 2373 natura
647 2341 804 2372 causandi.

468 2388 589 2419 Verum
612 2387 735 2416 adverte
758 2385 809 2416 hic
832 2385 907 2415 duo.
931 2384 1075 2415 Primum
1098 2390 1144 2414 est
1167 2385 1255 2425 quod
1277 2385 1356 2415 ratio
1380 2385 1459 2415 desi-

405 2431 548 2461 derabilis
572 2440 637 2460 non
661 2429 796 2460 excludit
819 2439 885 2459 esse
900 2428 932 2458 in
948 2439 1054 2459 rerum
1074 2435 1185 2458 natura
1207 2429 1459 2468 praesentialiter.

406 2475 568 2512 Quoniam
592 2484 658 2504 esse
682 2473 820 2504 sanitatis
844 2473 1034 2503 desideratur
1057 2482 1122 2503 non
1150 2472 1256 2502 solum
1286 2473 1364 2502 dum
1394 2483 1460 2504 non

405 2526 458 2556 est,
483 2519 538 2549 sed
559 2527 727 2559 usquequo
750 2517 900 2547 habeatur
920 2517 1088 2547 inclusive:
1113 2516 1391 2556 proportionaliter
1415 2523 1460 2547 ta-

403 2573 490 2599 men,
515 2562 594 2593 idest
616 2562 717 2603 quod,
743 2561 823 2591 sicut
845 2570 940 2600 agens
963 2561 1026 2600 agit
1049 2561 1150 2591 donec
1173 2560 1287 2590 sanitas
1310 2561 1460 2592 habeatur

403 2607 571 2643 inclusive,
595 2606 638 2637 ita
661 2605 774 2635 sanitas
800 2614 924 2644 semper
946 2604 1098 2641 finalizat;
1129 2610 1159 2634 et
1186 2604 1267 2634 sicut
1295 2604 1375 2635 illud
1398 2605 1461 2645 agit

405 2658 440 2681 ut
463 2650 496 2680 in
517 2650 577 2686 via,
603 2656 633 2680 et
655 2656 691 2680 ut
713 2649 745 2679 in
760 2648 905 2684 termino,
929 2648 971 2679 ita
994 2648 1065 2679 finis
1088 2648 1373 2688 proportionaliter.
1399 2651 1459 2679 Ae-

404 2695 496 2735 quale
519 2694 604 2724 enim
625 2699 750 2733 oportet
765 2702 831 2723 esse
846 2699 972 2732 tempus
988 2692 1167 2723 finalizandi
1182 2692 1318 2732 tempori
1333 2693 1458 2732 agendi:

405 2738 548 2778 alioquin
571 2747 665 2778 agens
689 2743 793 2776 ageret
816 2747 881 2766 non
905 2743 1033 2777 propter
1056 2736 1162 2767 finem.
1179 2754 1200 2759 —
1217 2736 1399 2767 Secundum
1415 2743 1461 2768 est

404 2783 492 2823 quod
515 2781 593 2812 ratio
617 2780 805 2812 delectabilis
829 2790 895 2811 non
924 2780 1059 2811 excludit
1082 2790 1147 2811 esse
1171 2780 1203 2810 in
1226 2780 1401 2811 intentione
1425 2787 1461 2811 ut

404 2826 636 2861 conditionem;
661 2832 696 2856 ut
719 2831 804 2865 patet
830 2824 862 2854 in
886 2824 1082 2855 animalibus.
1111 2825 1204 2855 Unde
1228 2834 1263 2854 ex
1286 2824 1348 2854 hoc
1371 2825 1460 2865 quod

403 2870 481 2900 ratio
497 2869 675 2899 finalizandi
698 2875 744 2899 est
766 2868 960 2909 quandoque
983 2878 1049 2899 esse
1065 2869 1098 2898 in
1117 2878 1223 2899 rerum
1246 2874 1356 2898 natura
1371 2879 1460 2908 prae-

403 2913 579 2949 sentialiter,
599 2923 665 2943 non
685 2912 859 2943 excluditur
881 2912 1095 2944 universaliter
1119 2912 1238 2942 dictum
1261 2911 1356 2942 huius
1379 2912 1460 2943 litte·
1508 2943 1511 2946 ,

404 2968 464 2994 rae,
490 2957 604 2987 scilicet
627 2957 715 2997 quod
738 2957 913 2987 secundum
936 2957 1024 2997 quod
1048 2963 1094 2987 est
1116 2957 1149 2986 in
1172 2956 1345 2986 intentione
1367 2956 1460 2987 habet

405 3001 559 3031 rationem
581 3000 670 3031 finis:
695 3010 818 3040 semper
847 3000 931 3031 enirn
957 3001 1089 3040 exigitur
1111 3001 1169 3031 ista
1193 3000 1343 3031 conditio.
1371 3001 1411 3031 Et
1435 3000 1460 3030 si

405 3045 438 3074 in
460 3054 538 3084 pure
569 3044 761 3074 naturalibus
790 3044 876 3074 illam
904 3045 1044 3085 quaeris,
1074 3051 1236 3075 memento
1269 3044 1357 3084 quod
1380 3054 1460 3085 opus

406 3093 542 3119 naturae
566 3093 611 3118 est
634 3097 712 3128 opus
736 3088 975 3128 intelligentiae,
1000 3095 1030 3119 et
1054 3088 1185 3119 cessabit
1207 3088 1361 3129 quaestio.

457 3132 511 3162 XI.
531 3132 579 3161 Ex
601 3131 648 3161 his
670 3138 775 3162 autem
791 3131 879 3162 facile
895 3138 979 3171 patet
994 3132 1200 3163 consonantia
1216 3142 1251 3162 ac
1266 3132 1345 3162 ratio
1362 3132 1460 3162 dicto-

406 3186 478 3206 rum
493 3176 532 3205 de
547 3175 609 3205 fine
620 3174 648 3206 θ’.
673 3176 720 3205 De
736 3174 797 3205 fine
812 3175 897 3205 enim
909 3175 1020 3206 dicitur
1035 3177 1123 3216 quod
1137 3183 1183 3207 est
1198 3175 1269 3206 finis
1285 3176 1461 3206 secundum

407 3219 496 3261 quod
519 3225 564 3249 est
586 3219 619 3249 in
642 3219 828 3249 intentione:
854 3226 885 3249 et
906 3229 1017 3249 verum
1036 3226 1090 3256 est,
1115 3226 1211 3260 prout
1232 3219 1265 3260 ly
1287 3220 1460 3250 secundum

407 3274 462 3294 seu
486 3264 673 3303 inquantum
694 3263 822 3293 denotat
845 3263 1060 3293 conditionem
1082 3263 1163 3294 finis.
1187 3264 1228 3294 Et
1250 3263 1338 3303 quod
1355 3270 1400 3294 est
1413 3263 1461 3293 ul-

406 3307 513 3343 timus,
538 3307 687 3347 optimuS,
704 3313 735 3337 et
749 3307 924 3337 secundum
943 3317 1009 3337 esse
1029 3313 1120 3343 extra,
1138 3314 1168 3338 et
1184 3307 1368 3348 perfectum,
1385 3314 1461 3338 etc.:

408 3358 438 3382 et
453 3360 563 3381 verum
582 3357 637 3386 est,
657 3357 753 3390 prout
769 3351 935 3380 denotatur
950 3350 1029 3381 ratio
1045 3350 1125 3381 finis.
1142 3370 1162 3374 -
1179 3351 1240 3382 Sed
1256 3357 1323 3381 esto
1340 3357 1460 3387 cautus,

409 3395 496 3435 quod
521 3395 605 3425 aliud
630 3401 675 3425 est
699 3394 816 3425 dicere:
841 3394 926 3424 Finis
949 3394 1028 3425 ratio
1045 3401 1090 3425 est
1105 3395 1225 3432 ultima,
1245 3394 1375 3434 optima,
1393 3405 1461 3435 per-

408 3438 496 3474 fecta,
521 3449 587 3469 esse
610 3445 703 3477 extra,
720 3445 792 3475 etc.;
817 3445 847 3468 et
863 3438 948 3468 aliud
963 3445 1008 3468 est
1024 3438 1140 3469 dicere:
1165 3439 1251 3469 Finis
1267 3438 1345 3469 ratio
1370 3445 1415 3469 est
1429 3438 1462 3468 in

409 3489 490 3513 statu
507 3483 640 3523 optimo,
659 3482 784 3518 ultimo,
802 3481 950 3522 perfecto,
967 3488 1050 3512 extra
1064 3482 1216 3519 animum,
1234 3490 1290 3513 etc.
1308 3482 1341 3512 In
1358 3482 1461 3522 primo

410 3526 576 3557 denotatur
598 3527 686 3567 quod
708 3526 786 3557 ratio
810 3525 987 3556 finalizandi
1011 3526 1050 3556 sit
1072 3526 1141 3556 talis
1161 3527 1336 3558 secundum
1352 3536 1384 3557 se
1400 3526 1462 3556 for-

1505 279 1643 309 maliter:
1668 279 1700 309 in
1718 278 1857 309 secundo
1877 287 1962 314 vero,
1983 278 2072 318 quod
2088 277 2200 308 habeat
2222 277 2318 308 talem
2341 284 2458 310 statum
2473 278 2564 319 quasi

1506 323 1722 353 conditionem
1745 322 1927 362 requisitam
1943 322 1982 352 ad
1997 321 2232 352 finalizandum.
2257 321 2349 352 Unde
2371 322 2474 362 prima
2490 332 2563 353 con-

1506 366 1647 396 cedatur:
1674 366 1810 397 secunda
1834 372 1949 402 autem,
1974 372 2085 406 utpote
2106 365 2192 402 falsa,
2209 366 2351 405 neganda
2367 373 2422 397 est.
2443 366 2564 397 Sanitas

1506 410 1591 440 enim
1614 410 1806 440 desideratur
1829 410 2005 440 secundum
2020 419 2086 440 esse
2102 409 2374 449 perfectissimum,
2391 410 2499 451 quoad
2517 420 2564 440 ra-

1505 454 1626 483 tionem
1643 453 1866 483 desiderabilis:
1885 454 1939 484 sed
1955 463 2029 484 cum
2045 453 2246 490 desideratur,
2259 463 2325 484 non
2341 454 2435 485 habet
2447 460 2564 485 statum

1506 497 1785 536 perfectissimum;
1809 497 1910 527 immo
1933 497 1985 528 ille
2008 497 2200 527 desideratur
2222 504 2258 528 ut
2280 497 2440 528 habeatur.

1562 541 1659 577 Quod
1688 547 1794 571 autem
1823 540 1969 572 obiicitur
1998 541 2037 571 de
2056 541 2210 582 frustra,
2241 540 2320 571 nihil
2347 541 2459 572 officit:
2489 551 2565 571 nam

1498 584 1631 625 frustra
1654 594 1720 614 non
1744 584 1857 615 dicitur
1879 595 1935 624 per
1951 585 2160 624 privationem
2177 584 2363 615 causalitatis
2378 584 2492 620 finalis;
2510 584 2566 614 sed

1507 638 1562 668 per
1585 628 1794 667 privationem
1817 629 2021 659 assecutionis
2044 638 2080 659 ex
2103 635 2189 668 parte
2213 628 2390 665 efficientis,
2414 638 2564 669 praesup-

1507 671 1610 712 posita
1634 671 1812 702 causalitate
1835 671 1930 703 finali.
1955 673 2053 709 Quod
2076 672 2161 702 enim
2184 672 2247 712 agit
2265 679 2394 712 propter
2413 672 2520 708 finem,
2538 671 2564 701 si

1508 725 1573 745 non
1596 722 1780 756 assequatur
1802 716 1903 752 illum,
1927 716 2041 746 frustra
2062 716 2219 746 laborasse
2243 716 2364 747 dicitur.
2380 734 2400 739 —
2420 717 2462 747 Et
2477 716 2502 746 si
2518 716 2565 745 in-

1508 766 1614 795 stetur,
1639 759 1713 799 quia
1735 759 1767 789 in
1791 759 1860 800 ipsa
1882 760 2078 792 assecutione
2101 759 2171 790 finis
2195 760 2358 790 causalitas
2382 766 2428 791 est
2449 759 2564 790 finalis:

1507 803 1571 833 iam
1594 810 1680 843 patet
1702 803 1884 844 responsio,
1908 803 1998 843 quod
2024 810 2070 834 est
2097 809 2173 834 tunc
2200 804 2434 834 consummatio
2466 803 2567 833 finali·

1508 847 1610 883 zandi,
1635 847 1714 877 sicut
1733 854 1764 877 et
1778 846 1899 886 agendi.
1917 847 1957 877 Et
1972 847 2016 876 sic
2033 857 2069 877 ex
2083 847 2204 877 ratione
2223 847 2322 887 ipsius
2336 847 2471 887 frustra
2488 847 2567 876 nihil

1509 891 1594 921 aliud
1617 891 1749 921 habetur
1772 891 1832 920 nisi
1854 890 1943 930 quod
1967 890 2046 920 ratio
2061 889 2238 921 finalizandi
2254 898 2300 922 est
2319 901 2385 921 esse
2403 891 2436 921 in
2460 900 2566 921 rerum

1509 941 1632 971 natura;
1662 942 1692 966 et
1718 935 1807 975 quod
1834 944 1900 964 esse
1929 934 1961 964 in
1990 944 2095 964 rerum
2125 940 2236 964 natura
2263 934 2409 966 futurum
2436 935 2567 975 quidem

1508 978 1653 1014 finalizat‚
1678 979 1800 1009 noviter
1822 984 1929 1008 autem
1943 987 2090 1017 praesens
2106 985 2307 1009 consummat
2321 978 2567 1009 finalizationem

1509 1021 1663 1052 desiderii.
1695 1022 1792 1059 Quod
1816 1028 1921 1052 totum
1948 1028 1978 1052 et
2000 1021 2121 1052 veritati
2149 1027 2180 1051 et
2203 1021 2362 1053 doctrinae
2389 1022 2464 1053 huic
2492 1032 2567 1053 con-

1509 1072 1608 1096 sonat.

1565 1109 1712 1140 Averrois
1735 1119 1866 1150 quoque
1888 1109 1997 1144 verba,
2022 1114 2179 1149 quantum
2201 1108 2242 1138 ad
2271 1108 2473 1149 propositum
2497 1119 2568 1149 spe-

1508 1159 1587 1190 ctat,
1612 1153 1729 1184 scilicet
1756 1153 1794 1183 de
1821 1151 1893 1183 finis
1920 1152 2056 1188 ratione,
2081 1151 2172 1182 nobis
2201 1158 2401 1183 attestantur:
2431 1162 2507 1182 nam
2530 1153 2568 1182 de

1508 1196 1584 1235 fine,
1606 1197 1714 1238 quoad
1732 1197 1887 1228 rationem
1909 1195 1990 1232 finis,
2015 1195 2089 1226 dicit
2111 1195 2200 1236 quod
2215 1202 2262 1226 est
2278 1206 2344 1226 esse
2361 1202 2459 1232 extra,
2480 1195 2569 1236 quod

1508 1251 1567 1271 nos
1591 1241 1770 1272 docuimus.
1796 1241 1963 1278 Quantum
1977 1250 2052 1270 vero
2077 1240 2116 1270 ad
2140 1249 2206 1270 esse
2229 1239 2319 1276 intra,
2344 1239 2432 1280 quod
2455 1239 2495 1269 sit
2516 1239 2567 1269 vel

1508 1295 1574 1315 non
1597 1285 1636 1316 sit
1660 1284 1810 1321 conditio,
1836 1284 1915 1314 nihil
1938 1283 2031 1315 dicit..
2048 1283 2147 1320 Quod
2161 1293 2236 1314 vero
2254 1283 2337 1320 dicit,
2354 1283 2444 1324 quod
2457 1293 2568 1313 secun-

1508 1330 1586 1359 dum
1609 1339 1675 1359 esse
1698 1329 1778 1359 intra
1801 1335 1847 1359 est
1870 1338 1974 1368 agens,
1999 1327 2126 1358 alterius
2149 1327 2267 1367 negotii
2283 1334 2338 1364 est,
2356 1334 2387 1358 et
2400 1333 2568 1358 tractatum

1507 1373 1540 1403 in
1563 1373 1668 1413 primo
1690 1373 1771 1403 libro
1786 1371 1814 1403 ⁸³.
1840 1372 1946 1410 Quare
1969 1378 2027 1402 etc.

1560 1417 1628 1447 XII.
1654 1417 1689 1447 In
1712 1417 1918 1457 responsione
1941 1416 1981 1446 ad
2004 1416 2194 1452 secundum,
2219 1415 2299 1446 circa
2325 1414 2482 1446 rationem
2505 1424 2569 1455 qua

1508 1461 1684 1492 ostenditur
1707 1461 1797 1501 quod
1819 1467 1906 1491 actus
1928 1460 2101 1490 voluntatis
2124 1469 2190 1490 non
2213 1456 2318 1500 potest
2340 1468 2407 1489 esse
2436 1458 2568 1489 ultimus

1508 1505 1590 1541 finis,
1615 1505 1749 1535 dubium
1772 1504 1908 1535 occurrit
1929 1514 1969 1534 an
1992 1503 2134 1534 intendat
2157 1504 2195 1534 de
2219 1503 2333 1534 ultimo
2356 1502 2435 1539 fine,
2460 1509 2497 1533 ut
2518 1512 2568 1533 res

1509 1549 1623 1579 dicitur
1650 1548 1742 1585 finis;
1766 1555 1821 1579 aut
1852 1549 1891 1578 de
1918 1548 2032 1578 ultimo
2060 1547 2141 1584 fine,
2165 1554 2201 1578 ut
2223 1546 2348 1587 adeptio
2380 1547 2425 1577 rei
2455 1546 2570 1577 dicitur

1509 1593 1589 1623 finis.
1614 1593 1646 1623 Si
1669 1592 1769 1623 littera
1793 1592 1878 1623 enim
1899 1591 2032 1622 intendit
2054 1593 2094 1622 de
2117 1591 2231 1622 ultimo
2250 1590 2312 1621 fine
2327 1590 2432 1630 primo
2456 1590 2567 1627 modo,

1510 1643 1631 1668 constat
1654 1637 1743 1677 quod
1766 1647 1831 1666 non
1848 1636 1954 1666 solum
1970 1642 2056 1666 actus
2071 1635 2254 1672 voluntatis,
2271 1635 2325 1665 sed
2349 1635 2457 1665 nullus
2480 1641 2568 1665 actus

1510 1681 1738 1721 cuiuscumque
1758 1680 1918 1720 potentiae
1934 1685 2039 1720 potest
2061 1689 2128 1710 esse
2150 1679 2221 1709 finis
2244 1679 2392 1709 ultimus:
2417 1678 2460 1709 sic
2484 1678 2569 1708 enim

1510 1725 1597 1756 solus
1621 1725 1707 1755 Deus
1728 1731 1774 1755 est
1792 1723 1863 1754 finis
1880 1723 2021 1754 ultimus.
2034 1741 2055 1746 —
2071 1723 2103 1754 Si
2118 1730 2224 1754 autem
2240 1722 2374 1754 intendit
2388 1722 2427 1753 de
2443 1721 2506 1752 fine
2522 1731 2569 1752 se-

1510 1769 1615 1800 cundo
1638 1768 1748 1804 modo,
1772 1774 1848 1799 tunc
1870 1767 1982 1804 maior,
2006 1767 2135 1804 scilicet,
2159 1767 2249 1798 Finis
2270 1772 2318 1798 est
2339 1767 2492 1797 obiectum
2517 1776 2569 1796 νο·

1510 1814 1652 1850 luntatis,
1669 1813 1731 1843 hoc
1748 1812 1846 1842 modo
1862 1811 2028 1847 intellecta,
2042 1818 2122 1842 esset
2137 1811 2310 1851 probanda.
2329 1811 2470 1850 Negatur
2484 1810 2570 1840 enim

1510 1857 1548 1887 de
1563 1857 1646 1887 facto
1659 1867 1677 1887 a
1692 1856 1884 1897 ponentibus
1899 1855 2079 1886 felicitatem
2094 1855 2127 1885 in
2143 1861 2214 1886 actu
2229 1854 2418 1886 voluntatis:
2443 1860 2570 1895 ponunt

1510 1901 1595 1931 enim
1611 1907 1718 1931 actum
1741 1899 1867 1930 amandi
1889 1900 1996 1930 Deum
2018 1898 2170 1929 ultimum
2192 1898 2290 1929 finem
2305 1905 2342 1930 ut
2355 1898 2569 1938 adeptionem,

1509 1945 1617 1984 ipsum
1632 1954 1706 1975 vero
1723 1944 1830 1974 Deum
1845 1950 1880 1974 ut
1894 1953 1960 1973 esse
1983 1943 2144 1983 adeptum.
2161 1943 2203 1973 Et
2218 1942 2271 1979 sic,
2287 1942 2465 1974 secundum
2479 1942 2567 1978 istos,

1511 1989 1664 2019 diceretur
1686 1988 1726 2018 ad
1748 1988 1828 2018 hanc
1851 1987 2006 2018 rationem
2027 1987 2156 2023 litterae,
2180 1987 2269 2027 quod
2290 1986 2362 2017 finis
2383 1993 2421 2017 ut
2441 1995 2500 2022 res,
2524 1992 2572 2016 est

1510 2032 1671 2062 obiectum
1693 2031 1865 2062 voluntatis
1873 2030 1887 2067 ;”
1905 2030 1976 2061 finis
1998 2040 2074 2061 vero
2102 2037 2138 2061 ut
2160 2030 2305 2070 adeptio,
2330 2037 2377 2061 est
2406 2035 2494 2060 actus
2517 2029 2576 2060 eli--

1510 2075 1589 2106 citus
1611 2075 1793 2105 voluntatis.

1576 2119 1659 2150 XIII.
1675 2119 1726 2149 Ad
1742 2118 1803 2149 hoc
1819 2117 2002 2158 responderi
2017 2123 2130 2157 potest,
2146 2123 2304 2157 quantum
2315 2117 2356 2147 ad
2367 2116 2572 2157 propositum

1511 2170 1642 2204 spectat,
1667 2162 1772 2203 primo
1796 2162 1886 2203 quod
1907 2161 2008 2192 littera
2034 2161 2178 2202 loquitur
2199 2161 2238 2191 de
2261 2160 2376 2192 ultimo
2402 2159 2466 2191 fine
2491 2159 2572 2191 inte-

1511 2207 1648 2247 graliter;
1673 2213 1704 2237 et
1726 2216 1792 2237 non
1815 2215 1874 2246 pro
1894 2205 1951 2236 hac
1966 2205 2016 2235 vel
2031 2205 2085 2235 illa
2101 2205 2169 2235 eius
2187 2211 2284 2244 parte,
2301 2205 2352 2235 vel
2367 2204 2458 2245 quasi
2473 2211 2570 2244 parte,

1512 2251 1627 2282 scilicet
1643 2261 1675 2281 re
1691 2251 1741 2281 vel
1757 2249 1934 2290 adeptione.
1960 2249 2005 2280 Ita
2025 2249 2114 2289 quod
2128 2249 2230 2279 maior
2245 2254 2304 2279 est:
2329 2248 2415 2279 Finis
2439 2247 2572 2279 ultimus

1512 2294 1710 2335 simpliciter,
1735 2300 1766 2324 et
1788 2303 1855 2324 non
1882 2293 2060 2324 secundum
2087 2292 2207 2333 aliquid
2229 2292 2312 2329 eius,
2341 2299 2389 2323 est
2410 2292 2572 2323 obiectum

1511 2338 1694 2370 voluntatis.
1710 2338 1751 2368 Et
1766 2344 1812 2368 est
1827 2337 1885 2367 ista
1899 2336 2078 2377 propositio
2101 2336 2260 2367 inductive
2282 2342 2374 2367 nota:
2398 2345 2474 2366 nam
2489 2345 2572 2366 nun-

2596 1370 2768 1419 eoquiiav’tff'
2778 1376 2808 1418 1⁴1³

2613 1402 2776 1450 ιμπὶπιῗ,ιη.
2786 1413 2807 1449 2:

2617 1452 2735 1472 ominem.
2749 1455 2772 1471 n.
2782 1455 2809 1471 ιιι

2596 1482 2647 1504 sqq.

1513 2393 1611 2424 quarn
1633 2383 1666 2413 in
1690 2391 1861 2412 numerum
1883 2380 2041 2411 invenitur
2068 2381 2186 2420 ponere
2213 2379 2285 2410 finis
2307 2387 2344 2411 ut
2366 2389 2431 2417 res,
2463 2386 2573 2411 contra
2597 2402 2599 2404 -

1513 2427 1610 2457 finem
1633 2433 1668 2458 ut
1691 2426 1834 2466 adeptio;
1857 2435 1968 2455 avarus
1989 2424 2075 2455 enim
2090 2434 2148 2464 pro
2164 2424 2289 2455 obiecto
2311 2425 2425 2466 eodem
2447 2423 2574 2464 respicit

1513 2471 1627 2501 habere
1650 2470 1833 2511 pecuniam,
1859 2475 1889 2500 et
1910 2468 2055 2499 infirmus
2078 2468 2192 2499 habere
2220 2478 2335 2508 corpus
2363 2478 2487 2504 sanum,
2511 2474 2570 2499 etc.

1514 2515 1579 2546 Sub
1603 2515 1661 2545 hac
1683 2521 1789 2545 autem
1812 2512 2032 2554 propositione
2056 2522 2122 2543 non
2145 2519 2250 2553 potest
2273 2512 2417 2543 subsumi
2441 2512 2479 2542 de
2498 2518 2571 2543 actu

1513 2559 1699 2595 intellectus,
1724 2558 1804 2589 sicut
1819 2558 1858 2588 de
1873 2564 1944 2588 actu
1963 2556 2145 2593 voluntatis,
2162 2557 2251 2597 quod
2267 2566 2334 2587 non
2351 2563 2397 2587 est
2411 2556 2573 2587 obiectum

1513 2603 1654 2643 primum
1669 2602 1857 2632 voluntatis:
1876 2611 1950 2631 nam
1965 2601 2003 2631 de
2019 2608 2090 2632 actu
2105 2600 2278 2631 voluntatis
2294 2607 2341 2631 est
2354 2600 2557 2631 verissimum
2563 2608 2572 2636 ;

1514 2648 1552 2677 de
1575 2653 1646 2677 actu
1669 2656 1743 2676 vero
1767 2645 1944 2676 intellectus
1968 2651 2014 2675 est
2037 2645 2168 2681 falsum,
2193 2644 2348 2686 quoniam
2376 2654 2442 2675 non
2465 2644 2573 2674 solum

1512 2692 1650 2727 bonurn,
1676 2690 1730 2720 sed
1753 2690 1876 2720 bonum
1900 2689 2077 2729 cognitum,
2103 2695 2149 2719 est
2171 2688 2332 2719 obiectum
2354 2688 2496 2728 primum
2517 2697 2574 2718 vo-

1512 2734 1650 2765 luntatis.
1675 2734 1716 2764 Et
1739 2734 1782 2764 sic
1806 2733 1884 2764 ratio
1907 2733 2036 2769 litterae,
2057 2733 2095 2763 de
2113 2732 2176 2763 fine
2200 2732 2383 2772 simpliciter
2405 2732 2572 2768 intellecta,

1512 2779 1606 2809 infert
1627 2778 1801 2814 intentum,
1827 2777 1943 2808 scilicet
1966 2777 2055 2817 quod
2074 2783 2161 2807 actus
2184 2776 2357 2807 voluntatis
2380 2786 2446 2806 non
2469 2781 2575 2816 potest

1513 2833 1579 2853 esse
1598 2822 1730 2853 ultimus
1745 2821 1826 2858 finis,
1850 2821 1926 2862 quia
1948 2831 2014 2851 non
2037 2826 2141 2861 potest
2164 2830 2230 2850 esse
2254 2820 2415 2851 obiectum
2433 2819 2574 2860 primum

1511 2866 1693 2897 voluntatis.

1580 2910 1726 2941 Secundo
1750 2915 1855 2950 potest
1877 2908 1938 2939 dici
1961 2908 2050 2949 quod
2072 2908 2130 2939 iste
2145 2917 2249 2938 sermo
2265 2913 2370 2948 potest
2387 2906 2519 2946 intelligi
2535 2906 2574 2937 de

1512 2954 1584 2991 fine,
1609 2964 1647 2985 eo
1671 2954 1770 2984 modo
1795 2963 1860 2994 quo
1884 2963 1932 2983 res
1956 2952 2069 2983 dicitur
2087 2951 2174 2988 finis;
2199 2951 2255 2982 sed
2269 2961 2336 2982 non
2352 2957 2399 2982 est
2413 2960 2518 2981 sermo
2535 2950 2575 2981 de

1512 2998 1574 3028 fine
1598 2998 1713 3029 ultimo
1738 2996 2016 3033 communissimo‚
2041 2996 2142 3037 qualis
2166 3002 2212 3026 est
2234 2995 2339 3032 Deus,
2365 2995 2420 3025 sed
2441 2993 2573 3034 proprio

1512 3042 1667 3078 hominis;
1692 3042 1730 3072 de
1755 3052 1820 3082 quo
1844 3041 1906 3071 hoc
1922 3041 2085 3071 occultum
2107 3040 2208 3070 littera
2230 3039 2348 3079 pandit,
2373 3039 2463 3079 quod
2486 3038 2512 3068 si
2527 3044 2575 3069 est

1513 3086 1618 3126 aliqua
1640 3086 1721 3116 actio
1746 3085 1895 3121 hominis,
1919 3084 2007 3125 quod
2030 3084 2084 3114 illa
2107 3093 2172 3114 non
2196 3089 2301 3123 potest
2324 3093 2391 3113 esse
2414 3089 2504 3113 actus
2520 3082 2574 3112 eli-

1514 3130 1593 3161 citus
1615 3130 1797 3161 voluntatis.
1821 3130 1887 3160 Nec
1914 3134 1961 3159 est
1983 3128 2094 3158 eadem
2123 3127 2202 3158 ratio
2233 3127 2272 3157 de
2302 3127 2422 3158 actibus
2447 3126 2574 3157 alterius

1514 3174 1690 3214 potentiae,
1720 3181 1797 3214 puta
1819 3172 2010 3204 intellectus:
2042 3171 2117 3211 quia
2140 3171 2202 3207 ille,
2223 3180 2260 3201 ex
2283 3181 2349 3212 quo
2373 3177 2478 3211 potest
2507 3179 2574 3200 esse
2610 3200 2614 3204 Α

1514 3218 1674 3249 obiectum
1689 3216 1871 3253 voluntatis,
1889 3226 1955 3246 non
1970 3215 2155 3256 prohibetur
2170 3225 2207 3245 ex
2222 3215 2284 3245 hoc
2300 3215 2378 3256 quin
2394 3214 2434 3245 sit
2450 3213 2522 3244 finis
2538 3219 2575 3244 ut

1514 3272 1570 3292 reS.
1588 3262 1628 3293 Et
1651 3268 1816 3303 propterea
1835 3260 1915 3291 forte
1933 3259 2035 3290 littera
2055 3269 2122 3290 non
2137 3258 2331 3295 affirmative,
2349 3258 2404 3289 sed
2417 3257 2574 3300 conditio-

1514 3306 1625 3336 naliter
1649 3306 1731 3342 dicit,
1755 3306 1783 3336 si
1805 3305 1914 3345 aliqua
1937 3305 2020 3334 actio
2042 3304 2177 3334 hominis
2196 3308 2242 3334 est
2257 3303 2390 3334 ultimus
2402 3302 2495 3343 finis.
2521 3301 2575 3332 Sat

1515 3350 1599 3380 enim
1623 3357 1668 3380 est
1691 3349 1764 3380 huic
1786 3348 1905 3379 litterae
1928 3347 2045 3378 salvare
2068 3347 2175 3388 quod,
2201 3346 2324 3378 etiamsi
2347 3346 2447 3376 homo
2471 3351 2575 3385 ageret

1515 3394 1671 3424 actionem
1694 3403 1775 3434 quae
1795 3398 1875 3423 esset
1898 3391 2029 3422 ultimus
2051 3390 2122 3421 finis
2146 3397 2182 3422 ut
2203 3401 2251 3421 res
2267 3397 2314 3421 est
2335 3389 2468 3420 ultimus
2492 3388 2573 3425 finis,

1515 3438 1617 3469 adhuc
1639 3436 1848 3468 verificaretur
1871 3436 1959 3476 quod
1975 3442 2051 3466 tunc
2076 3442 2179 3475 ageret
2198 3435 2293 3466 etiam
2307 3440 2437 3474 propter
2459 3432 2572 3463 finem:

1515 3482 1589 3522 quia
1607 3482 1700 3512 vellet
1722 3481 1809 3511 illam
1826 3480 1998 3516 actionem,
2016 3486 2047 3510 et
2066 3479 2109 3510 sic
2125 3480 2231 3520 ipsum
2253 3478 2333 3508 velle
2353 3483 2433 3508 esset
2446 3483 2576 3517 propter

1515 3525 1622 3556 finem.
1651 3543 1669 3548 -
1697 3526 1763 3555 Nec
1791 3525 1901 3555 subeat
1930 3524 1980 3554 hic
2009 3523 2180 3560 dubitatio,
2213 3522 2379 3564 quomodo
2409 3521 2490 3552 actio
2522 3519 2575 3550 illa
