2852 4152
98 378 108 387 ⁶
122 376 152 398 D.
166 376 215 402 461.

143 430 165 445 u.
172 429 234 449 xuv,
242 427 285 445 ιη
294 429 310 444 ι

97 450 259 503 infi'ssmdssf
261 455 309 501 &¹1¹3

98 506 140 524 ιιι.
150 508 166 528 ι,
174 501 236 530 nd3;
244 505 309 523 arta.

98 531 151 553 ⁸-D
165 537 217 559 274

101 3214 194 3237 ‘Ven-
208 3220 230 3237 2.

1016 230 1281 277 QUAESTIO
1312 231 1380 277 111,
1409 229 1704 266 ARTICULUS
1732 228 1817 264 VIII

336 312 543 362 pationem.
564 311 697 359 Angeli
711 318 840 347 autem
859 310 1000 346 habent
1015 322 1096 346 esse
1111 309 1391 367 participatum:

337 365 461 425 quia
453 364 569 400 solius
598 363 670 400 Dei
698 375 810 399 suum
840 375 921 399 esse
952 371 1007 399 est
1025 375 1094 399 sua
1114 362 1273 399 essentia
1291 361 1322 407 ³⁸,
1351 368 1393 397 ut

336 418 374 454 in
402 406 567 454 ano*
586 424 781 452 ostensum
802 422 867 451 est.
897 415 1007 452 Unde
1036 414 1256 464 relinquitur
1288 413 1392 463 quod

337 468 440 507 solus
472 470 578 506 Deus
615 468 661 504 sit
686 468 826 505 veritas
862 479 931 516 per
967 468 1188 514 essentiam,
1222 474 1258 503 et
1286 466 1392 514 quod

337 522 418 560 eius
446 521 714 570 contemplatio
738 521 849 557 faciat
866 521 1030 568 perfecte
1050 522 1203 557 beatum
1221 521 1252 556 *.
1272 540 1296 547 -
1315 519 1392 556 Ali-

337 575 488 623 qualem
527 581 654 611 autem
690 573 960 610 beatitudinem
1002 573 1260 621 imperfectam
1302 572 1392 609 nihil

335 626 512 677 prohibet
531 626 671 664 attendi
698 626 736 662 in
757 626 1074 673 contemplatione
1095 627 1334 673 angelorum3
1356 633 1392 662 et

338 680 450 717 etiam
478 679 650 716 altiorem
683 690 799 728 quam
828 678 866 715 in
895 679 1195 716 consideratione
1223 677 1393 715 scientia-

337 744 423 770 rum
451 732 781 780 speculativarum.

389 786 448 822 Αι)
477 795 614 821 patmum
641 795 740 820 ERGO
769 795 951 821 DICENDUM
980 785 1083 832 quod
1111 783 1213 820 festis
1242 782 1392 830 angelo·

334 848 422 874 rum
449 836 686 874 intererimus
714 848 792 873 non
811 837 936 873 solum
956 838 1254 885 contemplantes
1282 847 1393 883 ange-

335 888 404 938 los,
433 889 513 937 sed,
542 889 654 926 simul
683 901 769 926 cum
798 889 900 938 ipsis,
929 890 1068 926 Deum.

388 944 448 980 An
475 953 666 979 SECUNDUM
698 953 882 979 mesanum
909 942 1035 990 quod,
1065 941 1277 978 secundum
1310 940 1392 976 illos

336 995 400 1044 qui
419 1002 569 1044 ponunt
587 995 733 1031 animas
756 995 944 1031 humanas
965 1006 1046 1031 esse
1065 995 1114 1030 ab
1134 993 1274 1041 angelis
1293 1005 1395 1030 crea-

335 1055 403 1095 tas,
425 1048 511 1084 satis
531 1048 764 1084 conveniens
779 1047 930 1084 videtur
948 1045 963 1076 β
991 1046 1095 1096 quod
1115 1046 1307 1083 beatitudo
1327 1046 1395 1083 ho—

335 1100 447 1138 minis
467 1101 513 1137 sit
540 1100 578 1137 in
599 1100 916 1149 contemplatione
946 1101 1167 1147 angelorum
1182 1104 1210 1145 Υ,
1231 1098 1337 1147 quasi
1357 1098 1395 1135 in

336 1153 602 1190 coniunctione
621 1154 669 1190 ad
684 1165 796 1190 suum
816 1153 1054 1202 principium.
1077 1152 1153 1189 Sed
1172 1153 1247 1188 hoc
1266 1159 1321 1188 est
1341 1163 1396 1188 er-

388 1283 414 1316 β)
433 1284 546 1308 videtur.
558 1297 576 1302 -
589 1284 724 1308 videretur
742 1281 926 1307 ABCDGHIL.

387 1320 413 1352 γ)
432 1319 597 1351 angelorum.
616 1332 635 1336 -
652 1318 742 1350 angeli
761 1318 870 1341 codices.

2453 227 2498 263 35

1446 319 1608 344 roncum
1622 307 1653 354 ²⁸,
1674 314 1715 343 ut
1735 306 1772 342 in
1791 305 1918 342 Primo
1934 305 1975 327 *²¹⁸
1994 306 2134 342 dictum
2150 313 2217 342 est.
2242 306 2353 342 Unde
2372 305 2538 342 ultima·

1446 360 1625 409 perfectio
1662 359 1870 396 intellectus
1902 358 2061 395 humani
2090 366 2145 394 est
2171 370 2240 406 per
2274 358 2502 394 coniunctio-

1446 425 1535 450 nem
1549 413 1612 459 ,ad
1641 413 1780 458 Deum,
1809 411 1874 460 qui
1907 419 1963 447 est
1988 411 2155 459 primum
2174 409 2187 431 δ
2214 410 2439 459 principium
2469 418 2503 447 et

1447 466 1644 502 creationis
1663 465 1811 501 animae
1841 472 1877 500 et
1903 463 2186 500 illuminationis
2219 463 2309 499 eius.
2337 464 2503 510 Angelus

1447 526 1574 556 autem
1594 518 1779 555 illuminat
1806 525 1988 565 tanquam
2007 516 2187 562 minister,
2220 523 2261 551 ut
2283 516 2321 552 in
2341 515 2469 552 Primo
2483 515 2503 537 ‘¹‘
2530 520 2540 530 ⁸

1445 571 1616 608 habiturn
1645 579 1712 608 est.
1741 570 1852 618 Unde
1879 581 1950 606 suo
1978 568 2183 605 ministerio
2204 568 2358 605 adiuvat
2382 568 2504 604 homi—

1446 636 1535 661 nem
1554 632 1596 660 ut
1615 624 1662 660 ad
1683 622 1953 660 beatitudinem
1981 621 2188 670 perveniat,
2205 633 2283 657 non
2303 628 2427 657 autem
2449 629 2504 657 est

1445 678 1636 714 humanae
1664 675 1902 713 beatitudinis
1929 674 2133 711 obiectum.

1499 731 1558 766 Ao
1585 740 1744 765 TERTIUM
1772 739 1955 765 DICENDUM
1983 727 2089 776 quod
2117 726 2244 774 attingi
2268 725 2503 774 superiorem

1447 789 1621 818 naturam
1662 782 1710 817 ab
1752 780 1916 817 inferiori
1953 779 2132 827 contingit
2172 778 2378 828 dupliciter.
2416 779 2503 816 Uno

1448 835 1579 880 modo,
1609 834 1820 870 secundum
1844 833 2003 880 gradum
2021 831 2211 881 potentiae
2230 831 2502 880 participantis:

1450 895 1486 923 et
1512 886 1564 924 sic
1591 886 1722 922 ultima
1749 885 1930 934 perfectio
1957 884 2124 922 hominis
2149 884 2218 921 erit
2235 884 2273 921 in
2291 884 2367 920 hoc
2399 884 2504 931 quod

1448 940 1567 976 homo
1601 939 1754 986 attinget
1793 938 1841 975 ad
1879 937 2215 986 contemplandum
2252 936 2347 973 sicut
2376 936 2504 984 ‚angeli

1449 993 1761 1040 contemplantur.
1790 990 1876 1027 Alio
1906 991 2037 1037 modo,
2067 990 2163 1027 sicut
2180 989 2372 1026 obiectum
2397 989 2504 1026 attin-

1449 1045 1545 1093 gitur
1564 1057 1585 1081 a
1605 1044 1771 1092 potentia
1790 1043 1828 1080 *z
1858 1050 1894 1080 et
1920 1044 1995 1079 hoc
2022 1043 2140 1080 modo
2169 1042 2300 1079 ultima
2324 1042 2503 1091 perfectio

1450 1097 1646 1134 cuiuslibet
1672 1096 1862 1145 potentiae
1893 1103 1947 1132 est
1975 1103 2014 1132 ut
2042 1095 2194 1142 attingat
2213 1095 2259 1131 ad
2292 1095 2331 1131 id
2359 1095 2396 1131 in
2426 1107 2502 1143 quo

1448 1151 1559 1199 plene
1587 1149 1776 1187 invenitur
1804 1148 1897 1185 ratio
1926 1148 1983 1184 sui
2012 1148 2159 1184 obiecti.

1415 1281 1420 1346 1
1498 1280 1523 1313 Β)
1538 1281 1658 1312 primum
1671 1294 1690 1299 -
1708 1281 1770 1305 Om.
1789 1280 1835 1305 Pa.

1010 1394 1340 1427 Commentaria
1362 1393 1611 1425 Gar-<linaiis
1632 1393 1830 1426 Caietam

315 1478 385 1559 “ln
407 1470 470 1516 ixoc
492 1485 624 1516 articulo
648 1483 784 1534 septimo
805 1490 879 1514 nota
895 1483 972 1514 du0.
996 1483 1114 1518 Primo,
1133 1482 1280 1513 titulum:
1304 1481 1393 1531 quod

365 1529 578 1579 appellatione
595 1527 784 1578 cognitionis
799 1526 1045 1557 substantiarum
1067 1533 1291 1566 separatarum,
1309 1525 1395 1555 coin·

333 1572 484 1614 tangitur
497 1572 592 1604 etiam
617 1571 756 1612 cognitio
772 1580 855 1611 quae
869 1571 1002 1601 habetur
1017 1570 1055 1600 de
1070 1570 1150 1606 Deo,
1171 1569 1393 1609 cognoscendo

335 1616 524 1649 substantias
539 1622 708 1657 separatas.
732 1614 820 1646 Sicut
842 1614 927 1645 enim
950 1614 983 1644 in
1002 1613 1198 1654 praecedenti
1214 1613 1370 1643 articulo·
1362 1622 1395 1643 ιιι

334 1660 517 1702 cognitione
535 1659 734 1691 sensibilium
749 1658 1019 1698 cointelligebatur
1035 1657 1174 1697 cognitio
1190 1657 1249 1687 Dei
1268 1663 1299 1687 et
1322 1657 1395 1686 sub·

334 1705 522 1736 manarum
534 1710 752 1744 separatarum
774 1712 830 1743 per
853 1701 1028 1738 sensibilia,
1052 1702 1095 1732 ita
1117 1701 1396 1741 proportionaliter

334 1749 387 1780 hic
409 1747 650 1788 intelligendum
676 1754 732 1778 est.

391 1792 549 1828 Secundo,
573 1791 662 1832 quod
685 1790 786 1821 simile
805 1790 942 1820 accidere
957 1796 1062 1830 potest
1077 1788 1212 1819 dubium
1234 1789 1273 1818 de
1296 1787 1395 1828 perfe-

293 1854 310 1867 ·»
335 1835 442 1868 ctione
456 1836 571 1867 ultima
582 1835 770 1870 intellectus,
786 1833 884 1864 dubio
899 1833 1096 1874 praecedenti
1112 1833 1152 1863 de
1166 1831 1357 1863 beatitudine
1369 1831 1395 1862 *.

303 1881 310 1888 “
335 1880 418 1911 Nam
440 1879 512 1910 licet
534 1878 685 1920 perfectio
709 1878 822 1909 ultima
844 1877 1020 1908 intellectus
1043 1884 1079 1908 ut
1098 1877 1151 1913 sic,
1168 1883 1294 1916 oportet
1307 1876 1395 1916 quod

334 1924 377 1955 sit
389 1933 500 1954 verum
520 1932 577 1963 per
595 1922 781 1953 essentiam·
773 1945 781 1958 ,
806 1921 957 1962 perfectio
973 1928 1079 1952 tamen
1095 1921 1207 1952 ultima
1221 1920 1396 1961 intellectus

335 1968 415 2004 talis,
439 1974 518 2008 puta
540 1966 689 2003 hominis,
707 1966 822 1996 sufficit
835 1966 922 2006 quod
942 1965 981 1996 sit
1000 1975 1111 1996 verum
1134 1965 1203 1995 tale.
1215 1964 1286 1994 —Et
1301 1963 1395 1994 simili

1448 1481 1606 1511 solutione
1637 1481 1806 1511 dicendum
1830 1488 1876 1512 est
1902 1482 2006 1522 quod,
2040 1482 2067 1512 si
2098 1489 2178 1512 esset
2205 1491 2308 1512 sermo
2332 1482 2371 1512 de
2394 1482 2505 1513 ultima

1448 1524 1639 1564 perfectione
1671 1525 1711 1554 ad
1742 1535 1840 1565 quam
1870 1531 1998 1555 naturae
2025 1525 2130 1556 studio
2159 1525 2257 1556 veniri
2286 1532 2408 1566 potest,
2439 1535 2505 1556 non

1449 1575 1575 1608 oportet
1597 1568 1638 1598 ad
1659 1578 1772 1598 verum
1791 1578 1846 1609 per
1869 1568 2035 1599 essentiam
2058 1569 2235 1608 pervenire,
2259 1569 2318 1599 nisi
2341 1569 2505 1609 participa-

1448 1619 1519 1643 tum
1541 1612 1574 1642 in
1597 1612 1651 1642 tali
1665 1622 1722 1652 per
1737 1622 1769 1642 se
1786 1611 1955 1652 perfective
1974 1612 2103 1652 proprio
2123 1612 2299 1643 intellectus
2320 1613 2399 1649 talis,
2416 1613 2505 1654 quod

1449 1663 1529 1686 esset
1543 1665 1654 1686 verum
1672 1656 1743 1686 tale.
1768 1656 1828 1686 Sed
1844 1656 1920 1696 quia
1938 1663 1984 1686 est
1999 1666 2102 1687 sermo
2120 1656 2158 1686 de
2181 1656 2292 1686 ultima
2314 1657 2505 1696 perfectione

1449 1700 1489 1730 ad
1501 1710 1599 1740 quam
1613 1700 1790 1730 intellectus
1805 1706 1912 1730 noster
1925 1700 2086 1731 institutus
2101 1700 2300 1740 supponitur,
2319 1700 2392 1730 ideo
2412 1710 2505 1740 opor-

1449 1750 1494 1774 tet
1517 1744 1720 1783 capacitatem
1744 1744 1812 1774 eius
1825 1743 1890 1783 ’per
1911 1753 2022 1774 verum
2045 1753 2102 1784 per
2123 1744 2289 1774 essentiam
2309 1743 2424 1784 perfici,
2440 1754 2506 1774 non

1449 1797 1506 1828 per
1521 1788 1606 1818 aliud
1623 1787 1766 1818 medium
1782 1788 1954 1818 obiectum.
1978 1788 2028 1818 Sic
2044 1788 2129 1818 enim
2145 1787 2316 1827 intelligere
2331 1788 2424 1818 debes
2440 1798 2506 1828 per—

1450 1831 1619 1862 fectionem
1635 1832 1809 1862 intellectus
1825 1841 1882 1871 per
1895 1832 2002 1871 ipsum
2014 1841 2125 1862 verum
2140 1841 2196 1871 per
2214 1831 2389 1867 essentiam,
2400 1832 2432 1861 in
2444 1832 2505 1862 hoc

1447 1875 1539 1911 loco,
1564 1875 1772 1916 relinquendo
1801 1875 1988 1906 discussioni
2011 1876 2170 1916 sequentis
2193 1875 2315 1906 articuli
2339 1882 2369 1906 et
2390 1875 2463 1905 alibi
2477 1875 2504 1911 *,

1449 1929 1490 1949 an
1508 1919 1578 1949 talis
1601 1919 1752 1959 perfectio
1775 1919 1815 1950 sit
1828 1919 1909 1949 visio
1939 1919 2062 1949 divinae
2078 1919 2237 1955 essentiae,
2255 1926 2285 1950 et
2301 1929 2356 1959 per
2370 1919 2506 1959 speciem

1449 1969 1505 1993 aut
1527 1963 1593 1994 sine
1616 1963 1719 2003 specie
1734 1963 1761 1993 *.

1114 2116 1430 2158 ARTICULUS
1461 2115 1732 2157 OCTAVUS

702 2211 858 2242 UTRUM
880 2210 1133 2242 BEATITUDO
1156 2209 1336 2241 H0M1N1s
1360 2209 1426 2240 SIT
1451 2209 1494 2239 IN
1518 2208 1689 2239 VISIONE
1712 2208 1888 2239 DIVINAE
1911 2208 2144 2239 ESSENTIAE

578 2289 649 2316 Part.
668 2291 685 2320 Ι,
705 2297 749 2322 qu.
767 2297 810 2320 ιιι,
830 2294 877 2314 art.
895 2296 917 2319 ις
938 2289 979 2313 De
1001 2288 1090 2317 Verit„
1110 2295 1154 2320 qu.
1171 2295 1226 2316 vm.
1245 2291 1292 2312 art.
1310 2293 1333 2316 ις
1354 2287 1450 2317 Quodl.
1469 2287 1500 2316 X,
1519 2294 1564 2319 qu.
1582 2294 1641 2316 vnn
1663 2286 1805 2318 Compend.
1827 2286 1923 2316 771201„
1941 2291 2005 2318 part.
2024 2286 2042 2315 l,
2061 2294 2117 2318 cap.
2136 2293 2185 2318 ew,
2205 2294 2261 2318 cvm

968 2329 1033 2356 part.
1052 2324 1081 2354 11,
1100 2331 1155 2356 cap.
1170 2330 1208 2353 ιη
1229 2323 1258 2347 In
1277 2322 1367 2351 Matr„
1387 2330 1442 2355 cap.
1455 2330 1485 2352 v;
1506 2322 1535 2346 In
1557 2322 1640 2352 loun„
1660 2329 1715 2353 cap.
1734 2329 1752 2351 1,
1771 2322 1828 2346 lect.
1846 2329 1880 2346 xx.

403 2445 410 2448 ι
420 2433 429 2457 5
471 2436 521 2459 ,κν
548 2426 571 2451 D
591 2425 764 2450 OCTAVUM
783 2424 836 2449 Slc
855 2424 1093 2449 PROCEDITUR.
1113 2411 1272 2448 Videtur
1291 2411 1393 2470 quod

378 2443 524 2527 {a}
548 2466 742 2503 beatitudo
779 2465 945 2502 hominis
979 2477 1058 2501 non
1095 2464 1140 2501 sit
1177 2465 1214 2501 in
1246 2464 1394 2500 visione

354 2524 398 2567 ’ἱ
415 2537 474 2564 v
489 2517 666 2578 {ipsius
683 2518 833 2556 divinae
849 2518 1043 2555 essentiae.
1064 2517 1166 2554 Dicit
1181 2517 1283 2554 enirn
1303 2517 1396 2553 Dio-

355 2577 357 2579 ’
393 2550 1012 2621 fflnysius‚in1cap.Myst.
1034 2571 1173 2616 Theol„
1194 2570 1298 2618 quod
1326 2581 1395 2617 per

337 2626 376 2663 id
392 2575 508 2674 quod
546 2633 602 2662 est
633 2636 856 2684 supremum
895 2623 1122 2670 intellectus,
1150 2624 1270 2660 homo
1310 2623 1394 2658 Deo

338 2676 577 2725 coniungitur
612 2677 707 2714 sicut
743 2676 901 2713 omnino
939 2676 1079 2724 ignoto.
1113 2653 1194 2712 Sed
1226 2675 1264 2712 id
1292 2675 1396 2724 quod

337 2731 488 2769 videtur
513 2743 582 2779 per
611 2729 824 2776 essentiam,
845 2741 924 2766 non
949 2736 1003 2765 est
1031 2729 1188 2765 omnino
1211 2728 1394 2776 ignotum.

339 2785 441 2831 Ergo
469 2783 601 2820 ultima
632 2782 838 2820 intellectus
867 2782 1058 2830 perfectio,
1087 2794 1155 2818 seu
1183 2781 1397 2827 beatitudo,

339 2849 419 2874 non
447 2835 614 2872 consistit
641 2835 679 2871 in
707 2835 781 2872 hoc
814 2834 920 2883 quod
951 2835 1057 2871 Deus
1089 2847 1160 2883 per
1197 2834 1398 2871 essentiam

338 2889 500 2928 videtur.

395 2954 430 2979 2.
459 2943 697 2987 PRAETEREA,
727 2938 866 2976 altioris
894 2946 1049 2976 naturae
1078 2939 1184 2975 altior
1205 2946 1260 2976 est
1276 2939 1398 2987 perfe-

341 2996 428 3032 ctio
459 2993 535 3031 Sed
562 2994 657 3030 haec
678 2999 732 3028 est
749 2991 930 3051 perfectio
950 2991 1067 3028 divini
1086 2991 1293 3028 intellectus
1312 3004 1399 3039 pro-

339 3048 433 3097 pria,
459 3054 501 3084 ut
528 3059 637 3083 suam
658 3044 858 3082 essentiam
877 3044 1015 3081 videat.
1045 3045 1146 3091 Ergo
1166 3044 1297 3080 ultima
1315 3056 1399 3103 per-

340 3100 452 3138 fectio
484 3099 692 3136 intellectus
722 3097 880 3134 humani
913 3098 960 3134 ad
989 3097 1062 3133 hoc
1091 3109 1170 3134 non
1201 3096 1395 3145 pertingit,

341 3154 409 3191 sed
436 3153 532 3190 infra
559 3151 735 3188 subsistit

395 3207 469 3243 SED
507 3216 652 3242 CONTRA
687 3215 753 3241 EsT
788 3202 893 3252 quod
930 3202 1062 3239 dicitur
1090 3203 1103 3238 I
1133 3203 1263 3238 Ioann.
1297 3214 1332 3238 ιιι
1357 3201 1397 3238 *z

347 3260 442 3296 Cum
470 3257 699 3306 apparuerit,
727 3256 865 3293 similes
892 3256 928 3292 ei
953 3255 1103 3300 erimus,
1132 3260 1168 3291 et
1193 3254 1398 3291 videbimus

340 3324 426 3349 eum
453 3311 563 3348 sicuti
589 3311 665 3358 ipse
692 3315 754 3346 est.

394 3365 619 3401 RESPONDEO
645 3373 828 3399 mci-:rmum
856 3360 962 3411 quod
997 3359 1128 3396 ultima
1161 3367 1198 3396 et
1229 3360 1395 3407 perfecta

340 3417 531 3454 beatitudo
561 3428 639 3453 non
665 3422 790 3464 potest
818 3426 900 3451 esse
929 3412 999 3450 nisi
1018 3413 1056 3449 in
1072 3411 1224 3450 visione
1245 3411 1395 3450 divinae

1451 2410 1646 2447 essentiae.
1667 2410 1728 2447 Ad
1749 2410 1854 2446 cuius
1875 2409 2117 2456 evidentiam,
2137 2409 2213 2446 duo
2235 2410 2507 2448 consideranda

1451 2470 1548 2499 sunt.
1579 2463 1708 2500 Primo
1737 2462 1906 2510 quidem,
1936 2462 2039 2510 quod
2058 2463 2177 2499 homo
2198 2475 2276 2499 non
2305 2470 2360 2499 est
2386 2464 2507 2512 perfe-

1452 2523 1508 2551 cte
1538 2516 1682 2562 beatus,
1716 2515 1884 2563 quandiu
1913 2523 2025 2552 restat
2043 2515 2113 2551 sibi
2133 2515 2272 2564 aliquid
2293 2516 2507 2553 desideran-

1452 2569 1543 2605 dum
1565 2576 1600 2605 et
1620 2568 1894 2616 quaerendum.
1917 2568 2136 2604 Secundum
2161 2576 2227 2615 est,
2249 2568 2352 2617 quod
2379 2569 2506 2605 unius-

1452 2621 1633 2668 cuiusque
1649 2620 1838 2670 potentiae
1855 2626 1871 2642 α
1885 2620 2064 2669 perfectio
2080 2621 2281 2658 attenditur
2295 2623 2505 2659 secundum

1451 2674 1636 2710 rationem
1665 2673 1722 2710 sui
1751 2673 1899 2710 obiecti.
1930 2673 2133 2710 obiectum
2154 2681 2281 2710 autem
2301 2674 2506 2711 intellectus

1454 2734 1510 2763 est
1537 2727 1638 2774 quod
1663 2727 1754 2774 quid
1770 2732 1823 2762 est
1839 2725 1870 2773 ³¹⁴,
1891 2726 1988 2762 idest
2015 2726 2176 2763 essentia
2207 2726 2272 2774 rei,
2301 2734 2343 2763 ut
2371 2727 2542 2764 dicitur·

1451 2779 1491 2815 in
1519 2780 1568 2816 III
1598 2779 1643 2815 de
1669 2779 1810 2815 Anima
1829 2778 1860 2816 ’¹‘.
1889 2779 1999 2816 Unde
2024 2779 2210 2816 intantum
2228 2779 2397 2828 procedit
2423 2792 2507 2828 per-

1451 2831 1562 2868 fectio
1591 2831 1812 2878 intellectus,
1841 2831 2065 2880 Inquantum
2095 2832 2287 2879 cognoscit
2307 2833 2506 2869 essentiam

1452 2885 1608 2922 alicuius
1635 2884 1700 2922 rei.
1732 2884 1772 2921 Si
1801 2896 1888 2931 ergo
1917 2885 2124 2921 intellectus
2144 2884 2276 2933 aliquis
2305 2892 2508 2932 cognoscat

1454 2937 1654 2975 essentiam
1683 2936 1837 2973 alicuius
1866 2937 2032 2984 effectus,
2061 2949 2131 2985 per
2158 2949 2273 2984 quam
2292 2950 2370 2974 non
2390 2937 2509 2986 possit

1454 2990 1631 3038 cognosci
1669 2989 1829 3026 essentia
1866 3001 2021 3036 causae,
2054 2996 2096 3026 ut
2124 2990 2264 3026 scilicet
2294 2990 2431 3027 sciatur
2460 2991 2506 3028 de

1454 3055 1568 3079 causa
1604 3043 1694 3090 quid
1719 3047 1792 3085 ειη,-
1820 3054 1899 3078 ιιοιι
1927 3041 2060 3079 dicitur
2087 3042 2293 3079 intellectus
2327 3043 2507 3091 attingere

1454 3095 1503 3132 ad
1532 3102 1686 3132 causam
1714 3094 1942 3142 simpliciter,
1968 3095 2140 3143 quamvis
2160 3107 2228 3143 per
2247 3095 2424 3132 effectum
2446 3109 2507 3132 co-

1453 3160 1635 3196 gnoscere
1662 3146 1782 3196 possit
1801 3147 1848 3183 de
1878 3159 1990 3183 causa
2008 3159 2058 3184 an
2077 3148 2132 3184 sit.
2163 3149 2211 3184 Et
2230 3147 2316 3185 ideo
2338 3157 2508 3185 remanet

1453 3200 1667 3238 naturaliter
1680 3199 1826 3236 homini
1841 3200 2084 3247 desiderium,
2101 3212 2187 3237 cum
2207 3201 2400 3248 cognoscit
2419 3201 2508 3237 effe-

1455 3262 1570 3300 ctum,
1591 3261 1627 3290 et
1647 3253 1725 3289 scit*
1743 3265 1831 3289 eum
1859 3253 1999 3290 habere
2028 3266 2195 3299 causam,
2224 3262 2266 3290 ut
2284 3254 2396 3290 etiam
2417 3254 2508 3290 sciat

1455 3308 1501 3344 de
1531 3318 1644 3349 causa
1671 3305 1762 3353 quid
1791 3311 1853 3342 est.
1884 3306 1933 3342 Et
1955 3305 2044 3343 illud
2065 3306 2290 3343 desiderium
2312 3315 2366 3343 est
2386 3307 2506 3343 admi-

1454 3358 1618 3419 rationis,
1635 3366 1671 3394 et
1691 3365 1818 3395 causat
1836 3358 2128 3407 inquisitionem,
2145 3366 2186 3395 ut
2205 3359 2360 3395 dicitur
2351 3372 2388 3395 in
2407 3359 2507 3408 prin-

1455 3412 1554 3461 cipio
1573 3412 1789 3459 Metaphys.
1801 3411 1821 3432 *
1845 3412 1940 3448 Puta
1960 3411 1989 3448 si
2009 3411 2141 3460 aliquis
2162 3424 2394 3459 cognoscens
2423 3412 2507 3448 ecli-

394 3538 421 3571 α)
435 3538 580 3570 potentiae.
600 3551 618 3556 -
637 3537 697 3562 Om.
717 3537 818 3561 codices
834 3542 859 3561 et
877 3544 903 3562 a.

2529 1048 2540 1059 ⁸
2555 1047 2583 1069 D.
2598 1053 2645 1075 ²5²-

2534 1882 2541 1889 “
2558 1879 2594 1901 Cf.
2605 1880 2655 1901 loca
2669 1880 2708 1901 cit.
2720 1879 2743 1901 in

2533 1912 2584 1933 cap.
2600 1910 2642 1927 art.
2656 1912 2705 1933 seq.

2532 1941 2542 1951 ⁸
2558 1941 2592 1962 Cf.
2604 1941 2663 1962 Part.
2676 1941 2694 1967 1,
2705 1947 2743 1968 qu.

2533 1973 2573 1994 xit,
2589 1971 2629 1988 art.
2645 1973 2665 1988 2.

2557 2735 2584 2756 D.
2599 2741 2646 2763 75²·

2533 2787 2653 2835 -Capfhw
2651 2803 2702 2835 lect.
2698 2793 2745 2836 ¹71:

2533 3367 2609 3389 ·i.Lb
2624 3367 2640 3394 1,
2656 3373 2706 3395 cap.
2720 3373 2744 3394 n,

2533 3400 2556 3415 n.
2572 3394 2593 3420 8,
2609 3399 2633 3415 ιι.
2644 3393 2688 3416 -S
2699 3383 2746 3415 Th.

2534 3421 2586 3441 leet.
2602 3426 2636 3442 ιιι.
