2852 4152
0 875 5 887 v,

0 897 9 927 y

0 939 6 958 ι

0 964 11 1006 ἱ,

102 585 113 594 ·
121 583 176 605 Loc.
185 581 224 604 cit.
230 581 255 603 in
265 586 313 608 arg.

102 615 122 631 1.

104 839 154 863 '.S
161 839 206 862 Th.
218 839 271 861 lect.
277 844 317 859 xx.

106 864 261 892 -nidAibJV,
265 869 317 892 cup.

103 898 136 914 xx
159 898 183 914 ιι.
197 897 219 914 2.

106 908 183 942 fild.
197 923 250 945 up.
268 922 317 938 xix.

109 2678 192 2700 qm.
205 2677 245 2701 dt.

1048 229 1314 276 QUAESTIO
1344 230 1392 276 L,
1422 229 1716 266 ARTICULUS
1745 229 1795 265 VI

338 307 591 358 dispositiones
617 317 730 354 super
748 307 875 343 omnia
895 307 970 343 alia
990 308 1063 344 Dei
1081 308 1280 344 bonitatem
1303 319 1395 366 par-

339 362 501 419 ticipant
536 359 614 396 Sed
641 369 792 407 semper
820 360 923 407 quod
953 368 1007 396 est
1034 371 1101 409 per
1129 372 1180 407 se,
1211 368 1267 396 est
1294 360 1396 409 prius

341 420 377 451 et
402 412 529 462 potius
559 423 605 448 eo
634 411 739 470 quod
760 418 814 447 est
833 424 900 460 per
919 412 1032 449 aliud.
1053 411 1154 460 Ergo
1175 413 1397 460 angelorum

341 464 526 503 essentiae
554 476 622 513 per
650 463 792 512 seipsas
820 465 1066 512 perficiuntur
1089 465 1136 502 ad
1157 465 1397 502 conformita-

340 526 419 555 tem
438 516 522 554 Dei.
543 517 634 554 Non
654 528 743 564 ergo
763 528 831 564 per
850 517 996 566 aliquos
1014 518 1176 555 habitus.
1192 538 1216 545 -
1233 519 1282 554 Et
1303 519 1398 554 haec

341 570 494 608 videtur
513 581 594 606 esse
614 568 707 605 ratio
728 569 898 615 Maximi,
919 570 983 618 qui
1002 570 1144 607 ibidem
1163 570 1183 592 ²⁸
1198 570 1338 607 subdit:
1359 570 1401 606 Si

343 623 442 660 enim
470 623 541 659 hoc
567 626 669 667 esset,
701 633 774 657 non
805 622 928 669 utique
955 629 1124 659 maneret
1140 623 1178 659 in
1205 623 1399 671 semetipsa

343 677 480 712 harum
500 673 667 719 essentia,
689 685 756 710 nec
774 674 943 722 deificari
954 687 1027 723 per
1038 687 1088 721 se,
1105 681 1284 723 quantum
1292 677 1403 724 foret

338 727 526 777 possibile,
555 726 740 763 valuisset.

399 780 434 817 3.
463 780 695 825 PRAETEREA,
726 779 874 816 habitus
900 787 954 816 est
973 779 1167 828 dispositio
1197 780 1399 827 quaedam,

343 839 386 869 ut
405 831 540 868 dicitur
559 831 596 867 in
615 831 650 868 V
668 832 884 880 Metaphys.
901 832 921 852 *
951 832 1027 869 Sed
1047 832 1254 881 dispositio,
1275 840 1315 868 ut
1335 832 1400 868 ibi-

346 884 434 922 dem
448 883 469 905 *
484 883 627 931 dicitur,
649 892 705 921 est
732 885 824 921 ordo
843 885 1011 921 habentis
1027 890 1167 932 partes.
1190 885 1289 921 Cum
1310 896 1399 931 ergo

345 936 467 984 angeli
494 937 567 973 sint
594 936 783 986 simplices
811 937 1052 982 substantiae,
1072 937 1222 973 videtur
1241 938 1345 984 quod
1364 937 1402 973 in

346 989 399 1026 eis
428 1002 507 1026 non
535 989 606 1026 sint
635 989 900 1038 dispositiones
930 997 965 1026 et
992 989 1152 1026 habitus.

400 1041 474 1078 SED
503 1053 647 1078 CONTRA
673 1054 739 1078 EST
764 1042 868 1090 quod
892 1041 1098 1090 Dionysius
1127 1041 1225 1088 dicit,
1245 1054 1292 1078 V11
1319 1053 1399 1089 cap.

352 1094 452 1131 Cael.
468 1095 592 1140 Ilien,
609 1096 712 1142 quod
731 1094 853 1142 angeli
872 1094 1017 1142 primae
1033 1094 1263 1131 hierarchiae
1284 1094 1402 1130 nomi-

348 1152 487 1184 nantur
515 1147 780 1196 Calefacientes
809 1153 845 1183 et
865 1148 901 1183 T
895 1147 1007 1183 hroni
1031 1153 1066 1183 et
1086 1147 1236 1196 Effusio
1259 1147 1403 1194 sapien-

347 1199 436 1246 tiae,
465 1200 714 1248 manifestatio
742 1199 935 1246 deiformis
963 1200 1129 1247 ipsorum
1157 1200 1350 1236 habituum
1372 1204 1400 1235 α.

402 1253 627 1289 ΒΕΒΡΟΝΒΕΟ
655 1263 837 1289 montinum
865 1251 969 1300 quod
1004 1252 1158 1300 quidam
1193 1259 1403 1300 posuerunt

348 1304 387 1341 in
416 1305 556 1352 angelis
581 1317 659 1341 non
683 1316 765 1340 esse
784 1303 950 1349 habitus;
979 1304 1046 1340 sed
1067 1316 1330 1352 quaecumque
1351 1304 1403 1341 di-

350 1364 485 1393 cuntur
513 1357 561 1393 de
586 1357 651 1403 eis,
673 1356 916 1392 essentialiter
943 1355 1127 1392 dicuntur.
1154 1356 1264 1393 Unde
1285 1357 1404 1393 Maxi-

349 1416 549 1460 mprsstzost
566 1408 758 1456 praedicta
771 1409 889 1444 verba
908 1420 1006 1455 quae
1022 1408 1237 1446 induximus
1252 1408 1282 1454 ²⁸,
1301 1409 1402 1445 dicit:

347 1460 599 1498 Habitudines
617 1471 761 1506 earum,
781 1465 892 1508 atque
909 1461 1061 1503 virtutes
1075 1472 1172 1508 quae
1186 1461 1222 1496 in
1238 1461 1290 1496 eis
1307 1466 1403 1505 sunt,

349 1513 559 1550 essentiales
579 1518 676 1559 sunt,
691 1518 848 1561 propter
871 1513 1234 1549 immaterialitatem.
1255 1513 1304 1549 Et
1330 1514 1405 1549 hoc

350 1565 464 1602 etiam
481 1565 695 1614 Simplicius
715 1565 814 1612 dicit,
829 1565 867 1602 in
887 1566 1104 1602 Commento
1118 1565 1404 1602 Praedicamen-

351 1623 475 1655 torum
493 1617 530 1654 *ε
555 1618 745 1666 Sapientia
765 1630 861 1666 quae
879 1623 934 1654 est
950 1618 986 1654 in
1007 1618 1148 1664 anima,
1168 1619 1315 1655 habitus
1334 1624 1404 1655 est:

351 1681 448 1719 quae
474 1676 599 1707 autem
629 1671 665 1707 in
695 1670 889 1717 intellectu,
909 1671 1125 1707 substantia.
1151 1671 1286 1708 Omnia
1305 1671 1404 1708 enim

351 1734 449 1772 quae
475 1729 562 1760 sunt
577 1723 716 1771 divina,
737 1729 772 1760 et
783 1735 856 1771 per
873 1735 913 1760 se
938 1724 1160 1772 szffficientia
1188 1729 1284 1769 sunt,
1305 1730 1338 1760 et
1367 1724 1403 1760 in

349 1776 477 1825 seipsis
504 1776 708 1813 existentia.

406 1829 516 1875 Quae
545 1829 701 1876 quidem
729 1828 867 1877 positio
895 1829 1032 1877 partim
1052 1829 1167 1865 habet
1193 1828 1405 1876 veritatem,

352 1887 390 1918 et
405 1881 542 1930 partim
564 1881 729 1918 continet
747 1882 955 1919 falsitatem.
974 1881 1218 1919 Manifestum
1235 1890 1289 1918 est
1305 1882 1404 1919 enim

317 1960 324 1968 .
352 1945 398 1970 ex
425 1934 642 1983 praemissis
660 1933 681 1956 ’¹‘
699 1934 805 1983 quod
833 1934 1044 1971 subiectum
1071 1934 1218 1971 habitus
1247 1947 1325 1971 non
1353 1942 1407 1971 est

351 1986 422 2024 nisi
442 1999 509 2023 ens
529 1987 567 2024 in
585 1987 765 2036 potentia.
787 1987 1081 2024 Considerantes
1100 1987 1209 2034 igitur
1227 1987 1407 2036 praedicti

352 2037 673 2077 commentatores
693 2040 797 2088 quod
812 2039 932 2087 angeli
953 2047 1039 2076 sunt
1058 2040 1285 2076 substantiae
1301 2038 1316 2069 β
1336 2040 1407 2077 im-

351 2091 581 2140 materiales,
611 2100 647 2129 et
666 2092 770 2141 quod
789 2103 867 2129 non
886 2099 942 2129 est
959 2092 997 2129 in
1017 2092 1084 2129 illis
1102 2092 1270 2141 potentia
1289 2100 1406 2130 mate-

350 2144 448 2192 riae3
473 2145 683 2182 secundum
703 2145 789 2192 hoc,
819 2146 867 2182 ab
889 2145 940 2181 eis
964 2145 1136 2182 habitum
1157 2146 1405 2193 excluserunt,

350 2205 387 2234 et
406 2209 522 2235 omne
542 2197 729 2235 accidens.
760 2198 837 2235 Sed
865 2198 965 2247 quia,
994 2198 1078 2234 licet
1105 2198 1143 2235 in
1163 2198 1302 2246 angelis
1328 2211 1407 2236 non

349 2250 396 2287 sit
431 2250 600 2300 potentia
635 2250 833 2298 materiae,
864 2258 919 2287 est
955 2258 1084 2287 tamen
1121 2251 1158 2287 in
1196 2252 1248 2287 eis
1282 2251 1407 2299 aliqua

347 2303 516 2352 potentia
544 2306 646 2350 (esse
677 2303 777 2340 enim
806 2310 932 2340 actum
960 2315 1100 2351 purum
1125 2311 1181 2340 est
1206 2304 1404 2352 proprium

348 2355 420 2392 Dei
439 2355 502 2402 *);
531 2355 617 2393 ideo
637 2360 653 2383 Υ
677 2355 903 2405 inquantum
931 2355 1122 2392 invenitur
1140 2356 1178 2392 in
1199 2356 1251 2392 eis
1272 2356 1319 2392 de
1338 2369 1406 2404 po-

285 2438 291 2446 .
347 2408 475 2456 tentia,
496 2408 680 2445 intantum
701 2408 739 2445 in
759 2408 811 2445 eis
839 2416 999 2457 possunt
1017 2409 1167 2445 habitus
1195 2408 1353 2446 inveniri
1372 2409 1403 2446 ²¹⁶.

349 2460 428 2498 Sed
446 2461 536 2510 quia
553 2461 720 2510 potentia
741 2461 921 2498 materiae
942 2469 977 2498 et
995 2461 1163 2510 potentia
1178 2461 1405 2498 intellectua-

347 2512 392 2550 lis
420 2514 650 2551 substantiae
678 2526 757 2551 non
786 2522 839 2551 est
875 2514 987 2551 unius
1025 2514 1193 2560 rationis,
1223 2514 1310 2551 ideo
1338 2526 1406 2562 per

349 2578 588 2615 consequens
616 2579 687 2603 nec
718 2567 868 2603 habitus
902 2566 1012 2603 unius
1041 2566 1194 2602 rationis
1224 2574 1278 2602 est
1306 2574 1406 2603 utro-

349 2618 477 2667 bique.
497 2619 608 2656 Unde
638 2618 854 2666 Simplicius
875 2619 973 2664 dicit,
990 2618 1028 2654 in
1052 2619 1269 2655 Commento
1287 2619 1406 2655 Prae-

312 2675 316 2683 *
349 2670 645 2708 dicamentorum
668 2671 703 2717 ³¹⁸,
731 2671 835 2719 quod
862 2671 1008 2708 habitus
1042 2670 1295 2707 intellectualis
1322 2672 1406 2708 sub-

348 2724 506 2760 stantiae
524 2735 598 2760 non
617 2729 703 2760 sunt
714 2723 851 2760 similes
874 2724 930 2760 his
945 2724 1010 2772 qui
1025 2729 1111 2760 sunt
1124 2724 1183 2760 hic
1201 2724 1406 2768 habitibus,-

403 2864 430 2896 α)
450 2864 628 2897 manifestatio
643 2864 781 2897 deiformis
794 2864 912 2895 ipsorum
931 2864 1077 2889 habituum.
1089 2877 1109 2883 -
1121 2864 1316 2897 manifestativo
1337 2862 1403 2898 (ma-

350 2898 486 2933 nifestatio
496 2899 526 2931 B)
540 2899 665 2932 deiformi
679 2899 796 2931 ipsorum
811 2899 901 2924 habitu
915 2899 1140 2928 ABCDEFGHIL.
1156 2899 1335 2932 manifestatio
1350 2900 1405 2924 dei-

343 2934 431 2968 formi
443 2934 560 2966 ipsorum
576 2934 712 2959 habituum
727 2934 804 2958 editio
817 2941 843 2959 a.
858 2934 1011 2966 Dionysius:
1025 2934 1221 2968 manifestativo
1235 2935 1404 2968 deiformium

350 2970 468 3002 ipsorum
486 2969 623 2994 habituum
642 2969 756 2994 nomine.

404 3003 429 3037 β)
448 3004 621 3030 substantiae.
639 3019 658 3024 —
677 3004 738 3029 Om.
756 3004 828 3029 PHa.

2429 229 2502 265 323

1450 308 1516 344 sed
1527 307 1651 357 magis
1665 312 1751 343 sunt
1762 307 1899 343 similes
1917 307 2142 355 simplicibus
2153 313 2186 343 et
2201 307 2506 344 immaterialibus

1450 360 1638 408 speciebus
1665 371 1758 408 quas
1786 359 1947 396 continet
1964 360 2000 395 in
2020 359 2138 407 seipsa
2157 358 2182 396 ὅ.

1506 412 1615 449 Circa
1634 412 1854 449 huiusmodi
1876 420 2005 448 tamen
2023 411 2195 448 habitum
2211 411 2315 447 aliter
2334 423 2374 448 se
2393 412 2507 449 habet

1453 464 1661 503 intellectus
1689 464 1891 513 angelicus,
1921 473 1957 501 et
1984 464 2088 501 aliter
2105 469 2117 484 ²
2146 463 2353 500 intellectus
2373 464 2507 500 huma-

1454 530 1536 555 nus.
1564 518 1775 554 Intellectus
1807 517 1908 554 enim
1937 518 2139 563 humanus,
2160 528 2247 552 curn
2277 516 2322 552 sit
2353 516 2507 552 infimus

1454 570 1492 606 in
1521 570 1652 607 ordine
1681 570 1954 616 intellectuum,
1985 576 2040 606 est
2066 570 2105 605 in
2133 568 2300 617 potentia
2336 576 2508 616 respectu

1455 622 1628 659 omniurn
1657 622 1958 670 intelligibilium,
1989 622 2083 658 sicut
2115 621 2272 657 materia
2302 620 2425 669 prima
2453 633 2509 657 re-

1455 683 1586 723 spectu
1606 675 1778 712 omnium
1797 675 2006 711 formarum
2026 673 2277 711 sensibilium:
2298 681 2334 709 et
2352 673 2439 710 ideo
2460 673 2509 709 ad

1456 727 1584 764 omnia
1611 727 1849 776 intelligenda
1875 727 2017 775 indiget
2044 727 2171 775 aliquo
2191 725 2334 762 habitu.
2356 725 2431 762 Sed
2455 725 2509 762 in-

1455 781 1623 816 tellectus
1652 780 1842 827 angelicus
1871 792 1948 816 non
1977 792 2016 816 se
2048 780 2163 816 habet
2191 778 2285 815 sicut
2316 790 2410 826 pura
2441 790 2509 826 po-

1456 832 1570 868 tentia
1602 832 1639 868 in
1672 844 1809 880 genere
1845 832 2147 880 intelligibilium,
2182 831 2248 868 sed
2277 830 2373 867 sicut
2406 838 2510 867 actus

1457 884 1633 933 quidam:
1664 897 1741 921 non
1769 893 1896 921 autem
1918 885 2012 921 sicut
2031 892 2135 921 actus
2153 896 2270 932 purus
2299 884 2388 930 (hoc
2409 883 2509 919 enim

1457 937 1572 973 solius
1592 937 1663 973 Dei
1684 940 1764 983 est),
1795 938 1861 974 sed
1882 950 1967 974 cum
1988 937 2238 986 permixtione
2268 936 2423 972 alicuius
2442 947 2510 984 po-

1457 989 1615 1026 tentiae:
1645 996 1681 1025 et
1707 997 1810 1026 tanto
1840 989 1964 1026 minus
1993 991 2106 1026 habet
2140 989 2186 1025 de
2221 989 2509 1037 potentialitate,

1458 1042 1676 1090 quanto'”est
1695 1042 1878 1090 superior.
1895 1043 1944 1078 Et
1963 1042 2061 1088 ideo,
2077 1049 2118 1078 ut
2137 1042 2173 1078 in
2188 1042 2317 1078 Primo
2332 1041 2353 1063 ²¹²
2368 1041 2510 1078 dictum

1459 1103 1525 1142 est,
1554 1095 1778 1143 inquantum
1805 1102 1860 1131 est
1878 1095 1916 1131 in
1935 1094 2114 1143 potentia,
2136 1094 2276 1141 indiget
2294 1093 2426 1142 perfici
2445 1094 2511 1130 ha-

1458 1147 1642 1184 bitualiter
1667 1159 1736 1196 per
1755 1147 1898 1196 aliquas
1927 1148 2069 1195 species
2089 1146 2334 1194 intelligibiles
2354 1146 2402 1183 ad
2422 1158 2512 1194 ope-

1459 1200 1643 1237 rationem
1671 1200 1887 1248 propriam.
1917 1200 1984 1236 sed
2011 1200 2235 1248 inquantum
2255 1207 2310 1235 est
2329 1206 2424 1245 actu,
2444 1211 2512 1246 per

1459 1252 1660 1289 essentiam
1677 1265 1785 1289 suam
1801 1260 1924 1301 potest
1943 1253 2067 1301 aliqua
2086 1252 2300 1299 intelligere,
2317 1251 2366 1288 ad
2386 1251 2511 1288 minus

1459 1305 1636 1353 seipsum,
1659 1313 1695 1341 et
1715 1306 1785 1342 alia
1814 1305 2023 1342 secundum
2051 1305 2212 1341 modum
2233 1317 2323 1340 suae
2343 1304 2513 1340 substan-

1458 1357 1543 1404 tiae,
1563 1365 1605 1394 ut
1633 1357 1766 1394 dicitur
1793 1358 1831 1394 in
1854 1358 1917 1394 lib.
1937 1358 1982 1394 de
2006 1358 2136 1394 Causis
2149 1357 2186 1393 ³¹⁸:
2216 1364 2251 1393 et
2269 1364 2372 1393 tanto
2391 1357 2513 1404 perfe-

1460 1409 1563 1456 ctius,
1594 1417 1734 1457 quanto
1764 1418 1819 1446 est
1846 1411 2055 1458 perfectior.

1514 1461 1591 1498 Sed
1619 1462 1707 1510 quia
1734 1463 1858 1499 nullus
1878 1463 2032 1510 angelus
2055 1462 2227 1511 pertingit
2250 1461 2299 1499 ad
2317 1461 2514 1510 perfectio-

1459 1526 1549 1550 nem
1569 1514 1651 1559 Dei,
1668 1515 1735 1551 sed
1754 1514 1793 1551 in
1808 1515 1995 1551 infinitum
2015 1515 2124 1551 distat
2142 1513 2171 1559 ζ;
2191 1522 2346 1562 propter
2364 1515 2449 1561 hoc,
2466 1515 2514 1551 ad

1460 1565 1718 1613 attingendum
1752 1567 1799 1603 ad
1819 1568 1945 1615 ipsum
1973 1569 2100 1604 Deum
2126 1579 2194 1614 per
2221 1567 2450 1603 intellectum
2479 1574 2515 1603 et

1458 1619 1707 1665 voluntatem,
1723 1619 1889 1666 indigent
1910 1619 2094 1668 aliquibus
2117 1619 2317 1666 habitibus,
2333 1626 2514 1666 tanquam

1460 1671 1499 1708 in
1526 1671 1694 1719 potentia
1723 1671 1921 1708 existentes
1945 1679 2118 1720 respectu
2143 1672 2238 1708 illius
2256 1671 2339 1720 puri
2359 1679 2463 1708 actus
2481 1671 2512 1708 ²¹⁶.

1461 1724 1571 1761 Unde
1600 1723 1806 1772 Dionysius
1835 1724 1923 1761 dicit
1943 1725 1963 1746 '¹‘
1990 1724 2140 1761 habitus
2169 1737 2303 1760 eorum
2332 1737 2414 1760 esse
2441 1725 2515 1761 dei-

1449 1778 1613 1825 formes,
1642 1777 1780 1824 quibus
1808 1774 1945 1814 scilicet
1972 1778 2056 1814 Deo
2087 1778 2381 1814 conformantur.

1515 1829 1676 1866 Habitus
1705 1837 1832 1866 autem
1861 1830 1926 1878 qui
1954 1838 2041 1867 sunt
2069 1829 2333 1879 dispositiones
2362 1830 2408 1866 ad
2434 1841 2515 1866 esse

1461 1883 1642 1929 naturale,
1663 1894 1741 1918 non
1769 1890 1855 1919 sunt
1882 1883 1920 1919 in
1949 1883 2107 1930 angelis:
2138 1895 2225 1919 cum
2252 1882 2325 1919 sint
2343 1882 2516 1919 immate-

1461 1935 1579 1971 riales.

1513 1989 1572 2024 AD
1592 1999 1728 2025 PRIMUM
1749 1999 1846 2024 ERGO
1862 1999 2044 2024 mci-:NDUM
2059 1988 2164 2035 quod
2178 1988 2340 2024 verbum
2360 1988 2516 2024 Maximi

1460 2040 1744 2088 intelligendum
1767 2048 1821 2077 est
1841 2041 1887 2077 de
1907 2040 2094 2077 habitibus
2111 2048 2146 2076 et
2160 2040 2416 2077 accidentibus
2435 2045 2519 2077 ma*

1459 2093 1662 2130 terialibus.

1513 2147 1572 2182 AD
1601 2157 1790 2183 SECUNDUM
1813 2157 1996 2183 DICENDUM
2024 2146 2128 2193 quod
2156 2153 2341 2194 quantum
2369 2145 2418 2182 ad
2442 2146 2516 2182 hoc

1460 2198 1566 2247 quod
1595 2198 1774 2236 convenit
1800 2198 1942 2246 angelis
1970 2211 2038 2247 per
2065 2211 2173 2235 suam
2202 2198 2414 2244 essentiam,
2436 2211 2514 2235 non

1460 2251 1628 2298 indigent
1645 2251 1786 2288 habitu.
1810 2252 1887 2288 Sed
1907 2251 1995 2299 quia
2013 2263 2091 2288 non
2111 2251 2160 2287 ita
2180 2258 2265 2287 sunt
2284 2263 2352 2299 per
2371 2251 2516 2299 seipsos

1462 2311 1581 2350 entes,
1612 2303 1704 2351 quin
1735 2303 1958 2352 participent
1991 2303 2213 2352 sapientiam
2247 2311 2282 2339 et
2309 2303 2516 2340 bonitatem

1462 2356 1647 2402 divinam;
1677 2356 1763 2393 ideo
1783 2356 2009 2403 inquantum
2029 2356 2197 2404 indigent
2214 2355 2436 2405 participare
2457 2356 2518 2392 ali-

1460 2409 1550 2457 quid
1585 2409 1632 2445 ab
1672 2409 1865 2456 exteriori,
1899 2409 2084 2446 intantum
2121 2421 2276 2446 necesse
2313 2417 2367 2445 est
2399 2409 2437 2445 in
2466 2409 2518 2445 eis

1459 2474 1603 2510 ponere
1631 2462 1792 2499 habitus.

1512 2516 1571 2550 An
1590 2526 1750 2551 TERTIUM
1769 2526 1952 2551 mei-:NDUM
1977 2514 2081 2562 quod
2094 2514 2140 2559 ,in
2160 2514 2298 2561 angelis
2323 2526 2402 2550 non
2430 2522 2517 2550 sunt

1460 2574 1584 2614 partes
1614 2567 1815 2603 essentiae:
1846 2567 1913 2603 sed
1942 2574 2028 2603 sunt
2054 2574 2180 2614 partes
2209 2566 2419 2603 secundum
2447 2579 2518 2614 po-

1460 2619 1626 2666 tentiam,
1656 2619 1882 2667 inquantum
1912 2619 2118 2656 intellectus
2147 2631 2280 2655 eorum
2304 2631 2372 2667 per
2390 2620 2516 2667 plures

1461 2671 1605 2720 species
1633 2672 1838 2720 perficitur,
1869 2679 1904 2708 et
1922 2673 2099 2708 voluntas
2123 2683 2257 2708 eorum
2277 2684 2316 2708 se
2335 2673 2449 2709 habet
2468 2672 2518 2708 ad

1460 2724 1577 2772 plura.

1511 2865 1539 2897 γ)
1559 2865 1626 2890 ideo.
1644 2879 1662 2883 -
1680 2868 1707 2889 et
1725 2865 1784 2889 ideo
1802 2866 1851 2893 Ka,
1870 2872 1924 2890 om.
1939 2865 2023 2889 ceteri.

1512 2899 1536 2932 δ)
1556 2900 1652 2932 seipsa.
1670 2914 1688 2918 -
1705 2900 1791 2932 seipso
1811 2899 1912 2924 codices
1932 2905 1956 2924 et
1974 2907 1999 2924 a.

1512 2936 1534 2967 ε)
1554 2935 1641 2960 aliter.
1659 2949 1677 2953 -
1696 2935 1756 2959 Om.
1772 2935 1882 2959 codices.

1512 2970 1537 3002 ζ)
1557 2970 1648 2995 distat.
1667 2983 1685 2989 -
1703 2970 1805 2994 distant
1823 2970 1855 2995 G.
1875 2970 1925 2994 Pro
1951 2970 2078 3002 indigent,
2100 2969 2234 3002 indigeret
2252 2969 2273 2993 Κ
2285 2988 2291 2998 ,
2312 2969 2414 3002 indiget
2437 2970 2513 3000 plia,-

1460 3013 1508 3038 pro
1526 3005 1679 3034 existentes,
1699 3005 1817 3030 existens
1836 3006 1881 3030 Pa.

1022 3091 1352 3123 Commentaria
1374 3092 1625 3125 cardinalis
1646 3069 1847 3125 &aretam

381 3198 402 3218 N
425 3187 557 3218 articulo
577 3193 664 3217 sexto
686 3186 828 3217 eiusdem
851 3185 1053 3226 quaestionis,
1079 3185 1156 3215 scito
1180 3185 1294 3225 primo,
1316 3186 1407 3226 >quod

355 3199 545 3267 IAverroes,
557 3231 591 3261 in
603 3231 659 3261 XII
675 3231 869 3271 Metaphys„
884 3236 1054 3260 comment.
1067 3239 1136 3265 xxv,
1151 3229 1320 3260 concordat
1333 3240 1407 3267 cum

317 3308 326 3313 ,
352 3276 537 3316 negantibus
560 3275 686 3306 habitus
703 3282 734 3305 et
755 3284 976 3315 quaecumque
997 3273 1166 3304 accidentia
1189 3283 1206 3304 a
1223 3274 1403 3304 substantiis

112 3457 322 3486 'Qu-imnum

351 3319 509 3360 separatis.
530 3320 570 3350 Et
593 3319 678 3359 apud
701 3319 788 3359 ipsos
804 3329 870 3350 non
886 3317 1068 3348 inconvenit
1087 3317 1307 3357 Intelligentias
1332 3328 1406 3349 con-

351 3370 451 3395 tentas
471 3373 537 3394 esse
553 3363 733 3403 cognitione
755 3363 818 3399 illa,
838 3362 1023 3393 inferiorum
1042 3361 1161 3398 saltem,
1182 3371 1279 3402 quam
1296 3371 1405 3392 secun-

352 3408 430 3438 dum
453 3407 615 3457 propriam
638 3406 803 3437 essentiam
825 3406 1004 3437 sortiantur.
1022 3405 1121 3436 Divus
1141 3411 1248 3436 autem
1262 3405 1406 3436 Thomas

351 3451 498 3492 ampliori
515 3451 695 3490 cognitione
718 3451 938 3491 intelligentias
957 3449 1108 3480 donavit
1101 3460 1133 3479 ιιι
1149 3449 1253 3480 Prima
1271 3447 1391 3480 Parte*

352 3502 474 3537 praeter
495 3495 583 3526 illam
603 3505 658 3535 per
682 3495 857 3531 essentiam,
875 3494 1024 3535 apposuit
1046 3494 1178 3524 inditam
1201 3503 1257 3534 per
1272 3494 1405 3534 species,

352 3550 431 3581 quas
454 3539 505 3570 hic
529 3539 653 3570 habitus
676 3546 778 3570 vocat.

1517 3186 1601 3217 Scito
1627 3186 1766 3216 secundo
1790 3186 1887 3227 quod,
1913 3186 1992 3217 sicut
2015 3186 2166 3217 essentiae
2191 3194 2220 3217 et
2243 3187 2401 3227 potentiae
2425 3196 2517 3226 ange-

1462 3230 1539 3260 licae
1563 3237 1637 3261 sunt
1660 3230 1786 3260 alterius
1808 3230 1938 3260 rationis
1954 3240 1971 3261 a
1987 3231 2110 3266 nostris,
2133 3230 2175 3261 ita
2190 3237 2220 3261 et
2235 3230 2370 3261 habitus.
2387 3230 2427 3260 Et
2442 3240 2517 3271 pro-

1462 3281 1568 3314 pterea
1591 3284 1657 3304 non
1680 3284 1811 3314 quaeras
1833 3274 1866 3304 in
1889 3284 2001 3305 eorum
2028 3274 2184 3305 habitibus
2207 3284 2318 3305 omnes
2346 3274 2414 3304 illas
2443 3284 2516 3304 con-

1462 3318 1596 3348 ditiones
1625 3328 1706 3358 quae
1735 3319 1773 3348 de
1805 3318 1920 3348 nostris
1947 3326 2021 3349 sunt
2049 3326 2246 3349 enumeratae
2273 3318 2306 3348 in
2334 3317 2517 3359 quaestione

1462 3362 1675 3402 praecedente.
1693 3361 1754 3392 Sed
1778 3361 1858 3393 sicut
1881 3369 2008 3393 naturae
2028 3369 2101 3394 sunt
2121 3363 2220 3402 magis
2235 3362 2350 3398 unitae,
2366 3362 2408 3392 ita
2423 3362 2517 3392 etiam

1462 3412 1491 3436 et
1514 3405 1694 3436 habituum:
1720 3416 1776 3436 nec
1801 3413 1926 3446 oportet
1949 3407 2035 3447 quod
2059 3406 2199 3447 potentia
2221 3407 2254 3436 in
2278 3406 2321 3436 eis
2345 3406 2384 3436 sit
2408 3405 2516 3446 dispo-

1462 3450 1565 3480 nibilis
1589 3459 1644 3490 per
1660 3449 1751 3490 plura
1766 3450 1973 3481 diversimode
1997 3450 2301 3486 commensurabilia,
2323 3450 2382 3480 nisi
2397 3450 2516 3480 ratione

1461 3494 1601 3534 plurium
1632 3493 1823 3534 specierum,
1849 3495 1956 3535 quoad
1982 3494 2186 3525 intellectum.
2211 3494 2381 3531 Quamvis,
2407 3494 2515 3534 quoad

1460 3538 1667 3574 voluntatem,
1684 3537 1919 3569 multiformitas
1943 3539 2119 3569 inveniatur
2137 3538 2312 3569 secundum
2335 3539 2456 3568 bonurn
2483 3544 2513 3568 et

2539 1050 2548 1059 '¹
2563 1049 2611 1077 Qu.
2625 1054 2661 1076 ιν,
2676 1051 2718 1070 art.
2731 1054 2747 1070 ι.

2540 1363 2606 1384 'Pro
2640 1368 2690 1389 vm,
2702 1368 2750 1384 xm.

2541 1389 2582 1410 -S.
2587 1369 2632 1411 Tg
2637 1379 2690 1411 lect.
2700 1395 2750 1417 vm,

2541 1421 2591 1436 xm.

2637 1508 2653 1536 ζ

2541 1678 2594 1699 D.
2610 1683 2651 1706 ¹35·

2543 1730 2617 1751 '.Loe
2627 1730 2665 1751 cit.
2673 1729 2697 1751 in
2705 1735 2753 1757 arg.

2542 1756 2590 1778 Sed
2603 1758 2695 1778 contra.
