2852 4152
104 387 114 397 ·
135 386 186 407 Art.
207 384 313 413 praeced.

981 296 1246 342 QUAESTIO
1276 296 1469 342 XXXVII,
1499 296 1794 333 ARTICULUS
1824 297 1875 332 IV

394 375 618 410 RESPONDEO
646 385 829 410 DlCENDUM
858 376 974 421 quod,
995 375 1090 411 sicut
1109 374 1184 410 iarn
1209 374 1229 396 ’¹‘
1257 375 1398 411 dictum

303 460 308 461 γ
342 434 407 473 est,
428 426 571 463 tristitia
600 426 831 474 quandoque
861 439 938 463 non
967 427 1016 463 ita
1044 434 1222 475 aggravat
1248 427 1309 464 vel
1335 428 1399 463 ab-

107 2052 118 2063 ·
125 2051 174 2080 Qu.
181 2056 239 2078 xm,
250 2053 293 2072 m.
301 2056 318 2077 ι,

105 2208 319 2257 ἓῗῖἳὶῗέαῗ·ιῖῐ.“

109 2627 120 2638 ’
133 2625 201 2648 Vera.
214 2632 249 2648 π.

109 2731 123 2743 ⁴
134 2730 203 2752 Vera.
217 2735 255 2752 αο-

105 2835 122 2845 ”
136 2834 204 2856 Ver..
217 2840 248 2862 ¹9·

341 480 470 517 sorbet
496 479 680 526 animum,
700 486 742 515 ut
771 491 927 516 omnem
948 487 1096 516 motum
1124 479 1342 516 interiorem
1364 487 1399 516 et

342 532 564 569 exteriorem
585 531 774 578 excludat3
799 533 866 569 sed
885 533 997 580 aliqui
1021 540 1147 569 motus
1167 533 1397 582 quandoque

342 597 387 622 ex
414 585 497 633 ipsa
524 584 667 621 tristitia
701 592 913 621 causantur.
941 585 1002 621 Sic
1030 598 1120 633 ergo
1149 586 1320 634 operatio
1349 585 1398 622 ad

341 638 525 674 tristitiam
546 637 744 686 dupliciter
762 645 886 685 potest
906 638 1128 686 comparari.
1150 639 1236 675 Uno
1265 638 1396 684 modo,

342 691 437 727 sicut
468 689 516 728 ad
544 690 582 727 id
622 690 668 727 de
703 702 780 738 quo
811 698 866 726 est
901 690 1055 727 tristitia.
1086 692 1134 727 Et
1166 691 1219 727 sic
1256 691 1399 727 tristitia

342 743 549 791 quamlibet
577 743 839 791 operationem
863 743 1039 792 impedit:
1068 756 1263 791 nunquam
1296 743 1397 779 enim

341 796 431 833 illud
451 797 555 844 quod
575 808 662 832 cum
683 796 825 832 tristitia
848 796 1022 843 facimus,
1053 797 1103 833 ita
1122 798 1219 833 bene
1240 796 1398 832 facimus

342 848 436 885 sicut
463 848 555 885 illud
593 849 698 896 quod
732 849 890 886 facimus
926 862 1012 885 cum
1042 849 1308 895 delectatione,
1337 849 1398 885 vel

340 901 420 938 sine
450 901 603 938 tristitia.
635 901 753 938 Cuius
783 902 876 939 ratio
906 910 981 950 est,
1011 902 1098 950 quia
1134 902 1310 939 voluntas
1345 909 1400 937 est

2436 298 2510 335 255

1454 387 1567 411 causa
1587 374 1815 424 operationis
1836 375 2046 411 humanae:
2076 376 2177 412 unde
2198 377 2351 423 quando
2378 389 2512 424 opera-

1452 427 1502 463 tio
1537 435 1592 464 est
1626 427 1672 464 de
1701 439 1777 476 qua
1814 427 1945 475 aliquis
1979 428 2234 474 contristatur,
2266 441 2420 465 necesse
2456 437 2511 466 est

1453 481 1556 529 quod
1585 480 1682 517 actio
1712 479 1934 517 debilitetur.

1505 533 1591 570 Alio
1619 533 1738 570 modo
1774 540 2016 581 comparatur
2044 532 2213 580 operatio
2247 533 2295 569 ad
2327 532 2508 570 tristitiam

1452 586 1547 622 sicut
1566 586 1615 623 ad
1633 586 1860 634 principium
1889 593 1925 622 et
1944 597 2110 622 causam.
2131 586 2180 621 Et
2208 585 2262 621 sic
2280 597 2435 622 necesse
2455 593 2511 622 est

1454 639 1560 686 quod
1597 639 1765 687 operatio
1803 639 1885 675 talis
1919 651 1964 675 ex
2001 638 2143 674 tristitia
2180 645 2380 685 augeatur:
2416 638 2511 674 sicut

1453 698 1594 739 quanto
1622 691 1755 740 aliquis
1774 692 1893 738 magis
1912 691 2075 728 tristatur
2104 691 2150 727 de
2178 703 2218 727 re
2247 690 2384 738 aliqua,
2405 698 2508 727 tanto

1453 744 1572 791 magis
1608 752 1765 780 conatur
1793 745 1841 781 ad
1870 744 2129 793 expellendam
2161 743 2368 790 tristitiam,
2401 744 2511 780 dum-

1452 797 1570 833 modo
1600 804 1795 833 remaneat
1823 810 1910 845 spes
1930 796 2160 845 expellendi:
2191 796 2358 844 alioquin
2387 797 2509 833 nullus

1451 857 1577 885 motus
1601 850 1662 885 vel
1691 850 1860 898 operatio
1891 862 1935 886 ex
1962 849 2105 886 tristitia
2134 857 2362 886 causaretur.

1505 903 1554 938 Et
1580 914 1649 950 per
1674 903 1748 938 hoc
1775 910 1879 950 patet
1907 902 2103 951 responsio
2134 903 2183 939 ad
2212 902 2371 938 obiecta.

1117 1071 1431 1112 ARTICULUS
1461 1071 1730 1122 QUARTUS

578 1174 732 1205 UTRUM
755 1173 971 1204 TRISTITIA
993 1173 1123 1203 MAGIS
1146 1172 1324 1203 NOCEAT
1349 1172 1536 1203 CORPORI
1561 1173 1686 1209 QUAM
1709 1173 1836 1203 ALIAE
1860 1173 2025 1203 ANIMAE
2049 1173 2274 1204 PASSIONES

1261 1259 1341 1290 Infra,
1362 1263 1406 1292 q'u.
1425 1267 1480 1289 xm,
1500 1264 1546 1284 art.
1567 1268 1587 1284 1.

554 1370 577 1395 D
597 1369 768 1399 QUARTUM
788 1368 840 1392 s1c
860 1367 1096 1392 PROCEDITUR.
1117 1355 1275 1392 Videtur
1293 1356 1398 1403 quod

431 1454 438 1456 ἡ
586 1409 696 1446 istitia
724 1421 802 1445 non
820 1408 955 1444 inferat
973 1408 1139 1443 maxime
1160 1407 1310 1455 corpori
1330 1420 1397 1443 no-

359 1463 486 1542 ²55⁶}
510 1468 788 1549 cumentpm.
818 1460 1003 1548 Tristitias,
1021 1460 1122 1549 ednim
1164 1460 1282 1548 habel}
1309 1472 1399 1548 ξεεῖ

396 1532 409 1543 «κ
430 1518 495 1545 >⁹
530 1527 571 1550 s
600 1522 744 1550 lrltuae
764 1525 803 1549 1n
822 1524 960 1548 amma.
1008 1524 1027 1548 e
1075 1524 1121 1548 ea
1140 1524 1238 1560 quae
1286 1524 1307 1548 a
1337 1525 1383 1549 en

343 1574 489 1603 tantum
509 1527 596 1603 essia)
619 1566 820 1614 spirituale,
841 1577 919 1601 non
940 1572 1096 1601 causant
1120 1561 1399 1601 transmutatioss

344 1631 434 1656 nem
455 1620 712 1668 corporalem:
738 1618 832 1655 sicut
851 1624 954 1666 patet
978 1618 1025 1654 de
1048 1617 1316 1654 intentionibus
1337 1630 1398 1654 co-

343 1673 467 1709 lorum
491 1685 590 1720 quae
610 1679 696 1709 sunt
715 1671 752 1708 in
773 1683 872 1718 aere,
894 1682 916 1706 a
935 1670 1072 1718 quibus
1095 1671 1239 1707 nullum
1260 1683 1398 1719 corpus

345 1725 545 1762 coloratur.
562 1726 664 1772 Ergo
679 1724 823 1761 tristitia
838 1736 915 1760 non
930 1723 1017 1759 facit
1031 1723 1186 1771 aliquod
1202 1724 1398 1772 corporale

344 1786 631 1815 nocumentum.
1005 1805 1010 1810 .

399 1842 434 1867 2.
455 1831 685 1877 PRAET‘EREA,
707 1829 737 1865 si
765 1828 851 1865 facit
878 1828 1034 1876 aliquod
1058 1830 1253 1877 corporale
1282 1841 1399 1865 nocu-

345 1891 532 1931 mentum,
552 1885 627 1920 hoc
655 1894 733 1919 non
762 1888 817 1918 est
844 1881 914 1918 nisi
932 1882 1158 1930 inquantum
1186 1882 1301 1918 habet
1321 1894 1401 1918 cor-

343 1937 517 1984 poralem
535 1935 891 1973 transmutationem
913 1934 1142 1985 adiunctam.
1165 1935 1242 1971 Sed
1267 1947 1400 1983 corpo-

345 1989 431 2025 ralis
458 1988 721 2026 transmutatio
758 1987 947 2024 invenitur
974 1987 1013 2024 in
1040 1988 1217 2024 omnibus
1250 1988 1402 2024 animae

345 2042 597 2090 passionibus,
618 2049 659 2078 ut
678 2053 793 2089 supra
812 2042 830 2059 ⁴*
851 2040 993 2076 dictum
1013 2048 1079 2077 est.
1101 2041 1202 2087 Ergo
1223 2053 1301 2077 non
1321 2052 1402 2076 ma-

346 2094 400 2142 gis
418 2095 561 2131 tristitia
579 2106 696 2143 quam
727 2093 820 2129 aliae
850 2093 1000 2129 animae
1023 2093 1232 2141 passiones,
1254 2093 1403 2141 corpori

346 2155 469 2184 nocet.

401 2201 435 2237 3.
456 2201 688 2246 PRAETEREA,
709 2198 962 2246 Philosophus
983 2197 1081 2244 dicit,
1101 2198 1139 2234 in
1153 2199 1221 2235 VII
1236 2199 1355 2235 Ethic.
1371 2198 1401 2245 ³¹⁸,

347 2253 451 2302 quod
479 2253 559 2289 irae
586 2258 621 2288 et
647 2251 964 2300 concupiscentiae
991 2252 1211 2299 quibusdam
1240 2252 1405 2287 insanias

332 2306 509 2353 faciunt.-
538 2306 642 2353 quod
669 2304 818 2341 videtur
846 2317 926 2341 esse
959 2304 1167 2340 maximum
1195 2316 1404 2340 nocumen-

345 2366 440 2406 tum,
461 2370 547 2394 cum
577 2357 670 2394 ratio
694 2357 739 2393 sit
767 2357 1119 2394 excellentissimum
1143 2369 1278 2392 eorum
1306 2369 1403 2405 quae

346 2418 432 2447 sunt
458 2411 496 2447 in
531 2410 700 2447 homine.
730 2410 954 2459 Desperatio
993 2410 1105 2446 etiam
1133 2409 1284 2446 videtur
1322 2421 1402 2446 esse

345 2463 466 2511 magis
494 2463 636 2500 nociva
650 2475 767 2510 quam
790 2463 950 2499 tristitia:
979 2475 1066 2499 cum
1095 2462 1141 2498 sit
1160 2474 1274 2498 causa
1296 2462 1403 2498 tristi-

345 2516 429 2553 tiae.
451 2517 553 2563 Ergo
573 2515 717 2552 tristitia
740 2528 818 2552 non
838 2515 958 2563 magis
977 2523 1090 2552 nocet
1110 2515 1259 2563 corpori
1287 2527 1403 2563 quam

347 2569 441 2606 aliae
469 2569 619 2606 animae
646 2568 855 2616 passiones.

400 2622 474 2658 SED
494 2633 640 2658 CONTRA
658 2633 724 2657 EST
751 2622 857 2669 quod
878 2620 1011 2657 dicitur
1029 2622 1142 2656 Prov.
1162 2632 1234 2656 xvu
1253 2619 1292 2655 ²⁸:
1312 2620 1404 2656 Ani-

347 2686 431 2710 mus
457 2674 628 2723 gaudens
647 2679 804 2709 aetatem
824 2673 1006 2722 floridam
1023 2673 1145 2719 facit:
1172 2672 1321 2719 spiritus
1340 2673 1403 2710 tri-

347 2726 410 2762 stis
437 2726 601 2762 exsiccat
627 2737 722 2761 ossa.
744 2727 793 2762 Et
811 2727 923 2762 Prov.
944 2737 1015 2761 xxv
1033 2726 1068 2760 *:
1090 2725 1192 2760 Sicut
1218 2725 1316 2761 tinea
1343 2736 1404 2761 ve-

347 2779 537 2822 stimento,
567 2783 601 2814 et
627 2778 765 2814 vermis
793 2778 917 2827 ligno,
947 2778 996 2814 ita
1025 2777 1170 2814 tristitia
1197 2778 1272 2813 viri
1299 2783 1406 2814 nocet

350 2831 464 2867 cordi.
482 2831 530 2866 Et
542 2830 658 2866 Eccli.
678 2842 811 2867 xxxvm
826 2830 863 2866 *ε
882 2832 919 2866 A
932 2831 1077 2866 tristitia
1091 2830 1247 2877 festinat
1263 2842 1376 2866 mors.

403 2885 627 2920 RESPONDEO
651 2895 834 2920 DtCENDuM
854 2883 958 2930 quod
977 2883 1131 2929 tristitia,
1151 2883 1246 2919 inter
1269 2895 1402 2919 omnes

350 2936 498 2973 animae
513 2935 720 2984 passiones,
738 2936 856 2983 magis
873 2936 1021 2984 corpori
1037 2943 1158 2972 nocet.
1177 2935 1293 2972 Cuius
1309 2935 1402 2972 ratio

351 2997 420 3035 est,
451 2988 539 3037 quia
566 2988 708 3025 tristitia
735 2989 917 3037 repugnat
944 2989 1131 3024 humanae
1159 2988 1258 3024 vitae
1287 3001 1405 3036 quan-

349 3049 430 3078 tum
459 3041 506 3078 ad
534 3041 701 3089 speciem
721 3042 777 3077 sui
805 3049 952 3086 motus:
974 3049 1010 3077 et
1038 3053 1115 3077 non
1143 3042 1268 3077 solum
1287 3053 1405 3089 quan-

350 3102 431 3130 tum
463 3094 512 3131 ad
545 3106 763 3130 mensuram
801 3106 868 3130 seu
897 3093 1158 3142 quantitatem,
1187 3093 1281 3131 sicut
1312 3093 1405 3130 aliae

350 3147 500 3183 animae
519 3146 727 3195 passiones.
749 3147 929 3183 Consistit
958 3146 1058 3182 enim
1078 3146 1245 3182 humana
1271 3145 1349 3182 vita
1367 3146 1406 3182 in

350 3199 515 3248 quadam
544 3199 726 3246 motione,
751 3211 849 3247 quae
879 3212 900 3235 a
929 3199 1042 3235 corde
1071 3198 1108 3234 in
1137 3206 1259 3234 cetera
1286 3198 1406 3235 mem-

350 3253 418 3289 bra
447 3251 684 3289 diffunditur:
714 3264 812 3300 quae
832 3252 987 3300 quidem
1008 3251 1125 3287 motio
1148 3251 1324 3288 convenit
1342 3263 1406 3287 na-

349 3313 454 3342 turae
473 3306 665 3341 humanae
693 3305 903 3342 secundum
923 3305 1088 3352 aliquam
1118 3303 1406 3340 determinatam

350 3370 581 3395 mensuram.
600 3357 639 3393 Si
656 3369 744 3404 ergo
764 3357 833 3394 ista
853 3358 971 3394 motio
991 3357 1172 3405 procedat
1186 3357 1282 3392 ultra
1302 3369 1407 3392 men-

352 3423 478 3447 suram
500 3410 678 3456 debitam,
700 3410 922 3458 repugnabit
941 3411 1130 3446 humanae
1155 3409 1255 3445 vitae
1276 3421 1407 3446 secun-

352 3463 445 3500 dum
466 3462 679 3512 quantitatis
695 3475 933 3510 mensuram;
954 3475 1032 3500 non
1051 3469 1178 3498 autem
1195 3462 1407 3498 secundum

1451 1355 1734 1392 similitudinem
1763 1355 1912 1403 speciei.
1943 1355 1982 1392 Si
2011 1363 2138 1392 autem
2167 1355 2395 1404 impediatur
2421 1369 2508 1404 pro-

1452 1420 1578 1444 cessus
1597 1408 1710 1444 huius
1730 1408 1920 1455 motionis,
1938 1408 2160 1457 repugnabit
2178 1408 2277 1445 vitae
2297 1410 2509 1446 secundum

1451 1472 1560 1496 suam
1588 1472 1764 1507 speciem.
2035 1480 2039 1483 ⁴

1505 1513 1572 1548 Est
1605 1519 1733 1548 autem
1770 1513 2042 1549 attendendum
2071 1513 2109 1549 in
2142 1513 2320 1550 omnibus
2357 1514 2508 1550 animae

1451 1565 1702 1612 passionibus,
1729 1565 1834 1613 quod
1852 1565 2112 1602 transmutatio
2137 1566 2341 1613 corporalis
2361 1572 2389 1613 α,
2411 1579 2508 1614 quae

1453 1625 1508 1653 est
1522 1617 1559 1653 in
1576 1617 1628 1653 eis
1649 1617 1861 1663 materialis,
1879 1625 1935 1653 est
1950 1618 2155 1654 conformis
2171 1626 2207 1654 et
2224 1619 2510 1667 proportionata

1453 1669 1573 1706 motui
1602 1669 1800 1718 appetitus,
1822 1669 1887 1716 qui
1912 1677 1966 1705 est
1993 1670 2186 1713 formalis:
2210 1671 2303 1706 sicut
2330 1671 2367 1707 in
2388 1672 2509 1708 omni-

1453 1723 1524 1758 bus
1560 1722 1718 1758 materia
1752 1722 2062 1770 proportionatur
2097 1723 2254 1758 formae.
2295 1724 2381 1759 Illae
2421 1736 2509 1771 ergo

1453 1775 1602 1811 animae
1630 1774 1826 1823 passiones
1846 1787 1944 1823 quae
1968 1775 2173 1823 important
2201 1783 2348 1812 motum
2370 1777 2511 1825 appeti-

1453 1835 1511 1865 tus
1527 1827 1576 1864 ad
1590 1829 1899 1876 prosequendum
1916 1827 2067 1876 aliquid,
2084 1840 2162 1864 non
2182 1837 2392 1876 repugnant
2410 1829 2513 1865 vitali

1454 1881 1613 1917 motioni
1647 1881 1858 1917 secundum
1896 1882 2079 1929 speciem,
2110 1881 2177 1917 sed
2204 1889 2365 1929 possunt
2401 1894 2511 1930 repu-

1454 1946 1569 1982 gnare
1589 1933 1800 1970 secundum
1821 1933 2087 1981 quantitatem:
2113 1941 2154 1970 ut
2177 1946 2296 1980 amor,
2318 1935 2510 1982 gaudium,

1455 1986 1694 2033 desiderium,
1716 1994 1752 2022 et
1778 1986 2009 2023 huiusmodi.
2030 1987 2079 2022 Et
2106 1986 2192 2022 ideo
2212 1986 2281 2022 ista
2300 1989 2510 2024 secundum

1455 2039 1620 2088 speciem
1649 2051 1757 2075 suam
1777 2039 1909 2076 iuvant
1937 2046 2107 2075 naturam
2139 2039 2318 2087 corporis,
2340 2040 2406 2076 sed
2425 2053 2512 2088 pro-

1455 2100 1538 2141 pter
1566 2104 1761 2128 excessum
1798 2099 1957 2140 possunt
1984 2104 2134 2128 nocere.
2164 2113 2187 2118 —
2218 2092 2418 2129 Passiones
2446 2106 2511 2129 au-

1456 2153 1532 2182 tem
1559 2156 1657 2193 quae
1685 2145 1890 2193 important
1917 2151 2066 2180 motum
2095 2145 2281 2193 appetitus
2310 2158 2397 2181 cum
2426 2146 2512 2193 fuga

1456 2199 1518 2235 vel
1538 2198 1759 2234 retractione
1789 2197 1967 2245 quadarn,
1989 2205 2198 2245 repugnant
2224 2198 2326 2234 vitali
2354 2198 2514 2235 motioni

1457 2263 1534 2287 non
1563 2251 1687 2286 solum
1708 2250 1919 2286 secundum
1948 2250 2207 2297 quantitatem,
2228 2252 2294 2286 sed
2324 2251 2434 2287 etiam
2456 2264 2513 2287 se-

1458 2305 1626 2340 cundum
1655 2303 1821 2351 speciem
1850 2309 1991 2348 motus,
2023 2310 2059 2338 et
2086 2302 2173 2339 ideo
2202 2303 2419 2351 simpliciter
2446 2316 2514 2340 no-

1458 2363 1559 2392 cent:
1587 2356 1682 2392 sicut
1700 2355 1813 2391 timor
1832 2362 1868 2391 et
1896 2355 2126 2403 desperatio,
2158 2363 2193 2391 et
2220 2368 2311 2404 prae
2335 2357 2513 2393 omnibus

1456 2409 1611 2455 tristitia,
1641 2421 1740 2457 quae
1769 2415 1947 2455 aggravat
1975 2408 2146 2444 animum
2166 2406 2180 2437 β
2204 2421 2250 2444 ex
2278 2409 2378 2445 malo
2407 2422 2515 2457 prae-

1457 2462 1563 2509 senti,
1585 2461 1690 2498 cuius
1711 2469 1765 2497 est
1785 2461 1915 2497 fortior
1942 2460 2138 2509 impressio
2159 2473 2275 2508 quam
2304 2462 2428 2498 futuri.

1510 2517 1568 2551 AD
1606 2525 1742 2551 PR1MUM
1776 2525 1873 2550 ERGO
1902 2525 2101 2562 DlCENDUM,
2118 2515 2239 2562 quod,
2268 2514 2356 2562 quia
2388 2515 2515 2551 anima

1457 2567 1672 2604 naturaliter
1685 2574 1816 2603 movet
1836 2578 1983 2614 corpus,
2001 2566 2198 2614 spiritualis
2217 2575 2343 2603 motus
2363 2567 2513 2604 animae

1457 2619 1672 2656 naturaliter
1705 2626 1759 2655 est
1792 2631 1905 2655 causa
1941 2619 2262 2659 transmutationis
2296 2620 2512 2668 corporalis.

1458 2674 1540 2709 Nec
1561 2679 1616 2708 est
1635 2672 1754 2708 simile
1774 2671 1820 2708 de
1840 2671 2092 2719 spiritualibus
2111 2671 2393 2718 intentionibus,
2415 2685 2512 2721 quae

1457 2737 1535 2761 non
1553 2725 1695 2761 habent
1714 2724 1928 2760 naturaliter
1947 2724 2120 2760 ordinem
2139 2725 2321 2761 movendi
2341 2725 2412 2761 alia
2433 2738 2514 2762 cor-

1457 2790 1562 2826 pora,
1585 2789 1683 2824 quae
1712 2789 1789 2813 non
1819 2785 1904 2813 sunt
1931 2785 2019 2819 nata
2047 2777 2194 2814 moveri
2224 2778 2271 2814 ab
2301 2779 2439 2815 anima.

1509 2833 1568 2873 AD
1597 2841 1785 2866 SECUNDUM
1814 2842 1997 2866 DICENDUM
2026 2830 2129 2878 quod
2157 2830 2250 2866 aliae
2274 2835 2289 2858 Υ
2317 2831 2514 2878 passiones

1457 2883 1598 2919 habent
1625 2883 1976 2919 transmutationem
1997 2884 2234 2930 corporalem
2263 2884 2512 2931 conformem,

1457 2936 1667 2972 secundum
1696 2948 1803 2972 suam
1828 2935 2007 2983 speciem,
2029 2936 2187 2971 motioni
2214 2936 2333 2972 vitali:
2363 2937 2431 2973 sed
2454 2937 2515 2973 tri-

1457 2989 1554 3025 stitia
1582 2988 1819 3034 contrariam,
1841 2995 1882 3024 ut
1909 3000 2021 3036 supra
2049 2987 2069 3009 ’¹‘
2098 2988 2240 3024 dictum
2269 2996 2335 3025 est.

1510 3043 1568 3077 AD
1605 3053 1764 3078 TERTmM
1799 3053 1982 3077 DieENDUM
2019 3041 2124 3088 quod
2153 3053 2198 3077 ex
2231 3041 2363 3078 leviori
2401 3054 2515 3078 causa

1457 3093 1660 3141 impeditur
1686 3106 1778 3129 usus
1806 3093 1970 3139 rationis,
1992 3106 2107 3141 quam
2133 3102 2395 3142 corrumpatur
2421 3095 2514 3131 vita:

1459 3158 1546 3182 cum
1574 3146 1775 3182 videamus
1794 3146 1931 3182 multas
1959 3146 2209 3193 aegritudines
2230 3159 2341 3183 usum
2362 3148 2515 3184 rationis

1459 3199 1600 3245 tollere,
1628 3211 1724 3247 quae
1754 3198 1927 3234 nondum
1956 3199 2127 3235 adimunt
2158 3199 2286 3236 vitam.
2313 3201 2362 3236 Et
2389 3209 2515 3237 tamen

1459 3251 1573 3287 timor
1601 3259 1636 3287 et
1663 3251 1716 3287 ira
1745 3251 1908 3287 maxime
1934 3259 2207 3288 nocumentum
2239 3254 2435 3301 corporale
2464 3255 2516 3289 af-

1459 3304 1582 3340 ferunt
1601 3316 1646 3340 ex
1665 3303 1914 3351 permixtione
1933 3304 2110 3350 tristitiae,
2132 3313 2286 3353 propter
2305 3306 2514 3342 absentiam

1461 3356 1539 3393 eius
1567 3357 1671 3404 quod
1693 3356 1849 3404 cupitur.
1871 3358 1955 3404 Ipsa
1985 3357 2097 3394 etiam
2117 3358 2259 3394 tristitia
2284 3359 2514 3407 quandoque

1461 3409 1645 3445 rationem
1666 3409 1803 3445 aufert:
1824 3409 1918 3445 sicut
1935 3418 2037 3458 patet
2056 3410 2093 3446 in
2114 3411 2170 3447 his
2190 3410 2254 3458 qui
2274 3418 2428 3459 propter
2448 3411 2516 3447 do-

1460 3463 1581 3498 lorem
1600 3460 1613 3483 ⁸
1633 3461 1670 3497 in
1700 3462 1991 3499 melancholiam
2011 3464 2071 3499 vel
2092 3463 2130 3499 in
2148 3463 2315 3500 maniam
2335 3463 2514 3500 incidunt.

406 3577 433 3608 α)
452 3577 609 3609 corporalis.
627 3591 646 3595 -
663 3577 783 3608 corporis
802 3576 830 3600 P.

406 3611 431 3644 β)
450 3612 576 3637 animum.
594 3626 613 3631 —
626 3619 695 3644 prae
713 3612 806 3636 ceteris
825 3611 893 3636 addit
910 3612 940 3636 E.

1512 3578 1539 3608 γ)
1558 3575 1635 3599 aliae.
1653 3589 1672 3593 -
1690 3576 1750 3599 illae
1770 3576 1946 3607 BEFGHIpD.

1513 3609 1537 3642 δ)
1558 3611 1684 3635 dolorem.
1703 3624 1721 3629 —
1740 3611 1842 3635 dolores
1863 3611 1962 3635 codices
1982 3616 2007 3635 et
2025 3618 2050 3635 a.

2541 3001 2549 3009 ·
2564 2998 2589 3019 In
2604 3003 2712 3025 corpore.

2642 3472 2657 3496 ο)
