2846 4146
88 1704 170 1752 {ze-³¹35·
184 1710 221 1751 {¹13
234 1709 296 1751 ¹¹1⁴er

89 1762 142 1781 xxv,

192 2080 218 2101 n,
235 2080 269 2095 111.
286 2085 296 2089 -

85 2074 171 2122 '‘St“'lqiii
197 2101 251 2122 lect.
274 2106 296 2121 vi

85 2133 136 2155 sqq.

88 2812 98 2822 ⁸
111 2811 215 2859 gaphvli,
231 2817 254 2832 n.
269 2817 298 2838 ¹5·

91 2849 100 2853 -
131 2853 136 2859 .
180 2852 186 2858 .
205 2841 297 2858 ect.vn.

89 2916 99 2926 ⁸
116 2915 163 2942 Qu.
173 2922 209 2942 ιν,
224 2919 267 2937 art.
277 2922 297 2943 3.

328 250 403 285 4¹2

1017 237 1282 283 QUAEsrio
1312 236 1448 282 LXIV,
1478 235 1772 272 ARTICULUS
1803 237 1816 272 1

754 439 1165 520 QUAESTIO
1204 440 2080 517 SEXAGESIMAQUARTA

1017 570 1110 609 DE
1150 568 1383 608 MEDIO
1426 567 1816 608 VIRTUTUM

1112 684 1145 708 IN
1176 683 1347 713 QUATUOR
1374 682 1575 708 ARTICULOS
1603 682 1719 707 DIVISA

412 801 517 826 ΕΙΝΒΕ
559 786 876 824 considerandum
915 794 970 822 est
1010 786 1056 822 de
1089 785 1383 833 proprietatibus

331 799 590 881 Dvirtutum
610 840 639 876 ²¹⁶.
668 841 716 876 Et
743 839 865 888 primo
888 838 1055 886 quidem,
1082 838 1128 874 de
1154 838 1282 874 medio
1308 838 1383 875 vir-

328 902 467 939 tutum3
498 893 677 939 secundo,
701 892 746 928 de
767 891 1003 929 connexione
1027 890 1208 927 virtutum
1229 890 1289 936 αι’ἢ
1310 898 1383 927 ter-

327 947 390 994 tio,
421 947 467 983 de
496 945 718 992 aequalitate
752 955 882 980 earum
902 943 937 990 *ς
963 951 1108 992 quarto,
1140 943 1187 980 de
1214 944 1382 992 ipsarum

328 1000 522 1036 duratione
542 998 572 1034 ²³⁶.

328 1052 435 1088 Circa
463 1051 627 1099 primum
657 1057 888 1098 quaeruntur
916 1057 1090 1097 quatuor.
1124 1089 1128 1092 ,

1491 784 1643 821 Primo:
1673 791 1800 821 utrum
1828 784 1985 822 virtutes
2013 787 2177 823 morales
2206 787 2279 824 sint
2299 787 2337 824 in
2357 787 2497 825 medio.

1493 837 1693 874 Secundo:
1722 845 1851 874 utrum
1875 838 2044 875 medium
2073 839 2219 876 virtutis
2248 840 2401 878 moralis
2420 839 2435 870 β
2454 840 2500 877 sit

1545 891 1718 927 medium
1746 889 1815 937 rei,
1845 891 1907 927 vel
1935 890 2100 935 rationis.

1493 943 1642 980 Tertio:
1670 951 1799 980 utrum
1827 943 2093 981 intellectuales
2120 943 2275 981 virtutes
2294 944 2500 983 consistant

1546 996 1584 1032 in
1613 996 1754 1033 medio.

1494 1049 1660 1095 Quarto:
1690 1056 1817 1085 utrum
1845 1048 2002 1086 virtutes
2029 1049 2276 1097 theologicae.

1135 1165 1452 1207 ARTICULUS
1483 1165 1688 1207 PRIMUS

927 1267 1082 1298 UTRUM
1105 1267 1321 1298 VIRTUTES
1344 1266 1546 1298 MORALEs
1569 1267 1667 1298 SINT
1691 1267 1734 1298 1N
1757 1267 1895 1298 MEmo

478 1358 508 1381 11⁴
529 1357 579 1387 11·‘,
600 1364 643 1388 qu.
662 1363 720 1385 xvu,
741 1361 787 1380 art.
810 1355 832 1387 5,
853 1357 884 1380 ad
905 1363 934 1386 2;
954 1356 985 1380 111
1002 1356 1088 1383 Sent„
1109 1355 1167 1380 dist.
1186 1362 1270 1414 xxxi1111.
1287 1362 1371 1415 {uit-x,
1391 1359 1436 1414 alrt.
1458 1354 1482 1384 3,
1501 1356 1548 1387 qu·
1568 1362 1589 1385 1;
1610 1355 1650 1380 De
1673 1356 1779 1386 Virtut„
1799 1364 1844 1388 qu.
1864 1363 1882 1386 ι,
1901 1361 1947 1381 art.
1971 1355 2014 1387 13;
2033 1364 2078 1390 qu.
2098 1365 2132 1388 w,
2152 1363 2198 1383 art.
2222 1365 2243 1389 1,
2262 1358 2295 1383 ad
2313 1365 2328 1391 7
2336 1366 2343 1389 3

1341 1397 1382 1419 1c.‚
1412 1395 1460 1416 eet.
1478 1398 1512 1419 Vl,
1531 1397 1575 1415 vn.

353 1505 418 1547 303³&
441 1510 510 1555 aa(
527 1488 558 1526 *D
587 1502 723 1527 prunum
750 1501 803 1526 s1c
825 1500 1063 1526 PROCEDrrUR.
1093 1488 1252 1525 Videtur
1280 1488 1384 1536 quod

356 1540 404 1602 θ’θ’
452 1531 508 1584 Q]
535 1542 654 1580 virtus
682 1542 835 1579 moralis
864 1554 941 1578 non
971 1541 1152 1578 consistat
1179 1540 1217 1577 in
1242 1541 1382 1578 medio.

342 1599 378 1653 μθ
400 1571 722 1633 *rxx‘Ultirnum
751 1595 851 1631 enim
881 1601 1065 1644 repugnat
1093 1593 1227 1630 rationi
1256 1593 1383 1630 medii.

381 1623 470 1676 §³⁴³⁹
492 1639 525 1682 K
538 1649 613 1685 Sed
635 1648 682 1685 de
702 1648 846 1685 ratione
864 1647 1010 1684 virtutis
1032 1654 1087 1683 est
1105 1647 1301 1684 ultimum:
1333 1646 1385 1683 di—

328 1701 421 1737 citur
449 1701 551 1737 enim
579 1701 618 1738 in
648 1703 660 1737 I
690 1702 735 1737 de
759 1700 870 1737 Caelo
889 1700 920 1747 ²¹⁵,
951 1700 1056 1748 quod
1079 1701 1197 1737 virtus
1224 1705 1278 1736 est
1305 1700 1385 1736 ulti-

327 1766 431 1790 mum
454 1755 652 1802 potentiae.
683 1755 784 1801 Ergo
804 1753 922 1790 virtus
949 1753 1101 1789 moralis
1120 1765 1198 1789 non
1219 1753 1386 1789 consistit

327 1807 364 1842 in
394 1806 534 1843 medio.

382 1871 416 1895 2.
438 1861 678 1905 PRAETEREA,
713 1859 802 1895 illud
831 1858 935 1906 quod
965 1865 1020 1894 est
1047 1857 1275 1903 maximum,
1306 1869 1384 1894 non

329 1919 382 1948 est
409 1912 591 1948 medium.
624 1911 699 1948 Sed
729 1911 919 1958 quaedam
947 1911 1102 1946 virtutes
1123 1911 1285 1946 morales
1305 1917 1383 1946 ten-

327 1965 419 2001 dunt
454 1965 491 2000 in
520 1964 674 2012 aliquod
709 1964 934 2000 maximum:
965 1963 1060 1999 sicut
1096 1962 1384 2010 magnanimitas

327 2025 382 2054 est
401 2017 498 2053 circa
526 2017 714 2053 maximos
733 2017 911 2063 honores,
933 2023 969 2052 et
988 2015 1267 2063 magnificentia
1287 2015 1384 2052 circa

326 2070 511 2106 maximos
541 2077 726 2117 sumptus,
755 2076 797 2105 ut
822 2069 954 2105 dicitur
973 2068 1011 2105 in
1032 2069 1083 2105 IV
1100 2068 1220 2105 Ethz'c.
1236 2068 1256 2089 '¹‘
1281 2069 1382 2116 Ergo

326 2135 403 2159 non
433 2122 556 2159 omnis
583 2122 702 2159 virtus
731 2121 885 2159 moralis
914 2129 969 2158 est
997 2121 1034 2158 in
1063 2121 1205 2158 medio.

381 2177 415 2212 3.
437 2177 668 2223 PRAETEREA,
699 2174 729 2211 si
757 2175 805 2211 de
834 2174 977 2211 ratione
996 2174 1142 2211 virtutis
1166 2174 1319 2210 moralis
1339 2174 1384 2211 sit

326 2229 364 2265 in
391 2228 519 2265 medio
550 2241 643 2275 esse,
674 2235 823 2276 oportet
851 2228 956 2275 quod
983 2227 1101 2263 virtus
1129 2227 1282 2263 moralis
1306 2240 1383 2264 non

325 2281 554 2330 perficiatur,
575 2281 642 2318 sed
662 2281 781 2328 magis
802 2288 1078 2328 corrumpatur,
1099 2292 1167 2328 per
1185 2280 1259 2316 hoc
1278 2281 1383 2328 quod

327 2334 445 2370 tendit
473 2334 522 2370 ad
552 2341 774 2370 extremum.
805 2333 881 2370 Sed
909 2333 1099 2381 quaedam
1127 2332 1284 2369 virtutes
1302 2345 1384 2369 mo-

328 2387 422 2423 rales
449 2387 697 2435 perficiuntur
723 2397 791 2434 per
818 2386 892 2422 hoc
920 2385 1026 2433 quod
1057 2385 1218 2422 tendunt
1245 2385 1294 2422 ad
1323 2397 1384 2422 ex-

327 2447 510 2476 tremum:
541 2439 635 2476 sicut
661 2438 865 2486 virginitas,
887 2450 984 2485 quae
1014 2437 1174 2474 abstinet
1201 2438 1248 2474 ab
1279 2438 1384 2475 omni

329 2491 537 2528 delectabili
554 2503 735 2537 venereo,
758 2499 793 2527 et
812 2491 864 2527 sic
883 2498 984 2527 tenet
1004 2498 1227 2537 extremum,
1244 2497 1280 2527 et
1298 2498 1354 2528 est
1367 2495 1384 2519 ἵ

326 2544 596 2593 perfectissima
624 2543 781 2581 castitas.
812 2544 860 2580 Et
889 2543 978 2580 dare
1007 2543 1136 2579 omnia
1154 2543 1384 2591 pauperibus

328 2605 382 2634 est
399 2597 671 2645 perfectissima
692 2594 950 2633 misericordia
967 2596 1029 2632 vel
1049 2595 1258 2632 liberalitas.
1280 2597 1382 2644 Ergo

326 2650 475 2687 videtur
502 2650 607 2698 quod
636 2662 714 2686 non
742 2649 787 2686 sit
816 2649 862 2686 de
892 2649 1035 2685 ratione
1062 2648 1209 2686 virtutis
1229 2648 1383 2686 moralis

328 2716 410 2740 esse
437 2703 474 2739 in
504 2703 645 2739 medio.

380 2757 453 2792 SED
483 2767 627 2792 CONTRA
654 2767 719 2792 EST
749 2755 853 2803 quod
882 2755 1136 2807 Philosophus
1165 2754 1263 2801 dicit,
1293 2754 1331 2790 in
1351 2755 1382 2790 II

325 2809 443 2845 Ethic.
464 2808 495 2854 ³⁸,
525 2809 630 2857 quod
657 2809 774 2844 virtus
801 2808 956 2844 moralis
979 2813 1034 2844 est
1049 2808 1195 2844 habitus
1213 2807 1385 2844 electivus

327 2862 363 2898 in
392 2862 585 2898 medietate
612 2861 782 2898 existens.

380 2916 604 2951 RESPONDEO
626 2925 809 2951 DICENDUM
829 2915 945 2962 quod,
961 2913 1056 2950 sicut
1071 2926 1115 2950 ex
1131 2914 1352 2962 supradictis
1367 2914 1386 2935 '¹‘

327 2975 442 3016 patet,
471 2967 589 3004 virtus
619 2967 665 3003 de
695 2966 751 3003 sui
780 2966 924 3003 ratione
954 2966 1103 3003 ordinat
1122 2966 1319 3003 hominem
1338 2968 1384 3004 ad

328 3021 485 3057 bonum.
516 3020 671 3056 Moralis
699 3027 826 3056 autem
855 3020 973 3056 virtus
1001 3019 1153 3068 proprie
1183 3027 1237 3056 est
1264 3019 1385 3068 perfe—

329 3073 427 3110 ctiva
455 3072 680 3121 appetitivae
709 3072 823 3121 partis
849 3072 998 3108 animae
1019 3072 1117 3109 circa
1136 3072 1302 3121 aliquam
1323 3072 1386 3109 de-

328 3125 566 3162 terminatam
595 3125 805 3161 materiam.
836 3126 1017 3161 Mensura
1045 3133 1173 3162 autem
1204 3133 1238 3162 et
1259 3126 1386 3173 regula

329 3177 522 3226 appetitivi
555 3185 681 3214 motus
711 3177 807 3213 circa
836 3178 1063 3226 appetibilia,
1086 3186 1141 3214 est
1168 3178 1250 3226 ipsa
1279 3178 1384 3215 ratio.

329 3231 482 3267 Bonum
517 3237 645 3267 autem
681 3230 876 3266 cuiuslibet
912 3231 1119 3267 mensurati
1157 3238 1194 3267 et
1231 3231 1387 3279 regulati

330 3283 496 3320 consistit
523 3283 562 3319 in
591 3283 665 3319 hoc
694 3282 798 3331 quod
827 3284 1085 3320 conformetur
1105 3295 1195 3320 suae
1215 3284 1385 3331 regulae:

330 3336 424 3372 sicut
451 3337 597 3372 bonum
626 3335 664 3372 in
693 3335 894 3371 artificiatis
924 3343 979 3372 est
1005 3344 1047 3372 ut
1075 3344 1354 3385 consequantur
1373 3335 1387 3358 ὃ

330 3389 498 3435 regulam
531 3388 628 3425 artis.
659 3389 804 3424 Malum
833 3395 960 3424 autem
987 3401 1056 3436 per
1084 3401 1320 3438 consequens
1348 3389 1387 3426 in

1440 1487 1660 1525 huiusmodi
1688 1495 1743 1525 est
1769 1498 1838 1536 per
1865 1489 1940 1526 hoc
1969 1489 2075 1537 quod
2103 1490 2242 1538 aliquid
2268 1491 2499 1529 discor-data

1441 1552 1509 1577 sua
1538 1541 1666 1589 regula
1683 1542 1745 1577 vel
1765 1552 1955 1578 mensura.
1988 1542 2104 1588 Quod
2132 1543 2291 1591 quidem
2320 1545 2500 1593 contingit

1439 1594 1501 1630 vel
1519 1605 1588 1642 per
1605 1594 1680 1635 hoc
1696 1594 1802 1642 quod
1820 1594 2082 1643 superexcedit
2098 1606 2330 1644 mensuram,
2350 1597 2412 1634 vel
2429 1609 2500 1646 per

1439 1647 1515 1682 hoc
1543 1646 1648 1694 quod
1676 1646 1802 1683 deficit
1831 1647 1878 1683 ab
1909 1659 1975 1683 ea:
2005 1647 2100 1684 sicut
2128 1648 2325 1686 manifeste
2343 1658 2500 1699 apparet

1440 1699 1479 1735 in
1508 1699 1685 1735 omnibus
1709 1699 1882 1746 regulatis
1902 1707 1938 1735 et
1958 1700 2194 1737 mensuratis.
2217 1701 2267 1738 Et
2285 1701 2371 1738 ideo
2395 1710 2499 1751 patet

1441 1753 1544 1800 quod
1573 1752 1718 1788 bonum
1746 1752 1895 1788 virtutis
1929 1752 2084 1789 moralis
2117 1753 2284 1791 consistit
2315 1754 2354 1792 in
2386 1756 2498 1792 adae-

1439 1804 1619 1852 quatione
1640 1804 1687 1840 ad
1707 1816 1928 1841 mensuram
1949 1805 2113 1842 rationis.
2131 1826 2155 1833 -
2176 1806 2422 1844 Manifestum
2443 1816 2499 1846 est

1439 1865 1567 1894 autem
1597 1857 1702 1905 quod
1726 1857 1821 1893 inter
1846 1869 2044 1905 excessum
2064 1865 2100 1894 et
2119 1858 2308 1896 defectum
2327 1861 2496 1898 medium

1440 1917 1495 1946 est
1523 1910 1727 1957 aequalitas
1761 1909 1842 1946 sive
1875 1910 2130 1948 conformitas.
2160 1911 2271 1949 Unde
2299 1914 2497 1951 manifeste

1439 1969 1596 2011 apparet
1623 1962 1728 2010 quod
1756 1962 1873 1999 virtus
1906 1962 2059 2000 moralis
2087 1963 2125 2000 in
2152 1964 2282 2002 medio
2317 1966 2496 2004 consistit.

1491 2017 1549 2051 AD
1579 2027 1715 2052 PmMUM
1743 2027 1841 2051 ERGO
1861 2027 2045 2053 DICENDUM
2064 2017 2170 2065 quod
2196 2017 2315 2054 virtus
2343 2019 2498 2056 moralis

1439 2067 1648 2104 bonitatem
1676 2068 1791 2104 habet
1818 2079 1863 2104 ex
1891 2069 2019 2116 regula
2048 2069 2221 2107 rationis:
2249 2083 2320 2119 pro
2341 2072 2499 2109 materia

1439 2128 1566 2157 autem
1593 2121 1708 2157 habet
1735 2121 1931 2169 passiones
1959 2122 2021 2158 vel
2050 2122 2301 2170 operationes.
2340 2124 2379 2161 Si
2407 2137 2496 2173 ergo

1440 2181 1681 2222 comparetur
1707 2173 1825 2210 virtus
1855 2174 2007 2210 moralis
2036 2175 2085 2211 ad
2113 2175 2316 2224 rationem,
2346 2177 2411 2225 sic,
2440 2190 2497 2215 se-

1440 2227 1608 2263 cundum
1636 2226 1674 2263 id
1703 2227 1808 2274 quod
1837 2226 1990 2263 rationis
2011 2234 2076 2274 est,
2097 2228 2212 2265 habet
2230 2229 2415 2267 rationem
2436 2243 2497 2268 ex-

1438 2280 1548 2316 tremi
1566 2279 1690 2326 unius,
1710 2279 1816 2327 quod
1836 2286 1891 2316 est
1911 2280 2176 2317 conformitas:
2206 2294 2382 2320 excessus
2400 2295 2495 2321 vero

1440 2340 1476 2369 et
1504 2332 1672 2369 defectus
1691 2332 1806 2368 habet
1825 2332 2011 2368 rationem
2031 2333 2181 2370 alterius
2201 2335 2370 2383 extremi,
2391 2336 2495 2384 quod

1440 2392 1494 2422 est
1513 2384 1749 2422 difformitas.
1781 2384 1821 2421 Si
1839 2396 1933 2421 vero
1954 2384 2212 2423 consideretur
2231 2387 2350 2425 virtus
2370 2400 2496 2425 mora-

1436 2437 1480 2475 lis
1500 2437 1711 2474 secundum
1740 2449 1849 2473 suam
1870 2437 2079 2485 materiam,
2100 2438 2153 2474 sic
2175 2439 2291 2477 habet
2309 2440 2494 2478 rationem

1438 2490 1565 2537 medii,
1593 2490 1816 2538 inquantum
1845 2490 2063 2538 passionem
2089 2492 2235 2528 reducit
2258 2493 2307 2530 ad
2327 2494 2495 2541 regulam

1438 2542 1604 2580 rationis.
1633 2543 1744 2580 Unde
1771 2542 2026 2591 Philosophus
2056 2543 2162 2590 dicit,
2192 2543 2230 2581 in
2259 2546 2291 2581 ΙΙ
2319 2546 2439 2583 Ethic.
2459 2546 2495 2594 ⁸⁸³,
2523 2553 2531 2562 ·

1438 2595 1544 2645 quod
1569 2595 1687 2633 virtus
1713 2595 1917 2631 secundum
1949 2596 2192 2632 substantiam
2220 2598 2397 2635 medietas
2424 2605 2496 2646 est,

1439 2649 1663 2697 inquantum
1684 2648 1812 2695 regula
1830 2647 1976 2684 virtutis
2004 2648 2158 2697 ponitur
2177 2650 2274 2687 circa
2300 2651 2496 2700 propriam

1439 2701 1653 2739 materiam:
1682 2701 1886 2737 secundum
1906 2701 2085 2749 optimum
2105 2708 2230 2739 autem
2253 2707 2289 2739 et
2313 2704 2416 2750 bene,
2446 2710 2502 2742 est

1439 2754 1674 2799 extremitas,
1704 2753 1842 2790 scilicet
1869 2754 2081 2792 secundum
2110 2755 2413 2794 conformitatem
2442 2769 2498 2795 ra-

1439 2807 1562 2844 tionis.

1493 2861 1551 2897 AD
1586 2870 1774 2896 SECUNDUM
1811 2871 1994 2896 DicENDUM
2022 2861 2133 2908 quod
2166 2861 2334 2898 medium
2369 2870 2405 2899 et
2437 2874 2497 2899 ex-

1440 2921 1560 2950 trema
1589 2912 1874 2949 considerantur
1900 2912 1939 2949 in
1967 2913 2178 2950 actionibus
2203 2921 2240 2950 et
2256 2914 2498 2963 passionibus

1441 2965 1652 3003 secundum
1668 2965 1838 3002 diversas
1853 2965 2165 3003 circumstantias:
2185 2967 2288 3004 unde
2302 2967 2392 3004 nihil
2411 2980 2498 3017 pro-

1441 3019 1545 3055 hibet
1571 3018 1610 3055 in
1637 3018 1762 3067 aliqua
1789 3018 1924 3055 virtute
1953 3031 2035 3055 esse
2055 3026 2266 3056 extremum
2286 3020 2498 3058 secundum

1440 3083 1558 3108 unam
1592 3070 1925 3118 circumstantiam,
1955 3072 2060 3121 quod
2087 3079 2214 3109 tamen
2243 3079 2299 3109 est
2325 3073 2497 3110 medium

1441 3124 1653 3161 secundum
1673 3123 1764 3160 alias
1783 3123 2091 3174 circumstantias,
2107 3136 2176 3173 per
2195 3125 2498 3163 conformitatem
2524 3171 2527 3174 Α

1441 3178 1487 3214 ad
1505 3177 1702 3214 rationem.
1723 3177 1772 3213 Et
1791 3176 1843 3213 sic
1863 3183 1919 3213 est
1937 3177 1975 3214 in
1991 3177 2270 3225 magnificentia
2290 3185 2326 3215 et
2343 3173 2500 3227 magna-

1442 3230 1622 3267 nimitate.
1652 3230 1756 3266 Nam
1785 3229 1816 3266 si
1837 3229 2095 3267 consideretur
2123 3230 2309 3279 quantitas
2328 3232 2500 3268 absoluta

1443 3283 1523 3320 eius
1551 3283 1590 3319 in
1618 3282 1722 3331 quod
1749 3282 1868 3319 tendit
1894 3282 2119 3330 magnificus
2148 3290 2184 3320 et
2210 3283 2496 3332 magnanimus,

1443 3336 1587 3373 dicetur
1615 3342 1828 3372 extremum
1857 3342 1894 3371 et
1920 3335 2151 3372 maximum:
2181 3336 2248 3373 sed
2274 3336 2304 3373 si
2328 3336 2499 3374 conside-

1443 3396 1542 3425 retur
1569 3389 1644 3424 hoc
1671 3388 1798 3436 ipsum
1822 3399 1889 3436 per
1908 3388 2233 3437 comparationem
2254 3389 2302 3427 ad
2321 3389 2411 3426 alias
2431 3388 2498 3426 cir-

384 3518 411 3551 α)
431 3518 567 3543 vir-tutum.
581 3533 600 3537 —
618 3519 679 3543 Om.
699 3519 808 3543 codices.

385 3552 410 3586 β)
430 3554 547 3578 moralis.
560 3567 578 3572 —
598 3554 638 3578 vel
656 3554 768 3578 rationis
787 3553 1012 3586 ABCGIKLpDH.
1033 3561 1085 3578 om.
1106 3554 1163 3578 PsH
1184 3560 1209 3578 et
1227 3562 1252 3579 a.

1493 3519 1519 3553 γ)
1540 3523 1566 3543 et
1585 3522 1631 3543 est.
1646 3533 1663 3537 -
1681 3522 1720 3543 est
1738 3518 1925 3551 ABCDELpH,
1946 3518 2017 3550 quod
2035 3521 2075 3543 est
2093 3518 2129 3549 G,
2149 3522 2188 3543 est
2206 3521 2294 3543 tamen
2311 3517 2344 3543 K.

1493 3553 1517 3587 δ)
1538 3557 1740 3586 consequantur.
1754 3567 1772 3572 -
1790 3557 1917 3586 sequatur
1935 3553 2004 3578 PKa.
