2852 4152
108 1056 120 1068 ⁴
132 1056 158 1078 Iu
171 1061 232 1084 resp.
241 1056 270 1077 ad
284 1061 300 1077 ι.

98 2165 312 2240 ἑρὲῗέὲῖ-ιιῆἓοέ

98 2753 110 2765 ¹·
124 2752 181 2780 cap.
195 2758 212 2774 1.

347 198 393 233 14

343 265 419 296 boni
450 266 615 302 naturalis;
640 266 743 303 tertia,
768 276 804 297 ex
827 276 865 297 eo
889 266 977 306 quod
1007 266 1100 297 habet
1129 266 1284 297 rationem
1307 266 1401 306 primi

343 308 559 349 specificantis.
585 310 624 341 Et
639 310 711 341 licet
729 310 831 350 prima
854 310 933 340 ratio
958 310 1070 340 clarius
1086 310 1260 346 convincat,
1281 317 1311 340 et
1325 320 1399 350 pro-

342 359 449 393 pterea
472 353 524 383 illa
547 353 646 384 utitur
661 356 782 384 Auctor
797 354 829 384 in
846 353 1104 393 responsionibus
1124 360 1399 393 argumentorum;

344 396 459 426 eodem
477 404 584 428 tamen
600 398 698 428 modo
719 407 831 427 omnes
848 396 1025 428 clarificant.
1044 398 1127 427 Nam
1151 397 1232 428 sicut
1247 404 1402 437 repugnat

343 440 475 476 divitias,
499 441 585 471 verbi
607 441 714 481 gratia,
740 451 776 471 ex
795 451 858 471 una
874 447 970 481 parte,
996 447 1027 471 et
1041 441 1237 480 voluptatem
1255 451 1291 471 ex
1306 441 1401 471 altera

343 491 447 524 parte,
473 484 662 515 constituere
686 485 781 515 simul
804 485 869 515 duo
893 485 978 514 bona
1001 484 1160 523 completa
1183 484 1296 521 unius,
1325 484 1400 525 quia

343 527 485 568 sequitur
507 529 595 568 quod
618 535 768 559 neutrum
792 538 936 558 seorsum
960 535 1005 558 est
1024 527 1190 564 sufficiens,
1216 538 1251 558 ac
1267 538 1322 568 per
1337 528 1399 558 hoc

343 571 468 611 utrique
492 572 611 612 aliquid
634 571 746 608 deficit,
772 578 802 602 et
825 578 997 611 utrumque
1021 578 1067 601 est
1089 571 1334 612 incompletum;
1358 572 1400 602 ita

342 622 497 655 repugnat
525 615 601 646 haec
632 616 741 646 eadem
765 615 953 646 constituere
978 615 1074 645 simul
1098 615 1162 646 duo
1190 615 1292 656 prima
1315 616 1400 646 bona

343 659 504 695 naturalia,
518 659 591 700 quia
608 666 757 690 neutrum
773 666 853 689 esset
868 658 1005 698 primum
1020 669 1037 688 a
1049 669 1115 699 quo
1127 658 1278 699 inciperet
1292 666 1400 690 motus

341 702 528 739 voluntatis;
561 709 590 733 et
619 703 760 733 similiter
791 709 945 743 repugnat
977 703 1087 733 eadem
1117 703 1306 734 constituere
1334 704 1399 734 duo

342 746 443 786 prima
467 746 693 786 specificantia,
717 746 792 787 quia
815 753 964 777 neutrum
988 756 1100 776 eorum
1123 753 1204 777 esset
1219 746 1400 787 specificans

342 790 494 830 primum.
510 791 601 821 Unde
617 791 675 820 hae
698 790 844 826 rationes,
863 790 976 821 directe
1000 791 1223 821 concludentes
1246 791 1401 822 unitatem

341 833 508 864 formalem
531 834 635 864 ultimi
658 833 729 865 finis
751 834 784 864 in
808 843 1016 875 unoquoque,
1041 834 1116 875 quia
1137 835 1231 865 habet
1245 835 1400 866 rationem

342 878 502 917 completi,
516 878 674 914 naturalis,
691 885 721 909 et
735 877 940 918 specificantis
961 877 1079 918 primo;
1098 878 1194 909 simul
1206 879 1402 910 concludunt

341 921 430 961 quod
454 921 649 961 impossibile
671 929 718 953 est
732 922 828 952 simul
851 922 929 962 poni
948 922 1134 952 huiusmodi
1156 923 1313 953 rationem
1337 923 1400 953 for-

341 965 458 995 malem
480 965 513 995 in
538 965 666 996 diversis
682 975 698 996 e
714 965 842 1005 regione
866 966 1054 1002 condivisis,
1078 966 1120 996 ita
1135 973 1172 996 ut
1192 966 1401 1006 distinguatur

340 1007 409 1048 ipsa
431 1009 510 1039 ratio
535 1009 676 1039 formalis
698 1009 732 1039 in
755 1009 809 1046 eis,
834 1016 865 1040 et
886 1009 963 1041 fiant
986 1010 1082 1040 simul
1105 1010 1171 1040 duo
1195 1010 1300 1041 ultimi
1322 1010 1400 1041 fines

341 1052 436 1082 unius
454 1052 604 1083 hominis.
629 1053 714 1084 Cum
729 1063 796 1094 quo
813 1060 919 1084 tamen
935 1060 1004 1090 stat,
1020 1060 1057 1084 ut
1071 1054 1104 1084 in
1126 1053 1227 1085 littera
1249 1054 1362 1085 dicitur
1373 1054 1399 1091 *,

340 1096 429 1136 quod
451 1096 530 1127 ratio
546 1097 605 1127 ista
623 1104 762 1137 ponatur
776 1097 808 1127 in
824 1098 968 1138 pluribus
991 1104 1143 1138 tanquam
1165 1098 1305 1138 partibus
1320 1098 1399 1128 inte-

339 1140 502 1179 grantibus
525 1151 628 1172 unum
651 1140 829 1172 subiectum
853 1142 1066 1182 adaequatum
1088 1141 1183 1172 illius.

407 1184 444 1215 II.
469 1184 531 1215 Sed
553 1194 656 1215 unum
683 1185 734 1216 hic
762 1185 897 1216 occurrit
923 1185 1119 1216 novitiorum
1143 1185 1291 1221 dubium,
1320 1195 1400 1226 quo-

340 1228 440 1258 modo
464 1234 546 1259 stant
568 1228 645 1259 haec
668 1229 734 1259 duo
758 1229 862 1265 simul,
887 1229 976 1269 quod
999 1228 1132 1269 quilibet
1154 1235 1300 1268 peccator
1323 1239 1400 1259 con-

340 1272 448 1303 stituat
477 1272 535 1303 sibi
559 1273 710 1303 ultimum
731 1272 828 1303 finem
855 1273 888 1312 in
911 1273 966 1303 illo
995 1273 1214 1303 commutabili
1241 1273 1328 1303 bono
1360 1273 1400 1303 ad

1058 188 1322 234 QUAESTIO
1353 189 1384 235 1,
1414 189 1708 226 ARTICULUS
1737 189 1786 225 v1

1453 267 1542 308 quod
1563 267 1711 302 intendit,
1736 277 1810 298 cum
1833 268 1982 298 avertitur
2004 278 2021 299 a
2044 269 2114 300 Deo
2138 269 2299 310 peccando
2324 269 2510 305 mortaliter;

1454 318 1484 341 et
1506 312 1596 351 quod
1619 321 1684 342 non
1713 311 1825 342 habeat
1853 311 1948 342 simul
1970 312 2003 342 in
2025 312 2135 344 habitu
2167 313 2287 344 diversa
2318 320 2353 344 ut
2382 313 2511 343 ultimos
2559 346 2562 354 Χ

1453 354 1530 385 fines
1537 364 1544 391 ;
1569 365 1644 385 cum
1667 355 1830 395 contingat
1852 356 1990 386 eundem
2012 356 2178 387 hominem
2203 357 2299 387 simul
2317 367 2384 388 esse
2401 357 2434 387 in
2451 357 2511 387 dis-

1453 398 1567 438 paratis
1598 399 1732 439 peccatis
1763 399 1964 436 mortalibus,
1993 407 2070 440 puta
2103 401 2178 440 gula
2211 407 2241 431 et
2272 400 2440 437 iniustitia,
2469 401 2512 431 ita

1453 443 1542 482 quod
1565 442 1668 473 neutri
1691 452 1747 482 per
1769 442 1902 473 alterum
1924 443 2066 480 afficitur,
2090 445 2145 475 sed
2164 444 2295 476 ebrietas
2311 455 2385 476 eum
2402 454 2512 475 secun-

1454 486 1532 515 durn
1555 496 1587 516 se
1612 486 1752 522 delectat,
1777 492 1807 516 et
1830 486 1971 518 similiter
1993 487 2153 520 iniustitia.

1521 529 1572 560 111.
1596 530 1647 559 Ad
1662 530 1724 560 hoc
1739 530 1872 560 breviter
1895 531 2007 561 dicitur
2028 532 2117 572 quod
2140 542 2252 563 omnes
2274 531 2352 563 fines
2376 531 2511 573 proximi

1453 579 1656 612 peccatorum
1679 573 1863 604 mortalium
1893 575 2046 606 uniuntur
2069 576 2101 606 in
2125 586 2191 606 uno
2215 576 2330 607 ultimo
2353 575 2429 612 fine,
2454 575 2510 615 qui

1453 623 1500 647 est
1522 616 1656 656 ipsemet
1671 624 1831 657 peccator:
1855 618 2009 658 quoniam
2031 629 2124 650 amor
2137 621 2189 650 sui
2211 630 2310 660 usque
2325 621 2356 650 in
2373 625 2512 651 contem-

1448 665 1540 700 ptum
1564 661 1637 698 Dei,
1662 662 1823 692 constituit
1837 663 1994 693 civitatem
2017 663 2207 704 Balyflonis,
2230 665 2312 695 sicut
2336 673 2429 694 amor
2450 663 2513 693 Dei

1453 714 1552 744 usque
1575 705 1618 735 ad
1638 710 1849 745 contemptum
1872 707 1940 744 sui,
1960 706 2137 738 Ierusalem
2160 706 2187 738 ⁸.
2212 707 2304 739 Unde
2326 707 2512 738 huiusmodi

1453 755 1599 788 peccator
1626 758 1683 778 nec
1713 748 1745 778 in
1774 749 1866 789 gulae
1894 759 1951 780 nec
1974 750 2007 780 in
2033 750 2204 781 iniustitiae
2233 751 2396 792 apparenti
2424 752 2511 781 bono

1454 802 1598 822 seorsum
1622 792 1784 823 constituit
1807 793 1957 823 ultimum
1978 793 2076 824 finem
2095 792 2199 837 (cuius
2223 795 2350 835 signum
2365 802 2420 832 est,
2437 795 2511 836 quia

1453 842 1603 866 neutrum
1625 836 1683 866 sibi
1707 835 1849 878 sufficit):
1881 837 1936 867 sed
1964 838 2072 868 omnia
2099 839 2336 870 commutabilia
2363 840 2448 870 bona
2472 839 2511 869 ad

1453 889 1535 920 quae
1558 887 1704 920 peccator
1719 880 1920 918 convertitur,
1937 880 2114 924 referuntur
2129 882 2168 912 ad
2184 893 2287 913 unum
2306 893 2512 914 communem

1453 922 1559 959 finem,
1585 924 1639 964 qui
1663 931 1709 954 est
1731 924 1914 964 simpliciter
1936 925 2068 955 ultimus
2092 925 2160 963 sibi,
2184 927 2300 957 scilicet
2321 927 2508 968 ipsummet;

1453 967 1608 1008 quoniam
1624 967 1732 998 omnia
1748 968 1867 1008 appetit
1882 975 1919 999 ut
1937 968 2128 1000 conferentia
2140 970 2180 999 ad
2195 970 2318 1001 bonum
2333 971 2510 1011 proprium.

1453 1011 1499 1041 Ita
1521 1011 1611 1051 quod
1633 1011 1818 1042 huiusmodi
1841 1012 1926 1042 bona
1944 1022 2011 1043 non
2035 1019 2228 1053 appetuntur
2249 1021 2286 1046 ut
2307 1013 2385 1045 fines
2408 1015 2511 1045 ultimi

1453 1054 1645 1094 simpliciter,
1669 1055 1723 1085 sed
1745 1062 1779 1086 ut
1801 1055 1879 1086 fines
1902 1056 2006 1087 ultimi
2029 1057 2173 1096 partiales
2180 1066 2188 1094 ;
2212 1064 2248 1088 ut
2269 1058 2386 1089 scilicet
2409 1066 2512 1098 partes

1453 1098 1530 1128 boni
1553 1098 1689 1138 proprii,
1715 1099 1805 1140 quod
1832 1106 1878 1130 est
1901 1100 2083 1140 simpliciter
2103 1100 2175 1131 finis
2199 1101 2329 1132 ultimus
2352 1102 2451 1139 illius,
2481 1109 2512 1133 et

1452 1141 1610 1172 intentum
1632 1142 1665 1172 in
1689 1143 1777 1173 omni
1807 1150 1937 1183 peccato
1965 1145 2101 1176 mortali.
2133 1144 2250 1176 Littera
2281 1153 2388 1176 autem
2418 1145 2512 1176 docet

1452 1185 1647 1226 impossibile
1663 1196 1729 1217 esse
1746 1187 1835 1228 quod
1858 1188 1952 1218 unius
1976 1188 2070 1219 simul
2093 1188 2155 1219 sint
2178 1189 2284 1228 plures
2306 1188 2384 1219 fines
2409 1189 2511 1220 ultimi

1453 1229 1644 1270 simpliciter.
1669 1230 1711 1261 Et
1732 1238 1898 1272 propterea
1922 1232 2009 1262 nulla
2033 1239 2079 1264 est
2105 1233 2306 1264 contrarietas
2332 1233 2413 1264 inter
2438 1243 2511 1274 pro-

1452 1274 1565 1313 posita.

1149 1459 1466 1501 ARTICULUS
1494 1459 1702 1502 SEXTUS

665 1563 821 1593 UTRUM
844 1562 974 1594 HOMO
998 1562 1138 1593 OMN1A
1161 1562 1280 1599 QUAE
1303 1563 1431 1599 VULT,
1455 1563 1585 1594 VELIT
1607 1563 1807 1596 PROPTER
1829 1566 2032 1598 ULTIMUM
2054 1568 2187 1599 FINEM

955 1650 990 1674 IV
1008 1650 1090 1679 Sent„
1111 1650 1161 1674 dist
1179 1657 1250 1681 χιιι,
1269 1658 1314 1682 qu.
1332 1657 1355 1680 1,
1374 1655 1420 1675 art.
1436 1650 1463 1680 3,
1482 1652 1529 1683 qu·
1542 1658 1573 1683 45
1595 1653 1671 1677 Cont.
1686 1654 1772 1683 Gent„
1793 1661 1848 1686 cap.
1862 1662 1898 1680 cr.

404 1771 417 1777 Χ
456 1772 488 1791 Nsl

549 1758 572 1782 D
600 1757 741 1782 SEXTUM
769 1757 822 1782 sm
850 1756 1089 1783 PROCEDrrUR.
1114 1746 1273 1783 Videtur
1292 1746 1396 1795 quod

519 1843 520 1846 Ἴ
550 1811 629 1835 non
644 1798 774 1835 omnia
789 1810 1055 1847 quaecumque
1071 1799 1190 1835 homo
1206 1800 1296 1846 vult,
1308 1811 1395 1847 pro-

372 1852 477 1899 γης
498 1854 519 1899 (2
549 1859 633 1900 pter
651 1851 828 1888 ultimum
847 1851 967 1887 finem
986 1851 1085 1888 velit.
1103 1852 1160 1888 Ea
1175 1851 1277 1888 enim
1295 1864 1395 1899 quae

393 1877 493 1934 ξῦἒῖἷ)
508 1893 599 1941 ad
634 1904 753 1941 finem
780 1903 957 1940 ultimum
984 1904 1225 1949 ordinantur,
1255 1905 1396 1941 seriosa

340 1957 524 2002 dicuntur,
546 1957 654 2005 quasi
680 1956 795 1993 utilia.
826 1956 902 1993 Sed
929 1957 1058 1993 iocosa
1086 1969 1108 1993 a
1136 1957 1240 1994 seriis
1269 1957 1396 1994 distin-

338 2016 513 2057 guuntur.
549 2010 651 2057 Ergo
681 2021 726 2045 ea
753 2021 852 2058 quae
884 2009 1004 2045 homo
1033 2010 1162 2046 iocose
1190 2010 1284 2057 agit,
1318 2022 1397 2047 non

339 2061 489 2099 ordinat
515 2062 554 2098 in
579 2062 756 2098 ultimum
785 2062 916 2099 finem.

393 2127 427 2151 2.
457 2115 698 2162 PRAETEREA,
727 2114 982 2163 Philosophus
1011 2114 1117 2162 dicit,
1146 2115 1184 2151 in
1210 2114 1396 2164 principio

337 2168 554 2216 Metaphys.
574 2167 605 2214 ³⁸,
635 2167 740 2216 quod
767 2167 943 2204 scientiae
972 2168 1224 2216 speculativae
1244 2175 1398 2217 propter

338 2220 481 2269 seipsas
509 2227 751 2269 quaeruntur.
780 2221 865 2257 Nec
892 2227 1021 2257 tamen
1048 2228 1172 2269 potest
1200 2221 1272 2257 dici
1292 2220 1398 2268 quod

339 2273 529 2322 quaelibet
557 2285 689 2310 earum
714 2273 760 2309 sit
782 2273 937 2310 ultimus
965 2273 1063 2310 finis.
1094 2274 1196 2321 Ergo
1217 2286 1295 2310 non
1315 2285 1398 2310 orn-

338 2326 400 2363 nia
427 2337 526 2375 quae
545 2326 665 2363 homo
690 2326 842 2375 appetit,
871 2326 1013 2375 appetit
1039 2333 1196 2375 propter
1221 2326 1398 2363 ultimum

336 2378 466 2416 finem.

394 2433 428 2469 3.
457 2432 690 2479 Pausi-anm,
711 2431 944 2480 quicumque
965 2431 1114 2468 ordinat
1132 2431 1274 2479 aliquid
1293 2432 1331 2468 in
1351 2433 1397 2469 fi-

338 2484 612 2532 nemaliquem
632 2489 661 2531 α,
683 2484 820 2531 cogitat
839 2486 886 2521 de
906 2484 969 2521 illo
989 2485 1078 2521 fine.
1101 2485 1178 2521 Sed
1202 2497 1280 2522 non
1299 2497 1397 2522 sem-

336 2549 406 2586 per
423 2538 543 2574 homo
564 2536 702 2585 cogitat
721 2537 768 2574 de
786 2537 921 2574 ultimo
941 2538 1018 2574 fine
1038 2538 1076 2574 in
1097 2537 1203 2574 omni
1223 2550 1270 2575 eo
1290 2538 1396 2587 quod

338 2589 478 2639 appetit
506 2597 570 2626 aut
597 2589 694 2627 facit.
724 2590 816 2627 Non
845 2602 934 2638 ergo
959 2590 1089 2627 omnia
1115 2591 1236 2627 homo
1256 2590 1398 2639 appetit

337 2650 402 2680 aut
429 2642 515 2679 facit
532 2649 688 2692 propter
714 2643 889 2680 ultimum
917 2643 1049 2680 finem.

391 2696 465 2732 SED
494 2707 640 2732 CONTRA
662 2707 728 2732 EST
746 2697 851 2744 quod
872 2696 959 2732 dicit
977 2695 1222 2744 Augustinus,
1242 2697 1333 2732 XIX
1351 2696 1397 2733 de

342 2748 419 2786 (Σίν.
437 2749 512 2786 Dei
523 2748 560 2784 *ε
576 2748 677 2785 Illud
698 2754 752 2785 est
757 2750 852 2796 finis
867 2749 956 2786 boni
973 2750 1100 2795 nostri,
1118 2754 1275 2797 propter
1297 2750 1398 2797 quod

336 2807 515 2838 amantur
542 2807 676 2847 cetera,
706 2802 798 2838 illud
823 2808 948 2838 autem
973 2808 1128 2852 propter
1153 2802 1327 2850 seipsum.
1364 2835 1369 2842 ,

390 2855 614 2891 ΒΕεΡοΝῡΕο
643 2866 826 2892 ΒιεΕΝῡυΜ
863 2855 968 2903 quod
1005 2866 1161 2891 necesse
1199 2862 1254 2891 est
1291 2854 1396 2903 quod

337 2906 466 2943 omnia
495 2919 593 2956 quae
620 2907 739 2944 homo
769 2908 921 2956 appetit,
952 2915 1105 2957 appetat
1131 2915 1286 2956 propter
1312 2907 1394 2944 ulti-

337 2970 444 2996 mum
458 2960 588 2997 finem.
605 2961 654 2997 Et
667 2961 742 2997 hoc
761 2968 918 3009 apparet
937 2960 1075 3009 duplici
1091 2960 1247 2997 ratione.
1263 2960 1394 2997 Primo

337 3011 504 3060 quidem,
535 3012 622 3061 quia
650 3013 832 3061 quidquid
851 3014 970 3050 homo
991 3013 1142 3063 appetit,
1164 3013 1306 3062 appetit
1324 3014 1394 3050 sub

336 3064 479 3101 ratione
508 3065 610 3102 boni.
641 3065 756 3112 Quod
784 3065 940 3114 quidem
969 3066 999 3103 si
1028 3078 1107 3103 non
1140 3066 1328 3115 appetitur
1357 3074 1396 3102 ut

335 3117 483 3154 bonum
502 3118 723 3166 perfectum,
745 3119 849 3166 quod
870 3127 924 3155 est
941 3119 1095 3156 ultimus
1114 3119 1213 3166 finis,
1238 3131 1394 3156 necesse

337 3177 392 3207 est
418 3178 460 3206 ut
483 3178 682 3219 appetatur
700 3178 740 3207 ut
760 3171 919 3208 tendens
939 3171 977 3208 in
997 3173 1143 3209 bonum
1163 3173 1392 3221 perfectum:

337 3222 425 3271 quia
453 3235 605 3272 semper
632 3223 821 3260 inchoatio
848 3224 1004 3261 alicuius
1025 3224 1217 3262 ordinatur
1236 3225 1285 3262 ad
1305 3237 1394 3262 con-

337 3275 633 3313 summationem
661 3276 798 3325 ipsius;
829 3277 923 3313 sicut
941 3285 1044 3326 patet
1062 3285 1141 3315 tam
1160 3278 1199 3315 in
1217 3278 1275 3314 his
1295 3289 1392 3327 quae

389 3444 417 3475 α)
430 3444 512 3477 finem
531 3445 654 3477 aliquem.
667 3445 781 3477 -finem
801 3444 847 3469 Pa.

390 3478 414 3511 β)
435 3479 502 3504 ideo.
515 3493 533 3498 --
553 3480 590 3505 ita
610 3480 656 3504 Pa.
674 3493 693 3498 -
711 3479 823 3504 Eaedem
843 3487 890 3512 pro
903 3487 962 3512 per,
978 3483 1101 3512 propter.

389 3514 415 3546 γ)
431 3514 559 3545 primum.
570 3528 589 3533 —
602 3515 709 3547 primus
728 3515 932 3539 ABCDEGHIL.

1448 1747 1545 1784 fiunt
1571 1760 1594 1784 a
1621 1756 1765 1797 natura,
1795 1763 1912 1800 quam
1941 1750 1979 1787 in
2007 1751 2064 1788 his
2092 1763 2191 1800 quae
2220 1752 2316 1789 fiunt
2344 1753 2391 1789 ab
2418 1760 2507 1789 arte.

1449 1800 1612 1838 Et'ideo
1639 1800 1654 1831 β
1683 1802 1806 1839 omnis
1834 1803 2023 1840 inchoatio
2051 1804 2290 1853 perfectionis
2318 1805 2512 1843 ordinatur

1448 1852 1490 1889 in.
1514 1854 1787 1901 perfectionem
1816 1865 2132 1906 consummatam,
2162 1869 2260 1906 quae
2285 1865 2340 1894 est
2362 1870 2432 1906 per
2455 1859 2510 1894 ul-

1448 1905 1583 1943 timum
1611 1907 1740 1944 finem.

1505 1959 1695 2007 Secundo,
1716 1960 1805 2008 quia
1824 1961 1977 1998 ultimus
1996 1962 2083 1999 finis
2101 1963 2176 1999 hoc
2195 1963 2314 2000 modo
2334 1974 2375 1999 se
2393 1964 2510 2000 habet

1450 2010 1489 2047 in
1525 2013 1721 2049 movendo
1759 2013 1987 2062 appetitum,
2017 2015 2111 2052 sicut
2139 2027 2179 2052 se
2207 2016 2323 2052 habet
2357 2015 2396 2052 in
2431 2015 2509 2052 aliis

1451 2063 1685 2101 motionibus
1703 2065 1871 2113 primum
1885 2071 1901 2094 Υ
1915 2078 2088 2104 movens.
2106 2067 2351 2104 Manifestum
2376 2074 2432 2104 est
2445 2080 2510 2105 au-

1450 2123 1529 2152 tern
1558 2117 1662 2166 quod
1696 2130 1832 2155 causae
1866 2119 2057 2156 secundae
2090 2127 2291 2157 moventes
2318 2132 2398 2157 non
2425 2132 2510 2157 mo-

1450 2177 1543 2206 vent
1570 2170 1641 2207 nisi
1668 2168 1682 2192 ⁸
1710 2171 1924 2208 secundum
1962 2173 2067 2221 quod
2099 2180 2305 2210 moventur
2331 2185 2354 2210 a
2381 2173 2507 2222 primo

1452 2230 1645 2260 movente.
1667 2223 1777 2260 Unde
1806 2224 1975 2262 secunda
2001 2225 2218 2274 appetibilia
2245 2237 2324 2263 non
2351 2233 2511 2263 movent

1451 2275 1661 2323 appetitum
1689 2276 1760 2313 nisi
1787 2276 1826 2313 in
1854 2277 1988 2314 ordine
2015 2278 2064 2315 ad
2090 2277 2258 2327 primum
2286 2279 2514 2328 appetibile,

1452 2328 1556 2376 quod
1585 2335 1642 2365 est
1668 2329 1823 2366 ultimus
1851 2329 1950 2367 finis.

1504 2382 1563 2417 AD
1591 2393 1728 2419 PRIMUM
1756 2393 1854 2419 ERGO
1882 2394 2066 2420 mcENDUM
2097 2383 2201 2432 quod
2229 2384 2396 2424 actiones
2415 2383 2509 2421 ludi-

1452 2446 1537 2470 crae
1566 2446 1644 2471 non
1673 2434 1894 2472 ordinantur
1921 2436 1969 2472 ad
1997 2436 2162 2485 aliquem
2186 2436 2306 2473 finem
2331 2436 2510 2474 extrinse-

1452 2498 1561 2533 cum;
1590 2487 1658 2524 sed
1695 2495 1824 2524 tamen
1851 2492 1864 2509 ²
1893 2488 2113 2526 ordinantur
2140 2489 2189 2526 ad
2217 2489 2364 2526 bonum
2391 2489 2508 2539 ipsius

1450 2540 1623 2587 ludentis,
1643 2548 1757 2588 prout
1776 2547 1863 2577 sunt
1882 2540 2110 2578 delectantes
2128 2542 2191 2579 vel
2210 2542 2381 2592 requiem
2395 2554 2506 2591 prae-

1450 2600 1601 2630 stantes.
1618 2593 1771 2630 Bonum
1791 2601 1920 2630 autem
1940 2602 2249 2632 consummatum
2268 2595 2435 2632 hominis
2453 2603 2507 2632 est

1449 2645 1602 2682 ultimus
1630 2645 1717 2682 finis
1745 2645 1836 2683 eius.

1503 2699 1552 2735 Et
1570 2698 1738 2735 similiter
1757 2698 1961 2736 dicendum
1981 2699 2030 2736 ad
2049 2699 2272 2747 secundum,
2289 2700 2337 2737 de
2357 2699 2510 2737 scientia

1449 2751 1697 2800 speculativa3
1727 2763 1825 2800 quae
1854 2752 2041 2800 appetitur
2067 2760 2109 2789 ut
2136 2753 2283 2790 bonum
2312 2753 2514 2802 quoddam

1449 2803 1688 2853 speculantis,
1709 2804 1815 2853 quod
1835 2805 2169 2854 comprehenditur
2188 2806 2259 2842 sub
2279 2805 2383 2843 bono
2404 2818 2509 2843 com-

1447 2858 1551 2905 pleto
1580 2864 1616 2893 et
1642 2857 1810 2905 perfecto
1830 2856 1853 2904 ζ,
1883 2857 1989 2906 quod
2018 2865 2073 2894 est
2099 2858 2255 2896 ultimus
2282 2858 2380 2895 finis.
2462 2903 2465 2907 .

1501 2911 1560 2946 AD
1579 2921 1739 2947 TERTuJM
1757 2922 1945 2947 memnon
1964 2910 2070 2959 quod
2089 2923 2168 2948 non
2186 2918 2336 2960 oportet
2353 2917 2395 2947 ut
2409 2922 2508 2949 sem-

1447 2974 1517 3011 per
1540 2962 1673 3011 aliquis
1693 2962 1830 3010 cogitet
1853 2963 1899 3000 de
1918 2963 2053 3000 ultimo
2072 2963 2163 3010 fine,
2184 2963 2508 3012 quandocumque

1448 3015 1587 3064 aliquid
1616 3015 1760 3064 appetit
1785 3016 1849 3053 vel
1877 3023 2075 3065 operatur:
2110 3016 2178 3053 sed
2209 3016 2327 3054 virtus
2360 3016 2506 3065 primae

1447 3068 1672 3115 intentionis,
1693 3080 1792 3117 quae
1822 3075 1877 3105 est
1904 3075 2077 3117 respectu
2103 3067 2225 3105 ultimi
2252 3068 2350 3115 finis,
2376 3076 2515 3106 manet⁴

1447 3120 1485 3157 in
1514 3121 1684 3169 quolibet
1702 3121 1870 3173 appetitu
1890 3121 2163 3169 cuiuscumque
2188 3121 2253 3169 rei,
2276 3121 2388 3158 etiam
2408 3121 2439 3158 si
2459 3121 2506 3158 de

1447 3174 1581 3210 ultimo
1609 3174 1686 3211 fine
1715 3181 1800 3211 actu
1823 3186 1902 3210 non
1922 3173 2114 3222 cogitetur.
2137 3174 2241 3211 Sicut
2259 3186 2338 3212 non
2357 3181 2507 3223 oportet

1448 3226 1554 3286 quod
1564 3227 1666 3316 dquifi
1674 3226 1780 3264 vadit
1801 3239 1871 3275 per
1896 3226 2012 3274 viam,
2031 3225 2070 3264 in
2097 3226 2267 3275 quolibet
2292 3239 2408 3277 passu
2443 3239 2507 3264 co-

1448 3287 1537 3327 gitet
1591 3292 1610 3316 e
1668 3292 1727 3316 ne.

1500 3446 1524 3479 δ)
1545 3448 1604 3473 nisi.
1621 3461 1640 3467 -
1654 3448 1714 3472 Om.
1734 3447 1762 3472 P.

1500 3483 1521 3514 ε)
1542 3486 1670 3508 tamem·
1688 3485 1791 3507 tantum
1811 3481 1844 3512 P;
1865 3489 1916 3506 non
1936 3481 2116 3507 ordinantur.
2128 3500 2135 3508 .
2147 3499 2154 3507 .
2174 3484 2262 3506 tamen
2280 3488 2333 3506 om.
2347 3487 2375 3506 a.

1498 3517 1523 3549 ζ)
1543 3521 1569 3542 et
1583 3517 1742 3551 perfecto.-
1760 3517 1822 3542 Om.
1841 3517 1951 3542 codices.

2540 711 2549 721 ’
2565 711 2627 738 Aug.
2651 709 2680 731 de

2539 736 2596 764 Dei,
2625 736 2665 758 lib.

2539 769 2590 791 cap.
2612 768 2682 794 xxym

2538 791 2634 838 ffi'x‘r‘f'
2645 795 2670 811 ”¹

2699 709 2749 732 civ.

2687 735 2749 763 XIV,

2684 761 2750 811 §.2³11
