2852 4152
79 2064 289 2086 *VideComment.

80 2090 225 2138 Cain-dms!
247 2093 288 2111 art.

80 2123 159 2145 praece
179 2133 184 2138 .

90 3270 99 3279 '¹
114 3267 181 3289 Vers.
196 3273 216 3288 2.

327 234 396 279 146

321 313 378 349 nis
408 312 561 349 errantis
590 311 673 348 licet
701 323 779 348 ncn
809 311 999 348 derivetur
1023 309 1036 332 δ
1066 323 1087 347 a
1115 312 1222 358 Deo,
1251 318 1381 346 tamen

321 364 426 415 ratior
444 377 572 401 errans
600 364 780 401 iudicium
810 377 922 401 suurn
951 363 1131 412 proponit
1157 370 1199 399 ut
1226 374 1378 408 verum,

322 425 357 454 et
388 430 456 466 per
491 429 728 466 consequens
756 425 796 454 ut
825 429 846 453 a
874 417 958 453 Deo
988 416 1221 462 derivatum,
1252 427 1274 451 a
1303 426 1379 462 quo

322 477 377 506 est
405 470 529 506 omnis
557 470 706 507 veritas.

373 525 431 559 AD
451 534 640 559 SECUNDUM
665 533 847 559 DICENDUM
876 521 980 568 quod
999 521 1161 556 verbum
1181 518 1380 565 Augustini

320 576 436 612 habet
462 577 608 622 locurn,
638 574 792 623 quando
823 571 1062 620 cognoscitur
1090 571 1194 620 quod
1227 571 1381 607 inferior

320 635 486 676 potestas
513 627 696 676 praecipit
724 626 864 674 aliquid
891 632 1020 661 contra
1046 631 1294 673 praeceptum
1319 636 1380 660 su-

319 680 478 728 perioris
509 680 716 728 potestatiS.
747 678 823 715 Sed
852 677 882 714 si
915 676 1048 725 aliquis
1073 678 1243 714 crederet
1276 676 1379 724 quod

319 740 566 782 praeceptum
594 730 830 781 proconsulis
859 737 957 766 esset
984 737 1232 778 praeceptum
1260 728 1379 777 impe-

321 786 473 833 ratoris,
513 783 793 822 contemnendo
831 789 1077 831 praeceptum
1117 782 1378 831 proconsulis,

321 845 581 875 contemneret
612 843 858 886 praeceptum
886 834 1135 884 imperatoris.
1170 835 1219 871 Et
1252 834 1379 871 simili-

319 898 376 928 ter
403 891 433 927 si
461 890 593 938 aliquis
621 890 739 926 horno
770 895 1015 935 cognosceret
1048 888 1152 936 quod
1185 887 1277 923 ratio
1311 887 1379 923 hu-

1004 232 1269 278 QUAESTIO
1299 233 1403 279 XIX,
1433 231 1726 268 ARTICULUS
1755 231 1805 268 VI

1436 322 1550 347 mana
1585 310 1740 347 dictaret
1775 309 1914 357 aliquid
1954 318 2084 349 contra
2119 319 2365 360 praeceptum
2399 310 2492 358 Dei,

1436 374 1514 399 non
1542 370 1730 399 teneretur
1759 362 1942 399 rationem
1963 364 2085 411 sequi:
2107 365 2175 401 sed
2194 372 2284 401 tunc
2303 364 2395 400 ratio
2414 375 2493 400 non

1435 415 1596 451 totaliter
1633 422 1730 450 esset
1767 426 1905 451 erranS.
1946 416 2021 453 Sed
2049 417 2202 466 quando
2236 417 2330 453 ratio
2363 429 2493 453 errans

1434 467 1615 514 proponit
1642 466 1782 514 aliquid
1809 474 1850 503 ut
1876 474 2123 517 praeceptum
2152 469 2244 515 Dei,
2273 477 2363 505 tunc
2389 469 2491 506 idern

1436 526 1491 555 est
1519 526 1763 555 contemnere
1788 519 1977 557 dictamen
1995 521 2161 569 rationis,
2187 529 2223 558 et
2241 521 2314 558 Dei
2337 533 2492 569 praece-

1434 578 1554 619 ptum.

1486 624 1544 659 AD
1573 634 1731 660 TERTmM
1760 635 1943 662 DICENDUM
1971 625 2076 674 quod
2103 626 2213 674 ratio,
2244 625 2397 675 quando
2427 637 2491 674 ap-

1433 675 1632 723 prehendit
1660 675 1800 724 aliquid
1818 683 1860 713 ut
1878 678 2034 724 malum,
2063 690 2216 727 semper
2243 677 2493 727 apprehendit

1433 727 1526 764 illud
1551 728 1621 764 sub
1650 728 1774 777 aliqua
1802 729 1945 766 ratione
1973 730 2064 766 mali
2076 744 2089 767 :¹
2113 739 2205 780 puta
2233 731 2321 780 quia
2345 738 2491 768 contra-

1434 780 1549 817 riatur
1577 780 1704 817 divino
1732 789 1949 829 praeceptO,
1974 783 2035 819 vel
2063 783 2152 831 quia
2171 790 2227 820 est
2254 783 2489 830 scandalum,

1433 834 1494 870 vel
1513 841 1669 882 propter
1697 833 1837 882 aliquid
1855 833 2084 872 huiusmodi.
2115 836 2164 872 Et
2191 843 2280 873 tunc
2308 835 2357 872 ad
2375 836 2490 872 talem

1434 886 1601 935 speciem
1636 885 1799 923 malitiae
1834 886 2022 923 reducitur
2052 886 2132 924 talis
2169 889 2270 925 mala
2300 888 2487 925 voluntas.

372 1002 397 1036 δ)
418 1003 477 1027 licet
496 1010 546 1027 non
567 1002 710 1026 derivetur.
728 1015 747 1019 -
765 1008 816 1025 non
837 1001 975 1025 derivatur
995 1000 1104 1031 codices,
1124 1000 1183 1025 licet
1203 1008 1254 1025 non
1275 1000 1415 1024 derivatur
1434 1000 1474 1024 ed.
1487 1007 1513 1024 α.

993 1078 1324 1111 Commentafia
1347 1076 1597 1109 cardinalis
1620 1076 1820 1109 Caietam

383 1169 453 1198 mea
476 1157 639 1188 materiam
662 1157 765 1198 quinti
788 1164 818 1187 et
843 1157 919 1187 sexti
938 1157 1068 1193 articuli,
1093 1156 1212 1187 omisso
1235 1155 1326 1186 tertio
1346 1162 1377 1186 et

321 1170 506 1243 Cquarto,
532 1202 666 1238 adverte,
684 1201 854 1237 confessor,
878 1202 966 1242 quod
990 1200 1145 1240 depositio
1166 1210 1312 1230 erroneae
1332 1209 1376 1229 ra-

318 1247 412 1277 tionis
435 1246 471 1277 fit
492 1256 557 1276 non
582 1246 689 1276 solum
707 1255 763 1285 per
781 1245 964 1285 oppositam
987 1244 1152 1280 rationem,
1169 1250 1224 1274 aut
1238 1243 1375 1274 veritatis

318 1291 545 1331 cognitionem
569 1290 624 1320 sed
643 1289 737 1320 etiam
759 1299 815 1329 per
834 1289 1048 1319 exclusionem
1072 1289 1112 1318 ad
1130 1287 1376 1328 applicationem

318 1336 357 1366 ad
376 1345 468 1375 opus.
486 1334 580 1365 Verbi
595 1334 701 1373 gratia,
725 1333 839 1363 mulier
863 1332 993 1363 audiens
1014 1343 1033 1363 a
1050 1332 1264 1372 praedicatore
1287 1332 1375 1372 quod

318 1379 364 1410 uti
381 1379 489 1409 alienis
510 1378 628 1418 capillis
648 1384 693 1408 est
711 1384 876 1417 peccatum
891 1376 1024 1409 mortale
1045 1376 1120 1417 quia
1139 1382 1185 1407 est
1199 1376 1373 1412 simulatio,

318 1423 560 1463 concipiensque
583 1432 619 1451 ex
635 1421 755 1451 ratione
771 1420 876 1451 audita
893 1427 923 1451 et
941 1420 1125 1451 auctoritate
1144 1420 1375 1460 praedicatoris,

317 1467 410 1497 talem
435 1476 530 1496 usum
554 1476 619 1496 esse
638 1472 804 1505 peccatum
827 1465 974 1501 mortale;
995 1472 1025 1495 et
1043 1474 1079 1495 ex
1103 1464 1162 1494 alia
1181 1471 1268 1504 parte
1283 1464 1377 1494 vellet

317 1511 363 1541 uti
385 1510 570 1541 huiusmodi
594 1510 727 1549 capillis;
753 1516 784 1539 et
806 1509 879 1539 inde
901 1509 1032 1544 ratione,
1056 1508 1129 1538 hinc
1148 1508 1289 1548 appetitu
1306 1517 1375 1537 mo-

315 1561 423 1590 vente,
456 1555 554 1585 nescit
577 1554 698 1584 solvere
725 1553 846 1584 motiva
874 1553 1003 1584 rationis
1026 1562 1174 1583 erroneae
1204 1552 1376 1585 contrariae

317 1599 469 1639 appetitui
493 1607 568 1635 su0;
593 1605 698 1629 tamen
722 1605 848 1638 putam,
865 1598 982 1637 absque
1006 1597 1165 1627 solutione
1188 1596 1327 1632 rationis,
1344 1595 1376 1626 id

1430 1155 1488 1185 sibi
1503 1155 1609 1192 licere,
1634 1155 1733 1186 utitur
1755 1155 1871 1186 talibus
1891 1155 2021 1195 capillis.
2046 1155 2081 1185 In
2099 1155 2171 1194 hoc,
2188 1162 2219 1186 et
2241 1154 2404 1194 similibus,
2425 1167 2491 1193 non

1429 1207 1484 1236 est,
1497 1200 1624 1240 proprie
1639 1199 1812 1240 loquendo,
1825 1199 1972 1230 voluntas
1988 1199 2170 1230 discordans
2186 1209 2204 1230 a
2219 1199 2340 1230 ratione
2353 1207 2489 1231 errante:

1429 1243 1504 1284 quia
1527 1253 1593 1274 non
1621 1242 1656 1274 fit
1679 1250 1788 1274 contra
1812 1243 2051 1274 conscientiam,
2071 1243 2112 1273 Et
2135 1243 2214 1274 ratio
2237 1250 2283 1274 est
2307 1244 2395 1285 qula,
2421 1242 2493 1275 licet

1430 1294 1555 1318 maneat
1577 1287 1657 1318 ratio
1681 1297 1784 1318 errans
1807 1288 1839 1318 in
1863 1297 1906 1324 se,
1930 1297 1996 1318 non
2018 1294 2127 1318 manet
2141 1294 2255 1318 ⁴tamen
2277 1288 2431 1328 applicata
2450 1288 2492 1318 ad

1428 1332 1490 1362 hoc
1504 1332 1593 1368 velle,
1611 1341 1668 1362 nec
1687 1331 1848 1362 actualiter
1863 1341 1921 1366 nec
1936 1331 2107 1362 virtualiter
2112 1340 2119 1367 ;
2137 1332 2192 1362 sed
2206 1332 2377 1371 deponitur
2391 1331 2491 1372 appli—

1430 1376 1510 1406 catio
1533 1375 1596 1412 ina,
1620 1386 1656 1405 ac
1679 1385 1735 1416 per
1755 1375 1827 1412 hoc,
1849 1385 1978 1406 erronea
2001 1375 2207 1412 conscientia,
2231 1386 2313 1416 quae
2335 1376 2367 1406 in
2391 1375 2491 1416 appli-

1429 1419 1551 1450 catione
1576 1419 1725 1450 consistit.
1751 1419 1849 1450 Licite
1868 1426 1975 1450 autem
1997 1419 2059 1450 hoc
2075 1420 2193 1460 absque
2212 1419 2277 1455 ulla
2296 1419 2355 1450 alia
2370 1419 2491 1450 ratione

1429 1463 1472 1499 fit,
1499 1464 1594 1494 etiam
1617 1463 1641 1493 si
1667 1473 1703 1493 ex
1725 1463 1846 1503 impetu
1869 1463 1919 1494 vel
1942 1463 2031 1493 libito
2055 1462 2119 1495 fiat.
2144 1463 2228 1500 Quia
2251 1463 2330 1494 ratio
2361 1472 2492 1494 erronea

1430 1518 1496 1537 non
1515 1507 1608 1537 habet
1626 1507 1659 1537 in
1678 1517 1711 1537 se
1730 1507 1814 1537 unde
1832 1507 1916 1547 liget,
1937 1507 1992 1537 sed
2017 1514 2172 1547 quatenus
2191 1514 2384 1547 acceptatur:
2405 1506 2490 1537 unde

1430 1561 1466 1582 ex
1482 1561 1685 1591 quacumque
1705 1561 1798 1582 causa
1813 1561 1878 1581 non
1897 1557 2084 1591 acceptetur,
2103 1550 2154 1581 vel
2171 1551 2204 1580 in
2222 1561 2255 1581 se
2270 1551 2321 1581 vel
2339 1551 2373 1581 in
2391 1551 2490 1591 appli-

1430 1595 1564 1633 catione,
1587 1605 1653 1625 non
1676 1595 1761 1635 ligat.

1126 1766 1440 1808 ARTICULUS
1471 1765 1678 1807 SEXTUS

707 1868 863 1899 UTRUM
886 1867 1120 1898 VOLUNTAS
1145 1867 1438 1899 CONCORDANS
1462 1866 1641 1897 RATIONI
1665 1865 1872 1901 ERRANTI,
1897 1865 1963 1896 SIT
1987 1864 2105 1896 BONA

565 1956 605 1980 De
630 1956 717 1984 Verit„
737 1963 781 1986 qu.
799 1963 859 1985 xvn,
879 1960 925 1980 art.
947 1954 969 1984 3,
990 1955 1021 1979 ad
1039 1962 1069 1986 4;
1092 1954 1188 1985 Quodl.
1208 1954 1252 1983 111,
1273 1962 1318 1986 qu.
1336 1961 1379 1982 κη,
1399 1958 1444 1978 art.
1469 1961 1492 1983 2,
1511 1954 1543 1977 ad
1563 1961 1590 1984 23
1609 1953 1674 1992 vm,
1694 1961 1738 1986 qu.
1756 1960 1790 1983 vt,
1810 1957 1857 1977 art.
1878 1952 1900 1982 3,
1922 1951 1949 1983 53
1967 1952 2010 1981 lx,
2030 1960 2073 1985 qu.
2092 1960 2135 1982 vn,
2154 1958 2200 1978 art.
2220 1960 2244 1978 2.

362 2072 369 2075 -
440 2088 441 2091 ¹
529 2056 551 2081 D
571 2054 711 2080 SEXTUM
731 2054 784 2078 sm
803 2053 1031 2078 PROCEDITUR
1051 2041 1081 2077 *,
1098 2040 1256 2077 Videtur
1275 2041 1379 2088 quod

339 2086 500 2158 Ἐξ),
527 2097 702 2133 voluntas
732 2095 968 2131 concordans
997 2094 1131 2130 rationi
1161 2093 1308 2140 erranti,
1335 2093 1380 2130 sit

332 2150 454 2210 ‘15'le
468 2146 641 2197 bona.
678 2148 782 2185 Sicut
815 2146 916 2184 enirn
949 2148 1126 2183 voluntas
1158 2146 1379 2184 discordans

373 2178 461 2231 §⁹2³⁹
484 2193 551 2238 a
571 2202 726 2247 ratione,
748 2200 866 2237 tendit
885 2199 923 2236 in
942 2199 981 2236 id
1001 2199 1106 2248 quod
1126 2199 1219 2236 ratio
1239 2198 1380 2235 iudicat

319 2255 481 2299 malum,
511 2253 561 2291 ita
583 2255 760 2291 voluntas
781 2253 1017 2289 concordans
1036 2251 1182 2298 rationi,
1203 2251 1322 2288 tendit
1340 2251 1379 2288 in

318 2307 357 2344 id
385 2306 490 2356 quod
518 2306 612 2344 ratio
641 2306 780 2343 iudicat
806 2306 964 2342 bonum.
995 2305 1072 2342 Sed
1098 2305 1277 2340 voluntas
1306 2303 1379 2340 dis-

320 2360 481 2397 cordans
506 2372 528 2396 a
556 2358 711 2404 ratione,
733 2358 846 2395 etiarn
877 2364 1035 2403 errante,
1062 2363 1117 2393 est
1136 2357 1246 2393 mala.
1276 2357 1376 2404 Ergo

319 2413 496 2450 voluntas
531 2412 769 2449 concordans
797 2409 955 2457 rationi,
985 2409 1098 2447 etiam
1136 2409 1293 2456 erranti,
1325 2416 1380 2445 est

319 2467 432 2502 bona.

375 2530 409 2555 2.
438 2519 675 2563 PRAETEREA,
704 2516 881 2553 voluntas
911 2515 1147 2552 concordans
1174 2521 1378 2562 praecepto

320 2570 391 2607 Dei
420 2578 457 2607 et
483 2570 555 2618 legi
584 2577 776 2615 aeternae,
808 2579 961 2616 semper
989 2575 1044 2605 est
1072 2568 1185 2604 bona.
1217 2568 1293 2604 Sed
1321 2567 1379 2603 lex

321 2632 472 2661 aeterna
502 2631 537 2659 et
563 2629 812 2671 praeceptum
838 2620 910 2657 Dei
937 2620 1163 2670 proponitur
1181 2618 1292 2656 nobis
1312 2631 1380 2668 per

320 2675 663 2725 apprehensionem
684 2673 848 2720 rationis,
871 2672 984 2710 etiarn
1006 2672 1171 2710 errantis.
1189 2673 1291 2720 Ergo
1310 2684 1379 2708 vo-

321 2731 443 2766 luntas
463 2727 699 2765 concordans
720 2727 832 2764 etiam
853 2725 987 2763 rationi
1008 2725 1156 2772 erranti,
1184 2732 1239 2761 est
1264 2725 1377 2762 bona.

376 2782 410 2819 3.
441 2781 678 2827 PRAETEREA,
712 2780 889 2817 voluntas
925 2776 1148 2815 discordans
1181 2790 1202 2814 a
1235 2778 1379 2814 ratione

323 2841 484 2881 errante,
516 2841 571 2870 est
602 2833 713 2870 mala.
745 2832 784 2869 Si
817 2843 906 2879 ergo
938 2832 1116 2868 voluntas
1145 2831 1380 2868 concordans

322 2887 455 2930 rationi
476 2886 612 2923 erranti
631 2886 677 2922 sit
697 2885 810 2922 etiam
830 2885 942 2932 mala,
961 2883 1112 2921 videtur
1131 2883 1235 2931 quod
1256 2883 1381 2919 omnis

322 2941 497 2981 voluntas
529 2938 702 2976 habentis
735 2938 920 2975 rationem
950 2943 1157 2983 errantem,
1192 2935 1237 2972 sit
1268 2937 1379 2972 mala.

322 2993 372 3029 Et
391 2993 443 3029 sic
461 2992 542 3028 talis
571 2993 690 3029 homo
712 2991 779 3028 erit
798 2990 1010 3039 perplexus,
1041 2997 1077 3026 et
1097 3001 1141 3027 ex
1161 2987 1380 3026 necessitate

323 3044 514 3093 peccabit:
544 3045 648 3092 quod
678 3051 732 3080 est
759 3042 1043 3080 inconveniens
1074 3042 1175 3089 Ergo
1204 3041 1381 3079 voluntas

327 3097 563 3134 concordans
592 3096 724 3132 rationi
753 3095 900 3142 erranti,
923 3103 978 3132 est
1001 3095 1115 3132 bona.

381 3151 454 3186 SED
483 3161 642 3195 CONTRA,
675 3148 852 3184 voluntas
886 3147 1142 3185 'occidentium
1175 3146 1382 3194 Apostolos

327 3210 406 3239 erat
433 3202 545 3238 mala.
567 3202 643 3238 Sed
663 3209 791 3238 tamen
812 3200 1069 3238 concordabat
1088 3199 1222 3236 rationi
1246 3197 1384 3236 erranti

327 3255 509 3303 ipsorum,
530 3254 742 3290 secundum
771 3253 860 3290 illud
889 3255 993 3290 Ioan.
1010 3265 1068 3289 xvi
1083 3252 1118 3289 *ε
1142 3252 1249 3289 Venit
1274 3252 1381 3296 hora,

327 3313 368 3344 ut
393 3307 513 3345 omnis
541 3307 607 3355 qui
632 3306 805 3353 interficit
830 3317 907 3351 vos,
937 3306 1138 3342 arbitretur
1166 3304 1382 3352 obsequium

325 3373 364 3397 se
397 3366 414 3382 α
442 3365 639 3408 praestare
671 3360 764 3395 Deo.
800 3359 901 3406 Ergo
935 3359 1112 3395 voluntas
1147 3356 1383 3395 concordans

328 3413 462 3450 rationi
491 3411 638 3459 erranti,
667 3418 792 3460 potest
821 3423 901 3447 esse
930 3411 1041 3447 mala.

368 2063 406 2078 „ci
428 2062 485 2094 ga&

383 3537 408 3568 α)
429 3543 463 3560 se.
481 3549 499 3554 -
518 3535 577 3559 0m.
593 3533 813 3565 ABCGILpDFH.

1486 2040 1712 2076 RESPONDEO
1727 2051 1910 2077 mcENDUM
1920 2038 2037 2087 quod,
2050 2039 2144 2075 sicut
2152 2038 2362 2088 praemissa
2375 2050 2490 2088 quae-

1433 2091 1503 2128 stio
1543 2092 1678 2128 eadem
1713 2099 1768 2128 est
1800 2103 1887 2128 cum
1921 2090 2143 2141 quaestione
2186 2102 2262 2143 qua
2300 2092 2497 2141 quaeritur

1432 2152 1560 2181 utrum
1590 2144 1819 2181 conscientia
1839 2155 1996 2181 erronea
2023 2143 2129 2191 liget3
2158 2144 2208 2180 ita
2231 2142 2300 2180 ista
2319 2142 2490 2194 quaestio

1434 2197 1569 2234 eadem
1602 2204 1657 2233 est
1690 2209 1778 2234 cum
1811 2195 1872 2234 illa
1904 2209 1980 2246 qua
2013 2196 2204 2248 quaeritur
2239 2203 2387 2247 utrum]
2402 2208 2491 2234 con-

1433 2250 1586 2287 scientia
1602 2261 1764 2286 erronea
1784 2257 1946 2286 excuset.
1963 2249 2070 2285 Haec
2089 2256 2216 2286 autern
2236 2249 2407 2297 quaestio
2428 2247 2492 2291 de-

1431 2303 1574 2350 pendet
1601 2303 1649 2338 ab
1678 2314 1725 2338 eo
1759 2302 1863 2350 quod
1892 2313 2006 2350 supra
2034 2301 2082 2338 de
2110 2301 2320 2350 ignorantia
2344 2302 2491 2350 dictum

1433 2362 1499 2391 est.
1533 2354 1688 2391 Dictum
1721 2361 1776 2390 est
1809 2354 1910 2390 enim
1945 2365 2059 2403 supra
2085 2353 2106 2376 ’Β
2145 2355 2249 2402 quod
2281 2353 2491 2402 ignorantia

1433 2408 1666 2455 quandoque
1695 2414 1824 2443 causat
1845 2406 2152 2454 involuntarium,
2173 2406 2406 2456 quandoque
2426 2416 2491 2444 au-

1431 2467 1510 2496 tem
1533 2472 1623 2496 non.
1649 2459 1698 2496 Et
1726 2458 1813 2507 quia
1837 2459 1984 2496 bonum
2010 2459 2216 2496 etmalum
2235 2459 2379 2496 morale
2400 2471 2491 2497 con-

1433 2513 1526 2549 sistit
1557 2513 1596 2549 in
1629 2519 1714 2549 actu
1742 2508 1966 2561 inquantum
2001 2518 2057 2548 est
2085 2509 2341 2559 voluntarius,
2367 2518 2409 2549 ut
2446 2523 2491 2549 ex

1432 2565 1651 2614 praemissis
1669 2565 1689 2587 a«
1702 2571 1820 2613 patet,
1841 2565 2086 2601 manifestum
2106 2571 2162 2601 est
2180 2565 2289 2616 quod·
2307 2563 2366 2601 illa
2385 2565 2490 2613 igno·
2519 2579 2527 2588 ·

1433 2617 1552 2654 rantia
1575 2629 1674 2667 quae
1703 2624 1832 2653 causat
1854 2617 2163 2664 involuntarium,
2183 2615 2277 2653 tollit
2305 2616 2490 2666 rationem

1434 2670 1525 2707 boni
1550 2678 1586 2706 et
1612 2669 1701 2706 mali
1729 2669 1900 2716 moralis;
1925 2681 2003 2719 non
2028 2675 2155 2706 autem
2175 2669 2236 2706 ill'a
2255 2675 2353 2720 quae
2381 2670 2491 2707 invo-

1434 2723 1638 2760 luntariurn
1666 2734 1746 2759 non
1775 2729 1914 2759 causat.
1934 2721 2088 2759 Dictum
2118 2729 2174 2759 est
2198 2722 2310 2759 etiam
2338 2733 2453 2772 supra
2462 2721 2501 2772 [ω

1435 2776 1540 2824 quod
1559 2774 1768 2823 ignorantia
1783 2787 1882 2822 quae
1903 2782 1959 2811 est
1977 2775 2103 2824 aliquo
2123 2774 2242 2812 modo
2261 2775 2390 2823 volita,
2411 2766 2492 2812 sive

1435 2829 1574 2866 directe
1604 2828 1684 2864 sive
1713 2827 1906 2874 indirecte,
1925 2839 2004 2864 non
2029 2835 2158 2875 causat
2180 2827 2490 2866 involuntarium.

1434 2883 1483 2918 Et
1498 2881 1583 2918 dico
1604 2880 1855 2930 ignorantiam
1876 2879 2013 2917 directe
2033 2876 2299 2928 voluntariam,
2316 2881 2355 2918 in
2375 2880 2492 2931 quarn

2518 2365 2527 2374 ⁸
2543 2364 2591 2392 Qu.
2600 2370 2632 2391 vx,
2647 2368 2690 2386 art.
2705 2364 2727 2386 8.

2517 2731 2529 2744 ⁴
2545 2731 2636 2759 Qu.vr,
2649 2733 2692 2753 ιη.
2704 2730 2729 2753 8.

1435 2941 1539 2971 actus
1566 2933 1772 2970 voluntatis
1799 2933 1931 2970 fertur:
1961 2932 2148 2970 indirecte*>
2169 2939 2309 2980 autem,
2330 2935 2503 2996 [propterK

1435 2986 1716 3035 negligentiam,
1745 2998 1790 3024 ex
1820 2997 1865 3023 eo
1894 2986 1999 3036 quod
2027 2985 2159 3034 aliquis
2187 2996 2265 3023 non
2292 2987 2374 3023 vult
2401 2983 2492 3024 illud

1436 3040 1531 3077 scire
1559 3039 1665 3088 quod
1693 3038 1788 3075 scire
1816 3046 1974 3086 tenetur,
2000 3046 2042 3075 ut
2069 3050 2184 3088 supra
2205 3038 2227 3061 '¹‘
2254 3038 2397 3076 dictum
2426 3036 2491 3088 est:

2503 3075 2505 3077 ¹
2518 3049 2530 3061 ⁸
2544 3048 2602 3083 md·

1490 3092 1530 3129 Si
1557 3093 1667 3140 igitur
1691 3092 1784 3128 ratio
1811 3092 1874 3128 vel
1903 3090 2131 3129 conscientia
2160 3099 2256 3128 erret
2275 3103 2402 3129 errore
2424 3091 2502 3137 <to-j*

1436 3145 1609 3192 luntario,
1625 3145 1688 3183 vel
1704 3144 1856 3192 directe,
1871 3144 1934 3180 vel
1949 3151 2103 3194 propter
2118 3144 2393 3193 negligentiam,
2405 3138 2503 3197 quia:

1438 3206 1493 3235 est
1521 3209 1626 3235 error
1654 3197 1752 3235 circa
1780 3195 1819 3234 id
1846 3196 1951 3246 quod
1979 3196 2063 3246 quis
2091 3197 2185 3233 scire
2213 3204 2375 3244 tenetur;
2402 3202 2494 3233 tunc

1437 3250 1518 3288 talis
1548 3262 1652 3289 error
1679 3249 1832 3287 rationis
1859 3250 1922 3286 vel
1955 3249 2207 3296 conscientiae
2235 3261 2314 3298 non
2340 3255 2494 3286 excusat

1437 3303 1529 3363 quin
1560 3299 1737 3340 voluntas
1770 3301 2007 3339 concordans
2040 3301 2174 3339 rationi
2204 3298 2268 3354 vel
2300 3300 2493 3354 conscien-

1437 3364 1509 3394 tlae
1539 3356 1592 3394 sic
1621 3355 1767 3402 erranti,
1797 3353 1843 3391 sit
1869 3355 1979 3391 mala.
2003 3354 2041 3391 Si
2069 3362 2197 3392 autem
2225 3354 2271 3392 sit
2298 3365 2402 3391 error
2429 3353 2494 3403 qui

1440 3417 1568 3446 causet
1595 3407 1611 3438 β
1639 3407 1947 3455 involuntarium,
1968 3407 2199 3456 proveniens
2219 3416 2263 3444 ex
2287 3406 2494 3454 ignorantia

1458 3530 1482 3563 β)
1501 3534 1599 3556 causet.
1618 3544 1636 3549 -
1653 3534 1745 3555 causat
1766 3530 1823 3555 Pla.
