2852 4152
1022 222 1285 269 QUAESTIO
1314 223 1400 268 XV,
1430 223 1722 259 ARTICULUS
1752 223 1800 258 lV
1853 277 1859 282 Π

2407 225 2474 260 113

991 335 1318 368 Commentaria
1342 334 1589 367 Cardinalis
1611 335 1807 367 Caietam

324 440 456 504 Cinea
482 429 750 469 decimaequintae
774 430 965 470 quaestionis
992 431 1111 471 primos
1135 437 1196 461 tres
1226 429 1373 460 articulos

80 483 89 492 '
108 482 158 503 Art.
173 487 202 508 4,
218 480 290 502 Com-

387 473 464 514 quid
480 479 560 504 esset
579 472 758 508 dicendum,
781 473 813 503 in
834 475 976 514 sequenti
996 474 1179 515 quaestione
1194 473 1212 491 ⁴*
1228 474 1373 504 consulto

82 511 155 530 ment.
169 513 192 528 n.
204 513 222 528 ιι
237 511 289 533 sqq.
319 517 448 548 dicetur⁸

385 613 456 635 ch
479 609 627 644 quartum
651 613 726 633 vero
755 603 922 634 articulum
951 605 1042 644 plura
1070 611 1240 636 occurrunt
1268 605 1373 635 dubia.

386 647 530 679 Primum
553 653 612 682 est,
642 646 716 687 quia
747 649 868 677 Auctor
890 648 1073 679 contradicit
1101 649 1159 679 sibi
1181 649 1214 679 in
1242 658 1374 688 corpore

321 699 351 723 et
372 691 406 722 in
424 690 630 730 responsione
654 691 692 720 ad
708 690 858 730 primum.
878 691 1067 731 Repugnant
1090 693 1174 722 enim
1197 693 1273 723 haec
1294 692 1373 727 duo,

322 735 451 766 scilicet:
471 734 623 771 Quandiu
641 735 795 764 incertum
811 740 858 765 est
880 745 921 765 an
938 733 1109 766 secundum
1133 738 1274 767 rationes
1296 736 1376 766 divi-

322 788 382 810 nas
396 778 569 808 resistatur
584 778 634 808 vel
650 787 724 815 non,
741 778 866 808 nullum
891 779 1041 809 iudicium
1061 781 1196 810 rationis
1215 779 1306 809 habet
1322 788 1374 808 ra-

322 824 438 853 tionem
451 821 570 862 finalis
592 823 788 858 sententiae;
811 828 850 858 et,
878 822 1058 853 Consensus
1080 824 1111 853 in
1135 824 1373 854 delectationem

321 866 526 908 cogitationis
543 866 684 905 pertinet
706 866 748 896 ad
771 867 925 896 rationem
949 866 1147 906 inferiorem.
1167 867 1208 897 Et
1226 873 1312 906 patet
1330 875 1375 895 re-

320 908 504 951 pugnantia.
521 908 606 946 Quia
623 919 794 940 consensus
810 909 843 939 in
859 909 1098 940 delectationem
1117 909 1314 950 cogitationis
1331 916 1376 939 est

321 953 515 994 quandoque
531 959 695 992 peccatum
719 953 860 989 mortale,
885 960 916 983 et
939 960 1166 994 consequenter
1187 952 1288 983 finalis
1307 963 1376 983 sen-

321 997 432 1033 tentia,
453 1003 484 1027 et
500 1003 608 1026 contra
631 996 767 1027 rationes
790 996 910 1027 divinas
934 998 1186 1038 quodammodo.
1210 997 1294 1037 Ergo
1318 1003 1377 1027 stat

321 1041 410 1082 quod
424 1040 466 1070 sit
477 1039 605 1070 rationis
621 1039 785 1076 inferioris,
804 1046 834 1071 et
857 1047 965 1071 contra
983 1041 1119 1071 rationes
1135 1041 1268 1076 divinas;
1288 1040 1377 1081 quod

322 1085 362 1116 sit
373 1084 505 1115 mortale
517 1090 691 1123 peccatum,
705 1091 736 1114 et
751 1093 816 1114 non
830 1083 931 1114 finalis
948 1084 1109 1115 sententia.
1125 1085 1165 1115 Et
1175 1085 1201 1114 si
1216 1091 1262 1114 est
1275 1083 1375 1114 finalis

321 1127 483 1163 sententia,
501 1134 531 1158 et
546 1134 655 1158 contra
674 1126 810 1158 rationes
834 1128 965 1166 divinas,
981 1129 1147 1168 quomodo
1164 1129 1203 1159 ad
1223 1127 1377 1158 rationem

321 1172 501 1203 inferiorem
515 1169 650 1212 spectat?
669 1189 687 1194 -
702 1172 743 1202 Et
758 1178 889 1211 augetur
905 1172 1068 1208 dubitatio,
1079 1172 1154 1212 quia
1169 1171 1374 1211 Augustinus,

321 1216 379 1247 XII
398 1215 438 1246 de
457 1215 556 1253 Trin.,
575 1225 642 1255 cap.
658 1225 714 1251 xit,
739 1215 822 1245 unde
846 1215 988 1255 quaestio
1003 1215 1078 1246 haec
1102 1222 1217 1251 manat,
1235 1225 1376 1254 expresse

323 1259 398 1290 dicit
419 1259 508 1300 quod
531 1259 600 1289 talis
622 1268 793 1288 consensus
814 1265 932 1297 spectat
954 1259 993 1288 ad
1017 1259 1171 1289 rationem
1197 1258 1377 1288 inferiorem

323 1303 441 1334 solam:
466 1303 529 1339 Sic,
550 1302 662 1342 inquit,
678 1301 855 1332 habendum
874 1306 965 1341 puto,
985 1303 1078 1341 quasi
1098 1303 1167 1332 sola
1190 1302 1306 1331 mulier
1327 1311 1376 1331 co-

322 1346 466 1377 mederit.

389 1388 575 1425 Secundum
595 1393 642 1417 est
665 1388 703 1417 de
726 1386 925 1417 distinctione
949 1397 1030 1427 quae
1056 1386 1092 1417 fit
1118 1387 1151 1416 in
1173 1387 1378 1427 responsione

206 1463 210 1467 ,
258 1458 290 1463 ,ἢ
315 1430 540 1472 εὰρῆῐιῖὺῐιι,
565 1430 604 1460 de
628 1429 817 1470 cogitatione
833 1436 869 1460 ut
887 1436 933 1460 est
947 1430 1028 1460 actio
1044 1431 1214 1470 quaedam,
1235 1437 1266 1461 et
1281 1436 1317 1460 ut
1335 1436 1380 1460 est

324 1476 366 1508 ad
387 1475 483 1506 aliam
505 1474 663 1505 actionem
686 1473 838 1504 ordinata.
860 1473 944 1510 Quia
967 1482 1032 1504 non
1055 1474 1179 1504 videtur
1201 1474 1241 1504 ad
1258 1482 1380 1513 propo-

323 1519 430 1556 situm,
448 1518 503 1549 sed
521 1517 629 1558 potius
651 1517 691 1547 ad
715 1517 910 1558 oppositum.
934 1517 1008 1548 Non
1031 1517 1071 1547 ad
1093 1518 1295 1558 propositum
1310 1516 1381 1557 qui-

324 1564 408 1600 dem,
431 1562 508 1604 quia
530 1561 679 1602 cogitatio
703 1561 869 1597 delectans,
893 1561 927 1591 in
949 1571 1048 1602 quam
1072 1561 1247 1592 consentire
1270 1560 1383 1591 dicitur

323 1607 404 1639 ratio
419 1605 557 1642 inferior,
574 1615 640 1636 non
657 1604 820 1636 ordinatur
835 1604 874 1635 ad
885 1604 1057 1635 actionem:
1075 1611 1122 1635 est
1133 1605 1217 1636 enim
1235 1603 1382 1644 cogitatio

326 1649 541 1682 delectationis
564 1658 710 1679 morosae
730 1649 848 1689 absque
862 1648 1026 1679 voluntate
1041 1648 1155 1688 operis,
1173 1655 1208 1679 ut
1222 1655 1307 1688 patet
1327 1657 1383 1688 per

325 1694 543 1735 Augustinum
564 1693 694 1724 ibidem.
709 1710 730 1716 -
747 1693 798 1723 Ad
821 1692 1008 1732 oppositum
1023 1702 1108 1729 vero,
1125 1692 1199 1733 quia
1223 1691 1381 1732 cogitatio,

325 1745 367 1770 ut
377 1745 424 1770 est
442 1738 523 1770 actio
543 1737 701 1778 quaedam
719 1737 886 1772 delectans,
906 1743 952 1767 est
974 1737 1042 1776 ipsa
1066 1736 1214 1776 cogitatio
1237 1745 1383 1766 morosae

327 1782 552 1821 delectationis.
565 1782 606 1812 Et
620 1781 647 1812 si
660 1781 739 1821 ipsa,
752 1781 928 1811 secundum
942 1780 1077 1811 litteram
1093 1787 1299 1821 praesentem,
1316 1789 1385 1820 spe-

326 1833 389 1864 ctat
407 1827 447 1857 ad
461 1826 617 1858 rationem
639 1825 848 1865 superiorem;
866 1834 941 1865 ergo
961 1824 1148 1864 oppositum
1165 1825 1298 1855 habetur
1317 1824 1385 1854 eius

326 1871 415 1913 quod
438 1869 610 1901 intenditur
633 1870 672 1899 ab
694 1868 874 1909 Augustino
899 1875 929 1899 et
947 1867 1035 1908 ipso,
1060 1868 1176 1900 scilicet
1198 1868 1288 1909 quod
1310 1877 1384 1898 con-

326 1923 437 1946 sensus
459 1914 492 1945 in
516 1913 757 1944 delectationem
781 1922 942 1942 morosam
965 1918 1084 1952 spectat
1106 1913 1146 1942 ad
1164 1912 1320 1943 rationem
1338 1911 1386 1941 in-

327 1957 484 1990 seriorem.

394 2002 432 2033 11.
454 2002 506 2033 Ad
529 2000 718 2032 evidentiam
739 1999 871 2036 horum,
896 1999 974 2030 scito
997 1999 1101 2039 primo
1125 2000 1214 2039 quod
1237 1998 1386 2038 cogitatio

328 2046 523 2088 quandoque
541 2045 718 2075 secundum
734 2054 766 2074 se
781 2044 876 2074 habet
889 2043 1045 2074 rationem
1056 2042 1190 2073 ordinati
1202 2043 1233 2073 in
1247 2042 1386 2082 aliquam

328 2089 424 2122 aliam
454 2088 685 2130 operationem:
714 2087 908 2128 quandoque
934 2096 1008 2117 vero
1037 2087 1212 2117 secundum
1234 2096 1266 2116 se
1294 2086 1388 2116 habet

327 2133 485 2165 rationem
506 2132 605 2173 ipsius
629 2131 732 2162 ultimi
760 2130 875 2171 operis.
903 2130 983 2161 Dico
1007 2137 1114 2161 autem
1139 2130 1312 2161 secundum
1336 2139 1385 2167 se,

329 2177 369 2208 ad
392 2176 623 2208 excludendum
647 2175 791 2205 ordinem
821 2185 858 2205 ex
885 2181 971 2215 parte
998 2174 1180 2205 intentionis
1210 2173 1386 2213 cogitantis.

329 2220 424 2252 Tunc
438 2219 587 2261 cogitatio
602 2219 696 2249 habet
707 2219 862 2250 rationem
877 2218 982 2249 ultimi
997 2218 1111 2259 operis,
1124 2218 1252 2258 quando
1269 2217 1337 2257 ipsa
1351 2223 1388 2247 ut

330 2264 479 2305 cogitatio
502 2270 558 2299 est,
583 2263 728 2299 sumitur,
752 2269 849 2303 prout
871 2262 987 2293 scilicet
1010 2269 1056 2292 est
1077 2261 1240 2302 inquisitio
1263 2260 1313 2291 vel
1336 2270 1388 2291 co-

329 2307 430 2349 gnitio
448 2307 523 2344 veri,
540 2313 571 2338 et
587 2306 785 2337 huiusmodi.
809 2306 903 2336 Tunc
926 2312 1034 2336 autem
1056 2305 1150 2335 habet
1173 2304 1321 2344 cogitatio
1340 2314 1388 2334 ra-

328 2352 451 2383 tionem
474 2349 610 2382 ordinati
623 2351 657 2380 in
671 2350 758 2380 aliud
781 2359 874 2390 opus,
898 2349 1028 2390 quando
1050 2349 1119 2388 ipsa
1141 2348 1261 2379 ratione
1278 2347 1389 2392 ¹operis

302 2421 307 2424 .
329 2395 457 2436 cogitati
472 2394 622 2425 sumitur:
639 2394 716 2434 quia
733 2393 819 2424 enim
837 2392 958 2424 ratione
975 2392 1102 2432 cogitati
1121 2392 1225 2432 operis
1240 2391 1386 2427 sumitur,

329 2445 460 2480 propter
481 2439 589 2479 ipsum
612 2447 695 2478 opus
718 2436 895 2467 secundum
913 2446 946 2467 se
969 2444 1026 2467 est.
1049 2436 1090 2466 Et
1113 2435 1257 2476 quamvis
1272 2435 1310 2465 ab
1326 2434 1388 2465 hoc

329 2482 486 2524 cogitante
503 2491 569 2522 non
592 2484 770 2512 exerceatur
783 2487 913 2521 propter
931 2490 1014 2520 opus
1030 2479 1286 2520 perpetrandum,
1304 2489 1388 2509 exer-

331 2533 418 2559 cetur
446 2533 553 2557 tamen
576 2532 707 2566 propter
733 2534 816 2565 opus
846 2524 1062 2564 perpetrabile.
1084 2524 1187 2554 Tanta
1214 2529 1321 2553 autem
1344 2529 1390 2553 est

331 2570 504 2603 differentia
525 2570 606 2601 inter
629 2569 854 2610 cogitationem
875 2569 938 2599 hoc
952 2568 1002 2598 vel
1025 2568 1080 2598 illo
1096 2567 1196 2598 modo
1216 2573 1388 2607 sumptam,

330 2621 367 2646 ut
389 2613 539 2655 cogitatio
562 2620 693 2654 propter
715 2623 798 2653 opus
821 2612 1008 2653 cogitatum,
1033 2612 1073 2642 sit
1094 2611 1128 2641 in
1151 2610 1389 2642 coordinatione

331 2655 444 2689 eorum
465 2667 547 2699 quae
570 2664 644 2688 sunt
666 2663 795 2697 propter
818 2656 917 2692 aliud,
938 2662 969 2686 et
991 2662 1166 2696 propterea,
1187 2654 1271 2685 utin
1289 2654 1390 2685 littera

331 2699 453 2738 dicitur,
473 2707 591 2742 spectat
614 2701 654 2732 ad
675 2700 858 2731 inferiorem
876 2700 1048 2730 rationem:
1073 2698 1222 2739 cogitatio
1245 2708 1320 2729 vero
1344 2707 1390 2728 se-

332 2745 473 2777 cundum
487 2745 624 2786 seipsam
645 2744 686 2776 sit
699 2745 732 2775 in
749 2743 988 2775 coordinatione
1011 2753 1155 2783 operum,
1172 2749 1203 2773 et
1223 2748 1389 2782 propterea

331 2795 449 2830 spectet
463 2789 504 2820 ad
520 2789 716 2829 superiorem
731 2788 895 2824 rationem,
911 2787 992 2818 sicut
1006 2794 1106 2818 cetera
1125 2786 1237 2817 ultima
1259 2795 1365 2826 opera.

397 2833 484 2864 Scito
507 2833 657 2869 secundo,
681 2833 771 2873 quod
793 2832 874 2863 ratio
897 2831 1027 2862 inferior
1050 2831 1264 2861 consideratur
1290 2829 1391 2870 dupli-

333 2876 422 2912 citer:
447 2887 514 2907 uno
538 2876 648 2913 modo,
672 2875 849 2907 secundum
871 2884 917 2912 se;
947 2875 1009 2906 alio
1032 2875 1147 2911 modo,
1168 2881 1203 2905 ut
1226 2873 1392 2914 participat

332 2920 528 2962 superiorem
551 2920 717 2957 rationem,
742 2919 794 2951 cui
814 2926 845 2950 et
859 2919 1094 2960 suppositaliter
1117 2925 1147 2949 et
1163 2917 1296 2949 identice
1318 2927 1392 2948 con-

478 3528 587 3552 summe
606 3526 707 3550 Tuam..
725 3525 756 3549 D.
771 3524 885 3549 Tuomst
903 3524 935 3549 T.
955 3525 993 3549 111.

1429 430 1534 461 iuncta
1558 437 1613 461 est.
1630 431 1671 462 Et
1693 431 1791 471 quod,
1814 431 1886 462 licet
1908 432 1986 462 ratio
2010 431 2136 461 inferior
2159 433 2332 462 secundum
2355 443 2386 462 se
2415 443 2479 463 non

1428 474 1542 505 habeat
1564 473 1692 504 finalem
1708 475 1904 511 sententiam,
1922 482 1958 505 ut
1972 475 2135 515 participat
2153 481 2257 505 tamen
2277 476 2478 515 superiorem,

1428 517 1544 548 iudicat
1566 517 1699 548 finaliter
1721 525 1752 549 et
1774 518 1954 549 mortaliter.

1483 562 1533 591 111.
1552 562 1642 592 Unde
1667 562 1706 591 ad
1723 562 1863 602 primum
1887 562 2019 593 dubium
2034 562 2052 581 *
2065 562 2178 592 dicitur
2201 562 2289 602 quod
2310 571 2479 592 consensus

1429 605 1461 635 in
1484 605 1723 635 delectationem
1747 606 1872 646 cogitati
1889 606 1992 646 operis
2008 605 2158 641 mortalis,
2175 611 2252 645 puta
2269 604 2480 635 fornicationis

1429 649 1479 678 vel
1500 649 1664 684 vindictae,
1689 649 1783 680 habet
1796 649 1828 679 in
1844 660 1876 680 se
1893 650 1967 680 duo.
1987 650 2130 680 Primum
2146 655 2191 679 est
2206 649 2293 689 quod
2310 655 2391 678 caret
2406 658 2480 679 con-

1430 690 1767 733 summationequam
1799 700 1872 733 apta
1904 700 1974 723 nata
2005 699 2051 723 est
2077 693 2190 723 habere
2217 691 2286 722 talis
2318 692 2480 722 delectatio

1431 736 1606 766 secundum
1622 746 1716 766 suum
1732 746 1841 776 genus.
1858 736 1944 767 Cum
1959 736 2044 767 enim
2059 735 2221 766 delectatio
2238 735 2362 774 cogitati
2379 735 2481 775 operis

1431 779 1470 809 sit
1493 779 1634 809 eiusdem
1658 779 1786 810 rationis
1806 790 1879 810 cum
1903 780 2106 810 delectatione
2130 779 2295 819 perpetrati
2320 779 2431 818 operis,
2453 786 2482 809 et

1432 822 1572 852 differant
1594 829 1717 853 tanturn
1741 823 1820 854 sicut
1842 824 2061 863 imperfectum
2076 830 2107 859 et
2126 822 2309 863 perfectum,
2330 829 2360 852 et
2375 832 2482 852 secun-

1432 867 1510 896 dum
1533 875 1565 895 se
1589 866 1628 896 sit
1650 873 1778 906 propter
1800 867 1903 903 illam;
1928 867 1953 897 si
1975 867 2068 897 habet
2096 875 2286 897 consensum
2313 865 2345 895 in
2369 866 2482 905 cogita-

1431 910 1552 940 tionem
1575 917 1605 940 et
1628 910 1859 949 operationem,
1884 911 1977 941 habet
2000 916 2257 941 consummatum
2281 919 2480 940 consensum.

1432 953 1463 984 Si
1487 960 1592 983 autem
1615 953 1648 982 in
1672 954 1894 993 cogitationem
1913 961 2045 990 tantum,
2062 954 2156 984 habet
2170 952 2390 994 imperfectum
2409 963 2483 983 con-

1432 1005 1573 1031 sensum;
1599 1006 1636 1026 eo
1661 997 1758 1027 modo
1778 1007 1843 1038 quo
1867 997 1950 1038 talpa
1974 1005 2019 1028 est
2037 997 2217 1038 imperfecta
2240 996 2273 1026 in
2291 1006 2403 1036 genere
2419 996 2483 1026 ani-

1431 1040 1532 1070 malis.
1549 1040 1590 1070 Et
1612 1041 1786 1070 secundum
1809 1041 1870 1071 hoc
1893 1041 2004 1071 dicitur
2023 1041 2151 1071 deficere
2174 1050 2192 1070 a
2214 1039 2299 1070 finali
2322 1039 2482 1075 sententia,

1432 1094 1529 1124 quam
1558 1083 1672 1114 scilicet
1702 1085 1876 1114 secundum
1904 1094 1936 1114 se
1966 1091 2038 1123 apta
2065 1091 2136 1114 nata
2164 1090 2210 1114 est
2231 1083 2357 1119 habere;
2386 1090 2416 1113 et
2443 1083 2483 1113 ad

1431 1127 1588 1158 rationem
1610 1126 1790 1158 inferiorern
1813 1134 1960 1167 spectare,
1985 1134 2095 1167 utpote
2120 1127 2293 1157 secundum
2317 1136 2349 1156 se
2371 1127 2421 1156 via
2444 1126 2484 1156 ad

1432 1171 1531 1206 aliud;
1556 1177 1587 1201 et
1604 1171 1691 1211 quod
1711 1171 1750 1200 ad
1766 1171 1866 1201 solam
1890 1171 2064 1206 mulierem,
2087 1171 2167 1200 idest
2189 1170 2367 1200 inferiorem
2390 1169 2483 1200 ratio-

1432 1225 1515 1250 nem,
1533 1220 1660 1254 spectat,
1680 1214 1754 1255 quia
1777 1214 1892 1245 scilicet
1915 1215 2000 1244 deest
2023 1223 2192 1244 consensus
2215 1213 2266 1243 ille
2282 1213 2429 1242 ordinans
2445 1213 2485 1242 ad

1433 1268 1524 1297 opus,
1549 1258 1604 1298 qui
1627 1264 1744 1298 spectat
1767 1258 1806 1288 ad
1829 1258 1942 1293 virum,
1966 1264 2077 1297 utpote
2100 1257 2230 1287 ultimus
2246 1256 2278 1286 in
2292 1266 2403 1296 genere
2422 1256 2484 1295 agi-

1433 1301 1554 1332 bilium.
1567 1319 1588 1324 —
1600 1302 1781 1332 Secundum
1805 1308 1850 1332 est
1871 1301 1959 1342 quod
1974 1300 2009 1331 fit
2031 1301 2149 1341 absque
2173 1299 2417 1330 contradictione
2434 1309 2486 1329 su-

1433 1345 1562 1384 perioris
1578 1345 1714 1375 rationis.
1732 1345 1772 1375 Et
1787 1355 1823 1375 ex
1837 1345 1898 1375 hoc
1914 1345 2006 1375 habet
2021 1344 2174 1374 rationem
2189 1343 2290 1373 finalis
2307 1343 2484 1378 sententiae,

1433 1394 1463 1417 et
1479 1388 1596 1427 peccati
1615 1388 1764 1423 mortalis,
1780 1395 1851 1424 etc„
1865 1395 1901 1418 ut
1920 1395 2004 1428 patet
2021 1388 2054 1417 in
2071 1388 2133 1425 Qu.
2149 1387 2188 1417 de
2205 1387 2350 1423 Veritate,
2366 1396 2420 1426 qu.
2437 1396 2485 1421 xv,

1435 1436 1490 1461 ειη.
1513 1440 1552 1469 4,
1574 1431 1614 1460 ad
1637 1432 1655 1460 6
1681 1438 1711 1461 et
1734 1441 1780 1462 11.
1803 1432 1847 1462 Ita
1869 1431 1957 1472 quod
1981 1429 2151 1461 consensus
2173 1430 2230 1461 iste
2255 1429 2288 1459 in
2311 1429 2487 1460 delectatio-

1435 1483 1508 1504 nem
1531 1473 1723 1510 huiusmodi,
1740 1481 1771 1505 et
1785 1481 1830 1505 est
1845 1475 1974 1505 rationis
1990 1474 2143 1504 inferioris
2158 1473 2332 1504 secundum
2351 1482 2394 1509 se,
2413 1473 2488 1513 quia

1436 1524 1482 1548 est
1510 1517 1543 1547 in
1565 1517 1598 1547 id
1621 1518 1710 1557 quod
1741 1518 1916 1548 secundum
1943 1528 1975 1547 se
2003 1525 2049 1548 est
2072 1524 2200 1557 propter
2229 1517 2315 1547 aliud
2337 1525 2433 1556 opus;
2458 1523 2488 1547 et

1437 1560 1540 1591 deficit
1562 1571 1580 1590 a
1603 1560 1757 1600 superiori
1779 1561 1915 1596 ratione,
1945 1561 2019 1602 quia
2045 1570 2110 1590 non
2134 1568 2180 1591 est
2201 1561 2234 1590 in
2261 1569 2361 1600 opus;
2386 1566 2416 1590 et
2443 1566 2488 1590 est

1437 1604 1566 1634 rationis
1589 1603 1744 1634 inferioris
1773 1611 1807 1634 ut
1830 1604 1993 1644 participat
2011 1604 2214 1643 superiorem,
2234 1603 2308 1643 quia
2323 1602 2358 1633 fit
2381 1610 2488 1633 contra

1438 1648 1559 1687 regulas
1575 1654 1723 1684 aeternas,
1734 1647 1787 1678 illa
1803 1657 1868 1678 non
1880 1647 2121 1683 contradicente;
2139 1654 2177 1683 et,
2191 1654 2227 1677 ut
2240 1647 2271 1676 in
2284 1646 2488 1686 responsione

1438 1692 1476 1721 ad
1500 1691 1651 1722 ultimum
1673 1691 1706 1721 in
1727 1691 1827 1721 littera
1850 1691 1971 1727 dicitur,
1995 1698 2041 1720 est
2063 1690 2190 1720 rationis
2214 1689 2391 1729 superioris,
2414 1691 2488 1729 quia

1438 1735 1610 1766 secundum
1635 1736 1775 1765 rationes
1797 1740 1946 1765 aeternas
1968 1744 2030 1764 non
2054 1734 2204 1764 dissentit.
2221 1734 2261 1763 Et
2283 1733 2344 1763 hoc
2359 1733 2491 1763 intendit

1440 1779 1535 1809 etiam
1557 1779 1764 1818 Augustinus,
1788 1778 1868 1809 circa
1890 1778 1987 1808 finem
2009 1778 2092 1808 illius
2117 1777 2258 1817 capituli,
2286 1776 2341 1806 ubi
2364 1783 2490 1816 propter

1440 1822 1697 1853 coniunctionem
1724 1822 1887 1863 utriusque
1915 1822 2044 1852 rationis
2065 1821 2098 1851 in
2122 1831 2187 1851 uno
2215 1820 2359 1856 homine,
2387 1826 2492 1850 totum

1439 1866 1604 1897 hominem
1632 1876 1669 1896 ex
1691 1866 1876 1896 huiusmodi
1904 1876 2059 1896 consensu
2083 1865 2299 1895 damnandum
2322 1863 2489 1894 concludit.

1439 1911 1480 1941 Et
1502 1917 1549 1941 est
1570 1909 1671 1940 finalis
1694 1910 1846 1941 sententia
1868 1910 1948 1940 circa
1971 1908 2097 1949 cogitati
2120 1908 2223 1950 operis
2243 1908 2344 1938 solam
2362 1907 2493 1937 delecta-

1439 1955 1574 1990 tionem;
1599 1961 1629 1984 et
1652 1963 1717 1983 non
1741 1960 1786 1984 est
1804 1953 1905 1983 finalis
1928 1952 2079 1983 sententia
2097 1953 2135 1982 de
2154 1951 2291 1991 agendis,
2310 1950 2385 1991 quia
2399 1957 2494 1981 restat

1440 1998 1570 2029 ulterior
1592 1997 1756 2033 sententia,
1781 2007 1878 2038 quam
1901 2003 1973 2037 apta
2002 2002 2074 2026 nata
2097 2002 2142 2026 est
2168 1996 2280 2025 habere
2309 1994 2492 2025 huiusmodi

1441 2042 1596 2073 delectans
1618 2041 1775 2081 cogitatio,
1796 2041 1912 2071 scilicet
1932 2041 1970 2070 de
1989 2039 2098 2070 ordine
2114 2039 2154 2069 ad
2170 2039 2376 2069 exercendum
2399 2047 2491 2078 opus,

1439 2086 1571 2126 Propter
1593 2095 1673 2125 quas
1696 2085 1774 2115 duas
1796 2084 1904 2114 finales
1927 2083 2103 2118 sententias,
2127 2083 2160 2112 in
2183 2083 2283 2113 littera
2306 2082 2409 2122 primo
2437 2091 2493 2111 no-

1440 2129 1588 2165 minatur,
1604 2129 1636 2158 in
1657 2128 1795 2168 allegatis
1819 2127 1996 2158 obiiciendo
2019 2126 2129 2162 verbis,
2154 2125 2254 2156 finalis
2272 2125 2423 2156 sententia
2442 2125 2493 2154 ab·

1441 2173 1556 2204 solute:
1570 2172 1682 2202 deinde
1698 2171 1895 2202 descenditur
1906 2172 1946 2201 ad
1960 2170 2086 2202 finalem
2102 2169 2287 2200 sententiam
2301 2169 2340 2199 de
2356 2168 2491 2209 agendis,

1441 2223 1472 2247 et
1493 2217 1606 2247 dicitur
1628 2216 1717 2256 quod
1740 2221 1786 2245 est
1809 2224 1980 2245 consensus
2003 2214 2036 2243 in
2059 2223 2151 2253 opus.
2174 2213 2215 2244 Et
2237 2213 2280 2243 sic
2300 2219 2385 2252 patet
2405 2211 2493 2252 quod

1441 2260 1522 2291 dicta
1545 2260 1664 2290 litterae
1687 2265 1873 2289 consonant.

1506 2303 1558 2334 Ad
1580 2302 1756 2333 secundum
1778 2311 1852 2332 vero
1883 2300 2017 2331 dubium
2043 2299 2213 2330 dicendum
2239 2306 2286 2330 est
2311 2299 2400 2339 quod
2421 2308 2494 2338 pro-

1442 2347 1524 2378 cedit
1546 2357 1584 2376 ex
1605 2346 1691 2376 malo
1714 2345 1874 2376 intellectu
1896 2345 2024 2375 litterae.
2048 2344 2107 2374 Per
2130 2343 2265 2383 cogitare
2287 2342 2372 2373 enim
2392 2349 2428 2372 ut
2449 2348 2495 2372 est

1442 2390 1523 2421 actio
1546 2390 1711 2430 quaedam,
1728 2389 1862 2420 intendit
1878 2390 1999 2419 Auctor
2015 2387 2239 2427 cogitationem
2257 2386 2433 2417 secundum
2448 2394 2493 2415 se:

1441 2445 1498 2475 per
1520 2433 1599 2464 illud
1617 2443 1692 2464 vero
1715 2440 1751 2463 ut
1768 2433 1801 2463 in
1821 2432 1906 2462 aliud
1929 2431 2099 2467 ordinatur,
2123 2430 2256 2461 intendit
2271 2429 2495 2470 cogitationem

1442 2484 1571 2519 propter
1586 2477 1759 2517 cogitatum
1778 2485 1869 2516 opus,
1887 2482 1922 2506 ut
1938 2475 2150 2515 exposuimus.
2167 2474 2208 2504 Et
2230 2473 2298 2504 vult
2316 2473 2404 2513 quod
2420 2482 2494 2503 con-

1442 2532 1552 2552 sensus
1575 2521 1607 2551 in
1631 2520 1854 2560 cogitationem
1882 2519 2056 2550 secundum
2080 2527 2125 2566 se,
2145 2523 2262 2558 spectet
2281 2517 2318 2547 ad
2342 2516 2495 2546 rationem

1443 2565 1647 2606 superiorem,
1672 2564 1747 2605 quia
1769 2570 1815 2594 est
1838 2573 1919 2603 opus
1943 2563 2106 2598 ultimum,
2130 2568 2166 2592 ut
2187 2567 2272 2601 patet
2295 2561 2333 2590 de
2356 2566 2495 2590 contem-

1442 2610 1600 2650 platione:
1625 2617 1796 2639 consensus
1819 2617 1893 2637 vero
1912 2607 1944 2637 in
1961 2606 2182 2646 cogitationem
2205 2611 2333 2644 propter
2348 2613 2430 2644 opus
2446 2613 2496 2633 co-

1443 2654 1586 2694 gitatum,
1610 2658 1728 2693 spectet
1750 2651 1789 2682 ad
1812 2650 2002 2686 inferiorem,
2026 2649 2101 2690 quia
2124 2655 2170 2679 est
2192 2648 2367 2679 secundum
2389 2657 2422 2677 se
2443 2646 2495 2676 via

1443 2698 1483 2727 ad
1499 2697 1594 2727 aliud.
1612 2697 1658 2727 Ita
1672 2696 1760 2736 quod
1776 2705 1841 2725 non
1857 2694 1947 2735 ponit
1961 2698 2081 2724 Auctor
2096 2692 2129 2722 in
2143 2692 2244 2723 littera
2259 2698 2329 2727 tres,
2345 2691 2399 2720 sed
2416 2690 2495 2720 duos

1443 2747 1567 2772 tantum
1591 2740 1725 2775 ordines,
1750 2738 1865 2769 scilicet
1881 2747 2015 2778 operum
2030 2743 2059 2767 et
2074 2736 2310 2775 cogitationum.
2334 2735 2375 2765 Et
2397 2733 2496 2764 decla-

1444 2791 1491 2815 rat
1513 2784 1602 2825 quod
1624 2783 1829 2823 cogitationes
1853 2782 2028 2812 secundum
2049 2790 2081 2811 se
2104 2780 2293 2810 clauduntur
2313 2779 2370 2809 sub
2387 2777 2496 2808 ordine

1445 2837 1594 2869 operum:
1618 2827 1661 2858 ita
1683 2827 1772 2867 quod
1787 2833 1896 2857 contra
1911 2835 2007 2865 opera
2029 2834 2094 2854 non
2113 2823 2346 2863 distinguuntur
2369 2821 2428 2851 nisi
2444 2830 2496 2850 co-

1446 2866 1612 2912 gitationes
1635 2870 1755 2902 ratione
1778 2869 1882 2910 operis
1906 2868 2045 2908 cogitati,
2061 2874 2097 2898 ut
2111 2867 2178 2897 viae
2194 2877 2211 2896 a
2227 2865 2375 2896 terminis
2400 2864 2441 2894 Et
2457 2864 2495 2893 de

1446 2916 1494 2947 his
1508 2915 1578 2946 vide
1595 2915 1627 2945 in
1640 2915 1702 2952 Qu.
1716 2914 1755 2945 de
1772 2914 1918 2950 Veritate‚
1936 2911 2118 2953 quaestione
2134 2917 2164 2941 et
2179 2909 2309 2940 articulo
2321 2907 2494 2949 praedictis.

2309 3508 2336 3533 15

2508 566 2516 573 ¹
2532 563 2568 585 Cf.
2583 569 2645 585 num.
2659 570 2676 585 1.
