2846 4146
112 768 168 816 ἔῐῗὲ.
183 774 222 796 qu.
236 774 271 796 nv,
284 768 323 790 In-

1041 238 1306 284 QUAESTIO
1335 238 1456 284 LXX,
1485 237 1780 274 ARTICULUS
1810 238 1823 273 1

2441 232 2515 278 461

893 425 1303 503 QUAESTIO
1339 424 1978 482 SEPTUAGESIMA

748 552 845 593 DE
893 551 1351 594 FRUCTIBUS
1400 551 1776 593 SPIRITUS
1826 550 2120 592 SANCTI

1133 666 1166 691 IN
1196 665 1368 696 QUATUOR
1394 665 1594 691 ARTICULOS
1622 665 1737 690 DIVlSA

346 755 540 852 ⁴Di-:mmz
569 759 889 796 considerandum
919 766 974 795 est
1002 759 1050 796 de
1079 758 1258 795 fructibus
1285 758 1315 795 ²¹⁴.

434 813 483 849 Et
511 812 608 848 circa
635 813 710 848 hoc
738 819 970 859 quaeruntur
998 818 1172 860 quatuor.

402 865 547 902 Primo:
568 873 694 901 utrum
714 865 854 901 fructus
871 863 1028 912 Spiritus
1048 863 1175 900 Sancti
1195 863 1268 900 sint
1287 870 1403 900 actus.

1515 758 1714 795 Secundo:
1743 766 1869 794 utrum
1899 758 2073 794 differant
2100 770 2122 794 a
2151 757 2455 795 beatitudinibus.

1512 811 1664 847 Tertio:
1696 811 1742 847 de
1772 823 1905 847 eorum
1933 822 2107 847 numero.

1513 864 1682 909 Quarto:
1704 864 1751 900 de
1766 863 2005 912 oppositione
2026 875 2159 899 eorum
2179 863 2228 900 ad
2249 875 2365 911 opera
2381 863 2512 900 carnis.

1160 946 1474 1013 ARTICULUS
1505 971 1710 1013 PRIMUS

541 1065 696 1096 UTRUM
719 1063 918 1095 FRUCTUS
942 1062 1131 1094 SPIRITUS
1155 1061 1726 1137 SANCTglsslng-{CATQQSTOLUS
1749 1063 1951 1094 NOMINAT
1975 1063 2035 1094 AD
2060 1063 2260 1094 GALATAS
2284 1065 2319 1102 V,

1226 1185 1270 1209 Ad
1291 1185 1389 1214 Galat„
1410 1192 1464 1216 cap.
1483 1192 1508 1215 V,
1528 1185 1585 1210 lect.
1604 1192 1637 1209 Vl.

387 1291 536 1336 ‘waltoff‘
557 1289 582 1314 D
610 1287 747 1313 ramum
775 1286 827 1311 sn:
854 1285 1093 1310 Pnocnnrrun.
1120 1272 1279 1309 Videtur
1302 1271 1407 1320 quod

382 1315 700 1385 ΨΔῖᾒυεωε
729 1328 888 1377 Spiritus
917 1326 1044 1363 Sancti
1076 1338 1173 1374 quos
1200 1325 1407 1373 Apostolus

370 1381 487 1431 ‹Vs-*⁷³
508 1381 734 1427 &nominat
761 1380 812 1416 ad
843 1379 965 1415 Galat.
985 1389 1010 1415 v
1027 1377 1058 1423 ⁸²,
1088 1390 1167 1414 non
1196 1377 1268 1413 sint
1288 1384 1405 1413 actus.

358 1427 604 1470 Ἀ’*ἷλκ
641 1432 744 1469 enim
782 1431 888 1468 cuius
921 1438 976 1466 est
1008 1430 1100 1466 alius
1133 1429 1294 1477 fructus,
1329 1441 1407 1465 non

349 1486 464 1524 debet
491 1485 565 1522 dici
590 1485 750 1522 fructus:
781 1483 834 1521 sic
863 1482 964 1519 enim
988 1482 1031 1518 ‘in
1059 1482 1248 1519 infinitum
1280 1482 1404 1519 iretur.

350 1539 428 1577 Sed
454 1545 609 1575 actuum
635 1545 854 1575 nostrorum
884 1543 939 1572 est
966 1534 1100 1583 aliquis
1125 1535 1287 1571 fructus:
1318 1534 1406 1571 dici-

348 1599 409 1629 tur
436 1592 538 1629 enim
567 1592 654 1639 Sap.
675 1603 711 1628 111
730 1590 771 1626 *z
801 1591 996 1631 Bonorum
1025 1587 1197 1625 laborum
1220 1587 1408 1636 gloriosus

348 1650 405 1683 est
419 1645 594 1695 fratem&
622 1651 658 1680 et
686 1645 846 1680 Ioan.1v
863 1641 901 1678 *z
934 1641 1009 1683 Qui
1042 1641 1162 1687 metit,
1198 1641 1406 1677 mercedem

350 1699 494 1747 accipit,
523 1703 559 1734 et
579 1697 748 1744 fructum
776 1700 989 1745 congregat
1009 1695 1046 1746 in
1066 1694 1181 1732 vitam
1201 1698 1405 1730 aeternam.

350 1751 453 1799 Ergo
482 1750 553 1800 ipsi
580 1757 685 1786 actus
713 1747 831 1786 nostri
859 1759 937 1784 non
967 1746 1140 1784 dicuntur
1167 1747 1320 1783 fructus.

403 1815 440 1841 2.
468 1804 707 1849 Pluinnam,
737 1801 832 1838 sicut
854 1800 1086 1848 Augustinus
1115 1799 1213 1846 dicit,
1234 1799 1272 1836 in
1300 1799 1335 1836 X
1363 1799 1410 1835 de

350 1856 455 1894 Trin.
474 1853 521 1902 *‚⁴
530 1855 702 1903 fruimur
728 1853 886 1904 cognitis
905 1853 942 1890 in
970 1853 1102 1901 quibus
1125 1850 1297 1890 voluntas
1320 1863 1409 1901 pro-

341 1914 429 1958 pter
446 1914 466 1931 ⁸
484 1909 564 1958 ipsa
591 1906 770 1946 delectata
789 1906 1024 1956 conquiescit.
1046 1905 1123 1943 Sed
1140 1905 1317 1942 voluntas
1340 1918 1408 1942 no-

347 1969 425 2000 stra
457 1973 537 1999 non
575 1961 688 1999 debet
720 1956 988 2011 conquiescere
1023 1958 1063 1996 in
1095 1958 1239 1995 actibus
1271 1958 1407 1995 nostris

347 2021 503 2066 propter
535 2026 586 2052 se.
624 2014 726 2061 Ergo
765 2020 868 2050 actus
896 2011 1187 2049 nostri'fructus
1221 2011 1292 2048 dici
1329 2023 1407 2049 non

349 2069 500 2107 debent.

404 2123 438 2159 3.
457 2121 692 2166 PRAETEREA,
712 2119 809 2157 inter
827 2118 968 2155 fructus
990 2117 1148 2167 Spiritus
1169 2117 1296 2154 Sancti
1317 2129 1407 2153 enu-

308 2216 313 2222 .
347 2181 543 2212 merantur
561 2173 609 2210 ab
631 2172 818 2220 Apostolo
838 2171 986 2219 aliquae
1003 2170 1172 2217 virtutes,
1190 2170 1328 2207 scilicet
1348 2182 1407 2207 ca-

106 2295 121 2307 *
134 2295 184 2324 Qu.
196 2301 234 2324 ιν,
248 2298 292 2318 ιη.
303 2301 321 2317 1.

107 2396 120 2406 ⁹
134 2395 202 2430 Vera.
214 2401 249 2425 33.

348 2227 447 2274 ritas,
465 2225 731 2273 mansuetudo,
747 2225 843 2262 fides
865 2232 901 2261 et
916 2223 1074 2261 castitas.
1090 2223 1255 2260 Virtutes
1279 2231 1406 2260 autem

348 2286 542 2326 non-sunt
569 2286 689 2325 actus,
719 2278 787 2315 sed
815 2276 985 2324 habitus,
1014 2284 1054 2313 ut
1082 2289 1196 2326 supra
1218 2276 1239 2298 ³¹³
1266 2276 1407 2314 dictum

349 2341 415 2371 est.
445 2333 547 2379 Ergo
575 2332 718 2368 fructus
746 2342 824 2367 non
852 2337 939 2366 sunt
959 2337 1082 2366 actus.

402 2386 476 2422 SED
505 2395 651 2421 CONTRA
678 2395 744 2419 EST
769 2382 874 2431 quod
899 2382 1033 2419 dicitur
1056 2382 1190 2418 Matth.
1210 2393 1258 2418 ΧΠ
1279 2382 1315 2418 *ε
1344 2382 1409 2418 Ex

335 2439 471 2487 fructu
499 2438 616 2474 arbor
643 2435 904 2485 cognoscitur;
931 2435 1038 2482 idest,
1060 2447 1105 2471 ex
1125 2434 1304 2483 operibus
1332 2435 1409 2472 suis

346 2492 480 2536 homo,
509 2497 550 2526 ut
567 2489 619 2526 ibi
643 2488 842 2536 exponitur
858 2500 884 2524 a
902 2487 1060 2524 Sanctis.
1091 2488 1194 2535 Ergo
1213 2487 1284 2536 ipsi
1304 2495 1409 2524 actus

347 2542 505 2580 humani
535 2542 710 2578 dicuntur
736 2541 888 2576 fructus.

402 2597 628 2632 RESPONDEO
664 2604 848 2629 nicENDuM
886 2591 992 2639 quod
1029 2603 1172 2628 nomen
1198 2592 1353 2640 fructus
1387 2604 1408 2628 a

347 2647 612 2697 corporalibus
635 2647 685 2683 ad
704 2645 908 2694 spiritualia
927 2652 983 2682 est
1000 2645 1234 2682 translatum.
1264 2644 1409 2682 Dicitur

347 2709 479 2745 autem
510 2700 551 2736 in
584 2698 844 2747 corporalibus
877 2697 1038 2743 fructus,
1069 2697 1174 2745 quod
1207 2709 1252 2734 ex
1280 2698 1408 2746 planta

349 2753 572 2804 producitur
603 2762 691 2788 cum
724 2751 774 2788 ad
805 2750 1077 2799 perfectionem
1112 2750 1343 2799 pervenerit,
1373 2757 1410 2787 et

350 2806 547 2857 quandam
578 2805 618 2842 in
648 2816 690 2842 se
719 2803 948 2841 suavitatem
984 2804 1110 2843 habet.
1145 2803 1221 2849 Qui
1252 2803 1407 2853 quidem

348 2861 494 2899 fructus
521 2858 571 2896 ad
592 2857 678 2895 <duo
695 2856 910 2905 comparari
938 2863 1083 2904 potest:
1111 2855 1250 2894 scilicet
1277 2855 1326 2894 ad
1353 2869 1411 2894 ar-

351 2913 487 2950 borem
514 2910 789 2960 producentem
810 2909 958 2958 ipsum;
989 2916 1024 2945 et
1052 2909 1100 2945 ad
1127 2908 1326 2947 hominem
1346 2909 1414 2957 qui'

351 2965 516 3003 fructum
536 2972 582 3002 ex
601 2963 736 3001 arbore
755 2961 982 3011 adipiscitur.
1011 2961 1234 2999 Secundum
1253 2962 1328 2999 hoc
1344 2962 1410 3009 igi-

351 3025 430 3064 tur,
459 3028 605 3054 nomen
631 3016 772 3053 fructus
799 3015 838 3052 in
864 3015 978 3051 rebus
1011 3013 1262 3063 spiritualibus
1292 3015 1411 3063 dupli-

354 3070 445 3109 citer
469 3069 644 3118 accipere
670 3080 894 3117 possumus:
923 3079 1002 3104 uno
1030 3068 1170 3113 modo,
1198 3075 1240 3105 ut
1268 3067 1412 3105 dicatur

354 3123 497 3161 fructus
515 3121 691 3168 hominis,
708 3120 815 3170 quasi
835 3120 991 3167 arboris,
1007 3120 1046 3157 id
1065 3119 1170 3169 quod
1189 3120 1237 3157 ab
1258 3132 1304 3156 eo
1320 3133 1411 3168 ,pro—

355 3175 524 3220 ductum
550 3175 626 3212 alio
653 3174 786 3221 modo,
806 3181 847 3211 ut
870 3173 1014 3211 dicatur
1031 3174 1171 3210 fructus
1190 3172 1355 3211 hominis
1372 3173 1412 3211 id

355 3228 460 3277 quod
486 3228 607 3266 homo
636 3226 863 3276 adipiscitur.

409 3282 500 3318 Non
529 3288 657 3317 autem
685 3292 801 3317 omne
829 3279 868 3316 id
895 3279 999 3326 quod
1027 3278 1244 3327 adipiscitur
1270 3279 1410 3325 homo,

354 3335 472 3372 habet
490 3333 678 3371 rationem
696 3333 857 3371 fructus:
881 3332 950 3370 sed
967 3332 1007 3370 id
1026 3331 1131 3381 quod
1150 3339 1206 3368 est
1223 3331 1410 3378 ultimum,

353 3386 646 3425 delectationem
660 3386 818 3424 habens.
836 3385 962 3422 Habet
977 3384 1078 3423 enim
1092 3385 1212 3422 homo
1229 3391 1265 3422 et
1279 3396 1411 3432 agrum

354 3446 394 3477 et
421 3440 611 3487 arborem,
632 3451 730 3488 quae
758 3439 899 3476 fructus
927 3450 1005 3476 non
1034 3438 1227 3483 dicuntur;
1257 3437 1323 3474 sed
1353 3450 1412 3475 so-

1461 1273 1540 1309 lum
1568 1271 1606 1309 id
1634 1273 1738 1320 quod
1767 1281 1822 1309 est
1847 1273 2036 1321 ultimum,
2066 1275 2170 1322 quod
2198 1275 2337 1312 scilicet
2361 1288 2406 1312 ex
2426 1288 2515 1325 agro

1461 1332 1498 1361 et
1529 1325 1663 1361 arbore
1696 1326 1815 1362 homo
1849 1326 2006 1363 intendit
2037 1328 2189 1364 habere.
2224 1329 2273 1365 Et
2305 1329 2516 1366 secundum

1459 1378 1546 1423 hoc,
1562 1377 1702 1414 fructus
1725 1378 1891 1415 hominis
1911 1379 2044 1417 dicitur
2061 1380 2214 1418 ultimus
2233 1381 2398 1419 hominis
2417 1382 2516 1431 finis,

1461 1441 1539 1476 quo
1569 1429 1681 1466 debet
1706 1430 1790 1466 frui.

1515 1481 1554 1518 Si
1583 1489 1711 1518 autem
1741 1482 1885 1519 dicatur
1914 1483 2057 1521 vfructus
2085 1485 2248 1523 hominis
2273 1486 2311 1523 id
2340 1488 2444 1536 quod
2473 1499 2518 1526 ex

1460 1534 1615 1570 homine
1643 1534 1874 1582 producitur,
1900 1536 1952 1572 sic
1980 1536 2050 1585 ipsi
2070 1545 2173 1574 actus
2200 1539 2357 1576 humani
2376 1541 2517 1578 fructus

1462 1586 1657 1622 dicuntur:
1687 1587 1854 1635 operatio
1879 1589 1979 1624 enirn
2005 1597 2060 1625 est
2083 1597 2187 1627 actus
2215 1593 2403 1629 secundus
2428 1605 2519 1643 ope-

1462 1638 1587 1686 rantis,
1618 1647 1654 1675 et
1682 1639 1970 1677 delectationem
1998 1642 2123 1689 habet,
2153 1643 2183 1678 si
2212 1644 2259 1680 sit
2286 1645 2518 1683 conveniens

1462 1692 1643 1740 operanti.
1666 1692 1705 1728 Si
1727 1692 1837 1739 igitur
1869 1694 2038 1741 operatio
2067 1695 2231 1732 hominis
2257 1698 2440 1746 procedat
2470 1700 2518 1735 ab

1461 1744 1617 1781 homine
1650 1746 1860 1782 secundum
1898 1747 2113 1784 facultatem
2142 1760 2232 1785 suae
2260 1750 2435 1798 rationis,
2465 1751 2518 1788 sic

1462 1797 1597 1834 dicitur
1625 1810 1706 1834 esse
1734 1798 1876 1835 fructus
1900 1798 2064 1837 rationis.
2095 1800 2135 1838 Si
2152 1813 2246 1838 vero
2273 1804 2456 1852 procedat
2470 1805 2517 1841 ab

1461 1850 1619 1887 homine
1648 1851 1859 1888 secundum
1897 1852 2070 1889 altiorem
2098 1853 2299 1903 virtutem,
2329 1868 2426 1906 quae
2464 1864 2519 1895 est

1460 1903 1578 1940 virtus
1612 1903 1770 1952 Spiritus
1805 1905 1949 1950 Sancti;
1979 1905 2031 1942 sic
2064 1905 2197 1944 dicitur
2234 1919 2315 1944 esse
2348 1910 2517 1958 operatio

1461 1956 1627 1993 hominis
1654 1957 1795 1994 fructus
1825 1957 1985 2006 Spiritus
2014 1959 2156 2007 Sancti,
2187 1961 2294 2009 quasi
2322 1962 2519 2000 cuiusdam

1462 2009 1579 2046 divini
1599 2009 1775 2047 seminis:
1803 2010 1936 2048 dicitur
1964 2013 2064 2048 enirn
2090 2013 2105 2048 Ι
2130 2013 2233 2050 Ioan.
2255 2026 2290 2050 111
2318 2014 2356 2051 *τ
2390 2015 2518 2052 Omnis
2545 2019 2673 2047 'Vm-9·

1461 2063 1527 2110 qui
1544 2068 1652 2122 natzfs
1671 2068 1725 2123 est
1740 2075 1790 2123 ³:³⁶
1808 2064 1902 2109 Deo,
1914 2070 2110 2112 peccatum
2130 2078 2204 2103 non
2211 2067 2324 2115 facit,
2341 2069 2518 2116 quoniam

1459 2127 1584 2152 semen
1613 2127 1726 2164 zpszus
1753 2128 1790 2152 m
1818 2128 1861 2153 eo
1889 2123 2025 2154 manet.

1514 2171 1572 2205 An
1601 2180 1740 2206 PRIMUM
1773 2180 1871 2206 ERGO
1899 2172 2094 2207 DtCENDUM'
2111 2171 2233 2219 quod,
2263 2184 2351 2210 curn
2380 2173 2520 2212 fructus

1460 2223 1599 2258 habeat
1618 2221 1906 2270 quodammodo
1928 2222 2112 2260 rationem
2127 2224 2247 2260 ultimi
2263 2232 2298 2262 et
2313 2225 2409 2274 finis,
2430 2226 2520 2264 nihil

1460 2275 1636 2323 prohibet
1654 2274 1809 2311 alicuius
1828 2275 1969 2312 fructus
1989 2288 2070 2313 esse
2090 2277 2206 2313 alium
2227 2278 2402 2326 fructum,
2423 2279 2518 2317 sicut

1461 2327 1548 2364 finis
1576 2327 1626 2363 ad
1649 2327 1767 2364 finem
1797 2327 2001 2365 ordinatur.
2024 2329 2154 2377 Opera
2181 2329 2289 2378 igitur
2312 2339 2439 2368 nostra
2467 2332 2521 2370 in-

1462 2388 1648 2428 quantum
1677 2387 1763 2416 sunt
1792 2379 1947 2417 effectus
1976 2381 2133 2430 quidam
2157 2383 2316 2431 Spiritus
2336 2385 2462 2421 Sancti
2481 2385 2520 2422 in

1462 2433 1573 2470 nobis
1601 2433 1803 2481 operantis,
1824 2434 1966 2470 habent
1984 2435 2169 2471 rationem
2189 2436 2350 2473 fructus:
2380 2438 2447 2474 sed
2466 2438 2520 2474 in-

1462 2493 1647 2534 quantum
1674 2485 1896 2523 ordinantur
1923 2488 1971 2524 ad
1999 2487 2118 2526 finem
2138 2488 2238 2524 vitae
2258 2497 2445 2537 aeternae,
2467 2491 2520 2527 sic

1462 2538 1582 2585 magis
1609 2539 1750 2574 habent
1778 2538 1963 2575 rationem
1982 2539 2135 2576 florum.
2165 2541 2275 2578 Unde
2296 2542 2429 2579 dicitur
2446 2544 2519 2579 Ec-

1462 2591 1519 2627 cli.
1545 2603 1629 2627 xxlv
1655 2590 1693 2627 *ε
1721 2590 1852 2627 Flores
1879 2592 1955 2628 mei
1972 2593 2126 2640 fructus
2161 2594 2314 2631 honoris
2341 2601 2376 2631 et
2406 2597 2519 2632 hone·
2546 2601 2687 2630 'Vm-23·

1460 2644 1574 2682 statis.

1516 2699 1574 2734 An
1611 2707 1800 2734 SECUNDUM
1836 2708 2019 2735 mcannum
2054 2699 2073 2719 ²¹⁵
2101 2698 2225 2746 quod,
2259 2711 2346 2737 cum
2385 2699 2522 2738 dicitur

1462 2751 1637 2787 voluntas
1655 2749 1694 2787 in
1714 2749 1840 2797 aliquo
1861 2758 2015 2799 propter
2038 2763 2078 2788 se
2112 2751 2297 2799 delectari,
2317 2759 2441 2801 potest
2465 2753 2521 2792 in-

1463 2802 1575 2850 telligi
1604 2802 1810 2851 dupliciter.
1840 2803 1926 2840 Uno
1955 2803 2090 2850 modo,
2111 2805 2321 2843 secundum
2351 2797 2456 2854 quiid
2482 2808 2521 2855 ly

1457 2861 1614 2904 propter
1649 2855 1738 2892 dicit
1766 2867 1920 2893 causam
1949 2857 2121 2894 finalem:
2151 2864 2187 2894 et
2213 2857 2267 2894 sic
2298 2866 2454 2907 propter
2479 2871 2521 2896 se

1462 2921 1542 2946 non
1574 2908 1779 2947 delectatur
1811 2908 1943 2956 aliquis
1979 2909 2049 2947 nisi
2083 2909 2130 2947 in>
2153 2910 2287 2948 ultimo
2316 2911 2405 2949 fine.
2434 2912 2520 2948 Alio

1464 2961 1602 3007 modo,
1623 2961 1835 3000 secundum
1869 2962 1971 3010 quod
2001 2962 2169 3010 designat
2201 2975 2355 3001 causam
2383 2965 2522 3001 forma-

1463 3015 1555 3052 lem:
1585 3022 1622 3051 et
1650 3013 1703 3051 sic
1730 3022 1886 3063 propter
1913 3027 1952 3052 se
1981 3014 2113 3064 aliquis
2132 3023 2256 3064 potest
2278 3016 2455 3054 delectari
2479 3017 2521 3054 in

1462 3066 1571 3104 >omni
1606 3073 1652 3103 eo
1685 3067 1791 3115 quod
1824 3067 2043 3105 delectabile
2081 3076 2136 3106 est
2169 3069 2380 3106 secundmn
2414 3082 2522 3106 suam

1465 3120 1641 3157 formam.
1672 3119 1775 3156 Sicut
1801 3127 1904 3168 patet
1931 3120 2036 3168 quod
2063 3121 2239 3159 infirmus
2263 3122 2466 3159 delectatur
2482 3122 2522 3159 in

1466 3172 1620 3210 sanitate
1651 3179 1807 3220 propter
1839 3185 1900 3219 se,
1931 3172 2026 3210 sicut
2059 3173 2099 3211 in
2130 3174 2229 3220 fine,
2258 3170 2307 3212 in=
2333 3175 2521 3212 medicina

1463 3233 1594 3262 autem
1621 3224 1742 3271 suavi,
1765 3237 1844 3262 non
1868 3225 1963 3263 stem
1989 3225 2027 3263 in
2054 3227 2143 3273 fine,
2173 3227 2240 3264 sed
2268 3228 2364 3264 sicut
2389 3227 2429 3265 in
2457 3224 2521 3264 lia-

1466 3279 1579 3316 bente
1602 3289 1784 3325 saporem
1809 3277 2095 3325 delectabilem3
2124 3279 2163 3316 in
2186 3280 2377 3317 medicina
2395 3287 2521 3316 autem

1466 3338 1625 3377 austera,
1654 3331 1756 3367 nullo
1785 3330 1904 3368 modo
1932 3339 2087 3380 propter
2113 3345 2166 3379 se,
2188 3333 2255 3370 sed
2282 3333 2407 3370 solum
2435 3345 2522 3380 pro-

1465 3391 1548 3433 pter
1564 3383 1678 3421 aliud.
1694 3403 1718 3411 -
1736 3383 1799 3420 Sic
1817 3383 1926 3431 igitur
1945 3384 2148 3422 dicendum
2169 3393 2224 3422 est
2248 3385 2355 3433 quod
2379 3385 2417 3421 in
2436 3386 2521 3422 Deo

1467 3436 1643 3474 delectari
1677 3436 1790 3474 debet
1821 3437 1940 3474 homo
1973 3445 2128 3486 propter
2160 3450 2217 3485 se,
2247 3439 2343 3475 sicut
2368 3445 2524 3486 propter

410 3544 437 3577 α)
452 3548 573 3577 propter.
594 3559 611 3564 -
631 3545 693 3570 Orn.
713 3543 975 3568 PABCDEFGHILa.

2545 2711 2617 2733 “Vid.

2547 2738 2618 2760 Caiet.

2547 2770 2623 2792 praec.
