2852 4152
44 3172 46 3175 ’
102 3180 119 3203 ⁶

91 1313 103 1324 ‘¹
117 1312 156 1335 Cf.
168 1318 234 1335 num.
244 1318 276 1334 xv.

1019 265 1283 311 QUAESTIO
1314 267 1402 313 XX,
1432 266 1726 302 ARTICULUS
1757 267 1805 302 111
2421 265 2490 310 157

332 349 378 375 est
409 342 625 373 inhaesionem
649 342 807 373 bonitatis.
832 342 924 373 Unde
949 353 1022 373 cum
1051 344 1121 384 quis
1144 343 1212 374 vult
1242 343 1387 374 fornicari
1438 343 1621 374 secundarii.
1651 344 1742 374 Unde
1766 343 1846 374 sicut
1868 353 1933 374 non
1957 343 2137 374 inconvenit
2159 343 2260 384 quod,
2289 343 2322 372 in
2346 342 2490 382 exemplo

331 394 368 418 ut
390 386 519 422 furetur,
542 386 615 416 licet
638 385 757 416 furtum
775 385 814 416 sit
834 394 920 417 actus
945 387 1084 423 exterior,
1101 387 1175 428 quia
1191 394 1295 417 tamen
1313 397 1386 417 con·
1438 388 1556 427 posito,
1581 387 1696 418 scilicet
1720 397 1794 418 cum
1821 387 1892 428 quis
1919 387 1987 417 vult
2010 386 2156 417 fornicari
2185 393 2220 416 ut
2243 386 2377 421 furetur,
2402 386 2491 426 quod

331 430 427 461 currit
454 430 494 460 ad
514 436 622 460 actum
649 429 831 460 interiorem
855 431 1026 461 voluntatis
1055 438 1090 461 ut
1117 430 1205 468 finis,
1230 430 1387 471 qualificat
1438 431 1511 462 furti
1534 431 1652 462 malitia
1675 441 1711 461 ex
1734 441 1846 471 genere
1877 437 1907 461 et
1929 430 2166 460 circumstantiis
2195 429 2348 459 derivetur
2376 429 2490 458 forma-

332 484 406 505 eum
429 473 611 510 formaliter,
635 479 665 504 et
688 473 812 513 reponit
834 473 866 503 in
891 475 992 514 specie
1016 474 1089 505 furti
1112 474 1294 505 formaliter.
1437 474 1506 505 liter
1529 475 1561 504 in
1585 481 1691 505 actum
1713 474 1892 505 interiorem
1915 474 2096 509 voluntatis,
2120 473 2309 513 inquantum
2332 473 2424 502 habet
2444 482 2490 502 ra-

386 517 532 548 Tertium
548 523 603 553 est,
616 517 704 557 quod
719 517 797 547 ratio
814 516 884 547 finis
903 518 978 548 boni
993 518 1043 548 vel
1059 518 1143 554 mali,
1164 525 1194 548 et
1209 524 1295 548 actus
1311 518 1387 548 boni
1437 518 1556 548 tionem
1583 518 1668 555 finis,
1693 525 1723 548 et
1746 528 1811 548 non
1836 518 1991 548 derivetur
2012 517 2045 547 in
2069 517 2205 547 eundem
2228 516 2288 546 nisi
2306 515 2490 546 denomina-

330 561 381 592 vel
404 561 489 598 mali,
513 560 718 592 inveniuntur
734 568 882 600 separate,
899 569 928 592 et
952 562 1128 593 coniuncte.
1153 563 1298 602 Separate
1317 562 1387 602 qui·
1437 562 1508 598 tive,
1532 562 1722 602 inquantum
1744 562 1838 592 habet
1859 562 2015 592 rationem
2038 568 2142 596 actus;
2166 561 2208 591 ita
2227 569 2292 590 non
2311 559 2492 589 inconvenit

331 605 415 642 dem,
439 605 527 646 quod
545 604 662 635 scilicet
677 611 723 635 est
736 604 807 635 finis
824 612 854 635 et
872 615 938 635 non
954 613 1058 642 actus,
1084 613 1119 636 ut
1142 616 1216 636 cum
1231 605 1302 646 quis
1320 606 1388 636 vult
1437 606 1524 646 quod
1548 605 1764 636 fornicationis
1786 605 1904 636 malitia
1927 615 1963 636 ex
1986 614 2097 645 genere
2121 612 2151 634 et
2173 602 2421 638 circumstantiis,
2444 603 2491 632 in-

331 649 438 680 Deum
461 657 539 685 esse;
564 654 633 679 et>e
658 658 809 679 converso
830 649 918 689 quod
942 656 987 679 est
1010 656 1096 680 actus
1116 656 1146 680 et
1165 659 1229 680 non
1252 649 1334 686 finis,
1351 656 1387 680 ut
1438 657 1593 690 quantum
1608 649 1701 680 habet
1716 649 1869 680 rationem
1893 656 1990 685 actus,
2014 659 2080 679 non
2100 648 2254 680 derivetur
2270 647 2303 676 in
2326 654 2430 677 actum
2445 646 2491 676 in-

333 703 407 723 cum
430 693 500 734 quis
523 692 592 722 vult
615 698 721 722 actum
743 692 986 729 indifferentem,
1011 700 1087 733 puta
1110 693 1211 723 levare
1235 693 1388 723 festucam
1438 693 1584 723 teriorem
1606 693 1778 723 voluntatis
1797 693 1856 723 nisi
1873 692 2123 728 denominative,
2148 698 2178 722 et
2192 691 2383 731 inquantum
2398 690 2491 719 habet

331 736 370 766 de
393 743 490 775 terra,
513 736 563 766 vel
585 736 721 766 volitum
743 736 803 766 nisi
826 743 954 776 propter
972 737 1077 773 finem,
1103 744 1138 768 ut
1160 737 1387 776 proiectionem
1438 737 1597 777 quandam
1620 735 1691 766 finis
1714 737 1883 772 rationem,
1908 736 2064 766 derivetur
2090 736 2122 766 in
2151 735 2286 765 eundern
2310 733 2488 763 formaliter.

331 780 486 810 mercium
508 779 540 810 in
560 789 655 810 mare.
673 797 694 802 -
712 779 890 811 Coniuncte
909 790 993 817 vero,
1013 781 1055 811 ita
1078 781 1166 821 quod
1184 780 1238 810 fini
1255 780 1387 810 coniun-
1438 781 1478 810 Et
1502 781 1553 816 sic,
1575 790 1647 810 curn
1670 780 1754 810 idem
1777 787 1823 810 est
1845 787 1931 811 actus
1955 787 1985 810 et
2007 779 2077 810 finis
2100 779 2245 816 omnino,
2269 785 2304 808 ut
2328 787 2401 807 cum
2424 777 2492 807 vult

331 823 415 864 gitur
429 829 525 860 actus,
543 823 623 854 sicut
639 834 712 854 curn
732 824 803 864 quis
818 825 887 855 vult
901 824 1047 855 fornicari
1063 831 1192 865 propter
1210 824 1319 854 furari:
1340 824 1387 854 fu·
1439 823 1509 865 quis
1533 823 1678 854 fornicari
1698 834 1762 854 non
1785 831 1913 864 propter
1933 824 2031 854 alium
2046 822 2152 859 finem,
2170 829 2237 858 etc„
2262 828 2348 852 actus
2364 820 2492 850 interior

329 866 390 897 rari
409 867 494 898 enirn
509 874 585 898 tunc
604 867 698 898 habet
714 868 816 908 pn'mo
831 868 986 903 rationem
1008 867 1089 904 finis,
1107 868 1157 899 cui
1182 867 1388 898 substernitur
1438 867 1608 898 voluntatis
1628 877 1664 898 ex
1679 867 1884 898 fornicatione
1903 874 1938 898 ut
1952 868 2046 898 habet
2061 867 2214 897 rationem
2232 865 2313 902 finis,
2330 871 2376 894 est
2390 864 2491 894 malus

331 917 418 942 actus
437 911 572 942 furandi.
588 912 647 943 Vel
663 912 745 942 actui
765 912 966 952 coniungitur
985 911 1067 948 finis;
1087 912 1175 947 sicut,
1193 911 1224 941 in
1242 911 1386 951 exemplo
1439 911 1609 942 formaliter
1616 920 1623 947 ;
1644 918 1674 942 et
1693 921 1729 941 ex
1745 912 1854 942 eadem
1879 918 1914 942 ut
1929 911 2022 942 habet
2040 911 2193 941 rationem
2209 916 2306 944 actus,
2324 914 2370 938 est
2389 907 2491 938 malus

330 955 451 996 posito,
475 955 622 986 fornicari
645 962 729 986 tenet
751 956 855 996 primo
878 955 1032 986 rationem
1057 962 1152 991 actus,
1178 955 1228 985 cui
1257 954 1387 985 coniun-
1440 954 1680 985 denominative.
1705 955 1771 985 Stat
1790 965 1863 994 ergo
1881 955 1997 985 solutio
2021 955 2053 984 in
2077 954 2211 990 formali,
2228 953 2315 994 quod
2332 958 2418 982 actus
2436 961 2490 980 vo-

330 997 414 1038 gitur
437 999 516 1029 ratio
539 998 626 1036 finis,
652 1000 730 1030 dum
753 1010 818 1030 non
842 1000 949 1030 solum
975 999 1028 1029 ille
1050 999 1119 1029 vult
1140 998 1296 1029 incurrere
1322 1009 1387 1028 ma·
1438 999 1511 1029 litus
1534 998 1724 1038 inquantum
1752 1006 1852 1034 actus,
1878 1006 1908 1029 et
1929 999 2118 1039 inquantum
2145 997 2228 1033 finis,
2254 995 2491 1035 distinguendus

331 1042 400 1072 lum
424 1042 508 1079 furti,
525 1043 579 1073 sed
595 1043 689 1074 etiam
712 1044 833 1074 malum
857 1042 1080 1078 fornicationis,
1106 1043 1160 1083 qui
1180 1049 1309 1082 propter
1323 1042 1387 1072 fur·
1440 1049 1501 1072 est:
1526 1049 1557 1072 et
1580 1042 1667 1082 quod
1695 1043 1732 1072 de
1764 1042 1834 1082 ip'so
1862 1042 2063 1082 inquantum.
2080 1048 2182 1077 actus,
2206 1039 2381 1070 verificatur
2404 1038 2492 1079 quod

330 1092 402 1117 tum
429 1097 496 1117 non
525 1087 695 1118 incurreret
722 1088 844 1118 malum
871 1087 1008 1118 incestus
1036 1086 1182 1122 materni;
1214 1086 1275 1116 hoc
1303 1086 1388 1116 enim
1439 1086 1527 1116 aliter
1545 1085 1701 1121 bonificat,
1720 1093 1750 1116 et
1765 1086 1852 1116 aliter
1868 1093 1898 1116 et
1912 1085 2037 1116 aliunde
2054 1092 2099 1115 est
2114 1086 2226 1115 bonus.

330 1130 458 1170 signum
474 1137 520 1161 est
534 1132 622 1172 quod
638 1132 706 1162 vult
724 1131 774 1161 vel
789 1131 896 1161 horret
915 1130 1009 1161 etiam
1032 1130 1184 1161 malitiam
1207 1136 1294 1160 actus
1317 1130 1387 1160 talis
1494 1130 1535 1160 Et
1557 1130 1733 1159 secundum
1754 1129 1816 1160 hoc
1838 1136 1923 1169 patet
1952 1129 2040 1169 quod
2062 1138 2128 1159 non
2156 1129 2268 1158 eodem
2295 1127 2393 1157 modo
2426 1132 2493 1156 tota

331 1175 508 1205 secundum
531 1185 573 1211 se,
598 1175 686 1215 quod
709 1182 755 1206 est
777 1175 856 1205 velle
878 1174 970 1205 illum
994 1180 1029 1204 ut
1051 1173 1156 1204 finem.
1421 1173 1562 1203 'bonitas
1578 1180 1664 1203 actus
1681 1173 1839 1203 exterioris
1853 1173 1885 1202 In
1902 1172 2093 1207 executione,
2112 1172 2311 1211 cnmparatur
2327 1171 2365 1200 ad
2380 1169 2492 1199 volun-

387 1218 438 1248 IX.
463 1219 511 1248 Ex
539 1218 588 1248 his
617 1225 724 1249 autem
753 1218 865 1249 dicitur
893 1219 932 1248 ad
959 1224 1084 1248 motum
1119 1217 1266 1253 dubium,
1300 1217 1388 1257 quod
1439 1224 1551 1248 tatem:
1572 1216 1646 1257 quia
1665 1217 1732 1247 sola
1754 1217 1807 1246 illa
1825 1226 1905 1257 quae
1926 1226 1961 1246 ex
1984 1215 2046 1246 fine
2066 1222 2121 1253 est,
2138 1225 2155 1244 a
2178 1215 2339 1244 voluntate
2363 1213 2490 1253 pendet;

331 1272 435 1293 sermo
459 1262 564 1293 dicens
581 1263 670 1303 quod
683 1262 754 1292 finis
778 1261 935 1302 qualificat
949 1261 1121 1291 formaliter
1141 1267 1247 1291 actum
1261 1260 1389 1290 interio-
1440 1260 1560 1300 reliqua
1583 1260 1668 1290 enirn
1687 1270 1704 1290 a
1720 1260 1823 1300 seipso
1847 1270 1902 1300 per
1917 1260 2113 1290 voluntatem
2133 1257 2291 1288 descendit
2305 1257 2338 1286 in
2354 1257 2492 1296 seipsum

330 1316 398 1336 rem
412 1306 594 1342 voluntatis,
608 1313 695 1336 actus
711 1312 818 1336 autern
832 1305 964 1335 exterior
979 1304 1213 1334 denominative
1227 1310 1351 1334 tantum
1360 1303 1388 1339 ἕ,
1440 1304 1472 1333 in
1496 1304 1687 1334 executione.
1715 1304 1755 1334 Et
1778 1303 1821 1334 sic
1854 1303 1961 1333 omnia
1986 1308 2170 1333 consonant.
2195 1302 2308 1336 Immo,
2333 1306 2368 1330 ut
2390 1300 2423 1329 in
2447 1309 2492 1329 se-

330 1350 552 1390 intelligendus
575 1355 621 1379 est
643 1349 826 1384 formaliter,
844 1348 959 1378 scilicet
977 1347 1166 1388 inquantum
1189 1346 1270 1382 finis,
1292 1354 1322 1377 et
1343 1347 1389 1376 in-
1441 1347 1609 1387 quentibus
1633 1347 1727 1377 huius
1743 1347 1934 1387 quaestionis
1949 1347 1966 1366 *
1988 1346 2114 1386 patebit,
2130 1355 2196 1376 non
2209 1345 2333 1374 videtur
2347 1343 2494 1383 possibile
2519 1347 2529 1355 ⁶
2548 1345 2585 1367 Cf·
2603 1350 2646 1367 art.
2664 1352 2727 1373 seq„

330 1400 488 1434 quantum
510 1399 607 1427 aetus·-
633 1391 718 1422 Cum
741 1401 806 1431 quo
829 1398 935 1421 tamen
959 1397 1018 1420 stat
1040 1390 1128 1430 quod
1144 1396 1231 1420 actus
1247 1390 1388 1425 exterior,
1443 1390 1560 1419 salvare
1587 1391 1761 1420 doctrinam
1785 1390 1930 1421 Auctoris
1954 1391 1992 1420 de
2015 1390 2174 1420 identitate
2195 1395 2226 1419 et
2250 1387 2440 1422 diversitate,
2465 1393 2495 1416 et
2520 1371 2728 1424 ξὲἷῗωὲἓξῇἒξζῑῖ

272 1462 277 1463 ⁷
309 1435 653 1476 antefinissc‘iualificet
674 1434 847 1465 voluntatis
870 1441 976 1464 actum
1000 1433 1181 1464 interiorem
1201 1433 1388 1463 formaliter:
1443 1433 1482 1462 de
1505 1433 1663 1463 additione
1686 1434 1833 1463 bonitatis
1856 1442 1887 1464 et
1909 1434 2044 1463 malitiae
2067 1440 2154 1463 actus
2177 1431 2335 1463 exterioris
2359 1431 2398 1461 ad
2416 1431 2494 1460 inte·
2521 1430 2667 1450 num.11,111.

42 2623 43 2626 ,
94 2573 123 2623 ὲ.
131 2578 255 2622 ffi'lat·
263 2577 309 2620 315

98 2682 309 2732 {flami-:0⁹⁶

99 2741 213 2795 ,κβ

100 3049 176 3072 ‘At-t.
191 3055 207 3077 ι,
223 3055 243 3071 2.

103 3155 113 3166 '
129 3153 177 3182 Qu.
190 3159 256 3181 xvm,
271 3156 313 3175 art.

199 3215 217 3242 γ
261 3231 267 3236 .

329 1480 395 1510 sive
418 1486 505 1510 actus
529 1479 662 1509 exterior
684 1478 840 1509 rationem
862 1477 976 1508 habeat
996 1476 1076 1507 -finis
1106 1477 1301 1516 principalis,
1326 1476 1390 1506 sive
1426 1476 1568 1518 ¹riorern,
1586 1476 1644 1506 nisi
1661 1476 1704 1506 sic
1727 1486 1797 1507 eam
1819 1477 2032 1516 intelligendo.

1133 1638 1448 1680 ARTICULUS
1477 1637 1704 1678 TERTIUS

562 1733 717 1764 UTRUM
740 1731 925 1763 BONITAS
948 1731 1006 1761 ET
1030 1730 1211 1761 MALITIA
1234 1729 1300 1760 sn*
1323 1729 1473 1763 EADEM
1497 1729 1753 1759 EXTERIORIS
1777 1729 1833 1758 ET
1858 1728 2099 1758 INTERIORIS
2124 1728 2264 1758 ACTus

368 1846 432 1885 ᾗ»
448 1847 505 1879 Μ(
544 1840 567 1865 n
585 1839 745 1865 TERTIUM
764 1839 817 1864 sm
837 1839 1074 1864 PROCEm’rUR.
1100 1826 1258 1864 Videtur
1286 1824 1388 1874 quod
1496 1825 1721 1861 Rsssponmzo
1740 1835 1923 1860 DICENDUM
1943 1824 2059 1871 quod,
2081 1823 2174 1860 sicut
2194 1836 2307 1872 supra
2321 1823 2341 1844 ³¹⁶
2356 1824 2495 1860 dictum
2524 1829 2731 1856 'Qu-xv1¹‚m·4

361 1871 519 1942 wtssja
546 1893 625 1919 non
649 1881 784 1918 eadem
803 1881 846 1917 sit
866 1880 1014 1917 bonitas
1036 1880 1099 1917 vel
1117 1879 1260 1916 malitia
1285 1885 1389 1914 actus
1445 1884 1518 1924 est,
1549 1884 1652 1914 actus
1688 1877 1842 1913 interior
1873 1876 2075 1913 voluntatis
2110 1883 2146 1912 et
2178 1884 2281 1913 actus
2320 1876 2496 1923 exterior,

353 1936 385 1982 'j
437 1951 471 1976 r,
487 1931 731 1974 (interioris
747 1933 994 1980 «voluntatis,
1012 1939 1048 1970 et
1066 1931 1257 1969 exterioris
1273 1937 1388 1967 actus.
1443 1937 1556 1978 prout
1584 1929 1868 1979 considerantur
1895 1929 1933 1965 in
1960 1941 2095 1976 genere
2124 1929 2257 1975 moris,
2287 1936 2373 1965 sunt
2400 1941 2498 1965 unus

503 1979 535 2021 X*
547 1989 664 2024 Actus
680 1987 782 2026 enim
801 1986 986 2023 interioris
1005 1985 1232 2034 principium
1258 1991 1313 2020 est
1331 1983 1390 2020 vis
1445 1990 1559 2019 actus.
1582 1982 1772 2029 Contingit
1799 1989 1926 2018 autem
1955 1981 2186 2029 quandoque
2207 1989 2332 2018 actum
2362 1981 2426 2029 qui
2445 1988 2500 2017 est

333 2039 483 2078 animae
498 2039 653 2076 interior
671 2039 950 2088 apprehensiva
964 2039 1027 2075 vel
1046 2037 1266 2087 appetitiva:
1286 2043 1391 2072 actus
1445 2047 1542 2071 unus
1562 2034 1743 2081 subiecto,
1759 2035 1900 2071 habere
1919 2035 2045 2082 plures
2060 2033 2222 2070 rationes
2242 2034 2414 2070 bonitatis
2437 2033 2499 2070 vel

333 2099 460 2129 autem
477 2092 670 2141 exterioris
684 2091 911 2141 principium
931 2098 987 2127 est
1009 2090 1178 2139 potentia
1201 2100 1392 2136 exequens
1444 2087 1628 2132 malitiae3
1658 2094 1695 2123 et
1721 2087 1953 2134 quandoque
1984 2098 2102 2122 unam
2130 2094 2288 2123 tantum.
2319 2086 2380 2122 Sic
2409 2098 2497 2133 ergo

332 2152 494 2186 motum.
523 2145 599 2182 Ubi
627 2152 754 2182 autem
783 2151 869 2181 sunt
897 2143 1046 2181 diversa
1073 2142 1256 2191 principia
1279 2141 1393 2178 actio·
1447 2139 1650 2177 dicendum
1684 2139 1790 2187 quod
1826 2139 2056 2188 quandoque
2089 2146 2143 2175 est
2180 2139 2314 2176 eadem
2352 2138 2499 2175 bonitas

333 2198 403 2245 nis,
423 2197 476 2234 ibi
504 2205 591 2235 sunt
609 2197 748 2235 diversi
768 2204 884 2234 actus.
910 2198 1028 2234 Actus
1047 2203 1175 2232 autem
1196 2201 1252 2231 est
1270 2194 1392 2230 subie-
1445 2193 1507 2229 vel
1544 2192 1684 2228 malitia
1720 2191 1901 2228 interioris
1931 2199 1967 2227 et
1999 2191 2190 2227 exterioris
2227 2199 2348 2236 actus;
2383 2203 2500 2239 quan-

334 2258 438 2288 ctum
466 2250 642 2287 bonitatis
677 2250 740 2287 vel
773 2249 947 2286 malitiae.
981 2249 1074 2285 Non
1104 2254 1228 2297 potest
1264 2254 1392 2284 autern
1449 2245 1574 2293 doque
1603 2244 1673 2281 alia
1693 2251 1729 2280 et
1747 2244 1830 2280 alia.
1862 2243 1965 2280 Sicut
1989 2243 2089 2279 enim
2107 2241 2211 2279 iam⁶
2238 2243 2380 2280 dictum
2401 2250 2454 2279 est
2467 2243 2499 2289 ²¹⁶,
2528 2271 2537 2279 .
2552 2269 2666 2294 Aah,

334 2315 417 2340 esse
451 2303 555 2340 idem
589 2302 765 2339 accidens
801 2302 840 2338 in
874 2301 1032 2339 diversis
1069 2299 1256 2337 subiectis.
1291 2300 1393 2346 Ergo
1448 2296 1662 2345 praedictae
1700 2296 1798 2332 duae
1833 2296 2020 2332 bonitates
2055 2296 2117 2332 vel
2151 2295 2335 2342 malitiae,
2365 2295 2503 2331 scilicet

333 2368 414 2392 non
440 2362 565 2404 potest
593 2367 675 2392 esse
704 2354 840 2391 eadem
869 2353 1017 2390 bonitas
1036 2351 1221 2389 interioris
1242 2358 1277 2388 et
1296 2358 1395 2388 exte·
1448 2349 1633 2386 interioris
1658 2348 1914 2387 etrexterioris
1934 2356 2049 2395 actus,
2071 2347 2118 2384 ad
2143 2347 2308 2384 invicem
2329 2347 2502 2384 ordinan-

334 2408 442 2446 rioris
470 2415 587 2445 actus.
1449 2410 1519 2439 tur.
1548 2401 1740 2449 Contingit
1767 2408 1896 2437 autem
1923 2400 1962 2436 in
1989 2400 2046 2437 his
2074 2404 2171 2448 quae
2200 2400 2248 2436 ad
2276 2399 2377 2437 aliud
2404 2399 2503 2436 ordi-

389 2473 424 2498 2.
454 2462 686 2507 PRAETEREA,
714 2459 833 2496 virtus
855 2465 910 2495 est
931 2470 1027 2507 quae
1050 2459 1189 2495 bonum
1204 2457 1309 2505 facit
1328 2458 1394 2493 ha·
1449 2462 1603 2502 nantur,
1634 2454 1738 2503 quod
1767 2453 1907 2502 aliquid
1940 2461 1995 2489 est
2026 2454 2171 2490 bonum
2201 2465 2245 2489 ex
2278 2453 2352 2489 hoc
2380 2453 2503 2488 solum

335 2515 491 2559 bentem,
520 2519 556 2550 et
581 2525 673 2561 opus
701 2513 779 2549 eius
806 2513 945 2549 bonum
973 2511 1101 2556 reddit,
1129 2518 1172 2546 ut
1200 2509 1334 2546 dicitur
1357 2509 1395 2546 in
1450 2507 1554 2557 quod
1588 2508 1637 2544 ad
1665 2506 1766 2543 aliud
1799 2506 2012 2543 ordinatur:
2043 2506 2135 2542 sicut
2161 2505 2266 2553 potio
2302 2517 2431 2541 amara
2459 2517 2503 2540 ex

336 2568 368 2604 II
387 2567 507 2604 Ethic.
527 2565 549 2588 ‘¹‘
577 2565 654 2602 Sed
682 2565 755 2601 alia
783 2572 839 2601 est
856 2564 975 2601 virtus
994 2563 1251 2600 intellectualis
1270 2562 1308 2599 in
1326 2575 1395 2610 po-
1449 2562 1524 2597 hoc
1552 2561 1633 2596 solo
1664 2567 1719 2596 est
1746 2559 1858 2605 bona,
1888 2559 1991 2606 quod
2011 2565 2066 2594 est
2085 2550 2265 2594 s'anativa.
2295 2558 2404 2594 Unde
2425 2569 2502 2593 non

335 2619 451 2656 tentia
469 2619 693 2667 imperante,
716 2625 752 2654 et
770 2617 841 2654 alia
859 2617 976 2653 virtus
1000 2615 1152 2652 moralis
1171 2615 1209 2651 in
1228 2614 1396 2664 potentia
1451 2621 1507 2650 est
1534 2613 1604 2649 alia
1633 2611 1780 2648 bonitas
1808 2610 1973 2647 sanitatis
2002 2617 2038 2646 et
2063 2609 2238 2657 potionis,
2269 2610 2336 2645 sed
2363 2622 2439 2645 una
2468 2617 2504 2645 et

336 2672 532 2720 imperata,
552 2678 594 2707 ut
620 2677 724 2718 patet
743 2682 788 2705 ex
808 2671 822 2705 1
841 2669 961 2705 Ethic.
981 2668 1001 2689 ’³‘
1033 2669 1134 2715 Ergo
1154 2667 1225 2704 alia
1253 2674 1309 2703 est
1327 2667 1394 2703 bo-
1452 2667 1598 2702 eadem.
1629 2663 1870 2711 Quandoque
1898 2675 1991 2699 vero
2020 2662 2109 2698 illud
2131 2662 2235 2709 quod
2256 2662 2304 2698 ad
2324 2661 2425 2698 aliud
2444 2674 2503 2698 or-

337 2723 433 2762 nitas
461 2731 565 2760 actus
588 2721 785 2768 interioris,
807 2721 871 2770 qui
891 2728 946 2758 est
959 2719 974 2750 β
991 2720 1182 2769 potentiae
1205 2719 1394 2767 impemn-
1451 2719 1608 2763 dinatur,
1629 2717 1744 2752 habet
1762 2716 1800 2752 in
1819 2727 1858 2751 se
1878 2715 2041 2763 aliquam
2063 2714 2247 2751 rationem
2267 2714 2368 2761 boni,
2390 2714 2503 2751 etiarn

337 2777 403 2814 tis:
435 2783 471 2813 et
498 2775 570 2812 alia
597 2781 652 2811 est
689 2774 836 2811 bonitas
871 2781 976 2810 actus
1006 2772 1215 2820 exterioris,
1246 2772 1310 2820 qui
1340 2779 1395 2808 est
1450 2778 1598 2820 praeter
1621 2768 1794 2806 ordinem
1813 2767 1862 2804 ad
1881 2767 1979 2804 aliud
1999 2768 2166 2803 bonurn:
2196 2767 2291 2803 sieut
2316 2767 2505 2803 medicina

336 2828 527 2879 potentiae
555 2827 773 2876 imperatae.
1451 2834 1633 2872 saporosa
1651 2822 1765 2858 habet
1783 2820 1970 2857 rationem
1989 2820 2080 2856 boni
2100 2819 2336 2867 delectabilis,
2357 2826 2504 2867 praeter

394 2883 428 2919 3.
448 2882 681 2926 PRAETEREA,
703 2891 817 2916 causa
845 2885 881 2915 et
909 2878 1065 2915 effectus
1092 2877 1195 2914 idern
1217 2889 1297 2914 esse
1317 2889 1396 2913 non
1451 2877 1525 2913 hoc
1553 2875 1657 2923 quod
1686 2881 1741 2910 est
1768 2873 1948 2910 sanativa.

338 2941 517 2985 possunt:
547 2933 638 2970 nihil
658 2932 760 2969 enim
781 2939 836 2968 est
864 2943 976 2968 causa
995 2930 1053 2967 sui
1076 2930 1203 2978 ipsius.
1234 2929 1310 2966 Sed
1329 2930 1397 2965 bo·
1506 2927 1568 2965 Sic
1587 2939 1674 2974 ergo
1696 2926 1897 2963 dicendum
1917 2924 2031 2974 quod,
2048 2925 2202 2972 quando
2222 2932 2325 2960 actus
2346 2923 2505 2960 exterior

339 2987 436 3026 nitas
465 2994 569 3024 actus
597 2984 782 3022 interioris
811 2991 867 3021 est
886 2995 1000 3020 causa
1018 2982 1193 3020 bonitatis
1213 2989 1317 3018 actus
1338 2993 1398 3018 ex·
1454 2987 1508 3018 est
1526 2985 1539 3001 ε
1566 2981 1690 3017 bonus
1708 2979 1770 3015 vel
1789 2978 1911 3015 malus
1934 2978 2057 3014 solum
2079 2989 2123 3012 ex
2144 2976 2275 3013 ordine
2301 2977 2349 3013 ad
2372 2977 2502 3023 finem,
2631 2984 2641 3000 ε

340 3040 505 3088 terioris,
534 3046 599 3076 aut
627 3050 647 3074 e
676 3049 885 3083 converso,
914 3043 955 3072 ut
983 3035 1125 3072 dictum
1158 3041 1213 3070 est
1234 3034 1265 3070 ²¹⁶.
1295 3034 1396 3081 Ergo
1453 3041 1542 3070 tunc
1562 3039 1617 3068 est
1645 3031 1802 3075 omnino
1823 3030 1958 3067 eadem
1986 3029 2133 3066 bonitas
2152 3029 2213 3066 vel
2236 3028 2375 3065 malitia
2400 3035 2505 3065 actus

342 3106 420 3130 non
447 3099 572 3142 potest
601 3103 682 3128 esse
711 3090 846 3127 eadem
875 3088 1024 3125 bonitas
1050 3086 1256 3134 utriusque.
1453 3084 1675 3130 voluntatis,
1702 3082 1796 3132 qui<
1824 3095 1893 3131 per
1924 3094 1963 3118 se
1994 3081 2142 3130 respicit
2170 3081 2308 3129 finem,
2339 3089 2374 3117 et
2401 3088 2505 3117 actus
2627 3080 2642 3109 ζ

396 3148 470 3183 SED
504 3156 650 3182 CONTRA
681 3155 748 3180 Es‘r
785 3141 889 3191 quod
923 3153 1036 3189 supra
1063 3139 1084 3161 '¹‘
1112 3146 1306 3189 ostensum
1344 3145 1400 3174 est
1455 3137 1663 3183 exterioris,
1693 3135 1757 3184 qui
1781 3134 1930 3184 respicit
1955 3134 2074 3171 finem
2103 3134 2293 3170 mediante
2322 3141 2407 3170 actu
2437 3145 2506 3170 vo-

343 3199 448 3249 quod
481 3205 586 3236 actus
612 3195 816 3234 voluntatis
844 3207 884 3231 se
917 3194 1032 3230 habet
1057 3200 1099 3229 ut
1126 3192 1283 3228 formale
1307 3195 1322 3219 Υ
1351 3190 1399 3227 ad
1455 3189 1614 3227 luntatis.
1641 3188 1806 3236 Quando
1826 3193 1844 3215 η
1864 3195 1991 3224 autern
2011 3194 2115 3223 actus
2131 3186 2290 3223 exterior
2306 3187 2421 3223 habet
2440 3187 2506 3223 bo·
2630 3188 2645 3211 ⁷1

344 3259 472 3289 actum
501 3250 736 3287 exteriorem.
758 3249 816 3285 Ex
835 3246 983 3284 formali
1003 3253 1131 3282 autem
1156 3251 1191 3281 et
1218 3243 1399 3281 materiali
1455 3243 1607 3280 nitatem
1634 3242 1696 3278 vel
1715 3240 1895 3277 malitiam
1915 3239 2125 3277 secundum
2146 3251 2197 3287 se,
2219 3238 2356 3276 scilicet
2375 3250 2506 3275 secun—

343 3305 387 3343 fit
413 3316 546 3342 unum.
581 3304 682 3348 Ergo
712 3308 768 3338 est
798 3313 876 3337 una
907 3298 1056 3336 bonitas
1085 3305 1188 3335 actus
1216 3295 1401 3333 interioris
1457 3296 1548 3333 dum
1577 3293 1775 3331 materiam
1806 3293 1869 3330 vel
1900 3292 2213 3338 circumstantias,
2242 3299 2331 3328 tunc
2359 3291 2507 3327 bonitas

346 3365 382 3395 et
410 3354 614 3394 exterioris.
1457 3347 1647 3385 exterioris
1667 3353 1771 3383 actus
1790 3353 1846 3382 est
1863 3357 1952 3393 una,
1969 3352 2005 3382 et
2023 3344 2170 3381 bonitas
2188 3343 2389 3381 voluntatis
2409 3355 2508 3391 quae

399 3470 426 3503 α)
447 3469 590 3495 interioris.
608 3482 627 3487 -
645 3468 706 3493 Om.
719 3466 827 3492 codices.
1510 3461 1532 3494 ε)
1552 3465 1600 3485 est.
1617 3474 1636 3480 -
1654 3460 1752 3485 dicitur
1770 3459 1878 3484 codices.

400 3505 425 3538 β)
445 3505 491 3538 qui
508 3508 555 3529 est.
573 3518 592 3523 -
609 3510 676 3536 quae
695 3506 734 3527 est
752 3502 848 3529 PEKa.
867 3509 920 3526 om.
935 3501 964 3525 F.
984 3500 1073 3524 Altero
1092 3500 1149 3523 loco
1169 3506 1234 3531 quae
1253 3501 1292 3523 est
1311 3497 1402 3522 PEKa.
1510 3495 1535 3529 ζ)
1554 3497 1608 3528 qui.
1626 3509 1643 3514 —-
1661 3502 1728 3528 quae
1747 3494 1967 3529 PACDFGLpBH
1986 3499 2011 3518 et
2029 3501 2054 3517 a.
2074 3493 2108 3517 lta
2127 3500 2185 3517 mox
2204 3491 2414 3532 AQDFGLpBH.

398 3541 426 3574 γ)
439 3541 565 3574 formale.
583 3553 601 3558 -
611 3538 740 3572 formalis
759 3537 869 3562 codices.
1510 3531 1537 3563 η)
1560 3531 1680 3561 Quando.
1699 3544 1717 3549 -
1737 3530 1901 3561 Quandoque
1920 3530 1958 3560 H,
1981 3530 2044 3553 Cum
2064 3529 2092 3552 P.
2109 3541 2128 3546 -
2148 3528 2197 3551 Pro
2220 3527 2441 3557 circumstantias,
2455 3527 2509 3551 cir-

400 3575 425 3608 δ)
445 3576 507 3600 iam.
525 3589 543 3594 -
562 3575 623 3599 Om.
642 3574 689 3598 Pa.
1459 3566 1645 3592 cumstantiam
1665 3567 1711 3591 Pa.
