2852 4152
114 1136 123 1144 '
130 1134 235 1161 Ariston,
244 1135 321 1163 Topic.

114 1161 152 1181 lib.
172 1160 193 1187 1,
215 1167 264 1188 cap.
285 1168 320 1188 1x,

114 1193 135 1207 n.
150 1193 170 1214 5.

110 2772 120 2782 '¹
135 2772 186 2793 Art.
202 2771 304 2798 praeced.
313 2787 319 2797 ,

110 2797 138 2818 ad
154 2804 169 2819 1.

110 3192 119 3200 ⁹
139 3189 195 3217 Cap.
210 3195 245 3215 ιιι,
266 3196 290 3211 n.
308 3197 320 3218 3

112 3222 163 3244 sqq.
170 3228 179 3232 -
187 3216 258 3238 S.Th.
267 3217 319 3238 lect.

108 3248 159 3264 vn!-

208 3279 224 3294 α

326 2658 477 2695 '³³72

351 221 424 259 174

348 296 504 340 propter
524 291 782 329 difficultatem
803 293 891 329 mali
912 292 1124 341 superandi.
1155 293 1203 328 Et
1222 292 1307 328 ideo
1322 303 1406 339 pas-

351 343 477 381 siones
506 345 700 381 irascibilis
721 357 857 382 omnes
876 345 1123 382 terminantur
1143 344 1191 380 ad
1210 343 1406 391 passiones

351 397 659 445 concupiscibilis.
682 399 730 434 Et
744 398 953 434 secundum
973 398 1058 443 hoc,
1080 396 1192 432 etiam
1210 395 1405 443 passiones

351 462 447 498 quae
485 457 570 486 sunt
597 450 634 486 in
662 450 855 496 irascibili,
887 449 1127 496 consequitur
1163 447 1342 494 gaudium
1371 454 1406 482 et

349 502 503 548 tristitia,
533 515 630 550 quae
660 510 745 539 sunt
772 503 809 538 in
839 500 1130 549 concupiscibili.

395 557 452 591 AD
464 566 651 592 SECUNDUM
662 567 844 591 DICENDUM
855 554 959 600 quod
972 553 1103 588 odium
1114 550 1293 587 vitiorum
1307 550 1405 586 attri-

350 607 431 644 buit
450 608 708 655 Hieronymus
728 606 911 650 irascibili,
940 616 1018 640 non
1046 611 1201 652 propter
1219 603 1402 639 rationem

352 660 441 707 odii,
454 672 551 707 quae
565 660 717 708 proprie
734 657 913 706 competit
924 655 1218 704 concupiscibili;
1235 655 1302 692 sed
1318 668 1403 703 pro—

350 719 434 761 pter
453 712 789 760 impugnationem,
808 722 904 758 quae
923 708 1084 757 pertinet
1103 709 1150 745 ad
1165 708 1401 745 irascibilem.

1025 214 1289 260 QUAESTIO
1318 215 1458 258 XXIII,
1487 212 1781 249 ARTICULUS
1811 214 1842 248 11

1513 293 1570 326 AD
1598 302 1757 327 TERT1UM
1786 302 1968 328 DicENnUM
1988 293 2093 339 quod
2120 293 2267 330 bonum
2291 295 2515 342 inquantum

1460 350 1514 378 est
1535 342 1765 389 delectabile,
1787 351 1918 380 movet
1939 344 2281 392 concupiscibilem.
2305 348 2379 384 Sed
2399 347 2429 384 si
2448 345 2515 384 bo-

1459 406 1551 433 num
1580 394 1719 430 habeat
1736 395 1930 443 quandam
1956 396 2213 433 difficultatem
2243 398 2290 435 ad
2309 399 2517 448 adipiscen-

1459 445 1563 492 dum,
1594 458 1638 482 ex
1666 446 1740 482 hoc
1767 447 1850 495 ipso
1878 449 1993 485 habet
2020 448 2161 497 aliquid
2185 462 2397 498 repugnans
2426 465 2514 489 con-

1459 498 1675 546 cupiscibili.
1706 500 1755 535 Et
1781 500 1868 537 ideo
1897 502 2151 538 necessarium
2190 502 2256 538 fuit
2285 515 2365 539 esse
2402 504 2514 541 aliam

1457 551 1666 598 potentiam
1695 564 1792 599 quae
1822 553 1860 589 in
1887 552 1926 590 id
1953 555 2134 591 tenderet.
2171 555 2219 591 Et
2247 555 2384 591 eadem
2419 556 2512 592 ratio

1458 610 1512 639 est
1533 603 1578 639 de
1600 603 1718 640 malis.
1741 605 1788 640 Et
1808 606 1902 641 haec
1921 607 2088 654 potentia
2104 615 2159 644 est
2177 607 2381 644 irascibilis.
2403 608 2514 645 Unde

1458 668 1503 691 ex
1519 656 1765 703 consequenti
1780 658 1975 704 passiones
1991 664 2002 680 ²
2024 659 2321 708 concupiscibilis
2338 667 2374 697 et
2391 660 2515 697 irasci—

1457 708 1538 744 bilis
1567 708 1691 756 specie
1722 709 1909 747 differunt.

403 833 424 865 ε)
439 833 587 864 passiones.
605 847 623 850 —
642 831 738 863 species
758 830 989 863 PACDEGILpBH
1010 835 1034 854 et
1052 837 1078 855 a.

1023 910 1351 945 Commentaria
1375 911 1622 945 Cardinalis
1645 910 1843 945 Caietani

415 1010 485 1029 mCA
507 999 647 1038 primum
671 998 838 1029 articulum
862 999 1054 1039 quaestionis
1076 1009 1163 1035 xxm,
1188 999 1263 1040 quia
1284 999 1335 1029 hic
1359 998 1405 1028 in-

353 1010 508 1073 Cchoat
536 1042 693 1073 distinctio
722 1042 924 1082 passionum,
956 1043 1079 1073 adverte
1108 1044 1196 1083 quod
1224 1049 1350 1082 oportet
1372 1042 1405 1071 in

349 1093 417 1116 toto
441 1086 502 1117 hoc
526 1093 656 1116 tractatu
681 1096 800 1116 servare
823 1087 920 1122 illud,
950 1086 1094 1124 Quolibet
1111 1086 1299 1127 proferente
1329 1095 1403 1116 con-

347 1131 462 1168 traria,
482 1131 648 1161 sollicitum
669 1140 736 1161 esse
759 1131 889 1161 stultum
907 1136 954 1161 est
967 1131 994 1161 *.
1019 1130 1099 1160 Dico
1121 1137 1227 1160 autem
1243 1130 1314 1165 hoc,
1332 1129 1406 1169 quia

348 1184 413 1204 non
430 1174 579 1204 omnibus
596 1184 780 1205 concessum
804 1181 932 1214 apparet
948 1181 983 1204 ut
1003 1174 1144 1204 distincte
1168 1180 1198 1204 et
1221 1173 1347 1213 proprie
1367 1173 1405 1203 de

348 1218 532 1248 huiusmodi
555 1218 754 1258 passionibus
778 1218 877 1248 locuti
901 1218 1025 1248 fuerint.
1051 1218 1163 1248 Scotus
1186 1217 1219 1247 in
1234 1217 1353 1257 primiS,
1371 1224 1406 1247 ut

348 1262 380 1292 in
405 1262 445 1292 III
462 1262 560 1299 Sent„
580 1262 649 1293 dist.
665 1272 765 1297 xxxw,
783 1268 920 1301 apparet,
937 1261 1136 1301 reprehendit
1160 1261 1296 1291 dicentes
1320 1260 1405 1291 obie—

349 1312 433 1336 ctum
450 1306 609 1336 irascibilis
625 1316 690 1335 esse
714 1306 866 1335 arduum:
892 1312 922 1335 et
944 1305 1054 1335 volens
1074 1305 1139 1335 eius
1164 1305 1324 1335 obiectum
1339 1314 1405 1335 esse

348 1349 523 1390 offendens,
541 1349 615 1379 dicit
629 1349 716 1389 quod
733 1359 856 1389 semper
872 1349 1000 1389 quando
1015 1349 1175 1379 irascibilis
1192 1349 1285 1379 habet
1300 1355 1406 1379 actum

348 1403 453 1429 suum,
479 1400 524 1423 est
546 1393 589 1423 ibi
613 1393 698 1423 nolle
722 1403 787 1422 non
811 1393 917 1423 solum
942 1393 1204 1432 concupiscibilis,
1225 1393 1279 1423 sed
1302 1393 1405 1423 irasci-

347 1437 427 1468 bilis.
452 1437 498 1467 Ex
514 1437 629 1477 quibus
644 1436 807 1467 manifeste
823 1443 952 1477 apparet
975 1437 1074 1477 quod,
1098 1437 1184 1476 apud
1207 1436 1323 1476 ipsum,
1347 1436 1405 1467 ira-

348 1481 461 1511 scibilis
484 1491 650 1521 nunquam
678 1487 724 1511 est
750 1487 893 1520 respectu
920 1480 996 1511 boni
1004 1489 1011 1517 ;
1037 1481 1091 1510 sed
1114 1480 1189 1510 mali
1212 1484 1336 1511 tantum
1359 1490 1405 1511 re-

347 1525 490 1565 spuendi,
511 1524 699 1561 sustinendi,
724 1525 893 1564 puniendi,
918 1531 949 1554 et
972 1524 997 1554 si
1020 1524 1097 1564 quid
1121 1524 1206 1554 aliud
1229 1531 1275 1555 est
1297 1524 1405 1554 huius-

348 1569 446 1599 modi.
470 1571 518 1599 Ac
540 1579 596 1608 per
612 1568 682 1604 hoc,
703 1568 736 1599 in
759 1569 861 1598 ianuis
884 1568 1044 1599 irascibilis
1064 1568 1190 1598 erravit:
1216 1579 1286 1608 spes
1310 1569 1404 1604 enirn,

348 1623 429 1653 quae
441 1619 486 1643 est
498 1612 598 1652 prima
614 1612 718 1652 passio
734 1612 905 1648 irascibilis,
921 1619 1046 1652 oportet
1061 1612 1149 1652 quod
1161 1619 1291 1651 negetur
1305 1613 1343 1642 ab
1359 1622 1404 1643 ea.

399 1657 465 1687 Nec
476 1656 574 1686 ullam
586 1657 742 1687 rationem
754 1656 890 1692 invenio,
907 1656 967 1686 nisi
983 1656 1063 1686 forte
1079 1666 1114 1686 ex
1126 1666 1197 1686 xxV1
1208 1656 1405 1686 distinctione

348 1701 489 1730 eiusdem
512 1700 611 1731 Tertii
634 1700 704 1740 quis
729 1706 868 1730 assumat
889 1700 997 1730 istam:
1023 1700 1139 1730 scilicet
1169 1700 1243 1742 quia
1270 1701 1405 1730 arduum

348 1751 402 1774 aut
425 1743 578 1784 significat
596 1745 716 1780 absens,
741 1751 794 1774 aut
811 1745 960 1774 excedens
976 1743 1157 1774 facultatem
1180 1744 1339 1783 potentiae
1355 1744 1405 1774 cui

348 1788 463 1818 dicitur·
484 1788 633 1824 arduum,
658 1795 712 1818 aut
736 1789 886 1818 excedens
915 1787 1023 1818 omnia
1046 1788 1129 1817 mala
1153 1787 1210 1817 sibi
1235 1788 1403 1824 contraria;

347 1833 402 1862 sed
420 1831 499 1861 nihil
515 1832 630 1862 horum
647 1839 707 1867 est;
733 1842 816 1871 ergo,
834 1838 890 1862 etc.
911 1832 998 1861 Haec
1014 1838 1121 1861 autem
1136 1831 1255 1871 petitio,
1274 1839 1328 1862 aut
1344 1832 1405 1861 dis-

346 1876 466 1911 tinctio,
490 1875 568 1905 nihil
592 1876 708 1906 obstat:
734 1876 886 1915 quoniam
905 1875 1041 1905 arduum
1065 1875 1143 1905 nihil
1158 1875 1275 1905 horum
1290 1875 1405 1905 forma-

345 1920 415 1949 liter
438 1919 599 1958 significat,
617 1919 671 1949 sed
689 1919 909 1959 difficultatem
935 1920 966 1948 in
991 1919 1070 1949 bono
1094 1919 1144 1949 vel
1165 1919 1259 1949 malo.
1282 1920 1406 1949 Arduas

347 1963 432 1993 enim
455 1972 502 1992 res
527 1962 671 1998 dicimus,
692 1973 773 2002 quae
797 1962 1021 1998 difficultatem,
1047 1972 1082 1992 ac
1101 1969 1267 2002 propterea
1284 1963 1406 1993 celsitu-

347 2007 453 2036 dinem
470 2007 629 2046 quandam
646 2007 776 2036 habent:
799 2006 934 2036 difficilia
950 2006 1032 2036 enirn
1049 2006 1174 2046 aggredi
1190 2015 1256 2035 non
1272 2016 1406 2046 parvum

346 2057 508 2090 reputatur
516 2059 523 2086 ;
549 2057 579 2080 et
610 2050 787 2080 difficilibus
816 2050 1036 2088 succumbere,
1059 2050 1110 2080 vel
1133 2059 1168 2079 ea
1191 2049 1314 2090 fugere,
1338 2060 1406 2080 non

346 2095 485 2125 multum
507 2094 732 2134 vituperamus.

1514 1000 1612 1036 Quod
1626 1007 1732 1030 autem
1750 1001 1872 1030 bonum
1892 1000 2016 1031 difficile
2043 1008 2073 1031 et
2097 1001 2219 1032 bonum
2235 1003 2377 1034 absolute
2405 1010 2514 1044 egeant

1459 1042 1585 1072 diversis
1600 1044 1758 1083 potentiis,
1775 1044 1807 1073 in
1820 1044 1924 1075 Prima
1938 1045 2027 1075 Parte
2038 1045 2055 1063 *
2075 1045 2194 1076 dictum
2211 1052 2272 1082 est;
2292 1053 2323 1077 et
2339 1046 2372 1077 in
2387 1057 2516 1087 respon-

1459 1086 1547 1116 sione
1563 1087 1602 1116 ad
1618 1087 1745 1117 tertium
1762 1087 1812 1117 hic
1831 1088 2016 1124 ostenditur,
2033 1098 2069 1118 ex
2088 1099 2126 1119 eo
2150 1090 2238 1130 quod
2253 1090 2376 1121 bonum
2392 1090 2516 1121 difficile

1458 1129 1551 1160 habet
1574 1131 1659 1160 unde
1682 1138 1835 1171 repugnet
1864 1132 2145 1172 concupiscentiae.
2178 1132 2350 1173 Offendens
2373 1144 2446 1173 ergo
2470 1141 2516 1165 est

1458 1183 1561 1204 unum
1581 1180 1765 1205 contentum
1785 1176 1842 1205 sub
1858 1175 1982 1206 obiecto
2000 1176 2170 1213 irascibilis,
2188 1187 2246 1217 pro
2262 1184 2381 1217 quanto
2398 1185 2516 1218 spectat

1459 1218 1498 1247 ad
1514 1218 1653 1258 aliquam
1670 1218 1736 1249 eius
1752 1219 1942 1258 passionem,
1959 1227 2036 1260 puta
2059 1220 2153 1250 iram:
2179 1221 2390 1261 adaequatum
2409 1228 2516 1252 autem

1459 1261 1617 1292 obiectum
1643 1268 1688 1292 est
1710 1262 1853 1303 άξῂἳείἱε,
1879 1263 1943 1293 sive
1967 1263 2116 1294 ardu'um.

1513 1306 1550 1336 ΙΙ.
1568 1306 1609 1337 Et
1625 1306 1703 1336 scito
1721 1307 1818 1347 quod,
1836 1317 1910 1337 cum
1929 1307 2059 1347 ponitur
2075 1307 2246 1339 differentia
2260 1309 2341 1339 inter
2356 1308 2517 1339 obiectum

1459 1349 1709 1390 concupiscibilis
1734 1357 1764 1380 et
1786 1350 1965 1387 irascibilis,
1990 1351 2064 1392 quia
2091 1352 2175 1383 illius
2202 1353 2325 1383 bonum
2355 1353 2515 1389 absolute,

1457 1394 1547 1424 istius
1575 1394 1698 1424 bonum
1728 1394 1863 1425 arduum
1872 1404 1879 1431 ;
1905 1395 2033 1435 perinde
2057 1402 2103 1426 est
2126 1406 2161 1426 ac
2191 1396 2216 1426 si
2247 1396 2400 1427 diceretur
2427 1397 2516 1437 quod

1459 1438 1711 1477 concupiscibilis
1727 1438 1888 1469 obiectum
1907 1446 1952 1469 est
1971 1439 2094 1469 bonum
2110 1440 2264 1477 sensibile,
2285 1440 2374 1470 nullo
2394 1441 2500 1471 addito
2507 1449 2515 1477 ;

1458 1481 1619 1512 irascibilis
1633 1491 1719 1518 vero,
1736 1482 1859 1512 bonum
1875 1483 2118 1514 determinatum
2130 1484 2170 1514 ad
2185 1484 2340 1514 rationem
2355 1484 2444 1515 ardui
2459 1494 2516 1515 seu

1459 1525 1609 1561 difficilis;
1633 1525 1675 1555 ita
1698 1526 1788 1565 quod
1810 1526 1889 1556 illud
1917 1533 1963 1557 est
1986 1526 2135 1567 simplex,
2160 1527 2222 1558 hoc
2245 1534 2292 1558 est
2303 1528 2403 1568 'quasi
2427 1538 2516 1559 cotn-

1459 1569 1610 1609 positum.
1641 1569 1733 1600 Unde
1757 1579 1821 1599 non
1845 1569 1979 1606 fallaris,
2005 1577 2120 1610 putans
2148 1571 2236 1611 quod
2264 1569 2516 1611 concupiscibilis

1458 1613 1574 1643 feratur
1596 1612 1628 1642 in
1652 1613 1785 1649 bonum,
1806 1620 1836 1644 et
1858 1613 2020 1644 irascibilis
2043 1615 2076 1644 in
2099 1614 2183 1644 illius
2208 1614 2437 1646 difficultatem:
2462 1615 2522 1646 sed·

1458 1657 1536 1687 scito
1552 1663 1580 1687 et
1597 1657 1685 1697 quod
1709 1657 1961 1697 concupiscibilis
1980 1657 2078 1688 fertur
2100 1658 2132 1688 in
2156 1659 2288 1695 bonum,
2310 1665 2340 1689 et
2355 1658 2444 1699 quod
2458 1659 2517 1690 ira-

1458 1701 1572 1731 scibilis
1596 1700 1693 1730 fertur
1707 1700 1740 1730 in
1756 1701 1880 1731 bonum
1895 1701 2040 1732 arduum.
2065 1701 2180 1732 Omnis
2199 1712 2336 1743 namque
2360 1703 2517 1743 appetitus

1459 1745 1620 1775 obiectum
1648 1751 1693 1774 est
1720 1745 1863 1774 bonum:
1889 1751 1919 1775 et
1950 1745 2012 1781 ira,
2037 1751 2073 1776 ut
2097 1745 2209 1776 dicitur
2229 1746 2263 1776 in
2287 1747 2313 1776 II
2336 1747 2523 1784 Rhetoric.,‘

1460 1799 1527 1829 cap.
1543 1799 1553 1818 1
1571 1788 1599 1824 θ’,
1625 1795 1670 1818 est
1693 1790 1850 1828 appetitus
1873 1790 2057 1828 apparentis
2072 1790 2262 1829 punitionis,
2289 1792 2378 1831 quod
2393 1791 2523 1821 bonum'

1459 1839 1505 1863 est
1527 1832 1560 1862 in
1583 1842 1615 1862 re
1638 1832 1688 1862 vel
1712 1832 1894 1872 apparentia
1916 1833 2091 1864 manifeste.

1512 1877 1578 1906 Nec
1592 1875 1684 1906 refert
1695 1885 1735 1905 an
1747 1875 1832 1906 idem
1843 1882 1897 1906 aut
1913 1876 2072 1907 diversum
2084 1877 2124 1907 sit
2137 1877 2252 1908 bonum
2269 1888 2287 1908 a
2301 1878 2381 1909 bono
2393 1879 2496 1910 arduo
2507 1887 2518 1909 .“

1459 1926 1506 1950 sat
1522 1926 1567 1950 est
1590 1919 1676 1951 enim
1691 1921 1780 1960 quod
1795 1920 2030 1960 distinguuntur
2054 1920 2234 1952 formaliter.
2259 1921 2292 1952 Si
2312 1928 2418 1953 tamen
2438 1923 2519 1954 dicta

1459 1964 1605 1994 Auctoris
1621 1954 1653 1993 ih
1669 1963 1852 2004 quaestione
1869 1964 1908 1994 de
1924 1964 2072 2002 Veritate,
2087 1975 2142 2006 qu.
2154 1975 2214 1995 xxv
2225 1964 2252 2001 ἢ,
2270 1971 2301 1995 et
2315 1966 2348 1995 in
2362 1966 2403 1996 111
2419 1966 2518 2004 Sem„

1461 2007 1531 2037 dist.
1544 2017 1615 2036 xxw
1627 2006 1652 2042 *‚
1674 2013 1828 2037 scrutatus
1844 2007 1949 2044 fuen's,
1965 2008 2105 2038 invenies
2121 2009 2210 2048 quod
2226 2009 2386 2040 obiectum
2403 2019 2518 2040 concu-

1461 2050 1610 2090 piscibilis
1633 2057 1680 2081 est
1694 2051 1817 2080 bonum
1841 2058 2011 2088 sensatum,
2028 2051 2189 2082 irascibilis
2211 2062 2287 2082 vero
2303 2053 2521 2091 aestimatum:

1460 2094 1548 2124 illam
1566 2101 1697 2125 movent
1711 2095 1829 2135 species
1849 2095 2054 2132 sensibilium,
2071 2096 2164 2127 istam
2180 2095 2370 2127 intentiones
2390 2097 2523 2137 elicitae..

1114 2254 1430 2296 ARTICULUS
1460 2255 1756 2296 SECUNDUS

518 2345 672 2375 UTRUM
697 2344 1030 2375 CONTRARIETAS
1054 2345 1652 2420 PASSIONUhssd}?{I(JIIBstg{ISIT
1676 2345 1912 2377 SECUNDUM
1935 2346 2340 2378 CONTRARIETATEM

959 2466 991 2490 III
1011 2466 1093 2496 Sent„
1114 2467 1171 2491 dist.
1190 2475 1255 2498 xxm,
1275 2475 1318 2499 qu.
1338 2475 1354 2498 1,
1375 2472 1422 2492 art.
1443 2467 1456 2491 3
1463 2475 1469 2498 ;
1491 2468 1532 2492 De
1556 2467 1644 2496 Verit„
1665 2475 1709 2500 qu.
1727 2475 1792 2498 xxw,
1813 2473 1858 2492 art.
1877 2475 1903 2498 4.

465 2589 480 2600 ,Ι
496 2578 515 2590 s
559 2566 580 2591 D
596 2566 785 2590 SECUNDUM
801 2566 853 2590 S1c
873 2565 1110 2591 PROCEDITUR.
1127 2553 1285 2591 Videtur
1300 2554 1405 2603 quod

385 2600 422 2627 '⁴⁸'
559 2606 800 2643 contrarietas
836 2607 1059 2655 passionum
1097 2607 1290 2644 irascibilis
1327 2620 1405 2644 non

410 2699 412 2703 ,
462 2691 486 2708 ‚
503 2658 546 2710 (ᾖ
559 2660 604 2696 sit
622 2659 693 2696 nisi
709 2660 919 2696 secundum
942 2660 1247 2696 contrarietatem·
1264 2660 1355 2696 boni
1372 2667 1407 2696 et

403 2688 500 2746 ssffl)
514 2705 547 2749 N
559 2712 659 2748 mali.
680 2712 881 2749 Passiones
897 2712 999 2749 enim
1018 2712 1211 2749 irascibilis
1227 2713 1404 2750 ordinan-

345 2772 405 2801 tur
429 2764 480 2801 'ad
508 2764 704 2813 passiones
733 2765 1044 2813 concupiscibilis,
1071 2773 1112 2801 ut
1141 2765 1281 2802 dictum
1303 2773 1357 2802 est
1372 2765 1403 2802 ²¹².

347 2817 423 2854 Sed
451 2817 646 2866 passiones
684 2817 983 2866 concupiscibilis
1019 2830 1098 2854 non
1131 2818 1405 2854 contrariantur

346 2869 415 2907 nisi
444 2871 654 2907 secundum
676 2870 977 2907 contrarietatem
1006 2870 1097 2906 boni
1118 2877 1153 2907 et
1171 2870 1280 2916 mali;
1310 2871 1405 2907 sicut

347 2935 455 2959 amor
484 2930 520 2959 et
547 2923 699 2970 odium,
738 2923 918 2971 gaudium
953 2930 988 2959 et
1015 2922 1169 2960 tristitia.
1203 2925 1304 2971 Ergo
1334 2935 1405 2960 nec

347 2975 541 3023 passiones
569 2975 773 3012 irascibilis.

402 3039 436 3064 2.
466 3029 705 3074 PRAETEREA,
739 3028 934 3076 passiones
974 3028 1151 3065 differunt
1192 3028 1403 3066 secundum

348 3080 513 3126 obiecta3
543 3081 637 3117 sicut
661 3088 697 3117 et
716 3089 842 3117 motus
862 3081 1073 3118 secundum
1102 3081 1294 3118 terminos.
1326 3081 1403 3118 Sed

348 3133 589 3169 contrarietas
626 3146 704 3170 non
737 3141 792 3170 est
826 3134 862 3170 in
897 3134 1063 3171 motibus
1097 3134 1166 3170 nisi
1194 3135 1403 3172 secundum

348 3185 649 3222 contrarietatem
669 3186 929 3234 terminorum,
950 3194 991 3223 ut
1005 3194 1106 3235 patet
1120 3187 1158 3223 in
1173 3187 1365 3235 VPhysic.
1383 3188 1402 3208 ²⁸

347 3239 448 3286 Ergo
478 3250 600 3286 neque
626 3239 664 3274 in
683 3238 923 3287 passionibus
944 3247 998 3276 est
1027 3239 1269 3276 contrarietas
1289 3244 1306 3260 α
1333 3239 1403 3276 nisi

348 3291 556 3328 secundum
583 3291 884 3328 contrarietatem
914 3292 1163 3329 obiectorum.
1198 3292 1402 3329 Obiectum

347 3351 475 3380 autem
504 3343 690 3393 appetitus
720 3342 775 3380 est
802 3344 948 3380 bonum
968 3345 1030 3381 vel
1057 3345 1213 3382 malum.
1244 3346 1344 3392 Ergo
1365 3345 1403 3381 in

347 3396 448 3433 nulla
475 3396 642 3445 potentia
670 3396 874 3446 appetitiva
901 3404 1025 3445 potest
1053 3410 1132 3434 esse
1163 3397 1403 3434 contrarietas

1458 2555 1679 2603 passionum
1699 2555 1768 2592 nisi
1788 2556 1999 2592 secundum
2029 2555 2330 2593 contrarietatem
2359 2557 2451 2594 boni
2484 2565 2520 2595 et

1460 2607 1560 2644 mali.

1515 2662 1549 2697 3.
1578 2661 1815 2706 PRAETEREA,
1846 2659 1966 2696 omnis
1988 2660 2115 2707 passio
2143 2660 2295 2697 animae
2321 2662 2521 2698 attenditur

1459 2713 1662 2750 secundum
1677 2724 1866 2749 accessum
1886 2718 1922 2748 et
1934 2724 2131 2758 recessum,
2147 2720 2188 2749 ut
2202 2713 2399 2750 Avicenna
2419 2714 2518 2762 dicit,

1459 2765 1497 2802 in
1517 2767 1629 2802 Sexto
1649 2766 1694 2801 de
1716 2764 1966 2802 Naturalibus
1980 2764 2010 2801 ²³².
2038 2765 2114 2802 Sed
2138 2777 2312 2802 accessus
2346 2774 2520 2805 causatur

1461 2830 1505 2854 ex
1524 2818 1668 2854 ratione
1696 2817 1799 2864 boni,
1830 2829 1999 2854 recessus
2028 2825 2156 2854 autem
2181 2830 2225 2855 ex
2245 2818 2388 2856 ratione
2408 2819 2518 2857 mali:

1460 2871 1548 2920 quia
1568 2870 1661 2907 sicut
1680 2871 1818 2907 honum
1847 2876 1900 2906 est
1917 2870 2018 2918 quod
2035 2871 2162 2907 omnia
2190 2877 2377 2919 appetunt,
2397 2879 2438 2909 ut
2466 2872 2519 2910 di-

1461 2924 1554 2960 citur
1573 2923 1611 2960 in
1631 2924 1644 2959 I
1664 2923 1784 2960 Ethic.
1805 2924 1836 2970 *,
1865 2923 1914 2959 ita
1942 2923 2087 2960 malum
2107 2930 2163 2960 est
2182 2924 2288 2971 quod
2308 2924 2437 2962 omnia
2464 2925 2519 2963 fu-

1459 2976 1573 3024 giunt.
1595 2977 1695 3024 Ergo
1712 2975 1952 3012 contrarietas
1968 2975 2005 3012 in
2020 2975 2259 3024 passionibus
2274 2977 2424 3014 animae
2440 2989 2518 3015 non

1459 3036 1583 3077 potest
1611 3041 1693 3065 esse
1721 3028 1791 3065 nisi
1819 3028 2031 3065 secundum
2061 3029 2206 3066 bonum
2236 3036 2271 3065 et
2298 3030 2454 3067 malum.

1514 3083 1586 3118 SED
1616 3093 1776 3129 CONTRA,
1806 3081 1920 3118 timor
1947 3088 1983 3117 et
2011 3080 2168 3118 audacia
2196 3089 2282 3118 sunt
2311 3082 2515 3130 contraria,

1458 3141 1499 3171 ut
1517 3142 1619 3182 patet
1638 3134 1676 3171 in
1696 3135 1744 3170 111
1773 3134 1893 3170 Ethic.
1908 3133 1928 3154 ’¹‘
1957 3133 2034 3170 Sed
2062 3133 2175 3170 timor
2195 3141 2230 3171 et
2254 3134 2412 3172 audacia
2437 3146 2515 3174 non

1459 3187 1635 3224 differunt
1649 3186 1860 3224 secundum
1876 3187 2023 3222 bonum
2039 3193 2075 3222 et
2089 3186 2252 3223 malum:
2269 3186 2358 3235 quia
2371 3194 2515 3224 utrum-

1458 3252 1532 3287 que
1562 3247 1617 3276 est
1644 3246 1817 3288 respectu
1845 3238 2059 3286 aliquorum
2085 3239 2286 3276 malorum.
2307 3240 2408 3287 Ergo
2431 3251 2514 3276 non

1459 3293 1583 3329 omnis
1618 3292 1859 3329 contrarietas
1895 3291 2119 3339 passionum
2156 3291 2348 3329 irascibilis
2376 3298 2432 3328 est
2458 3303 2514 3328 se-

1459 3345 1627 3382 cundum
1656 3344 1957 3382 contrarietatem
1986 3344 2077 3380 boni
2106 3351 2142 3380 et
2167 3344 2266 3381 mali.

1511 3399 1734 3435 RESPONDEO
1754 3408 1937 3434 montinum
1953 3396 2059 3444 quod
2077 3396 2203 3445 passio
2219 3395 2372 3445 quidam
2387 3404 2514 3432 motus

401 3526 427 3557 α)
446 3526 631 3551 contrarietas.
650 3540 668 3545 -
682 3527 839 3558 passionum
859 3527 956 3551 addunt
974 3527 1019 3552 Pa.

2544 1055 2553 1063 “
2565 1054 2613 1081 Qu.
2621 1060 2700 1081 lxxxx,
2712 1057 2759 1077 art.

2543 1086 2564 1102 2.

2544 1800 2552 1810 ·
2562 1799 2703 1827 Did.enp.n,
2711 1805 2764 1821 na-

2546 1975 2555 1985 *
2570 1975 2622 1996 Art.
2636 1980 2657 1996 2.

2547 2019 2556 2029 ·
2573 2018 2621 2046 Qu.
2631 2023 2648 2045 ι,
2662 2021 2706 2040 m.
2715 2023 2746 2039 2-

2545 2774 2558 2786 ⁸
2570 2774 2609 2796 ΔΙ.
2624 2774 2654 2796 de
2665 2774 2761 2803 Λιιόιιας,

2547 2803 2605 2829 part.
2615 2800 2645 2829 11,
2661 2807 2712 2829 cap.
2723 2806 2764 2823 ux..

2545 2932 2566 2979 ζ.
2575 2930 2633 2988 itt·
2642 2936 2761 2979 12a.'¹;.¹i

2545 2982 2655 3009 ct.¹1b,x
2671 2988 2697 3004 en
2717 2988 2758 3010 .u,

2545 3015 2568 3031 n.
2578 3015 2598 3036 ις
2613 2998 2686 3031 ·.'1²h.
2709 3012 2756 3032 eet.

2543 3139 2552 3149 ‘
2567 3138 2625 3167 cap.
2638 3144 2686 3165 vu,
2701 3145 2723 3161 n.
2739 3138 2757 3161 8

2542 3169 2595 3212 :qm
2602 3175 2613 3181 -
2620 3162 2691 3187 Slrh.
2699 3165 2753 3188 leet.
