2852 4152
100 823 212 846 ·Ari⁸tot.
221 823 310 851 Τομέα,

100 850 132 898 kb
135 849 200 898 ,SVL
215 855 266 876 etp.
281 855 311 875 x,

99 915 183 967 rrffi,
197 916 257 963 5³¹1}
275 914 312 967 ιῗῗ

101 973 198 996 esp-n.

99 1044 110 1056 “
122 1043 190 1066 Vera.
204 1045 236 1066 18.

99 1129 149 1179 ξεί
153 1129 310 1153 Phileas-vers.

1039 262 1304 309 QUAESTIO
1334 263 1726 309 X17ARTICULUS
1756 265 1786 300 II

334 342 413 374 citur
436 340 522 371 enim
535 340 641 381 fruor
662 340 743 376 Deo,
768 341 847 371 sicut
870 351 942 372 amo
964 342 1081 379 Deum,
1107 348 1137 372 et
1159 351 1224 371 non
1245 340 1325 371 sicut
1339 341 1390 371 de-

333 387 434 417 lector
450 384 491 415 de
505 382 603 426 Deo):
627 384 714 420 haec,
730 384 871 424 inquam,
889 385 993 415 suasio
1017 386 1095 415 nihil
1113 385 1207 415 habet
1225 385 1389 421 suasionis,

334 428 489 470 quoniam
512 427 703 458 constructio
724 427 799 459 haec
814 429 973 459 transitiva
988 440 1053 460 non
1073 436 1119 460 est
1131 428 1190 459 nisi
1206 428 1418 468 possessive„

335 471 538 514 grammatice
561 471 734 512 loquendo.
761 472 964 503 Construitur
982 473 1067 503 enim
1083 483 1157 503 curn
1179 472 1316 503 ablativo
1339 472 1389 502 vel
1417 471 1418 482 ³

336 515 485 557 genitivo,
510 525 547 545 ex
569 525 608 545 eo
631 516 719 555 quod
743 523 789 546 est
813 517 973 556 deponens
997 517 1222 556 possessivum.
1246 516 1338 547 Unde
1355 526 1391 546 ex

336 560 399 591 hoc
421 569 487 589 non
510 559 643 590 habetur
665 560 754 599 quod
777 559 929 600 significat
952 567 1067 596 actum,
1091 561 1146 591 sed
1169 567 1228 591 stat
1243 560 1331 600 quod
1355 560 1393 589 si-

336 603 462 644 gnificet
479 602 661 643 passionem
675 612 731 643 per
745 604 879 634 modum
895 604 1112 644 possessionis.
1129 605 1170 635 Et
1184 614 1255 634 vere
1270 604 1313 634 sic
1332 610 1391 634 est:

318 654 320 657 ·
337 647 399 678 frui
415 646 510 682 enim,
530 646 733 686 importando
750 647 997 684 delectationem,
1014 649 1142 678 denotat
1156 658 1224 678 rem
1238 657 1302 688 qua
1317 647 1393 678 frui-

338 700 419 727 mur,
444 700 462 721 a
484 690 576 727 nobis
600 690 763 730 possideri.

404 735 514 774 Longe
538 740 646 764 autem
669 734 872 784 perspicuum
896 735 996 775 magis
1016 742 1080 766 erat
1094 746 1111 765 a
1127 735 1337 775 grammaticis
1363 741 1393 765 et

338 777 515 809 oratoribus
538 777 717 817 persuaderi
739 779 828 819 quod
851 789 910 809 nos
934 779 1079 810 dicimus:
1104 779 1282 809 nominibus
1309 778 1394 808 enim

338 821 490 852 utendum
519 827 566 852 est
594 827 630 852 ut
646 823 767 862 plures
787 821 814 853 θ.
845 822 978 853 Constat
1005 829 1112 853 autem
1139 821 1393 863 frequentissimo

336 865 617 906 grammaticorum
644 876 704 896 usu
733 876 799 896 non
823 866 882 897 nisi
905 867 944 897 ad
971 866 1211 897 delectationem
1237 872 1392 905 spectare:

338 909 423 940 unde
442 915 473 940 et
487 909 597 940 dicunt
611 910 699 950 quod
715 909 867 950 significat
883 920 956 941 cum
969 911 1092 951 gaudio
1106 911 1153 940 uti
1166 909 1193 940 *.
1217 910 1290 940 Non
1310 909 1395 939 enim

335 949 473 984 dicimus
486 952 592 994 fruor
607 959 715 991 cantu,
730 953 809 984 idest
824 964 896 984 amo
912 959 1059 985 cantum:
1082 954 1146 989 sed,
1162 953 1242 984 idest
1260 953 1394 984 delecta-

339 998 472 1028 ctionem
481 997 626 1037 percipio
644 997 684 1028 de
698 1003 804 1028 cantu.
824 997 936 1038 Neque
953 1007 1026 1028 cum
1042 997 1169 1028 dicitur:
1200 997 1285 1034 Veni,
1293 996 1395 1038 frua-

338 1050 414 1071 mur
435 1042 548 1081 cupitis
570 1041 779 1081 amplexibus,
803 1042 951 1072 Proverb.
976 1051 1042 1081 cap.
1055 1051 1098 1071 vn
1112 1041 1139 1077 *,
1163 1041 1333 1071 invitamur
1355 1041 1395 1071 ad

339 1085 528 1115 amandum:
553 1085 607 1115 sed
630 1085 670 1115 ad
686 1085 927 1116 delectationem
941 1085 1184 1125 percipiendam.
1209 1085 1249 1115 Et
1267 1084 1394 1121 Paulus,

339 1138 415 1159 cum
433 1128 612 1160 Philemoni
627 1129 716 1162 dicit:
738 1129 811 1170 Ego
830 1134 861 1160 te
874 1129 980 1170 fruar
997 1130 1030 1159 in
1045 1129 1183 1159 Domino
1197 1128 1224 1164 *,
1249 1138 1315 1158 non
1336 1138 1396 1169 ego

339 1177 370 1203 te
391 1173 516 1210 amabo,
532 1173 586 1203 sed
603 1182 663 1214 ego
678 1173 718 1204 de
731 1178 762 1204 te
776 1173 956 1209 delectabor
970 1174 1001 1202 in
1017 1173 1166 1210 Domino,
1183 1178 1284 1203 sonat.
1308 1173 1395 1202 Abu-

1285 1259 1337 1266 ces-x.

2443 278 2486 313 91

1443 341 1507 371 sive
1530 341 1624 381 igitur
1635 341 1714 382 frui
1736 351 1794 382 pro
1810 352 1916 373 amore
1936 342 2106 374 formaliter
2125 344 2207 374 sumi
2229 352 2344 384 potest:
2369 346 2493 386 proprie

1444 392 1551 415 autem
1574 395 1650 422 non,
1674 385 1734 415 nisi
1757 386 1993 426 aequivocando
2018 387 2056 417 ad
2079 387 2240 426 placitum.

1500 429 1536 460 11.
1562 429 1596 459 In
1616 429 1820 470 responsione
1836 430 1875 459 ad
1892 431 2067 461 secundum
2086 431 2226 461 eiusdem
2248 432 2340 472 primi
2363 434 2491 470 articuli,

1445 472 1528 503 disce
1552 473 1649 513 quod,
1674 473 1749 514 quia
1771 474 1893 504 bonum
1917 481 1963 505 est
1986 484 2156 505 commune
2181 476 2219 505 ad
2238 476 2345 506 omnia
2371 487 2492 516 genera,

1446 516 1525 547 sicut
1548 523 1578 547 et
1601 525 1672 553 ens;
1697 517 1776 548 sicut
1795 517 1953 558 quaelibet
1971 518 2130 558 perfectio,
2148 518 2279 559 quilibet
2294 519 2373 556 finis,
2393 522 2493 560 quod-

1445 560 1520 591 libet
1543 560 1713 596 obiectum,
1729 562 1904 592 secundum
1927 572 2018 592 suam
2041 562 2208 602 specialem
2231 563 2385 594 rationem
2403 564 2495 596 habet

1445 604 1598 634 rationem
1623 605 1711 640 entis,
1736 605 1777 635 ita
1801 612 1831 636 et
1854 605 1943 635 boni:
1967 605 2072 636 videre
2094 606 2179 636 enim
2199 614 2229 637 et
2244 607 2372 643 visibile,
2393 615 2427 638 ut
2441 609 2493 644 sic,

1446 655 1519 678 sunt
1542 647 1624 678 entia
1647 655 1677 679 et
1700 649 1792 679 bona.
1816 649 1857 679 Et
1870 648 2042 680 notificatio
2062 650 2156 680 huius
2173 657 2227 686 est,
2250 651 2324 691 quia
2339 652 2496 692 quaelibet

1446 691 1586 732 potentia
1602 692 1721 732 appetit
1736 692 1916 723 naturaliter
1931 703 2022 724 suam
2036 693 2269 734 perfectionem,
2281 705 2376 726 suum
2389 695 2494 732 finem,

1447 744 1541 765 suum
1565 734 1734 772 obiectum,
1759 743 1794 767 ut
1816 736 1868 767 sic.
1897 737 1989 767 Unde
2011 747 2135 774 verum,
2159 737 2350 779 inquantum
2371 749 2494 776 verum,

1446 778 1520 818 quia
1543 785 1590 809 est
1612 779 1745 809 naturali
1768 780 1907 820 appentu
1932 780 2107 821 appetitum
2125 781 2164 811 ab
2179 781 2352 819 intellectu,
2367 790 2413 814 est
2428 794 2495 824 spe-

1447 822 1508 852 cies
1531 822 1621 852 boni:
1646 829 1676 853 et
1699 823 1841 854 similiter
1862 824 1992 860 visibile,
2017 832 2047 855 et
2069 825 2253 865 intelligere,
2278 832 2308 857 et
2329 826 2442 864 videre,
2467 834 2496 858 et

1441 865 1576 916 reliqua.
1593 866 1678 903 Quia
1693 876 1767 906 ergo
1782 867 1840 898 ista
1855 874 1929 898 sunt
1944 868 2019 898 boni
2035 869 2162 908 species,
2179 876 2211 900 et
2225 870 2423 902 continentur
2438 872 2495 902 sub

1447 910 1558 939 bono
1550 919 1583 940 ιιι
1599 910 1772 946 communi,
1796 911 1886 952 quod
1907 918 1954 942 est
1975 912 2134 943 obiectum
2156 913 2342 951 voluntatis,
2366 922 2402 945 ut
2424 925 2496 955 pro-

1447 953 1515 993 pria
1538 954 1595 984 sub
1619 954 1792 990 communi,
1816 955 1981 995 dupliciter
2003 963 2208 997 appetuntur:
2227 958 2342 998 primo,
2358 959 2496 999 appetitu

1447 997 1591 1033 naturali,
1609 998 1646 1028 ab
1662 997 1710 1028 his
1729 1008 1868 1038 quorum
1883 1006 1955 1030 sunt
1969 999 2052 1030 bona
2069 1001 2207 1041 propria;
2232 1002 2380 1038 secundo,
2403 1013 2497 1043 appe-

1447 1040 1506 1071 titu
1529 1041 1665 1077 animali,
1690 1052 1708 1071 a
1730 1041 1906 1078 voluntate,
1935 1044 1993 1073 sub
2021 1044 2110 1074 cuius
2137 1045 2260 1076 obiecto
2288 1046 2496 1077 continentur.

1448 1084 1489 1115 Et
1503 1091 1668 1124 propterea
1683 1092 1858 1126 sequuntur
1872 1086 1924 1117 illa
1937 1087 2002 1117 duo
2018 1097 2099 1128 quae
2113 1088 2145 1118 in
2157 1089 2257 1119 littera
2271 1090 2495 1129 exprimuntur.

1450 1172 1468 1201 d
1503 1129 1538 1158 In
1558 1129 1685 1179 reliquis
1700 1130 1893 1169 quaestionis
1907 1131 2092 1162 undecimae
2115 1132 2251 1163 articulis
2269 1133 2347 1164 nihil
2366 1133 2497 1164 scriben-

1471 1182 1526 1202 um
1551 1180 1695 1204 occurrit.

1102 1324 1417 1365 ARTICULUS
1447 1324 1742 1366 SECUNDUS

759 1415 915 1446 UTRUM
937 1414 1036 1445 FRUI
1061 1414 1314 1445 CONVENIAT
1338 1415 1525 1445 TANTUM
1548 1415 1782 1446 RATIONALI
1808 1416 2082 1454 CREATURAE,

1085 1458 1144 1488 AN
1167 1458 1304 1488 ETIAM
1327 1458 1587 1488 ANIMALIBUS
1610 1459 1763 1489 BRUTIS

1200 1545 1210 1568 1
1230 1544 1311 1573 Sent„
1331 1544 1390 1568 dist.
1407 1551 1425 1574 1,
1444 1551 1489 1576 qu.
1507 1551 1542 1574 w,
1560 1549 1606 1567 art.
1629 1551 1650 1568 1.

370 1652 379 1667 -.
387 1654 430 1677 ,3
452 1654 461 1668 ι
474 1658 526 1679 Ιχ»
549 1645 572 1670 n
586 1644 775 1671 SECUNDUM
790 1645 843 1669 sm
861 1644 1098 1671 PROCEDITUR.
1114 1634 1271 1671 Videtur
1290 1634 1394 1682 quod

364 1669 451 1738 ςζῗίκ,
468 1666 526 1730 ’ἑὲ
549 1686 620 1723 frui
633 1685 880 1722 solummodo
895 1685 941 1722 sit
953 1686 1168 1734 hominum.
1179 1687 1278 1724 Dicit
1293 1688 1395 1724 enim

355 1732 410 1784 '5³‘
404 1734 473 1787 5²⁷„
486 1728 516 1781 ’ἢ
532 1738 792 1787 Augustinus,
808 1738 877 1775 inl
897 1737 942 1775 de
960 1738 1068 1776 Doct.
1094 1740 1225 1776 Christ.
1238 1739 1270 1787 ²¹⁸,
1291 1742 1395 1789 quod

360 1787 489 1835 ΧΨ)
506 1787 536 1828 Χ
549 1803 616 1828 nos
642 1791 810 1828 homines
837 1803 965 1828 sumus
993 1794 1056 1841 qui
1071 1793 1249 1841 fruimur
1267 1799 1302 1830 et
1328 1794 1395 1830 uti-

338 1843 436 1887 mur.
465 1845 557 1882 Non
585 1856 674 1892 ergo
703 1843 774 1880 alia
802 1843 980 1882 animalia
1007 1844 1078 1882 frui
1104 1853 1274 1894 possunt.

378 1909 428 1937 2.
457 1897 690 1942 PRAETEREA,
720 1897 791 1933 frui
820 1904 874 1933 est
901 1897 1021 1935 ultimi
1048 1898 1146 1935 finis.
1178 1898 1254 1935 Sed
1273 1900 1322 1936 ad
1342 1900 1397 1936 ul-

337 1936 475 2005 timum
501 1947 622 1994 finem
650 1962 731 1986 non
756 1957 915 1998 possunt
941 1951 1152 1999 pertingere
1180 1947 1289 1988 bruta
1319 1952 1396 1989 ani-

339 1996 464 2048 maiia.
494 2003 596 2050 Ergo
626 2014 759 2039 eorum
789 2014 869 2040 non
896 2011 952 2040 est
977 2003 1061 2040 frui.

395 2057 430 2094 3,
450 2055 682 2102 PRAETEREA,
703 2054 797 2091 sicut
818 2055 1004 2108 appetitus
1033 2056 1232 2093 sensitivus
1253 2065 1308 2094 est
1325 2057 1395 2093 sub

339 2107 578 2168 intellectivo,
606 2107 658 2144 ita
685 2107 872 2156 appetitus
900 2109 1076 2146 naturalis
1105 2116 1160 2146 est
1187 2110 1257 2146 sub
1281 2109 1397 2147 sensi-

339 2162 430 2199 tivo.
452 2154 501 2198 Si
527 2159 638 2213 igitur
663 2160 737 2197 frui
756 2165 774 2180 ‘²
800 2160 961 2209 pertinet
989 2162 1036 2198 ad
1060 2162 1268 2221 appetitum
1284 2163 1398 2199 sensi-

340 2215 475 2268 tivum,
490 2213 640 2251 videtur
658 2213 762 2262 quod
781 2213 871 2261 pari
881 2213 1026 2252 ratione
1045 2214 1163 2264 possit
1182 2215 1231 2259 ad
1250 2223 1397 2252 natura-

339 2262 425 2319 lem.
435 2266 635 2315 pertinere.
657 2265 774 2312 Quod
792 2273 895 2313 patet
910 2279 992 2303 esse
1008 2267 1161 2304 falsum:
1170 2266 1271 2326 quia
1290 2267 1369 2304 eius
1385 2266 1399 2297 β

340 2331 420 2359 non
439 2326 496 2356 est
514 2317 700 2357 delectari.
728 2318 830 2366 Ergo
850 2317 1036 2368 appetitus
1057 2316 1224 2357 sensitivi
1247 2332 1326 2358 non
1345 2328 1400 2361 est

340 2362 424 2412 frui.
453 2371 502 2414 Et
529 2369 580 2410 ita
606 2382 684 2408 non
714 2370 893 2408 convenit
919 2371 1037 2408 brutis
1065 2370 1331 2413 animalibus.

369 2420 469 2463 SED
498 2435 643 2463 CONTRA
670 2435 737 2460 Esr
755 2421 874 2472 quod
879 2424 1112 2472 Augustinus
1130 2424 1254 2472 dicits
1244 2437 1285 2462 ιιι
1303 2404 1399 2463 libro

347 2466 544 2526 Octoginta
566 2476 702 2515 trium
713 2476 869 2518 Quaest.
895 2475 933 2513 *.
961 2477 1057 2514 Frui
1083 2478 1230 2527 quidem
1258 2478 1338 2515 cibo
1367 2485 1402 2529 et

226 2571 230 2578 ⁴
289 2566 291 2571 ,
341 2527 505 2584 qualibet
517 2528 708 2578 corporali
718 2529 917 2577 voluptate,
927 2541 1000 2567 non
1012 2531 1172 2568 absurde
1185 2531 1400 2568 existiman-

103 2650 116 2661 ⁸
129 2649 182 2671 Art.
196 2649 302 2677 praeced.

343 2589 420 2622 tur
431 2588 468 2630 et
493 2582 639 2619 bestiae.

381 2624 622 2676 ΒὲεΡοΝυΕο
651 2646 834 2683 DmENUUM
853 2634 970 2683 quod,
990 2635 1085 2672 sicut
1104 2649 1149 2672 ex
1167 2636 1367 2687 praedictis
1379 2636 1399 2658 ’¹‘

343 2677 516 2735 habetur,
537 2687 608 2725 frui
626 2700 717 2727 ιιοιι
726 2695 782 2737 est
799 2695 903 2725 actus
930 2688 1120 2736 potentiae
1147 2689 1401 2737 pervenientis

345 2741 394 2779 ad
421 2717 540 2778 finem
577 2740 671 2792 sicut
705 2740 939 2789 exequentis,
968 2741 1035 2778 sed
1062 2742 1252 2790 potentiae
1281 2742 1401 2791 impe-

346 2794 459 2832 rantis
493 2788 774 2830 executionem:
810 2791 951 2830 dictum
985 2801 1041 2831 est
1075 2794 1176 2831 enim
1209 2795 1315 2854 quod
1348 2803 1403 2832 est

346 2846 575 2897 appetitivae
600 2846 802 2895 potentiae.
833 2847 1006 2894 Intrebus
1035 2855 1162 2885 autem
1189 2848 1400 2896 cognitione

347 2900 560 2938 carentibus
588 2899 776 2936 invenitur
812 2899 966 2948 quidem
995 2901 1172 2950 potentia*
1188 2901 1402 2950 pertingens

347 2954 396 2992 ad
409 2954 528 2991 finem
542 2964 610 3001 per
628 2951 789 2989 modum
810 2953 1038 3000 exequentis‚
1055 2953 1150 2990 sicut
1167 2965 1244 3001 qua
1257 2959 1274 2982 Τ
1287 2966 1401 3002 grave

347 3006 466 3044 tendit
490 3006 668 3043 deorsum
698 3012 734 3041 et
758 3005 841 3042 leve
875 3018 1037 3042 sursum.
1068 3007 1144 3043 Sed
1167 3007 1335 3055 potentia
1353 3007 1401 3043 ad

347 3072 463 3108 quam
483 3058 667 3107 pertineat
680 3056 693 3079 δ
713 3058 799 3094 finis
814 3071 881 3106 per
904 3058 1065 3095 modum
1080 3059 1308 3107 imperantis,
1325 3072 1402 3096 non

348 3112 540 3149 invenitur
562 3111 600 3148 in
628 3111 698 3156 eis;
728 3111 794 3147 sed
823 3111 860 3147 in
888 3111 1011 3159 aliqua
1040 3112 1223 3160 superiori
1251 3119 1400 3158 natura,

349 3178 447 3214 quae
461 3164 515 3201 sic
529 3172 660 3201 movet
673 3172 791 3200 totam
811 3171 983 3201 natu-ram
999 3177 1067 3213 per
1080 3164 1298 3213 imperium,
1310 3165 1404 3204 sieut

348 3218 387 3255 in
414 3217 638 3254 habentibus
667 3216 919 3264 cognitionem
948 3217 1133 3266 appetitus
1161 3224 1291 3254 movet
1312 3217 1401 3255 alias

402 3339 511 3372 cz)sru1'.
530 3338 659 3372 —fruitio
679 3339 787 3363 codices.

403 3374 428 3406 β)
448 3374 513 3399 eius.
532 3387 550 3392 -
568 3374 630 3398 Om.
645 3373 672 3398 Ρ.

402 3410 429 3443 γ)
448 3410 516 3434 sicut
533 3417 594 3441 qua.
611 3423 629 3428 -
647 3409 716 3433 sicut
734 3415 810 3433 omne
828 3409 858 3439 L,
877 3409 948 3441 quod
967 3409 999 3437 H,
1018 3409 1085 3433 sicut
1104 3410 1150 3432 Ρα.

1450 1633 1637 1681 potentias
1652 1634 1700 1670 ad
1716 1645 1805 1670 suos
1820 1641 1935 1670 actus.
1951 1633 2062 1670 Unde
2076 1634 2315 1672 manifestum
2331 1644 2385 1672 est
2398 1637 2502 1684 quod

1451 1685 1490 1722 in
1509 1685 1567 1722 his
1585 1698 1683 1735 quae
1703 1685 1915 1733 cognitione
1936 1694 2074 1732 carent,
2099 1688 2274 1734 quamvis
2293 1689 2503 1736 pertingant

1450 1739 1499 1776 ad
1526 1738 1658 1785 finem,
1687 1751 1766 1776 non
1791 1738 1981 1787 invenitur
2008 1738 2130 1776 fruitio
2159 1740 2262 1786 finis;
2292 1742 2359 1778 sed
2378 1743 2502 1778 solum

1451 1791 1489 1828 in
1516 1791 1573 1828 his
1602 1803 1698 1840 quae
1728 1790 1981 1840 cognitionem
2009 1791 2160 1829 habent.

1505 1843 1581 1880 Sed
1597 1843 1759 1892 cognitio
1774 1843 1861 1880 finis
1881 1851 1936 1880 est
1949 1844 2103 1893 duplex:
2123 1845 2300 1893 perfecta,
2317 1854 2352 1882 et
2365 1846 2502 1896 imper-

1451 1896 1558 1933 fecta.
1580 1897 1749 1934 Perfecta
1763 1896 1932 1945 quidem,
1948 1909 2023 1944 qua
2037 1909 2115 1933 non
2130 1898 2253 1936 solum
2269 1901 2504 1947 cognoscitur

1451 1948 1490 1986 id
1508 1949 1614 1998 quod
1642 1957 1698 1986 est
1724 1949 1810 1986 finis
1840 1957 1876 1985 et
1902 1950 2059 1995 bonum,
2080 1950 2148 1987 sed
2171 1948 2502 1990 universalis'ratio

1451 2001 1536 2038 finis
1565 2009 1602 2038 et
1628 2001 1736 2038 boni:
1757 2009 1793 2038 et
1810 2001 1892 2038 talis
1920 2002 2080 2049 cognitio
2110 2010 2164 2040 est
2183 2003 2298 2041 solius
2317 2005 2504 2042 rationalis

1452 2061 1620 2091 naturae.
1657 2054 1880 2102 Imperfecta
1907 2062 2034 2092 autem
2063 2055 2223 2102 cognitio
2259 2064 2313 2094 est
2340 2070 2414 2106 qua
2443 2071 2504 2095 co-

1452 2106 1643 2154 gnoscitur
1669 2106 1940 2156 particulariter
1965 2106 2051 2145 finis
2081 2113 2142 2144 ete
2170 2109 2331 2147 bonum:
2361 2118 2396 2148 et
2423 2111 2504 2148 talis

1454 2158 1615 2206 cognitio
1645 2167 1700 2207 est
1725 2159 1765 2198 in
1792 2160 1909 2196 brutis
1929 2160 2164 2198 animalibus.
2195 2162 2370 2208 Quorum
2391 2163 2504 2201 etiam

1452 2211 1607 2249 virtutes
1635 2210 1860 2260 appetitivae
1879 2225 1958 2253 non
1986 2220 2072 2249 sunt
2090 2213 2316 2262 imperantes
2333 2216 2449 2253 libere
2463 2217 2504 2263 *3

1453 2264 1521 2301 sed
1545 2263 1756 2302 secundum
1785 2265 1993 2302 naturalem
2020 2265 2236 2303 instinctum
2254 2269 2303 2304 ad
2337 2281 2381 2314 ea
2409 2282 2505 2318 quae

1455 2314 1790 2376 apprehenduntur
1809 2316 1837 2364 ζ,
1867 2325 2080 2358 moventur.
2110 2319 2219 2357 Unde
2247 2311 2415 2358 rationali
2442 2335 2506 2358 na-

1454 2376 1560 2410 turae
1581 2370 1759 2407 convenit
1785 2369 1908 2407 fruitio
1937 2371 2148 2409 secundum
2175 2372 2359 2423 rationem
2388 2376 2507 2423 perfe-

1457 2429 1573 2463 ctam:
1585 2423 1702 2460 brutis
1717 2429 1844 2460 autem
1859 2423 2082 2463 animalibus
2097 2425 2307 2462 secundum
2322 2427 2506 2465 rationem

1454 2469 1733 2525 imperfectam:
1764 2474 1856 2513 aliis
1870 2484 1997 2514 autem
2026 2478 2202 2515 creaturis
2227 2479 2329 2515 nullo
2348 2481 2478 2518 modo.

1507 2529 1566 2565 AD
1604 2540 1741 2565 PRIMUM
1776 2540 1874 2566 ERGO
1915 2541 2109 2576 ιιιεΕΝιιυΜ,
2134 2531 2237 2579 quod
2277 2533 2506 2580 Augustinus

1454 2581 1621 2629 loquitur
1649 2582 1694 2618 de
1724 2581 1896 2619 fruitione
1923 2582 2100 2634 perfecta.

1508 2635 1567 2670 An
1594 2646 1784 2671 SECUNDUM
1803 2646 1986 2672 mCENDUM
2013 2631 2117 2684 quod
2139 2647 2218 2672 non
2236 2624 2384 2695 oportet
2403 2638 2506 2686 quod

1456 2686 1579 2724 fruitio
1609 2686 1655 2724 sit
1680 2685 1799 2723 ultimi
1826 2686 1912 2724 finis
1932 2685 2172 2739 simpliciter:
2202 2687 2269 2725 sed
2297 2689 2375 2726 eius
2403 2691 2507 2739 quod

1455 2739 1616 2776 habetur
1643 2739 1691 2776 ab
1718 2738 1953 2789 unoquoque
1979 2752 2050 2788 pro
2077 2739 2209 2778 ultimo
2237 2741 2327 2778 fine.

1508 2794 1567 2828 AD
1595 2803 1753 2828 TERTIUM
1781 2804 1962 2829 mCENDUM
1982 2793 2086 2852 quod
2105 2787 2290 2841 appetitus
2309 2795 2506 2832 sensitivus

1457 2845 1699 2894 consequitur
1716 2844 1880 2892 aliquam
1901 2846 2170 2893 cognitionem:
2199 2859 2276 2884 non
2296 2854 2421 2884 autem
2442 2860 2507 2896 ap-

1455 2898 1592 2946 petitus
1611 2897 1800 2943 naturalis,
1829 2898 2028 2946 praecipue
2056 2906 2168 2946 prout
2187 2906 2242 2935 est
2263 2899 2300 2935 in
2318 2899 2375 2935 his
2407 2912 2505 2949 quae

1457 2951 1669 2998 cognitione
1698 2958 1836 2987 carent.

1510 3005 1568 3040 An
1597 3015 1768 3046 QUARTUM
1791 3002 1811 3023 ’¹‘
1838 3014 2036 3050 DlOENDUM,
2066 3002 2171 3051 quod
2197 3004 2428 3051 Augustinus
2455 3005 2506 3041 ibi

1457 3056 1621 3103 loquitur
1650 3056 1695 3092 de
1729 3055 1901 3091 fruitione
1935 3055 2163 3103 imperfecta.
2198 3057 2313 3103 Quod
2347 3069 2391 3093 ex
2423 3057 2505 3106 ipso

1459 3110 1576 3146 modo
1596 3107 1775 3156 loquendi
1796 3115 1967 3156 apparet:
1989 3108 2075 3144 dicit
2094 3109 2194 3145 enim
2215 3110 2318 3158 quod
2326 3111 2414 3156 frui
2433 3122 2505 3146 non

1457 3162 1550 3199 adeo
1569 3161 1729 3199 absurde
1753 3161 2013 3197 existimantur
2036 3167 2071 3197 et
2093 3162 2238 3210 bestiae,
2260 3162 2397 3199 scilicet
2416 3163 2507 3199 sicut

1456 3215 1509 3251 uti
1537 3213 1804 3262 absurdissime
1833 3213 2055 3250 dicerentur.

1511 3336 1535 3369 δ)
1551 3337 1694 3368 pertineat.
1712 3350 1731 3355 —-
1744 3337 1864 3367 pertinet
1883 3337 1928 3360 Ρα.

1512 3374 1534 3402 ε)
1553 3375 1586 3396 et.
1604 3385 1623 3391 -
1640 3375 1689 3396 aut
1706 3371 1815 3396 codices.

1510 3408 1536 3439 ζ)
1554 3407 1797 3439 apprehenduntur.
1814 3419 1834 3426 —
1850 3406 2053 3439 apprehendunt
2071 3406 2149 3430 PEsD
2169 3411 2192 3430 et
2209 3412 2235 3429 a.

2535 2230 2541 2236 '
2557 2229 2584 2250 D.
2599 2234 2649 2255 724-

2534 3019 2541 3026 ·
2557 3018 2613 3044 Arg.
2628 3016 2678 3038 Sed
2688 3022 2742 3037 con-

2534 3045 2580 3064 tra.
