2852 4152
0 707 7 806 —..v.‹-··—
0 619 6 693 -ν-ι

6 3567 25 3894 ἔ

993 266 1256 315 QUAESTtO
1286 266 1464 312 xxxw,
1493 263 1787 302 ARTicULUs
1816 264 1830 299 1

800 467 1207 543 QUAESTIO
1246 461 2040 540 TRIGESIMAQUARTA

582 588 615 600 “’
655 593 745 633 DE
784 594 1121 634 BONITATE
1159 595 1241 634 ET
1284 593 1563 634 MALITIA
1603 589 2181 632 DELECTATIONUM

1119 709 1152 734 IN
1183 709 1355 740 QUATUOR
1382 708 1584 734 ARTICULOS
1612 708 1728 733 DlVISA

419 814 526 839 amon
557 802 876 840 considerandum
903 810 958 839 est
983 803 1029 840 de
1058 803 1224 840 bonitate
1254 810 1289 839 et
1315 814 1393 838 ma-

419 855 495 891 litia
524 854 816 892 delectationum
835 855 866 892 ⁹⁸.

337 908 386 944 Et
414 907 512 944 circa
540 908 614 944 hoc
643 916 875 957 quaeruntur
902 915 1076 956 quatuor.

390 960 538 997 Primo:
568 967 695 997 utrum
725 961 848 998 omnis
877 960 1072 997 delectatio
1101 959 1146 996 sit
1174 960 1283 996 mala.

392 1013 592 1051 Secundo:
623 1013 710 1050 dato
741 1014 844 1062 quod
873 1025 962 1060 non,
982 1020 1108 1049 utrum
1138 1012 1262 1049 omnis
1291 1011 1391 1048 dele-

445 1065 556 1102 ctatio
586 1065 632 1102 sit
659 1065 772 1102 bona.

97 861 214 910 rain
227 866 294 888 ¹¹¹

1503 819 1654 855 Tertio:
1684 826 1811 855 utrum
1841 818 1966 867 aliqua
1985 816 2182 854 delectatio
2203 816 2248 852 sit
2267 815 2454 864 optimum
2474 821 2502 852 ².
2629 818 2648 835 ⁰¹

1504 896 1668 942 Quarto:
1697 902 1824 931 utrum
1854 893 2051 931 delectatio
2081 893 2126 930 sit
2154 905 2331 930 mensura
2358 893 2420 937 vel
2449 905 2505 928 re·

1557 972 1643 1019 gula
1676 971 1887 1008 secundum
1923 983 2039 1018 quam
2068 970 2251 1008 iudicetur
2277 971 2424 1007 bonum
2443 970 2505 1006 vel

1558 1049 1702 1085 malum
1731 1049 1768 1085 in
1796 1047 2015 1085 moralibus.

1147 1172 1464 1215 ARTICULUS
1494 1172 1700 1214 PRIMUS
1775 1222 1779 1225 ,

998 1265 1154 1296 UTRUM
1177 1264 1308 1295 OMNIS
1331 1263 1612 1295 DELECTATIO
1637 1264 1703 1295 SIT
1726 1264 1847 1294 MALA

746 1352 779 1376 1v
799 1351 880 1381 Sene„
901 1351 958 1375 dist.
977 1359 1041 1380 mx,
1061 1359 1104 1383 qu.
1123 1358 1160 1381 ιιι,
1179 1355 1226 1375 art.
1244 1358 1269 1381 4,
1289 1351 1334 1383 qu·
1359 1357 1384 1380 1;
1403 1350 1448 1374 Vll
1469 1350 1564 1380 Ethic„
1584 1351 1641 1375 lect.
1660 1359 1693 1380 xi,
1711 1358 1760 1382 x11;
1779 1351 1810 1380 X,
1831 1352 1888 1375 lect.
1906 1358 1924 1381 1,
1942 1358 1979 1381 m,
1998 1358 2031 1382 w,
2049 1359 2103 1376 vm.

396 1437 466 1494 ῖῖ
473 1452 572 1500 κΓΙ)
601 1450 738 1476 ΡιιιΜιιΜ
765 1450 818 1474 sm
846 1449 1084 1475 Ριιοεεῡιτυιι.
1104 1436 1263 1473 Videtur
1293 1436 1396 1495 quod

368 1468 525 1549 '5³2⁴‘
551 1490 674 1528 omnis
709 1489 906 1527 delectatio
936 1487 982 1526 sit
1017 1489 1128 1525 mala.
1159 1489 1254 1525 Illud
1293 1488 1396 1525 enim

358 1533 404 1589 ,γ’
418 1558 475 1587 ν,
492 1540 655 1602 {quod
675 1542 881 1590 corrumpit
898 1541 1152 1590 prudentiam,
1177 1548 1214 1577 et
1241 1541 1398 1589 impedit

361 1589 370 1595 .
396 1587 706 1635 >rat10n1s
732 1607 867 1642 usum,
895 1594 1045 1631 videtur
1074 1605 1156 1630 esse
1185 1593 1395 1630 secundum

340 1660 381 1684 se
413 1648 581 1686 malum:
606 1648 695 1696 quia
731 1649 878 1685 bonum
910 1646 1075 1684 hominis
1109 1653 1164 1682 est
1194 1646 1397 1682 secundum

339 1700 523 1738 rationem
552 1713 652 1746 esse,
681 1708 724 1737 ut
751 1700 958 1748 Dionysius
986 1699 1086 1745 dicit,
1114 1699 1154 1735 in
1182 1710 1216 1735 ιν
1244 1711 1325 1746 cap.
1354 1699 1399 1734 de

340 1753 428 1790 Diu.
457 1754 574 1791 Nom.
603 1753 623 1775 ³⁸
653 1753 730 1790 Sed
764 1752 960 1790 delectatio
995 1751 1203 1799 corrumpit
1232 1751 1398 1799 pruden-

339 1805 442 1853 tiam,
464 1814 500 1843 et
527 1806 685 1855 impedit
712 1806 866 1842 rationis
893 1817 1027 1841 usum:
1059 1811 1095 1840 et
1122 1811 1226 1840 tanto
1255 1803 1396 1851 magis,

340 1866 482 1908 quanto
512 1859 779 1896 delectationes
813 1865 899 1895 sunt
926 1857 1102 1894 maiores.
1131 1857 1243 1894 Unde
1272 1857 1308 1892 in
1337 1856 1400 1892 de-

119 1927 175 1935 ψ·
341 1910 594 1948 lectationihus
612 1911 790 1956 venereis,
811 1923 909 1959 quae
929 1918 1015 1946 sunt
1042 1909 1242 1955 maximae,
1263 1909 1398 1957 impos-

101 1969 248 2020 ἐτξ-Μ
193 1975 225 1998 u,
235 1975 258 1992 ¹¹
267 1976 313 1996 4--
339 1963 444 2000 sibile
459 1970 514 2001 est
529 1964 672 2012 ahquid
685 1963 901 2013 intelligere,
916 1970 958 1999 ut
974 1961 1128 2000 dicitur
1120 1974 1158 1998 in
1171 1938 1242 1998 V11'
1255 1961 1399 1998 Ethicfl‘

102 2021 312 2072 Wffifflg·
341 2017 391 2053 Et
418 2017 679 2065 Hieronymus
699 2016 811 2052 etiam
837 2015 935 2062 dicit,
955 2027 1068 2063 super
1085 2015 1221 2051 Matth.
1242 2013 1273 2060 ²⁸,
1294 2014 1398 2063 quod

101 2073 314 2128 ¹332„ssssng
342 2068 404 2106 illo
433 2075 599 2118 tempore
617 2081 690 2117 quo
717 2068 934 2118 coniugales
958 2074 1062 2105 actus
1079 2073 1275 2117 geruntur,
1285 2078 1398 2114 prae-

259 2107 301 2148 ffi.
341 2122 459 2159 sentia
487 2123 616 2159 Sancti
642 2122 800 2170 Spiritus
827 2133 901 2157 non
930 2121 1089 2166 dabitur,
1114 2120 1226 2156 etiam
1253 2120 1286 2156 si
1306 2131 1397 2167 pro-

336 2175 451 2223 pheta
479 2187 556 2212 esse
582 2175 754 2211 videatur
777 2174 842 2222 qui
868 2174 992 2221 officio
1014 2172 1267 2223 generationis
1295 2173 1399 2209 obse-

342 2228 477 2275 quitur.
499 2228 600 2275 Ergo
631 2227 827 2264 delectatio
857 2233 912 2262 est
931 2226 1142 2263 secundum
1171 2236 1210 2261 se
1239 2225 1396 2261 malum.

343 2280 444 2328 Ergo
474 2280 599 2316 omnis
629 2279 824 2316 delectatio
854 2279 966 2315 mala.

398 2344 432 2368 2.
462 2333 708 2379 PRAETEREA,
737 2331 829 2368 illud
861 2331 966 2379 quod
995 2330 1086 2378 fugit
1115 2329 1332 2376 virtuosus,
1363 2337 1399 2365 et

202 2383 218 2418 β
341 2384 584 2434 prosequitur
612 2384 790 2422 deficiens
810 2381 825 2412 β
844 2395 867 2420 a
891 2383 1039 2430 virtute,
1059 2382 1211 2420 videtur
1239 2394 1320 2418 esse
1341 2394 1398 2418 se-

343 2437 512 2475 cundum
542 2450 581 2474 se
610 2437 772 2483 malum,
803 2443 839 2472 et
866 2435 1107 2483 fugiendum:
1136 2435 1244 2483 quia,
1272 2442 1315 2471 ut
1343 2434 1396 2471 di-

308 2503 314 2523 =
343 2489 438 2527 citur
463 2490 503 2527 in
531 2491 567 2526 X
593 2490 712 2530 Ethic.
739 2489 770 2536 ³¹⁸,
796 2489 983 2526 virtuosus
1006 2494 1061 2524 est
1086 2488 1196 2535 quasi
1220 2499 1398 2524 mensura

291 2554 315 2576 ι)-
343 2549 380 2580 et
395 2542 531 2592 regula
549 2543 803 2579 humanorum
823 2546 992 2585 actuum;
1012 2548 1049 2577 et
1066 2541 1274 2588 Apostolus
1298 2540 1396 2586 dicit,

309 2590 315 2622 ἶ
344 2597 359 2632 I
378 2595 430 2632 ad
447 2595 534 2632 Cor.
555 2607 578 2631 11
593 2594 629 2631 *ε
651 2594 861 2642 Spiritualis
879 2594 1017 2630 iudicat
1034 2593 1173 2629 omnia.
1196 2593 1272 2630 Sed
1291 2593 1398 2641 pueri

345 2655 382 2684 et
398 2647 552 2694 bestiae,
572 2647 612 2684 in
630 2647 768 2695 quibus
787 2657 866 2682 non
895 2653 950 2682 est
966 2645 1097 2690 virtus,
1117 2653 1399 2693 prosequuntur

345 2699 633 2737 delectationes:
662 2698 753 2746 fugit
781 2705 908 2734 autem
938 2709 1002 2734 eas
1029 2704 1271 2745 temperatus.
1297 2698 1398 2745 Ergo

345 2751 612 2789 delectationes
623 2750 835 2788 secundum
846 2763 887 2786 se
898 2757 984 2787 sunt
994 2750 1128 2797 malae,
1141 2757 1176 2786 et
1186 2749 1398 2797 fugiendae.

399 2805 434 2841 3.
456 2805 687 2850 PRAETEREA,
712 2804 829 2839 virtus
856 2808 893 2839 et
917 2814 981 2839 ars
1006 2807 1093 2839 sunt
1117 2803 1218 2839 circa
1246 2802 1400 2851 difficile

233 2869 317 2885 ΜΟ·-
344 2862 380 2894 et
405 2857 557 2902 bonum,
576 2863 619 2892 ut
642 2855 774 2892 dicitur
801 2855 839 2892 in
863 2856 895 2891 II
923 2855 1042 2892 Ethic.
1066 2855 1086 2877 '¹‘
1106 2855 1182 2892 Sed
1210 2855 1311 2892 nulla
1339 2867 1399 2892 ars

297 2904 303 2910 ’
345 2908 519 2946 ordinata
537 2916 592 2945 est
606 2909 654 2945 ad
675 2907 973 2945 delectationem.
990 2908 1092 2955 Ergo
1108 2907 1304 2944 delectatio
1320 2920 1399 2944 non

346 2969 401 2998 est
428 2961 569 3010 aliquid
597 2961 767 2998 bonum.-

101 1759 111 1769 ·
117 1757 189 1783 831).
197 1757 250 1780 lect.
255 1763 314 1779 xxxx.

129 3025 217 3052 vena.
397 3015 472 3050 SED
501 3025 646 3051 CONTRA
674 3025 739 3050 EST
767 3012 872 3060 quod
890 3012 928 3049 in
955 3012 1108 3049 Psalmo
1134 3024 1242 3048 xxxvl
1260 3011 1280 3033 ‘¹‘
1309 3012 1399 3049 dici-

343 3074 423 3103 tur:
449 3066 647 3103 Delectare
674 3066 712 3102 in
739 3065 916 3102 Domino.
947 3065 1045 3101 Cum
1080 3064 1187 3112 igitur
1224 3065 1271 3101 ad
1308 3064 1399 3101 nihil

201 3129 218 3155 t
344 3118 433 3156 mali
461 3123 477 3146 Ὺ
505 3118 706 3155 auctoritas
743 3117 872 3155 divina
906 3117 1078 3164 inducat,
1106 3116 1258 3154 videtur
1294 3116 1405 3166 quod—

344 3184 423 3210 non
451 3171 576 3208 omnis
605 3171 800 3208 delectatio
830 3170 876 3207 sit
903 3170 1014 3207 mala.

376 3225 621 3261 ›RESPONDEO
649 3235 832 3260 montinum
860 3222 982 3270 quod,
1011 3222 1104 3259 sicut
1137 3221 1270 3259 dicitur
1296 3221 1336 3258 in
1363 3223 1398 3258 X

106 3281 225 3335 “Cy-,¹3¹⁰
235 3287 316 3329 2⁸53»
342 3277 462 3313 Ethic.
480 3277 512 3323 ¹⁵,
528 3276 642 3325 aliqui
655 3283 866 3324 posuerunt
881 3287 1016 3312 omnes
1035 3274 1300 3312 delectationes
1317 3286 1399 3312 esse

105 3321 268 3388 {ffilffiwgg'g
279 3323 316 3382 ξῑῖ
344 3330 475 3367 malas.
506 3328 623 3366 Cuius
651 3328 744 3366 ratio
776 3328 926 3366 videtur
953 3327 1083 3374 fuisse,
1113 3327 1200 3375 quia
1226 3327 1399 3364 intentio-

244 3376 284 3434 ,ἐ
344 3394 434 3420 nem
464 3393 573 3419 suam
593 3381 804 3418 referebant
831 3381 880 3418 ad
899 3381 997 3418 solas
1026 3379 1292 3417 delectationes
1317 3392 1399 3417 sen-

398 3495 426 3528 α)
445 3495 581 3528 optimum.
600 3509 618 3514 —
636 3494 736 3527 optima
755 3494 801 3520 Pa.

397 3529 423 3563 β)
443 3530 571 3564 deficiens.
589 3544 607 3549 —
625 3530 721 3562 aliquis
740 3529 862 3562 deficiens
881 3529 927 3554 Pa.

397 3565 425 3600 γ)
444 3566 510 3591 nihil
528 3565 601 3591 mali.
618 3578 636 3585 -
654 3565 755 3590 nullum
774 3565 872 3589 malum
891 3565 922 3596 K,
942 3564 1007 3590 nihil
1025 3564 1122 3589 malum
1142 3564 1226 3589 ceteri.

1452 1436 1577 1474 sibiles
1598 1445 1634 1474 et
1654 1439 1881 1486 corporales,
1902 1451 2000 1486 quae
2021 1446 2107 1475 sunt
2126 1439 2246 1487 magis
2265 1439 2506 1476 manifestae:

1451 1501 1542 1525 nam
1572 1497 1607 1525 et
1635 1489 1673 1526 in
1701 1490 1832 1527 ceteris
1855 1491 2096 1538 intelligibilia
2123 1503 2146 1528 a
2173 1492 2410 1528 sensibilibus
2443 1504 2507 1529 an-

1451 1541 1544 1590 tiqui
1557 1542 1774 1590 philosophi
1789 1555 1868 1579 non
1887 1543 2174 1590 distinguebant,
2191 1557 2262 1580 nec
2280 1544 2508 1581 intellectum

1453 1606 1474 1630 a
1503 1606 1628 1641 sensu,
1648 1602 1690 1630 ut
1718 1594 1852 1631 dicitur
1870 1595 1908 1631 in
1936 1595 2030 1631 libro
2059 1596 2104 1631 de
2122 1597 2261 1633 Anima
2285 1596 2315 1633 ²¹⁸.
2336 1598 2509 1633 Delecta·
2536 1601 2683 1649 gfff-¹13}
2696 1607 2746 1649 effig-

1454 1646 1595 1683 ctiones
1616 1654 1742 1683 autem
1772 1648 1988 1695 corporales
2008 1647 2283 1685 arbitrabantur
2305 1649 2508 1686 dicendum
2537 1643 2637 1675 ¹05¹·iv3
2686 1643 2692 1649 ⁸
2741 1643 2747 1650 ⁵

1454 1711 1589 1736 omnes
1610 1711 1691 1736 esse
1711 1699 1841 1746 malas,
1858 1707 1899 1736 ut
1919 1700 1972 1736 sic
1990 1700 2179 1747 homines,
2196 1701 2260 1749 qui
2281 1701 2329 1738 ad
2349 1702 2510 1738 delecta-

1453 1752 1575 1788 tiones
1603 1752 1874 1789 immoderatas
1898 1760 1985 1789 sunt
2011 1753 2134 1801 proni,
2156 1765 2178 1789 a
2203 1754 2510 1791 delectationibus

1454 1817 1494 1841 se
1514 1806 1756 1851 retrahentes,
1780 1805 1828 1841 ad
1856 1805 2028 1841 medium
2056 1805 2202 1842 virtutis
2230 1806 2464 1854 perveniant.
2486 1828 2510 1834 —

1454 1858 1530 1894 Sed
1558 1858 1653 1894 haec
1686 1857 1908 1894 existimatio
1937 1870 2015 1894 non
2042 1858 2110 1894 fuit
2144 1859 2387 1896 conveniens.
2409 1860 2510 1896 Cum

1455 1910 1555 1946 enim
1584 1910 1708 1947 nullus
1727 1910 1845 1958 possit
1871 1910 2002 1947 vivere
2031 1911 2110 1947 sine
2135 1911 2260 1960 aliqua
2288 1911 2454 1948 sensibili
2475 1920 2510 1948 et

1454 1963 1639 2011 corporali
1669 1962 1937 2010 delectatione,
1963 1963 1992 2000 si
2021 1963 2069 2000 illi
2098 1964 2162 2012 qui
2200 1964 2337 2001 docent
2374 1977 2510 2002 omnes

1454 2015 1722 2052 delectationes
1751 2027 1834 2052 esse
1862 2016 1993 2063 malas,
2016 2016 2347 2064 deprehendantur
2366 2017 2509 2065 aliquas

1454 2068 1722 2104 delectationes
1750 2068 1955 2117 suscipere3
1988 2069 2108 2116 magis
2135 2069 2311 2106 homines
2331 2070 2380 2106 ad
2408 2069 2509 2106 dele-

1454 2121 1635 2157 ctationes
1655 2128 1764 2158 erunt
1781 2121 1969 2170 proclives
1990 2123 2164 2170 exemplo
2182 2134 2356 2170 operum,
2371 2123 2510 2159 verbo-

1454 2185 1538 2210 rum
1557 2173 1726 2210 doctrina
1745 2174 2023 2222 praetermissa.
2045 2176 2087 2210 ln
2107 2175 2389 2222 operationibus
2409 2175 2510 2211 enim

1454 2233 1490 2262 et
1507 2226 1747 2274 passionibus
1766 2226 1955 2274 humanis,
1976 2226 2014 2263 in
2033 2227 2171 2274 quibus
2187 2227 2415 2276 experientia
2428 2228 2510 2276 plu-

1454 2278 1595 2314 rimum
1613 2279 1724 2325 valet,
1740 2278 1859 2326 magis
1879 2286 2039 2315 movent
2053 2280 2227 2327 exempla
2247 2292 2362 2328 quam
2377 2280 2508 2316 verba.

1507 2331 1724 2367 Dicendum
1754 2338 1809 2367 est
1837 2343 1925 2378 ergo
1956 2331 2099 2379 aliquas
2128 2332 2395 2369 delectationes
2429 2344 2510 2369 esse

1454 2384 1588 2430 bonas,
1609 2391 1645 2420 et
1664 2383 1808 2431 aliquas
1837 2395 1918 2420 esse
1937 2381 1950 2405 δ
1970 2385 2101 2421 malas.
2122 2385 2190 2421 Est
2219 2385 2319 2421 enim
2350 2385 2510 2422 delecta·
2639 2390 2653 2415 ὃ

1455 2436 1527 2473 ctio
1565 2436 1673 2484 quies
1710 2436 1938 2485 appetitivae
1980 2437 2126 2474 virtutis
2162 2437 2201 2474 in
2242 2437 2368 2486 aliquo
2406 2438 2509 2474 bono

1455 2495 1593 2535 amam,
1612 2496 1648 2525 et
1663 2501 1902 2538 consequens
1922 2489 2087 2538 aliquam
2104 2490 2377 2538 operationem.
2398 2491 2509 2527 Unde

1453 2541 1566 2578 huius
1595 2541 1688 2578 ratio
1714 2541 1852 2590 duplex
1880 2542 1999 2590 accipi
2018 2549 2153 2590 potest.
2173 2543 2260 2579 Una
2287 2542 2443 2590 quidem
2465 2554 2510 2578 ex

1452 2602 1559 2642 parte
1594 2594 1685 2630 boni
1713 2593 1752 2630 in
1784 2606 1861 2642 quo
1895 2594 2028 2642 aliquis
2060 2594 2259 2642 quiescens
2292 2595 2508 2632 delectatur.

1454 2647 1608 2683 Bonum
1637 2647 1738 2683 enim
1768 2654 1804 2683 et
1831 2647 1975 2683 malum
2003 2646 2043 2683 in
2062 2647 2271 2684 moralibus
2300 2647 2434 2684 dicitur
2452 2659 2510 2684 se—

1455 2698 1622 2735 cundum
1649 2698 1754 2746 quod
1783 2699 1961 2735 convenit
1988 2699 2122 2736 rationi
2153 2700 2215 2736 vel
2245 2700 2433 2737 discordat
2460 2700 2509 2736 ab

1455 2762 1515 2797 ea,
1541 2758 1583 2787 ut
1610 2763 1725 2799 supra
1752 2750 1772 2772 '¹‘
1800 2751 1942 2788 dictum
1972 2759 2043 2788 est:
2074 2752 2168 2788 sicut
2195 2752 2234 2789 in
2262 2753 2374 2789 rebus
2402 2759 2509 2789 natu-
2537 2768 2547 2776 ·
2564 2767 2683 2794 Q.xvm
2707 2771 2740 2789 m

1455 2803 1593 2840 ralibus
1621 2803 1760 2852 aliquid
1794 2803 1928 2840 dicitur
1961 2805 2130 2841 naturale
2159 2817 2204 2842 ex
2233 2817 2278 2841 eo
2310 2806 2415 2853 quod
2443 2817 2508 2842 na·
2537 2799 2557 2821 ⁵'

1453 2863 1558 2892 turae
1587 2856 1785 2903 convenit,
1814 2856 2022 2893 innaturale
2050 2869 2144 2894 vero
2174 2870 2219 2894 ex
2247 2870 2293 2894 eo
2323 2858 2427 2905 quod
2454 2865 2510 2894 est

1454 2920 1476 2944 a
1503 2916 1637 2945 natura
1666 2908 1885 2946 discordans
1913 2914 1936 2946 ⁸.
1959 2909 2064 2946 Sicut
2086 2909 2195 2957 igitur
2221 2910 2259 2947 in
2277 2909 2509 2947 naturalibus
2637 2932 2648 2948 ε

1455 2968 1510 2998 est
1537 2962 1726 3009 quaedam
1754 2961 1860 3010 quies
1889 2962 2077 3009 naturalis,
2103 2974 2202 3011 quae
2230 2963 2369 3000 scilicet
2397 2970 2453 2999 est
2469 2963 2508 3003 in

1455 3025 1501 3049 eo
1526 3012 1662 3060 <quod
1691 3014 1870 3051 convenit
1897 3022 2064 3062 naturae,
2084 3023 2125 3051 ut
2145 3027 2231 3052 cum
2261 3027 2376 3063 grave
2404 3015 2508 3063 quie-
2635 3021 2651 3050 t

1455 3065 1522 3102 scit
1550 3065 1751 3111 deorsum3
1781 3074 1817 3103 et
1844 3066 2034 3114 quaedam
2061 3067 2297 3115 innaturalis,
2327 3080 2424 3116 quae
2454 3075 2510 3105 est

1454 3118 1493 3154 in
1522 3129 1567 3154 eo
1595 3119 1701 3166 quod
1728 3127 1911 3177 repugnat
1947 3127 2125 3167 naturae,
2154 3121 2249 3157 sicut
2277 3097 2365 3157 dum
2393 3132 2508 3168 grave

1455 3170 1613 3218 quiescit
1632 3183 1802 3207 sursum:
1831 3171 1881 3208 ita
1900 3179 1937 3208 et
1958 3171 1998 3209 in
2017 3173 2224 3210 moralibus
2244 3181 2300 3210 est
2317 3173 2508 3222 quaedam

1455 3223 1653 3260 delectatio
1682 3224 1795 3270 bona,
1816 3224 2028 3261 secundum
2057 3226 2163 3273 quod
2183 3226 2370 3275 appetitus
2397 3237 2508 3274 supe·-

1454 3275 1530 3312 rior
1553 3283 1616 3312 aut
1643 3275 1797 3312 inferior
1825 3276 2026 3325 requiescit
2052 3278 2091 3315 in
2119 3290 2164 3315 eo
2196 3279 2300 3327 quod
2329 3278 2508 3315 convenit

1455 3328 1610 3374 rationi;
1641 3336 1677 3365 et
1695 3329 1885 3376 quaedam
1905 3331 2017 3377 mala,
2040 3342 2085 3367 ex
2105 3343 2152 3368 eo
2172 3331 2276 3380 quod
2295 3330 2452 3380 quiescit
2469 3330 2509 3367 in

1457 3393 1502 3417 eo
1531 3381 1636 3429 quod
1665 3393 1686 3417 a
1715 3381 1858 3419 ratione
1888 3382 2089 3431 discordat,
2120 3391 2156 3420 et
2183 3396 2206 3420 a
2233 3384 2313 3431 lege
2341 3383 2426 3420 Dei.

1505 3494 1530 3527 ὃ)
1549 3502 1613 3520 esse.
1629 3509 1648 3514 —
1667 3495 1727 3520 Om.
1746 3495 1974 3522 ABCDEGHIKL.

1505 3530 1527 3562 ε)
1546 3533 1586 3555 est
1603 3537 1620 3554 a
1639 3533 1737 3555 natura
1756 3530 1921 3556 discordans.
1939 3545 1957 3550 -
1975 3538 1992 3556 a
2012 3535 2110 3557 natura
2129 3531 2266 3556 discordat
2284 3531 2394 3556 codices.

1505 3565 1530 3597 ζ)
1550 3565 1576 3590 ἰη
1596 3572 1634 3590 eo.
1652 3579 1671 3584 -
1689 3573 1726 3590 ex
1743 3572 1774 3590 eo
1792 3565 1838 3591 Pa.
