2852 4152
0 0 7 204 g

0 205 6 422 ῑ

82 362 296 412 {gf-trasam-
321 356 432 394 Unde
461 356 666 403 Gregorius
695 356 894 404 Nyssenus
917 356 948 403 ³¹⁸,
973 357 1081 405 quasi
1106 367 1300 404 exponens
1330 356 1381 392 di-

127 404 134 411 ’
323 416 425 446 ctum
440 408 674 456 Philosophi,
690 409 775 444 loco
792 409 872 445 eius
893 409 997 457 quod
1012 409 1265 457 Philosophus
1281 408 1381 455 dixit,

322 461 360 498 in
389 461 521 509 quibus
548 466 603 497 est
627 462 805 509 operatio,
836 461 923 498 dicit
950 462 1040 509 quid
1065 462 1193 511 agitur
1210 459 1235 498 δ.

375 515 434 550 Αι)
469 525 660 550 SECUNDUM
697 525 883 550 mel-:unum
914 514 1019 562 quod
1054 514 1162 560 finis,
1201 512 1267 550 etsi
1305 525 1383 549 non

324 565 371 603 sit
402 566 451 603 de
483 565 691 603 substantia
723 574 849 613 actus,
886 574 940 603 est
971 574 1100 603 tamen
1134 578 1247 603 causa
1279 573 1383 602 actus

323 618 654 667 principalissima,
684 618 908 667 inquantum
938 627 1071 655 movet
1098 619 1147 656 ad
1179 619 1382 666 agendum.

323 671 435 709 Unde
455 678 492 708 et
510 670 676 707 maxime
705 679 810 707 actus
838 671 991 708 moralis
1019 671 1185 719 speciem
1205 671 1320 707 habet
1340 683 1384 707 ex

324 724 414 761 fine.
1036 746 1042 750 -

182 457 197 482 ὃ

326 859 330 862 ·
379 849 405 884 ὃ)
423 852 524 885 agitur.
537 867 557 872 -
573 853 681 886 geritur
698 853 921 886 ABCDGIKLpH.

1010 278 1274 325 QUAESTIO
1303 278 1390 323 Vll,
1420 277 1715 314 ARTICULUS
1746 277 1795 312 lV

2440 276 2487 323 67

1488 357 1547 391 An
1567 366 1725 392 TERTlUM
1744 366 1927 391 morannum
1947 354 2052 401 quod
2068 366 2230 402 persona
2249 366 2363 401 agens
2379 366 2492 390 causa

1437 416 1493 444 est
1519 415 1624 444 actus
1653 407 1864 444 secundum
1889 406 1995 454 quod
2021 414 2198 443 movetur
2217 419 2238 442 a
2257 406 2352 452 fine;
2377 414 2412 442 et
2435 418 2491 442 se-

1438 461 1604 497 cundum
1649 461 1724 496 hoc
1755 459 2008 508 principaliter
2045 459 2237 495 ordinatur
2270 459 2319 495 ad
2352 467 2490 495 actum.

1436 513 1542 549 Aliae
1561 524 1655 549 vero
1675 512 1912 549 conditiones
1939 524 2126 560 personae
2145 524 2223 548 non
2241 511 2290 547 ita
2308 511 2493 559 principa-

1436 565 1518 602 liter
1545 565 1764 601 ordinantur
1782 565 1830 602 ad
1854 572 1992 601 actum.
2010 586 2033 592 -
2049 564 2190 601 Modus
2210 563 2323 600 etiarn
2343 574 2420 600 non
2440 571 2495 599 est

1437 617 1688 654 substantialis
1716 618 1839 654 forma
1858 625 1974 664 actus,
1997 617 2072 654 hoc
2101 617 2202 653 enim
2230 616 2430 653 attenditur
2457 616 2494 652 in

1439 678 1524 706 actu
1544 670 1754 707 secundum
1769 670 1961 706 obiectum
1979 677 2014 706 et
2028 669 2232 706 terminum
2255 670 2317 705 vel
2332 669 2449 705 finem
2465 673 2492 704 ³:

1438 724 1506 760 sed
1534 730 1590 759 est
1617 723 1723 770 quasi
1751 723 1941 770 quaedam
1969 722 2129 771 qualitas
2157 721 2406 758 accidentalis.

1491 854 1512 886 ε)
1532 856 1558 878 et
1582 854 1723 878 terminum
1747 854 1788 878 vel
1803 854 1895 887 finem.
1913 868 1933 872 —
1951 854 1992 878 vel
2008 853 2092 886 finem
2112 857 2138 878 et
2162 853 2304 878 terminum
2330 853 2367 877 Pa
2374 860 2383 881 ‚·
2401 860 2448 885 pro
2471 856 2497 877 et

1439 888 1589 917 terminum,
1609 889 1650 913 vel
1668 889 1808 913 terminum
1829 889 1869 914 Fl-

1000 976 1331 1009 Commentaria
1354 975 1602 1008 cardinalis
1624 975 1823 1008 Caietam

394 1074 465 1094 mea
482 1071 583 1095 totam
600 1064 768 1104 septimam
782 1064 1001 1105 quaestionem
1018 1063 1057 1094 de
1075 1063 1323 1099 circumstantiis,
1341 1063 1388 1093 ni-

332 1074 441 1138 Chil
453 1108 588 1138 occurrit
602 1108 664 1138 hoc
679 1108 713 1138 in
727 1108 799 1138 loco
816 1108 1039 1139 dubitandum:
1064 1107 1217 1148 quoniam
1234 1107 1386 1138 discussio

328 1151 442 1182 harum
459 1151 763 1183 circumstantiarum
776 1152 810 1182 in
825 1151 962 1192 speciali,
978 1157 1057 1191 puta
1070 1152 1109 1182 de
1121 1161 1264 1192 persona,
1278 1151 1387 1187 modo,

329 1202 474 1236 tempore
502 1203 532 1227 et
558 1196 632 1226 loco
656 1196 765 1232 sacris,
798 1196 838 1226 ad
869 1195 1058 1236 posteriores
1086 1202 1204 1235 spectat
1230 1201 1387 1226 tractatus.

330 1239 507 1270 Summarie
530 1246 636 1270 tamen
659 1240 737 1270 scito
761 1239 850 1280 quod
873 1239 1105 1270 circumstantia
1132 1240 1281 1279 temporis
1303 1240 1390 1269 sacri

330 1290 377 1314 est
387 1293 558 1323 aggravans
573 1290 747 1324 peccatum,
763 1293 830 1313 non
845 1289 951 1313 tamen
967 1292 1131 1323 apponens
1147 1283 1284 1322 speeiem
1300 1282 1390 1313 sacri-

328 1326 413 1368 legii,
425 1327 485 1357 nisi
499 1326 554 1358 fiat
567 1327 601 1357 in
615 1333 836 1366 contemptum
850 1326 1003 1366 temporis
1017 1325 1103 1356 sacri.
1117 1344 1137 1348 -
1148 1326 1391 1356 Circumstantia

329 1380 406 1401 vero
427 1371 516 1401 sacri
537 1371 612 1407 loci,
641 1369 786 1410 quamvis
810 1369 919 1399 omnia
941 1375 1086 1408 aggravet
1114 1375 1241 1408 peccata
1263 1379 1319 1409 per
1342 1379 1390 1399 ac-

331 1413 454 1449 cidens,
478 1413 660 1454 majanum
684 1413 752 1443 sola
775 1413 815 1442 ad
838 1412 988 1452 sacrilegii
1012 1411 1160 1452 speciem,
1178 1412 1285 1448 trahit,
1309 1422 1391 1453 quae

317 1455 486 1487 ,maturati
507 1456 570 1487 loci
593 1456 708 1486 directe
723 1462 941 1496 opponuntur,
957 1463 1012 1486 aut
1030 1465 1168 1486 annexae
1183 1455 1390 1486 immunitati:

330 1507 368 1532 ut
382 1499 551 1530 effusiones
569 1499 730 1540 sanguinis
745 1499 796 1530 vel
812 1499 940 1530 seminis
957 1499 1098 1535 humani,
1115 1509 1197 1540 quae
1212 1499 1392 1540 impediunt

331 1543 545 1575 exhibendum
566 1544 686 1574 ibidem
708 1543 853 1574 divinum
871 1543 1003 1580 cultum,
1020 1544 1060 1574 ad
1075 1553 1173 1584 quem
1189 1543 1304 1574 directe
1323 1554 1393 1574 san-

331 1587 485 1619 ctificatur
505 1587 609 1624 locus;
634 1594 665 1618 et
686 1587 843 1618 violentae
866 1587 1081 1623 extructiones,
1101 1597 1183 1628 quae
1197 1587 1391 1618 immunitati

333 1631 576 1668 contrariantur;
593 1631 680 1662 ethis
694 1631 1012 1662 similia-Personae
1020 1641 1150 1672 quoque
1163 1631 1394 1662 circumstantia

332 1685 400 1706 non
411 1675 556 1706 transfert
570 1675 603 1706 in
619 1675 713 1706 aliam
729 1676 876 1716 speciem,
890 1675 949 1705 nisi
962 1681 1127 1715 peccatum
1141 1681 1218 1706 voto
1234 1675 1284 1705 vel
1300 1675 1394 1706 statui

333 1720 401 1751 eius
421 1719 535 1750 directe
550 1720 738 1750 adversetur.
763 1720 808 1750 Ut
826 1719 851 1750 si
867 1719 1030 1759 religiosus
1053 1718 1232 1755 fornicetur,
1252 1719 1285 1749 in
1305 1720 1395 1750 sacri-

332 1763 454 1806 legium
475 1763 601 1795 transit:
625 1763 652 1794 si
674 1770 782 1794 autem
810 1763 1026 1804 blasphemat,
1055 1763 1154 1794 solius
1182 1763 1395 1803 blasphemiae

333 1814 406 1839 reus
419 1813 474 1844 est,
488 1807 569 1838 sicut
583 1806 663 1838 alius
674 1807 930 1848 blasphemans·
940 1807 1027 1844 Quid
1037 1813 1154 1844 autem,
1166 1806 1246 1838 idest
1258 1807 1394 1844 effectus,

334 1851 465 1893 quando
488 1858 535 1882 est
557 1850 737 1892 praevisum
753 1858 783 1882 et
797 1851 943 1887 volitum,
966 1850 1061 1882 trahit
1078 1850 1111 1881 in
1126 1850 1225 1891 ipsius
1244 1851 1395 1892 speciem:

332 1901 372 1926 ut
393 1895 420 1926 si
443 1895 558 1926 mulier
579 1904 712 1935 pergens
735 1895 774 1925 ad
797 1895 970 1931 ecclesiam,
994 1895 1052 1926 scit
1067 1905 1099 1925 se
1113 1894 1232 1925 ibidem
1247 1895 1397 1926 adaman-

332 1939 419 1976 dam,
439 1946 471 1971 et
483 1939 548 1970 hoc
561 1939 639 1976 vult,
659 1939 804 1980 quamvis
819 1949 885 1970 non
901 1945 1066 1980 propterea
1081 1939 1184 1975 vadat,
1200 1939 1255 1970 sed
1268 1945 1397 1979 propter

334 1983 526 2018 audiendam
549 1983 689 2020 missam,
713 1990 800 2014 actus
822 1983 876 2014 ille
895 1993 932 2013 ex
953 1983 1009 2013 illo
1032 1982 1143 2014 effectu
1162 1983 1237 2013 mali
1260 1983 1398 2023 speciem

295 2061 302 2066 ,
335 2027 439 2060 trahit.
454 2045 475 2050 -
494 2027 589 2058 Circa
611 2027 703 2068 quid,
725 2027 806 2058 idest
825 2027 1023 2058 conditiones
1046 2026 1170 2062 obiecti,
1186 2033 1222 2057 ut
1244 2037 1398 2067 magnum

338 2077 370 2102 et
390 2081 525 2111 parvum
546 2070 580 2101 in
602 2081 635 2101 re
658 2071 769 2108 ablata,
794 2078 824 2102 et
845 2071 1017 2112 quomodo,
1042 2070 1186 2111 quamvis
1205 2077 1292 2101 actus
1315 2070 1398 2101 mul·

338 2120 409 2145 tum
433 2122 617 2154 aggravent,
641 2114 675 2144 in
705 2115 799 2145 aliam
827 2121 933 2145 tamen
961 2114 1097 2154 speciem
1123 2113 1286 2145 transferre
1311 2122 1398 2145 actus

339 2167 406 2188 non
428 2158 532 2189 video.
554 2176 576 2182 -
601 2158 671 2188 Cur
689 2158 821 2189 demum
839 2158 1003 2189 manifeste
1027 2158 1081 2188 dat
1103 2157 1197 2188 aliam
1222 2158 1305 2189 actui
1328 2168 1398 2198 spe-

340 2210 431 2234 ciem.

395 2245 436 2277 Et
458 2245 484 2276 si
507 2245 672 2286 praedictis
704 2246 881 2277 adiunxeris
904 2246 993 2286 quod
1016 2245 1265 2276 circumstantiae
1292 2254 1398 2276 neces-

1441 1063 1522 1093 sario
1546 1064 1782 1102 cognoscendae
1798 1074 1815 1093 a
1831 1063 1983 1103 spirituali
2005 1063 2116 1100 iudice,
2141 1070 2214 1094 sunt
2229 1063 2446 1095 transferentes
2464 1064 2498 1094 in

1442 1107 1534 1137 aliam
1558 1106 1705 1146 speciem,
1726 1114 1756 1137 et
1779 1117 1852 1137 cum
1876 1107 1946 1143 hoc,
1963 1114 2163 1147 aggravantes
2178 1106 2211 1137 in
2226 1106 2394 1144 infinitum,
2418 1107 2498 1138 idest

1442 1151 1590 1181 addentes
1606 1151 1782 1181 secundum
1797 1161 1830 1181 se
1844 1150 2000 1181 rationem
2017 1151 2135 1191 peccati
2150 1151 2307 1187 mortalis;
2325 1151 2402 1182 scies
2417 1161 2498 1192 quae

1442 1201 1516 1225 sunt
1539 1194 1788 1226 circumstantiae
1811 1195 2008 1231 necessariae,
2033 1201 2063 1225 et
2086 1204 2167 1235 quae
2190 1205 2266 1226 non.
2286 1195 2347 1225 Sed
2366 1205 2439 1226 cave
2459 1205 2499 1226 ne

1441 1238 1510 1268 illas
1524 1248 1606 1279 quae
1621 1238 1761 1270 multum
1779 1245 1917 1278 gravant,
1941 1238 2031 1269 totali
2046 1237 2170 1269 silentio
2186 1245 2371 1278 praetereas:
2389 1245 2420 1269 et
2433 1249 2499 1269 ma-

1441 1282 1525 1312 xime
1549 1282 1813 1313 circumstantiam
1828 1282 1914 1323 quid,
1935 1292 2016 1323 quae
2038 1281 2119 1312 inter
2141 1281 2328 1322 principales
2341 1282 2383 1312 ·in
2403 1292 2425 1321 4
2443 1289 2498 1313 art.

1444 1332 1656 1365 computatur.
1680 1326 1787 1366 Magni
1811 1326 1896 1356 enim
1919 1326 2011 1357 refert
2034 1326 2198 1356 abstulisse
2221 1332 2358 1362 centum,
2384 1332 2415 1356 et
2433 1327 2500 1356 abs-

1443 1369 1550 1399 tulisse
1575 1376 1702 1400 centum
1725 1380 1799 1400 cum
1822 1370 1940 1400 damno
1964 1370 2037 1400 inde
2060 1369 2207 1410 pauperis
2231 1375 2262 1400 et
2283 1370 2498 1410 pupillorum,

1444 1413 1623 1452 puellarum
1637 1413 1804 1450 nubilium,
1817 1420 1848 1444 et
1858 1413 2053 1449 huiusmodi,
2069 1423 2150 1454 quae
2162 1419 2302 1454 spectant
2317 1413 2357 1443 ad
2370 1413 2501 1444 circum-

1444 1456 1589 1486 stantiam
1611 1457 1695 1496 quid.

1500 1499 1538 1529 ΙΙ.
1563 1499 1644 1529 Illud
1674 1506 1781 1530 autem
1803 1500 1854 1530 hic
1877 1507 2001 1536 notato,
2031 1501 2119 1540 quod
2147 1500 2228 1531 inter
2255 1500 2502 1531 circumstantias

1444 1553 1502 1573 nec
1525 1543 1709 1574 Aristoteles
1735 1553 1793 1573 nec
1812 1543 1939 1574 Tullius
1959 1554 2016 1573 nec
2037 1544 2128 1574 divus
2143 1544 2286 1574 Thomas
2308 1544 2504 1584 computavit

1445 1587 1575 1627 quoties.
1599 1587 1641 1617 Et
1662 1586 1742 1617 ratio
1766 1594 1812 1618 est
1833 1587 1908 1627 quia
1932 1587 2196 1623 circumstantiae,
2221 1595 2256 1618 ut
2278 1588 2310 1617 in
2330 1588 2434 1628 primo
2458 1588 2503 1618 di-

1447 1630 1527 1661 citur
1550 1630 1695 1666 articulo,
1721 1630 1800 1661 circa
1823 1631 1960 1660 eundem
1983 1637 2057 1661 sunt
2079 1638 2199 1662 actum:
2224 1641 2374 1662 numerus
2398 1638 2505 1662 autem

1447 1674 1671 1714 operationum
1686 1684 1753 1704 non
1769 1674 1948 1705 circumstat
1965 1684 2064 1704 unam
2078 1681 2108 1705 et
2124 1675 2257 1705 eandem
2277 1675 2503 1715 operationem,

1448 1718 1503 1749 sed
1521 1718 1608 1749 addit
1622 1718 1716 1748 aliam
1731 1725 1762 1748 et
1776 1718 1870 1748 aliam
1887 1718 2121 1758 operationem;
2145 1728 2210 1748 non
2226 1719 2311 1748 enim
2331 1719 2507 1749 secundum

1448 1762 1570 1793 furtum
1589 1769 1635 1793 est
1650 1762 1882 1793 circumstantia
1902 1762 1996 1802 primi
2017 1768 2072 1793 aut
2087 1772 2103 1792 e
2122 1772 2283 1798 converso,
2300 1772 2357 1793 nec
2379 1763 2507 1793 tertium

1449 1806 1588 1843 secundi,
1612 1812 1643 1836 et
1665 1805 1708 1836 sic
1732 1805 1888 1846 deinceps.
1905 1806 1952 1836 Ex
1973 1816 2039 1846 quo
2064 1805 2206 1846 sequitur
2227 1806 2325 1847 quod,
2345 1806 2420 1847 quia
2441 1816 2507 1836 non

1449 1850 1556 1880 minus
1578 1857 1703 1881 tenetur
1724 1850 1795 1890 quis
1819 1849 1960 1881 confiteri
1983 1850 2021 1880 de
2044 1850 2183 1880 secundo
2206 1856 2335 1890 peccato
2357 1860 2454 1891 quam
2469 1850 2508 1880 de

1449 1894 1570 1935 primo,
1594 1900 1626 1924 et
1647 1903 1714 1924 non
1736 1894 1842 1924 minus
1866 1894 1904 1924 de
1927 1893 2098 1924 centesimo
2122 1903 2219 1935 quam
2242 1894 2280 1924 de
2303 1903 2508 1934 quocumque

1450 1938 1528 1975 alio;
1553 1938 1640 1979 quod
1663 1947 1730 1968 non
1754 1937 1868 1968 sufficit
1890 1937 1991 1968 dicere
2010 1938 2098 1978 quod
2112 1937 2230 1978 pluries
2245 1937 2366 1968 furatus
2382 1944 2437 1973 est,
2453 1938 2508 1968 sed

1450 1988 1579 2022 oportet
1601 1981 1752 2022 explicare
1771 1981 1896 2022 quoties
1916 1981 2037 2012 furatus
2060 1988 2115 2018 est,
2132 1981 2158 2011 si
2174 1981 2298 2012 numeri
2320 1981 2506 2012 meminerit.

1450 2027 1491 2057 Et
1510 2026 1535 2056 si
1551 2035 1617 2055 non
1633 2025 1786 2062 meminit,
1802 2025 1973 2066 exprimere
1989 2025 2081 2056 debet
2095 2035 2192 2066 quam
2210 2025 2397 2066 frequenter,
2414 2025 2458 2055 sic
2472 2031 2508 2055 ut

1450 2069 1627 2100 verisimilis
1650 2079 1801 2099 numerus
1820 2069 1980 2100 habeatur.

1505 2113 1557 2144 III.
1582 2113 1666 2143 Scito
1690 2113 1970 2153 quoque'demum
1993 2112 2081 2153 quod
2104 2111 2137 2142 id
2160 2111 2249 2153 quod
2271 2112 2309 2142 de
2331 2110 2393 2142 fine
2410 2111 2507 2152 speci-

1450 2157 1562 2187 ficante
1586 2163 1616 2187 et
1639 2156 1787 2187 adiuncto
1811 2156 2011 2196 distinguitur
2033 2156 2066 2186 in
2088 2166 2170 2196 resp.
2186 2156 2225 2186 ad
2247 2156 2274 2192 3,
2291 2155 2323 2186 in
2340 2162 2395 2186 art.
2412 2156 2439 2191 3,
2457 2165 2507 2185 ex-

1451 2200 1629 2241 planabitur
1643 2200 1773 2230 inferius
1787 2200 1820 2230 in
1836 2210 1890 2241 qu.
1903 2210 1986 2237 xvm,
2003 2206 2059 2231 art.
2074 2209 2097 2239 4
2109 2200 2137 2235 *,
2155 2200 2208 2230 ubi
2223 2199 2370 2230 inchoare
2385 2199 2509 2230 videtur

1452 2244 1600 2285 opposita
1622 2244 1772 2279 doctrina.

2535 2205 2544 2214 ·
2559 2203 2692 2225 Commeat.
