2846 4146
179 900 301 942 ’ὲόἔῗηέὴ

91 893 171 942 {fitz

89 1272 160 1295 'vid.
166 1273 298 1296 Commeat.
334 1255 337 1259 ἱ

90 1299 165 1348 fflet.
158 1303 271 1328 mentm.
278 1306 298 1328 5,

88 2427 178 2505 zie}-

90 3011 102 3024 ⁸
115 3011 168 3034 An.
184 3012 288 3040 praeced.

1021 246 1285 292 QUAESTIO
1316 248 1399 294 Lx,
1428 248 1722 286 ARTICULUS
1753 251 1800 286 111

391 325 478 355 Haec
500 329 605 354 autem
629 322 694 352 duo
718 322 774 352 etsi
798 322 899 362 prima
923 323 999 354 facie
1023 324 1187 356 videantur
1205 325 1262 355 sibi
1282 326 1386 356 adver-

333 368 406 399 sari:
420 385 441 391 —
454 367 529 408 quia
544 367 569 397 si
583 376 649 396 non
664 365 757 396 refert
773 365 805 396 in
817 367 903 397 bono
916 367 1059 404 iustitiae,
1073 369 1240 409 quomodo
1255 380 1325 409 pars
1342 370 1385 400 af-

332 411 463 447 ficiatur,
483 417 609 451 oportet
630 409 781 440 iustitiam
799 420 865 440 non
880 411 1099 452 principaliter,
1120 413 1174 443 sed
1190 413 1294 443 solum
1312 423 1386 453 ope-

331 455 467 486 rationes
489 454 654 494 respicere.
674 454 748 484 Non
768 462 895 494 apparet
918 456 1012 486 etiam
1032 457 1198 497 quomodo
1214 456 1388 488 verificetur

332 499 421 539 quod
442 498 560 529 iustitia
582 497 622 528 sit
639 498 824 528 secundario
845 499 924 529 circa
939 500 1115 539 passiones:
1133 511 1207 531 curn
1221 501 1385 531 restituens

333 542 475 574 debitum
497 541 664 582 satisfaciat
684 541 829 578 iustitiae,
846 553 1050 584 quocumque
1072 544 1105 574 id
1121 545 1228 575 animo
1243 544 1347 576 faciat:
1364 563 1385 568 -

332 585 393 617 Sed
416 586 442 617 si
465 584 644 633 diligentius
667 585 808 616 doctrina
824 587 970 617 Auctoris
988 588 1180 628 inspiciatur,
1197 588 1387 621 videbuntur

332 628 440 660 omnia
463 638 603 660 consona
616 634 647 659 et
661 639 744 660 vera.
770 629 805 659 In
821 631 1003 670 operatione
1019 642 1155 672 namque
1179 632 1219 662 ad
1242 633 1384 669 alterum,

330 670 409 713 puta
424 672 594 713 emptione,
607 672 811 710 restitutione,
826 681 893 711 etc„
908 682 953 705 est
963 676 1027 705 duo
1043 675 1251 706 considerare:
1269 676 1383 716 primo,

331 716 505 747 bonitatem
524 716 700 756 propriam
722 718 871 754 secundo,
889 729 1104 750 communem.
1121 719 1312 750 Communis
1329 721 1384 751 bo-

330 759 413 791 nitas
434 766 481 792 est
502 769 584 800 quae
607 761 648 790 ad
670 771 781 792 omnes
805 769 891 793 actus
911 763 1066 793 virtutum
1088 763 1234 803 exigitur:
1259 771 1290 795 et
1310 773 1383 794 con-

330 803 410 835 sistit
431 803 467 834 iu
486 803 550 835 illis
578 811 716 845 quatuor
737 806 934 845 generalibus
962 807 1196 838 conditionibus
1219 807 1385 839 insinuatis

328 856 385 888 per
403 853 542 888 quatuor
556 848 685 879 virtutes
705 850 884 886 cardinales,
904 851 1060 891 requisitis
1080 852 1120 881 ad
1135 861 1247 882 omnes
1261 851 1385 882 virtutis

328 889 482 931 perfectae
499 898 597 928 actus,
615 898 651 922 ut
665 893 796 933 ponitur
810 894 843 924 in
860 894 887 924 11
903 892 1030 925 Ethicf
1032 894 1174 930 ,scilicet
1188 894 1382 931 rectitudine,

327 933 482 971 firmitate,
500 936 718 967 moderatione
734 943 765 968 et
780 937 975 968 discretione.
993 938 1123 978 Propria
1138 945 1244 969 autem
1259 938 1382 969 bonitas

2421 254 2494 301 389

1443 334 1488 358 est
1511 338 1607 368 quam
1631 338 1667 358 ex
1690 328 1815 368 propria
1839 328 1968 365 ratione,
1994 336 2028 359 ut
2050 336 2156 360 contra
2180 330 2258 360 alios
2283 330 2492 370 distinguitur,

1442 371 1580 402 sortitur.
1603 372 1644 403 Et
1665 372 1840 402 secundum
1863 372 2023 412 propriam
2046 374 2219 404 bonitatem
2242 381 2328 404 actus
2349 374 2492 411 iustitiae,

1443 415 1520 445 nihil
1544 415 1636 446 refert
1658 425 1724 455 quo
1741 415 1811 455 quis
1835 416 1942 446 animo
1966 423 2071 447 actum
2091 417 2191 453 faciat,
2216 418 2393 448 dummodo
2410 428 2494 448 com—

1441 466 1658 490 mensuratum
1681 459 1768 490 alteri
1791 459 1890 490 faciat.
1914 460 2096 491 Secundum
2119 471 2194 491 vero
2217 471 2347 491 omnem
2372 462 2492 493 bonita-

1441 510 1504 533 tem
1525 503 1564 532 ad
1588 510 1694 534 actum
1716 503 1850 533 iustitiae
1866 503 1987 534 virtutis
2010 504 2202 544 requisitam,
2218 505 2311 535 refert
2334 515 2399 545 quo
2423 506 2492 546 quis

1441 546 1547 577 animo
1571 547 1724 582 restituat,
1749 553 1846 583 emat,
1865 548 1989 583 vendat,
2014 554 2070 578 etc.
2095 548 2136 578 Et
2157 548 2201 578 sic
2223 548 2350 584 iustitia,
2370 555 2401 580 et
2422 549 2492 580 uni-

1438 590 1596 621 versaliter
1618 591 1715 621 virtus
1739 590 1938 622 bonificativa
1961 591 2192 631 operationum,
2214 598 2260 622 est
2283 591 2492 632 principaliter

1440 633 1519 664 circa
1542 634 1754 674 operationes,
1780 641 1810 664 et
1833 635 2017 664 secundario
2046 635 2125 665 circa
2147 635 2326 675 passiones:
2349 635 2424 677 quia
2447 643 2492 666 est

1439 677 1648 717 principaliter
1671 677 1749 708 circa
1772 678 1945 709 bonitatem
1965 678 2125 718 propriam
2142 678 2330 718 operationi,
2342 679 2492 710 eemnda-

1438 721 1485 751 rio
1506 721 1584 751 circa
1604 730 1820 752 communem.
1835 739 1855 743 -
1871 721 2046 759 Quomodo
2063 729 2170 752 autem
2185 723 2318 753 virtutes
2328 721 2408 753 circa
2422 733 2492 762 pas-

1438 765 1542 795 siones
1553 765 1615 795 sint
1629 765 1851 805 principaliter,
1862 766 2045 796 secundario
2061 766 2140 796 circa
2151 766 2360 806 operationes,
2373 767 2490 797 clarum

1438 815 1500 839 est:
1525 808 1729 848 temperantia
1749 808 1831 839 enim
1852 816 1882 839 et
1904 809 2070 840 liberalitas
2092 809 2303 850 principaliter
2320 809 2492 850 respiciunt

1439 851 1600 888 affectum,
1626 858 1658 883 et
1680 860 1907 893 consequenter
1930 853 2128 893 operationes
2151 860 2186 884 ut
2209 853 2427 893 provenientes
2452 854 2491 883 ab

1438 894 1607 926 affectibus.
1632 894 1799 935 Propterea
1815 895 1847 926 in
1864 895 2050 927 huiusmodi
2062 896 2197 927 maxime
2217 897 2431 928 consideretur
2447 895 2490 926 af-

1440 939 1553 969 fectus:
1578 939 1610 969 in
1633 939 1693 969 illis
1717 944 1832 976 autem,
1857 949 1939 979 opus
1963 940 2079 980 ipsum.

1123 1089 1438 1140 ARTICULUS
1467 1090 1694 1132 TERTIUS

694 1180 851 1213 UTRUM
873 1181 1004 1213 CIRCA
1026 1182 1326 1214 OPERATIONES
1349 1183 1415 1213 str
1438 1181 1624 1213 TANTUM
1647 1183 1737 1213 UNA
1760 1158 1917 1214 vaus
1939 1183 2129 1214 MORAms

414 1282 422 1294 ,
458 1291 487 1318 .-<²
488 1285 516 1326 ζ
537 1280 559 1306 D
575 1279 735 1306 TERTtuM
749 1281 802 1306 stc
817 1280 1046 1307 paucam-rua
1059 1269 1089 1306 ²¹⁵.
1107 1270 1266 1307 Videtur
1280 1271 1387 1317 quod

383 1325 409 1374 J
445 1367 448 1368 ⁷
470 1319 584 1370 Jss‘sit
601 1333 680 1357 una
697 1328 844 1358 tantum
863 1321 982 1358 virtus
1002 1322 1157 1358 moralis
1177 1322 1275 1358 circa
1294 1334 1384 1370 ope-

350 1396 359 1409 s
487 1375 507 1407 *ὲ
537 1372 712 1420 ratione-S.
741 1373 943 1410 Rectitudo
974 1373 1075 1410 enim
1100 1374 1274 1410 omnium
1295 1386 1385 1421 ope.-

502 1418 733 1462 rationum
762 1424 993 1463 exteriorum
1022 1424 1172 1462 videtur
1204 1425 1253 1461 ad
1284 1425 1386 1462 iusti-

327 1474 421 1520 tiam
444 1475 645 1526 pertinere-
676 1475 757 1514 Sed
780 1476 916 1513 iustitia
946 1484 1000 1513 est
1026 1488 1103 1512 una
1122 1477 1251 1514 virtus.
1282 1478 1384 1524 Ergo

326 1525 410 1566 uua
431 1527 514 1566 sola
538 1528 658 1570 virtus
687 1535 742 1565 est
770 1528 869 1567 circa
894 1528 1145 1587 operationes.

382 1590 423 1618 2⁴
442 1580 677 1628 PRAETER-EA,
706 1581 946 1630 operationes
975 1580 1141 1618 maxime
1170 1581 1387 1619 differentes

329 1632 410 1678 ease
437 1631 616 1672 videntur
643 1645 741 1683 quae
770 1634 991 1672 ordinantur
1014 1633 1062 1671 ad
1090 1634 1237 1671 bonum
1261 1633 1385 1681 unius,

329 1692 366 1723 et
391 1698 494 1736 quae
519 1685 740 1737 ordinantur
767 1686 816 1736 ad
844 1687 992 1724 bonum
1019 1686 1277 1725 multitudinis.
1309 1687 1386 1724 Sed

327 1738 403 1781 ista
423 1738 618 1777 diversitas
655 1751 734 1776 non
762 1739 991 1777 diversificat
1016 1740 1171 1777 virtutes
1199 1741 1389 1778 morales·

328 1790 419 1836 dicit
436 1790 540 1829 enim
557 1791 830 1841 Philosophus,
843 1792 884 1829 in
896 1793 931 1830 V
943 1793 1062 1830 Ethic.
1079 1791 1109 1839 ²⁸,
1126 1793 1232 1840 quod
1250 1793 1389 1831 iustitia

326 1843 470 1896 legalis,
483 1856 584 1895 quae
596 1844 747 1882 ordinat
762 1852 869 1882 actus
887 1845 1090 1883 hominum
1110 1846 1158 1882 ad
1178 1858 1386 1884 commune

326 1897 502 1944 bonum,
534 1909 615 1936 non
650 1905 710 1935 est
741 1897 843 1935 aliud
876 1911 899 1935 a
936 1898 1070 1936 virtute
1105 1910 1203 1946 quae
1240 1899 1389 1937 ordinat

328 1957 434 1987 actus
464 1949 629 1987 hominis
657 1950 707 1987 ad
733 1962 854 1987 unum
883 1958 1052 1999 tantum,
1077 1952 1148 1989 nisi
1176 1952 1386 1990 secundum

329 2001 529 2041 rationem.
549 2003 657 2051 Ergo¹
668 2002 864 2040 diversitas
881 2004 1148 2053 operationum
1163 2016 1241 2042 non
1259 2013 1387 2042 causat

330 2054 587 2094 diversitatem
614 2055 797 2094 virtutum
825 2056 1040 2094 moralium.

385 2108 423 2147 3.
440 2106 676 2156 PRAETEREA,
695 2108 725 2145 si
743 2116 830 2146 sunt
858 2108 1029 2146 diversae
1047 2109 1204 2146 virtutes
1224 2111 1389 2147 morales

331 2159 430 2199 eirca
457 2160 625 2199 divetsas
645 2161 899 2210 operationes,
920 2169 1112 2211 oporteret
1131 2162 1236 2211 quod
1255 2175 1389 2200 secun-

331 2213 426 2251 dum
440 2213 693 2251 diversitatem
709 2213 985 2263 operationum,
998 2223 1097 2252 esset
1110 2215 1305 2254 diversitas
1315 2215 1388 2252 vir-

330 2273 454 2303 tutum
473 2262 692 2304 moralium.
711 2266 793 2304 Sed
806 2267 883 2304 hoc
898 2275 1003 2316 patet
1018 2280 1099 2305 esse
1119 2269 1277 2315 falsum:
1298 2280 1389 2305 nam

329 2317 387 2356 ad
406 2318 583 2357 iustitiam
614 2319 777 2368 pertinet
803 2319 842 2356 in
870 2313 1028 2357 diversis
1055 2320 1258 2368 generibus
1280 2333 1388 2358 com-

329 2371 584 2409 mutationum
618 2371 882 2411 rectitudinem
917 2379 1101 2420 statuere,
1141 2381 1176 2410 et
1208 2372 1321 2410 etiam
1349 2373 1390 2410 in

228 2433 301 2477 ”3323
329 2422 664 2475 dtstributionibus,
683 2431 733 2461 ut,
741 2431 845 2473 patet
870 2424 910 2463 in
936 2425 972 2462 V
997 2426 1117 2462 Ethic.
1139 2427 1159 2447 ²¹⁸
1187 2426 1280 2464 Non
1299 2437 1389 2473 ergo

328 2474 499 2514 diversae
527 2476 685 2515 virtutes
712 2485 801 2515 sunt
826 2476 1062 2515 diversarum
1082 2478 1360 2526 operationum.

367 2530 456 2579 ,SED
486 2540 631 2567 CONTRA
658 2541 725 2567 Es‘r
751 2530 856 2579 quod
885 2530 1012 2578 religio
1039 2539 1097 2568 est
1125 2531 1196 2569 alia
1221 2530 1340 2568 virtus
1366 2543 1388 2567 a

327 2581 487 2633 pietate:
515 2594 678 2630 quarum
707 2589 839 2621 tamen
863 2590 1023 2631 utraque
1053 2591 1108 2621 est
1136 2584 1233 2621 circa
1257 2595 1389 2632 opera.-

328 2634 453 2678 tiones
479 2635 677 2684 quasdam.

383 2688 607 2725 RESPONDEO
635 2699 819 2726 mcx-:unum
848 2688 953 2737 quod
976 2700 1111 2726 omnes
1130 2689 1285 2726 virtutes
1305 2700 1388 2725 mo-

330 2740 426 2778 rales
455 2753 552 2789 quae
581 2748 668 2778 sunt
696 2741 794 2778 circa
822 2741 1074 2790 operationes,
1100 2742 1331 2778 conveniunt
1350 2741 1388 2778 in

331 2793 498 2841 quadam
526 2794 689 2841 generali
714 2794 858 2830 ratione
878 2794 1049 2841 iustitiae,
1070 2806 1168 2842 quae
1188 2793 1389 2831 attenditur

331 2845 542 2883 secundum
563 2846 732 2883 debitum
753 2847 801 2884 ad
821 2847 1001 2883 alterum:
1029 2846 1306 2895 distinguuntur
1325 2859 1388 2883 au-

330 2905 409 2935 tem
437 2899 646 2940 secundum
676 2899 845 2936 diversas
864 2899 1045 2948 speciales
1066 2899 1241 2937 rationes.
1273 2899 1389 2936 Cuius

330 2951 424 2988 ratio
450 2958 506 2988 est
533 2951 622 3000 quia
647 2951 687 2988 in
715 2953 998 3001 operationibus
1022 2952 1268 2990 exterioribus
1293 2952 1388 2989 ordo

331 3003 485 3041 rationis
513 3004 724 3052 instituitur,
749 3005 844 3042 sicut
862 3005 1004 3042 dictum
1026 3012 1081 3041 est
1098 3005 1130 3051 ἰζ
1160 3018 1238 3042 non
1257 3017 1388 3042 secun-

332 3056 423 3093 dum
451 3057 740 3106 proportionem
768 3057 817 3095 ad
846 3057 1086 3095 affectionem
1115 3057 1291 3105 hominis,
1321 3057 1388 3094 sed

331 3111 542 3147 secundum
571 3110 692 3159 ipsam
713 3110 1017 3148 convenientiam
1038 3110 1090 3147 rei
1111 3110 1148 3147 in
1173 3110 1311 3159 seipsa;
1332 3123 1388 3147 se-

331 3162 500 3199 cundum
529 3175 644 3211 quam
673 3163 976 3200 convenientiam
1006 3163 1185 3212 accipitur
1212 3163 1304 3200 ratio
1326 3163 1389 3199 de-

330 3214 409 3262 biti,
439 3227 486 3253 ex
513 3227 591 3263 quo
621 3215 855 3254 constituitur
883 3217 976 3253 ratio
1005 3215 1182 3252 iustitiae:
1211 3216 1260 3252 ad
1287 3215 1388 3252 iusti·

331 3267 423 3306 tiam
452 3267 555 3306 enim
577 3268 765 3317 pertinere
783 3269 934 3307 videtur
951 3276 993 3306 ut
1012 3268 1095 3317 quis
1116 3268 1285 3305 debitum
1306 3269 1389 3305 red-

385 3382 413 3416 σ)
432 3383 512 3416 quod.
525 3397 544 3402 -
561 3390 629 3416 quae
645 3383 915 3416 ACEFGHIKLpBD.

1413 3376 1417 3415 Ι

1439 1271 1514 1306 dat.
1543 1270 1654 1307 Unde
1683 1282 1818 1306 omnes
1845 1270 2063 1307 huiusmodi
2097 1271 2253 1309 virtutes
2281 1285 2378 1320 quae
2408 1282 2493 1311 sunt

1439 1321 1536 1358 circa
1564 1322 1824 1370 operationes,
1848 1323 1989 1359 habent
2016 1322 2140 1371 aliquo
2170 1324 2288 1361 modo
2309 1325 2493 1363 rationem

1438 1373 1608 1410 iustitiae.
1638 1395 1663 1401 -
1692 1374 1768 1410 Sed
1803 1374 1972 1411 debitum
2006 1387 2085 1411 non
2117 1383 2172 1412 est
2197 1377 2310 1413 unius
2341 1377 2494 1415 rationis

1438 1425 1477 1461 in
1505 1425 1701 1462 omnibus:
1731 1425 1835 1462 aliter
1864 1426 1965 1462 enim
1994 1426 2152 1464 debetur
2175 1428 2316 1476 aliquid
2336 1430 2494 1477 aequali,

1440 1477 1545 1512 aliter
1572 1477 1774 1525 superiori,
1804 1477 1908 1513 aliter
1936 1478 2092 1523 minori;
2123 1487 2158 1516 et
2177 1480 2280 1516 aliter
2300 1493 2344 1516 ex
2363 1489 2493 1529 pacto,

1438 1530 1501 1565 vel
1520 1541 1565 1565 ex
1583 1529 1789 1577 promisso,
1803 1529 1867 1566 vel
1886 1541 1929 1565 ex
1949 1531 2136 1567 beneficio
2162 1540 2348 1580 suscepto,
2370 1534 2420 1570 Et
2438 1546 2494 1570 se-

1440 1581 1608 1618 cundum
1642 1581 1711 1617 has
1739 1581 1905 1618 diver-sas
1937 1582 2102 1619 rationes
2135 1583 2266 1630 debiti,
2296 1593 2496 1623 sumuntur

1440 1633 1612 1670 diversae
1640 1633 1817 1670 virtutes:
1844 1640 1937 1680 puta
1964 1633 2092 1683 religio
2118 1642 2173 1672 est
2190 1647 2259 1683 per
2278 1649 2393 1684 quam
2414 1639 2496 1675 red-

1441 1686 1539 1723 ditur
1566 1685 1736 1723 debitum
1764 1686 1872 1731 De0;
1896 1685 2015 1733 pietas
2035 1694 2090 1722 est
2106 1699 2175 1735 per
2194 1699 2324 1762 quarn*
2331 1689 2497 1727 redditur

1441 1738 1609 1775 debitum
1637 1737 1855 1786 parentibus
1882 1739 1943 1775 vel
1970 1739 2134 1787 patriae3
2163 1740 2324 1787 gratia*
2349 1749 2403 1778 est
2429 1755 2498 1791 per

1440 1803 1559 1840 quam
1585 1791 1752 1829 redditur
1781 1790 1950 1829 debitum
1980 1791 2301 1839 benefactoribus;
2322 1801 2358 1831 et
2377 1794 2431 1831 sic
2449 1796 2496 1832 de

1431 1872 1433 1874 -
1439 1843 1531 1881 alus

1493 1898 1551 1935 An
1580 1908 1716 1933 Palmum
1743 1907 1841 1934 ERGO
1865 1908 2047 1933 mcENDuM
2067 1898 2172 1945 quod
2190 1897 2326 1936 iustitia
2343 1899 2497 1948 proprie

1441 1949 1539 1986 dicta
1568 1956 1623 1985 est
1646 1961 1722 1984 una
1746 1948 1916 1996 specialis
1944 1948 2074 1995 virtus,
2104 1962 2202 1997 quae
2231 1951 2387 1988 attendit
2412 1964 2496 2000 per-

1440 2004 1578 2039 lectam
1602 2001 1787 2038 rationem
1808 2001 1936 2048 debiti,
1958 2001 2064 2049 quod
2084 2007 2101 2023 ²
2128 2003 2339 2041 secundum
2368 2005 2496 2053 aequi-

1440 2054 1644 2092 valentiam
1670 2059 1796 2103 potest
1823 2053 1977 2090 restitui.
2014 2053 2161 2091 Dicitur
2188 2062 2317 2093 tamen
2345 2063 2381 2093 et
2413 2069 2493 2095 am-

1440 2107 1554 2156 pliato
1583 2106 1741 2143 nomine
1776 2105 1932 2154 iustitia,
1971 2107 2180 2145 secundum
2210 2119 2496 2157 quamcumque

1442 2159 1556 2197 debiti
1584 2158 1848 2197 redditionem.
1877 2160 1926 2196 Et
1953 2159 2008 2196 sie
2033 2171 2111 2197 non
2141 2167 2195 2198 est
2220 2173 2297 2198 una
2325 2161 2496 2210 specialis

1439 2213 1570 2250 virtus.

1494 2267 1552 2301 AD
1581 2276 1769 2301 SECUNDUM
1802 2276 1984 2301 DlCENDUM
2013 2265 2116 2312 quod
2145 2264 2284 2302 iustitia*
2309 2278 2407 2315 quae
2438 2266 2495 2304 in-

1441 2318 1560 2355 tendit
1586 2318 1733 2354 bonum
1763 2329 1979 2364 commune,
2005 2325 2060 2354 est
2088 2317 2158 2354 alia
2182 2318 2300 2355 virtus
2319 2331 2342 2355 a
2360 2318 2497 2356 iustitia

1442 2383 1539 2418 quae
1556 2370 1749 2409 ordinatur
1763 2370 1813 2407 ad
1826 2370 1972 2407 bonum
1986 2369 2177 2419 privatum
2197 2370 2374 2408 alicuius:
2393 2372 2496 2410 unde

1443 2431 1479 2460 et
1510 2423 1568 2460 ius
1603 2435 1808 2460 commune
1843 2422 2077 2470 distinguitur
2105 2435 2128 2460 a
2153 2423 2234 2461 iure
2262 2423 2430 2472 privat03
2461 2432 2498 2462 et

1442 2476 1591 2513 Tullius
1610 2477 1630 2497 ²¹⁶
1657 2475 1765 2525 ponit
1791 2488 1907 2512 unam
1937 2475 2140 2524 specialem
2167 2476 2355 2523 virtutem,
2379 2477 2495 2524 pieta-

1441 2537 1530 2575 tem,
1547 2541 1647 2577 quae
1667 2528 1815 2565 ordinat
1828 2527 1877 2565 ad
1891 2529 2036 2564 bonum
2055 2527 2209 2577 patriae.
2225 2549 2249 2556 -
2266 2529 2342 2566 Sed
2360 2529 2498 2567 iustitia

1442 2581 1620 2621 ordinans
1647 2580 1845 2619 hominem
1869 2580 1918 2617 ad
1937 2581 2082 2619 bonum
2112 2593 2331 2628 commune,
2361 2589 2415 2618 est
2433 2594 2500 2629 ge-·

1441 2633 1578 2670 neralis
1595 2646 1664 2682 per
1681 2633 1903 2682 imperium:
1930 2633 2018 2681 quia
2038 2645 2172 2670 omnes
2191 2641 2296 2671 actus
2313 2634 2495 2672 virtutum

1442 2686 1592 2723 ordinat
1617 2686 1667 2723 ad
1694 2686 1813 2723 finem
1841 2697 1967 2733 suum,
1987 2685 2125 2723 scilicet
2152 2686 2201 2723 ad
2225 2687 2371 2724 bonum
2391 2699 2495 2724 com-

1442 2751 1570 2776 mune.
1590 2739 1717 2776 Virtus
1737 2745 1863 2775 autem
1884 2739 2093 2781 secundum
2114 2738 2218 2787 quod
2237 2751 2259 2775 a
2278 2739 2341 2775 tali
2359 2739 2494 2776 iustitia

1442 2793 1657 2840 imperatur,
1688 2791 1801 2828 etiam
1829 2790 1988 2827 iustitiae
2016 2803 2158 2828 nomen
2178 2791 2311 2840 accipit
2329 2790 2355 2828 β.
2376 2793 2424 2828 Εῐ
2443 2792 2494 2829 sic

1441 2845 1560 2882 virtus
1593 2857 1615 2881 a
1647 2843 1783 2880 iustitia
1819 2843 1926 2891 legali
1958 2856 2036 2880 non
2070 2843 2192 2880 differt
2224 2844 2294 2880 nisi
2330 2844 2493 2881 ratione:

1443 2898 1537 2934 sicut
1555 2897 1635 2933 sola
1654 2896 1798 2933 ratione
1819 2895 1942 2933 differt
1958 2896 2078 2933 virtus
2099 2908 2263 2944 operans
2283 2897 2493 2933 secundum

1444 2950 1621 2999 seipsam,
1641 2957 1678 2986 et
1698 2949 1817 2986 virtus
1846 2961 2008 2997 operans
2036 2949 2084 2985 ad
2110 2949 2313 2997 imperium
2334 2950 2493 2986 alterius.

1496 3005 1553 3039 An
1577 3014 1735 3039 TERTIUM
1755 3013 1938 3038 D1CEND1JM
1961 3001 2065 3049 quod
2092 3001 2130 3037 in
2158 3001 2336 3038 omnibus
2364 3014 2495 3050 opera-

1442 3055 1607 3092 tionibus
1636 3054 1684 3091 ad
1712 3053 1889 3090 iustitiam
1917 3053 2119 3102 specialem
2138 3053 2421 3102 pertinentibus,
2443 3061 2498 3091 est

1444 3108 1579 3145 eadem
1600 3107 1693 3144 ratio
1716 3107 1840 3143 debiti.
1862 3107 1911 3142 Et
1928 3106 2014 3143 ideo
2037 3113 2091 3142 est
2110 3107 2244 3144 eadem
2259 3106 2377 3143 virtus
2396 3106 2497 3143 iusti-

1443 3161 1527 3207 tiae,
1547 3159 1748 3209 praecipue
1765 3166 1947 3207 quantum
1967 3159 2015 3196 ad
2036 3159 2362 3196 commutationes.
2385 3160 2496 3195 Forte

1444 3214 1544 3251 enirn
1578 3211 1812 3250 distributiva
1841 3219 1902 3249 est.
1922 3211 2072 3248 alterius
2108 3212 2246 3260 speciei
2274 3224 2296 3248 a
2325 3223 2496 3249 commu-

1443 3266 1579 3303 tativa:
1609 3265 1675 3302 sed
1705 3264 1751 3302 de
1779 3265 1855 3302 hoc
1881 3263 1976 3302 infra
1994 3263 2015 3286 ’¹³
2043 3272 2254 3312 quaeretur.

1495 3380 1521 3414 β)
1541 3380 1648 3412 accipit.
1661 3394 1681 3399 -
1696 3380 1797 3412 accepit
1816 3379 1844 3405 F.

2522 1754 2534 1765 ⁴
2549 1754 2578 1775 D.
2591 1755 2641 1782 677.

2526 2483 2572 2504 'De
2578 2484 2665 2505 Invent.
2672 2484 2731 2506 Rhe-

2522 2511 2575 2557 iem„
2586 2510 2625 2532 lib.
2636 2510 2665 2537 11,
2677 2516 2726 2538 cap.

2522 3248 2534 3259 ⁸
2542 3249 2572 3270 11·
2581 3249 2631 3275 11¹¹,
2640 3254 2678 3276 qu.
2685 3253 2731 3270 Lxrv

2524 3286 2567 3305 art.
2584 3289 2599 3304 ι.
