2852 4152
122 592 133 602 ·
149 591 201 612 Art.
217 590 321 618 praeced.

122 1712 132 1721 ¹
148 1709 215 1731 Vers.
229 1715 252 1737 3.

125 2296 136 2307 ⁸
150 2295 217 2317 Vers.
231 2302 252 2324 3.

224 2340 239 2373 β

358 201 432 226 200

362 267 471 314 cadit,
494 266 625 304 dicitur
655 268 812 305 extasim
830 280 976 316 passus.
990 268 1244 305 -Secundum
1272 267 1416 315 appeti-

361 321 479 358 tivam
507 332 601 357 vero
629 328 777 369 partem
811 320 944 358 dicitur
972 321 1103 369 aliquis
1136 320 1290 357 extasim
1317 319 1414 367 pati,

362 373 517 421 quando
538 373 724 421 appetitus
744 373 898 410 alicuius
913 373 951 410 in
971 374 1129 410 alterum
1149 373 1274 419 fertur,
1293 371 1417 408 exiens

363 425 652 474 quodammodo
683 433 785 463 extra
814 426 991 474 seipsum.

416 478 586 515 Primam
620 478 775 526 quidem
813 478 970 514 extasim
1004 476 1091 512 facit
1118 488 1226 513 amor
1260 474 1417 523 disposi-

363 530 452 576 tive,
473 531 697 579 inquantum
725 530 865 567 scilicet
891 529 978 566 facit
1005 528 1178 565 meditari
1199 527 1245 564 de
1275 534 1414 573 amato,

362 591 403 620 ut
433 583 575 620 dictum
606 591 662 620 est
687 583 727 619 *z
754 583 900 618 intensa
928 588 1054 618 autem
1085 579 1278 617 meditatio
1306 579 1418 616 unius

365 636 543 673 abstrahit
571 636 619 672 ab
648 635 738 672 aliis.
760 655 782 662 -
805 635 880 670 Sed
909 632 1116 670 secundam
1147 631 1302 669 extasim
1331 632 1418 668 facit

364 700 472 725 amor
487 688 647 725 directe:
673 686 888 735 simpliciter
907 685 1064 733 quidem
1088 697 1198 722 amor
1216 684 1417 730 amicitiae;

364 753 473 778 amor
501 748 628 778 autem
658 738 984 786 concupiscentiae
1008 749 1087 774 non
1107 737 1334 786 simpliciter,
1352 738 1418 774 sed

364 793 574 830 secundum
602 792 703 840 quid.
725 792 827 827 Nam
856 790 895 826 in
926 802 1058 827 amore
1078 789 1416 838 concupiscentiae,

364 846 653 893 quodammodo
669 844 783 880 fertur
793 854 926 879 amans
942 849 1045 879 extra
1059 843 1244 891 seipsum:
1261 842 1420 890 inquan-

363 905 442 935 tum
464 897 612 942 scilicet,
630 908 708 933 non
728 902 926 932 contentus
945 895 1109 943 gaudere
1125 895 1172 933 de
1191 896 1295 932 bono
1315 895 1420 943 quod

362 950 487 995 habet,
509 948 653 996 quaerit
672 948 742 984 frui
766 947 892 996 aliquo
923 955 1025 985 extra
1044 960 1096 985 se.
1118 948 1195 991 Sed
1223 947 1311 996 quia
1329 947 1420 984 illud

364 1001 615 1038 extrinsecum
636 1002 781 1037 bonum
810 1000 957 1048 quaerit
976 1000 1046 1037 sibi
1074 1001 1228 1046 habere,
1249 1013 1328 1036 non
1347 999 1421 1036 exit

1008 190 1272 236 QUAESTIO
1303 191 1477 236 XXVIII,
1506 189 1799 226 ARTICULUS
1829 188 1879 224 IV

1471 267 1684 316 simpliciter
1714 274 1815 302 extra
1834 278 1886 311 se,
1907 265 1976 306 sed
1998 266 2081 306 talis
2100 265 2249 307 affectio
2270 265 2308 302 in
2335 265 2412 302 fine
2432 264 2527 302 infra

1469 319 1594 367 ipsum
1624 318 1869 356 concluditur.
1892 318 1968 356 Sed
1995 318 2035 359 in
2058 330 2187 356 amore
2216 317 2415 365 amicitiae,
2436 315 2525 353 affe-

1472 379 1552 408 ctus
1581 371 1735 407 alieuius
1764 370 1980 418 simpliciter
2012 371 2086 408 exit
2113 377 2216 412 extra
2243 380 2299 409 se:
2328 370 2418 418 quia
2445 369 2527 406 vult

1471 423 1594 459 amico
1616 424 1774 469 bonum,
1797 429 1833 459 et
1861 430 2038 471 operatur
2055 428 2084 470 Υ,
2104 423 2212 471 quasi
2231 433 2365 470 gerens
2393 433 2526 459 curam

1471 483 1508 511 et
1535 474 1814 523 providentiam
1842 474 1971 522 ipsius,
1991 483 2146 524 propter
2174 476 2300 524 ipsum
2329 474 2506 513 amicum.

1523 529 1582 563 An
1610 539 1747 563 PR1MUM
1775 538 1873 564 ERGO
1901 538 2083 566 mei-:NDUM
2111 528 2215 576 quod
2238 527 2301 565 illa
2327 526 2421 564 ratio
2440 537 2527 574 pro-

1473 579 1571 616 cedit
1599 580 1645 616 de
1674 578 1798 627 prima
1827 580 1953 619 extasi.
2461 603 2464 611 μ

1525 632 1584 668 An
1613 643 1801 668 SECUNDUM
1829 643 2011 670 mcENDUM
2031 632 2137 681 quod
2162 632 2223 669 illa
2243 631 2336 669 ratio
2359 629 2530 679 procedit

1473 684 1520 721 de
1549 696 1679 720 amore
1709 684 2048 732 concupiscentiae,
2068 684 2142 733 qui
2167 696 2246 725 non
2273 683 2360 721 facit
2387 681 2529 731 simpli-

1474 736 1563 774 citer
1591 735 1758 783 extasim,
1778 743 1819 772 ut
1848 735 1990 773 dictum
2019 744 2075 773 est
2101 736 2131 773 ³¹³.

1525 791 1584 826 An
1612 800 1771 826 TERTmM
1799 800 1982 826 mcENDUM
2010 788 2116 836 quod
2143 789 2203 828 ille
2231 789 2296 837 qui
2322 795 2445 833 amat,
2474 787 2529 823 in-

1473 849 1618 878 tantum
1648 848 1750 878 extra
1770 853 1809 878 se
1839 840 1923 888 exit,
1945 841 2170 889 inquantum
2192 842 2273 881 vult
2292 841 2398 881 <bona
2417 839 2530 879 amici

1474 901 1510 930 et
1539 901 1727 943 operatur.
1755 894 1847 930 Non
1874 901 2004 931 tamen
2030 893 2112 931 vult
2140 893 2243 934 bona
2270 892 2382 935 amici
2409 892 2530 939 magis

1474 958 1590 995 quam
1608 959 1687 983 sua.
1708 946 1818 983 Unde
1839 958 1918 983 non
1946 945 2114 995 sequitur
2137 945 2245 993 quod
2270 946 2428 987 alterum
2446 945 2530 994 plus

1475 1011 1592 1046 quam
1621 1011 1661 1035 se
1691 998 1827 1046 diligat.

414 1113 441 1147 γ)
461 1116 597 1145 operatur.
614 1126 634 1131 —
651 1113 746 1137 bonum
767 1113 862 1137 addunt
880 1113 926 1137 Pa.

855 1151 863 1164 l

1315 1189 1580 1197 ww

1137 1265 1453 1307 ARTICULUS
1483 1232 1754 1318 QUARTUS

1033 1366 1188 1397 UTRUM
1210 1366 1344 1397 ZELUS
1367 1366 1433 1396 SIT
1457 1366 1679 1397 EFFECTUS
1702 1365 1864 1397 AMORIS

923 1453 954 1478 In
974 1453 1057 1482 Ioan„
1078 1460 1132 1485 cap.
1151 1460 1178 1482 11,
1198 1453 1299 1484 lect.11;
1320 1453 1329 1477 1
1346 1453 1415 1482 Cor„
1435 1460 1491 1484 cap.
1509 1460 1558 1482 ΧΠ,
1578 1452 1636 1477 lect.
1654 1459 1676 1482 ις
1696 1453 1728 1483 11,
1748 1460 1804 1484 cap.
1823 1459 1860 1483 xr,
1881 1452 1938 1476 lect.
1958 1459 1977 1477 1.

416 1593 423 1600 .
450 1569 457 1581 ι
512 1572 541 1601 i‘t·
574 1561 596 1586 D
617 1560 788 1592 QUARTUM
808 1560 860 1585 su:
880 1560 1117 1586 PROCEDITUR.
1138 1548 1296 1586 Videtur
1315 1548 1421 1596 quod
1442 1553 1444 1555 '

431 1600 439 1607 ⁴
575 1603 677 1639 zelus
692 1614 770 1639 non
785 1601 831 1638 sit
845 1601 1169 1639 effectus-amoris.
1185 1602 1299 1638 Zelus
1319 1601 1420 1638 enim

363 1760 461 1810 {elus
488 1766 525 1796 et
545 1760 739 1807 contentio,
761 1768 830 1796 etc.
852 1760 928 1797 Sed
957 1760 1146 1796 contentio
1176 1767 1359 1808 repugnat
1383 1772 1421 1796 a-

364 1812 473 1850 mori.
495 1813 596 1860 Ergo
625 1813 727 1850 zelus
755 1825 835 1850 non
863 1819 919 1850 est
947 1812 1102 1849 effectus
1131 1812 1282 1849 amoris.

418 1877 452 1902 2.
479 1866 720 1913 PRAETEREA,
750 1865 943 1902 obiectum
980 1865 1122 1902 amoris
1160 1872 1216 1901 est
1251 1866 1419 1912 bonum,

363 1917 469 1967 quod
498 1926 552 1954 est
584 1917 948 1955 communicativum
977 1918 1045 1954 sui.
1077 1917 1154 1954 Sed
1182 1918 1284 1954 zelus
1311 1929 1422 1965 repu-

363 1978 452 2018 gnat
486 1970 842 2007 communicationi:
871 1970 922 2007 ad
949 1970 1074 2006 zelum
1103 1970 1205 2006 enim
1234 1970 1421 2018 pertinere

362 2023 514 2061 videtur
541 2023 645 2072 quod
678 2023 810 2072 aliquis
839 2035 916 2060 non
950 2023 1113 2071 patiatur
1141 2028 1158 2044 α
1187 2022 1421 2059 consortium

363 2076 401 2114 in
426 2083 574 2123 amato;
605 2076 699 2113 sicut
725 2075 796 2113 viri
817 2075 991 2113 dicuntur
1018 2075 1139 2112 zelare
1158 2087 1307 2122 uxores,
1329 2087 1422 2124 quas

363 2130 497 2166 nolunt
515 2130 657 2166 habere
677 2141 904 2166 communes
925 2140 1012 2165 cum
1034 2128 1176 2165 ceteris.
1198 2128 1300 2176 Ergo
1320 2129 1422 2165 zelus

364 2195 443 2219 non
472 2189 527 2218 est
555 2182 710 2218 effectus
739 2181 890 2218 amoris.

420 2236 453 2272 3.
475 2235 716 2282 PRAETEREA,
746 2236 848 2270 zelus
881 2246 959 2270 non
993 2240 1048 2269 est
1082 2233 1162 2269 sine
1191 2233 1297 2280 odio,
1327 2233 1422 2270 sicut

364 2300 435 2324 nec
463 2287 543 2324 sine
563 2299 712 2323 amore:
744 2287 877 2323 dicitur
905 2285 1007 2322 enim
1031 2285 1069 2322 in
1090 2286 1243 2323 Psalmo
1267 2298 1362 2323 Lxxu
1381 2285 1421 2322 *ε

365 2339 498 2376 Zelavi
514 2351 626 2388 super
644 2340 789 2388 iniquos
808 2338 833 2375 β.
851 2340 943 2376 Non
968 2350 1056 2385 ergo
1078 2338 1191 2375 debet
1210 2337 1282 2375 dici
1302 2338 1423 2386 magis

365 2392 521 2429 effectus
550 2392 690 2429 amoris
719 2404 835 2440 quam
864 2391 953 2428 odii.

419 2446 493 2482 SED
522 2457 666 2482 CONTRA
695 2457 760 2481 EST
789 2444 893 2492 quod
921 2443 1127 2492 Dionysius
1156 2443 1254 2491 dicit,
1277 2456 1311 2479 1v
1340 2455 1420 2492 cap.

128 2506 136 2516 ·
153 2491 337 2528 &Th-lect*
365 2500 410 2534 de
437 2499 524 2535 Diu.
553 2498 670 2534 Nom.
705 2497 742 2544 ²⁸,
773 2497 878 2546 quod
906 2498 1010 2533 Deus
1041 2495 1250 2544 appellatur
1282 2495 1426 2532 Zelotes

127 2927 137 2935 '
154 2924 201 2952 Qu.
215 2929 285 2945 xxxv.

359 2556 516 2599 propter
533 2550 690 2587 multum
707 2561 876 2589 amorem
897 2561 1006 2597 quem
1025 2550 1136 2585 habet
1148 2549 1200 2585 ad
1216 2549 1422 2585 existentia.

418 2605 642 2640 RESPONDEO
680 2614 864 2640 DICENDUM
893 2602 997 2651 quod
1025 2602 1148 2649 zelus,
1177 2613 1423 2649 quocumque

365 2657 485 2699 modo
514 2663 704 2703 sumatur,
735 2668 780 2692 ex
814 2655 1025 2692 intensione
1058 2654 1199 2692 amoris
1234 2654 1422 2703 provenit.

366 2709 609 2746 Manifestum
634 2716 688 2745 est
717 2709 818 2746 enirn
848 2708 951 2757 quod
980 2715 1122 2756 quanto
1151 2706 1277 2756 aliqua
1303 2707 1424 2744 virtus

365 2762 546 2799 intensius
574 2761 690 2799 tendit
717 2761 756 2798 in
784 2760 935 2809 aliquid,
956 2760 1086 2797 fortius
1110 2759 1223 2797 etiam
1247 2765 1262 2787 Υ
1282 2759 1425 2808 repellit

366 2827 480 2852 omne
497 2814 727 2852 contrarium
749 2815 811 2851 vel
826 2826 1053 2863 repugnans.
1071 2813 1171 2849 Cum
1190 2812 1299 2860 igitur
1315 2825 1425 2849 amor

366 2868 412 2904 sit
430 2868 581 2916 quidam
601 2873 722 2904 motus
747 2868 782 2904 in
812 2872 994 2913 amatum,
1014 2873 1056 2902 ut
1074 2865 1306 2913 Augustinus
1335 2864 1424 2902 dicit

365 2921 403 2957 in
427 2921 522 2958 libro
547 2921 743 2970 Octoginta
763 2919 875 2956 trium
900 2920 1047 2962 Quaest.
1068 2918 1099 2966 ²⁸,
1119 2918 1288 2955 intensus
1317 2930 1424 2955 amor

367 2973 511 3023 quaerit
539 2973 736 3021 excludere
762 2985 876 3010 omne
906 2972 1012 3021 quod
1035 2971 1104 3008 sibi
1132 2978 1324 3020 repugnat.

358 3053 362 3055 ἡ
419 3026 536 3063 Aliter
563 3034 691 3063 tamen
718 3027 792 3063 hoc
811 3025 992 3073 contingit
1019 3024 1058 3061 in
1087 3037 1218 3061 amore
1245 3023 1422 3073 concupi-

368 3079 552 3125 scentiae,
588 3087 623 3115 et
659 3078 763 3115 aliter
790 3079 828 3115 in
866 3090 997 3116 amore
1027 3077 1220 3114 amicitiae.
1250 3077 1353 3114 Nam
1385 3076 1424 3113 in

367 3144 498 3168 amore
520 3131 858 3180 concupiscentiae,
876 3131 939 3180 qui
959 3131 1103 3167 intense
1124 3129 1264 3179 aliquid
1285 3142 1424 3167 concu-

366 3185 486 3234 piscit,
507 3191 684 3222 movetur
703 3191 834 3220 contra
854 3196 969 3220 omne
998 3183 1088 3221 illud
1108 3183 1212 3231 quod
1241 3190 1424 3231 repugnat

368 3237 625 3275 consecutioni
648 3237 710 3274 vel
730 3236 894 3273 fruitioni
923 3236 1070 3285 quietae
1098 3236 1177 3273 eius
1197 3235 1300 3284 quod
1320 3247 1423 3272 ama-

367 3298 437 3327 tur.
460 3291 509 3327 Et
536 3291 610 3327 hoc
638 3289 756 3326 modo
775 3289 846 3326 viri
871 3288 1045 3326 dicuntur
1064 3289 1184 3326 zelare
1203 3300 1354 3335 uxoreS,
1375 3300 1422 3324 ne

367 3356 436 3392 per
468 3343 701 3380 consortium
738 3341 899 3379 aliorum
927 3342 1154 3390 impediatur
1190 3340 1423 3389 singularitas

1475 1560 1591 1597 quam
1604 1548 1642 1585 in
1656 1560 1775 1585 uxore
1795 1555 1991 1597 quaerunt,
2011 1547 2190 1586 Similiter
2206 1548 2319 1586 etiam
2335 1548 2400 1596 qui
2419 1561 2533 1608 quae-

1475 1608 1562 1639 runt
1587 1601 1863 1648 excellentiam,
1893 1608 2099 1638 moventur
2127 1608 2258 1639 contra
2287 1612 2352 1638 eos
2381 1613 2445 1649 qui
2474 1613 2535 1638 ex-

1476 1654 1608 1691 cellere
1636 1653 1833 1701 videntur,
1863 1653 1970 1701 quasi
1997 1653 2249 1702 impedientes
2277 1653 2534 1690 excellentiam

1476 1719 1622 1743 eorum.
1648 1707 1697 1743 Et
1723 1706 1791 1743 iste
1821 1713 1876 1742 est
1898 1707 2000 1743 zelus
2027 1706 2205 1754 invidiae,
2226 1707 2272 1743 de
2301 1717 2380 1759 quo
2401 1706 2536 1743 dicitur

1474 1759 1513 1795 in
1531 1759 1685 1811 Psalmo
1714 1771 1821 1795 xxxvl
1841 1760 1877 1795 *ε
1892 1759 2003 1798 ,Noli
2018 1759 2206 1796 aemulari
2227 1759 2265 1795 in
2293 1758 2534 1810 malignanti-

1475 1813 1554 1857 bus,
1575 1823 1694 1860 neque
1722 1811 1899 1860 zelaveris
1915 1812 2102 1860 facientes
2131 1811 2372 1860 iniquitatem.

1528 1866 1651 1901 Amor
1677 1872 1807 1901 autem
1835 1863 2019 1901 amicitiae
2056 1863 2202 1912 quaerit
2229 1864 2377 1901 bonum
2404 1863 2533 1903 amici:

1456 1917 1577 1954 xunde
1602 1918 1756 1964 quando
1777 1924 1832 1954 est
1850 1917 2030 1964 intensus,
2051 1917 2138 1954 facit
2163 1916 2363 1954 hominem
2386 1916 2537 1954 moveri

1477 1977 1607 2005 contra
1635 1981 1751 2005 omne
1774 1969 1866 2006 illud
1886 1970 1991 2018 quod
2019 1977 2204 2018 repugnat
2235 1970 2338 2006 bono
2367 1966 2380 1990 ⁶
2409 1965 2533 2006 amici.

1476 2022 1525 2058 Et
1539 2021 1752 2062 secundum
1765 2022 1852 2068 hoc,
1873 2021 2007 2070 aliquis
2023 2022 2157 2060 dicitur
2170 2022 2291 2058 zelare
2305 2033 2376 2070 pro
2397 2021 2534 2069 amico,

1476 2073 1644 2122 quando,
1664 2073 1695 2110 si
1714 2085 1789 2123 qua
1814 2073 1988 2111 dicuntur
2014 2075 2078 2112 vel
2104 2074 2201 2112 fiunt
2229 2080 2360 2112 contra
2387 2074 2537 2111 bonum

1477 2126 1599 2174 amici,
1613 2126 1733 2163 homo
1762 2127 1943 2175 repellere
1972 2127 2107 2165 studet.
2128 2127 2178 2165 Et
2205 2138 2274 2175 per
2291 2127 2394 2164 hunc
2422 2126 2539 2166 etiam

1477 2179 1638 2216 modum
1659 2179 1792 2228 aliquis
1813 2179 1946 2216 dicitur
1968 2180 2089 2216 zelare
2108 2192 2178 2228 pro
2198 2180 2296 2227 Deo,
2316 2179 2471 2228 quando
2492 2190 2537 2215 ea

1477 2244 1576 2280 quae
1605 2239 1692 2269 sunt
1720 2240 1851 2268 contra
1877 2234 2067 2270 honorem
2094 2233 2158 2269 vel
2185 2232 2423 2269 voluntatem
2450 2231 2534 2277 Dei,

1478 2285 1659 2333 repellere
1700 2285 1911 2322 secundum
1947 2297 2062 2333 posse
2101 2292 2283 2330 conatur;
2322 2284 2534 2321 secundum

1477 2337 1567 2374 illud
1596 2337 1645 2373 III
1674 2338 1771 2386 Reg.
1797 2349 1857 2373 xix
1878 2337 1918 2383 ³¹⁸,
1954 2337 2043 2373 Zelo
2076 2337 2213 2386 zelatus
2245 2348 2329 2373 sum
2354 2347 2429 2384 pro
2457 2337 2536 2373 Do-
2563 2347 2572 2356 ·

1478 2391 1580 2427 mino
1608 2390 1850 2426 exercituum.
1873 2390 1922 2426 Et
1950 2390 2052 2426 Ioan.
2075 2401 2097 2426 11
2116 2389 2147 2436 ²¹²,
2168 2401 2282 2438 super
2301 2389 2404 2435 illud,
2427 2403 2446 2421 α
2465 2389 2536 2425 Ze·
2564 2400 2573 2410 *

1477 2443 1535 2479 lus
1556 2444 1694 2480 domus
1713 2450 1799 2478 tuae
1820 2442 1986 2479 comedit
2004 2454 2066 2478 me
2081 2457 2115 2490 φ,
2137 2441 2224 2478 dicit
2243 2441 2380 2479 Glossa
2395 2442 2415 2463 ²¹²
2431 2441 2535 2489 quod

1478 2496 1575 2532 bono
1610 2494 1687 2542 {elo
1721 2495 1945 2540 comeditur,
1979 2495 2045 2542 qui
2069 2494 2254 2542 quaelihet
2283 2505 2407 2542 prava
2439 2506 2536 2542 quae

1478 2548 1630 2607 viderit,
1665 2548 1859 2596 corrigere
1890 2547 2055 2596 satagit;
2087 2547 2122 2583 si
2153 2547 2297 2595 nequit,
2336 2547 2469 2587 tolerat
2502 2553 2539 2584 et

1477 2606 1605 2690 gezi}
1619 2664 1755 2689 PRIMUM
1783 2663 1881 2688 ERGO
1909 2663 2093 2688 mcenmm
2121 2650 2227 2699 quod
2253 2651 2461 2699 Apostolus
2485 2650 2537 2689 ibi

1477 2705 1643 2754 loquitur
1671 2705 1718 2742 de
1738 2704 1819 2741 zelo
1848 2704 2034 2750 invidiae3
2063 2703 2128 2752 qui
2155 2703 2311 2754 quidem
2341 2711 2398 2741 est
2425 2715 2541 2741 causa

1478 2757 1740 2804 contentionis,
1761 2769 1840 2794 non
1860 2764 1992 2795 contra
2009 2769 2091 2794 rem
2119 2763 2299 2804 amatam,
2320 2756 2391 2797 sed-
2406 2769 2477 2806 pro
2497 2768 2544 2801 re,

1477 2819 1603 2848 amata
1633 2817 1761 2847 contra
1789 2809 2063 2859 impedimenta
2091 2809 2219 2858 ipsius.

1530 2866 1588 2901 AD
1609 2874 1798 2900 SECUNDUM
1818 2874 2001 2900 mcENDUM
2020 2862 2126 2911 quod
2145 2863 2292 2903 bonum
2313 2869 2460 2900 amatur
2476 2861 2536 2899 in-

1478 2923 1746 2964 quantum‘est
1765 2915 2084 2953 communicabile
2108 2914 2260 2953 amanti.
2286 2914 2398 2952 Unde
2421 2926 2537 2953 omne

1476 2969 1567 3006 illud
1596 2968 1701 3018 quod
1734 2968 2007 3017 perfectionem
2042 2968 2157 3006 huius
2183 2967 2538 3008 communicationis

1477 3022 1646 3072 impedit,
1668 3021 1826 3060 efficitur
1854 3021 2044 3059 odiosum.
2065 3022 2115 3058 Et
2138 3020 2191 3057 sic
2220 3031 2265 3057 ex
2290 3032 2423 3057 amore
2447 3020 2539 3058 boni

1477 3076 1578 3112 zelus
1603 3083 1788 3113 causatur.
1810 3095 1832 3102 -
1854 3075 1912 3111 Ex
1936 3074 2090 3112 defectuv
2103 3080 2232 3111 autem
2253 3073 2430 3111 bonitatis
2448 3085 2539 3112 con·

1477 3128 1581 3176 tingit
1617 3128 1721 3177 quod
1751 3127 1942 3177 quaedam
1974 3139 2096 3176 parva
2129 3127 2232 3164 bona
2267 3138 2346 3164 non
2378 3132 2538 3174 possunt

1476 3181 1618 3229 integre
1647 3181 1758 3218 simul
1777 3179 1963 3229 possideri
1991 3192 2013 3216 a
2033 3178 2171 3217 multis.
2192 3179 2252 3220 Et,
2269 3190 2315 3218 ex
2334 3190 2466 3216 amore
2483 3185 2538 3215 ta-

1477 3234 1569 3271 lium
1600 3241 1774 3271 causatur
1797 3233 1899 3270 zelus
1918 3231 2096 3271 invidiae.
2118 3233 2210 3269 Non
2234 3239 2362 3270 autem
2383 3229 2534 3280 proprie

1477 3299 1523 3324 ex
1550 3286 1607 3323 his
1636 3298 1733 3335 quae
1761 3286 1902 3334 integre
1936 3293 2098 3334 possunt
2125 3298 2147 3322 a
2175 3284 2302 3323 multis
2327 3282 2534 3332 possideri:

1477 3340 1600 3377 nullus
1630 3339 1730 3376 enim
1750 3338 1895 3376 invidet
1924 3338 2029 3376 alteri
2059 3339 2107 3375 de
2127 3337 2339 3385 cognitione
2357 3335 2535 3382 veritatis,

422 3458 449 3489 α)
469 3458 564 3490 aliquis
583 3465 634 3482 non
650 3457 782 3489 patiatur.
801 3470 820 3475 —
838 3457 896 3488 quis
916 3463 967 3480 non
985 3456 1092 3488 patitur
1110 3456 1156 3481 Pa.

422 3491 447 3526 β)
469 3493 580 3525 iniquos.
597 3506 616 3512 -
634 3492 754 3517 inimicos
771 3491 993 3523 ABCFGHleD.

1531 3454 1558 3487 γ)
1578 3454 1666 3479 etiam.
1684 3467 1703 3473 —
1721 3453 1783 3478 Om.
1802 3453 1849 3478 Pa.

1533 3488 1557 3522 δ)
1578 3490 1653 3514 bono.
1672 3503 1689 3507 —
1709 3489 1782 3513 bonis
1801 3488 1911 3512 codices.

2558 736 2566 745 ³
2581 734 2606 756 In
2622 739 2727 762 corpore.

2562 1767 2571 1776 ·
2585 1765 2652 1788 Vere.
2665 1771 2683 1787 ι.

2587 2345 2654 2368 Vere.
2668 2351 2702 2372 ¹4-

2589 2398 2656 2420 Vere.
2671 2404 2705 2426 ¹7·

2563 2453 2572 2461 ·
2588 2450 2670 2473 Ordin.
