2852 4152
112 415 121 423 '
136 414 186 435 Art.
201 412 304 440 praeced.

107 1440 191 1486 *ΞΗΤ
185 1444 317 1486 .,1vn.v5.-

105 1769 116 1781 ⁸
157 1775 179 1790 u.
193 1774 255 1794 xxti,
274 1772 316 1790 art.

105 1802 147 1842 {a
161 1795 318 1842 &asstitit

105 1837 187 1869 cur'rtt.
209 1837 214 1842 '
267 1837 273 1842 “

109 2515 164 2538 ‘.Cs
170 2516 223 2542 Aug
224 2515 319 2537 deCiv.

108 2543 164 2569 Dei,
189 2521 228 2563 lib.
253 2541 319 2568 xlv,

109 2575 159 2597 cap.
176 2575 214 2589 xv.

115 3042 124 3051 ·
142 3040 190 3068 Qu.
210 3045 268 3066 xxv,
283 3043 324 3061 art.

119 3439 192 3466 ’.Ωιι
203 3444 238 3463 1x;
253 3443 291 3464 qu.
305 3443 328 3462 x,

119 3469 161 3486 art
166 3471 183 3490 ις
190 3468 231 3486 art.
235 3469 255 3489 2,
263 3463 330 3485 Com-

119 3481 310 3512 ment'.num.11.

119 3516 201 3538 ''Ibid-

352 222 426 257 218

348 311 432 335 vus.
467 299 568 346 Ergo
599 299 795 336 delectatio
827 307 952 348 potest
981 311 1061 336 esse
1090 299 1128 336 in
1157 299 1324 348 appetitu
1352 299 1406 335 in-

349 351 548 387 tellectivo.

402 404 626 440 Resposmzo
655 416 838 441 melerinum
867 405 984 452 quod,
1005 404 1100 440 sicut
1129 403 1270 440 dictum
1300 409 1355 438 est
1372 402 1404 449 ³⁸,

350 456 546 492 delectatio
575 456 764 505 quaedam
793 457 960 504 sequitur
987 455 1327 503 apprehensionem
1349 466 1406 490 ra-

349 508 470 546 tionis,
500 509 560 546 Ad
593 509 937 558 apprehensionem
966 515 1094 544 autem
1124 506 1296 552 rationis,
1327 518 1405 542 non

350 561 475 598 solum
492 569 757 598 commovetur
771 561 956 609 appetitus
976 559 1186 604 sensitivus,
1202 570 1271 606 per
1290 558 1407 606 appli-

351 614 539 650 cationem
568 614 616 650 ad
645 613 786 660 aliquid
804 613 1046 661 particulare;
1072 611 1139 647 sed
1159 610 1271 647 etiam
1291 622 1406 658 appe-

348 666 434 703 titus
463 666 719 712 intellectivus,
749 665 814 713 qui
837 665 970 701 dicitur
988 664 1175 699 voluntas.
1206 663 1255 699 Et
1274 674 1407 699 secun-

350 719 443 756 dum
456 719 543 765 hoc,
558 718 596 754 in
612 717 778 766 appetitu
793 716 1030 761 intellectiv0,
1047 715 1126 752 sive
1142 715 1179 752 in
1198 715 1405 762 voluntate,

349 779 406 807 est
433 771 629 807 delectatio
658 781 755 818 quae
784 769 917 805 dicitur
943 767 1144 815 gaudium,
1175 780 1254 804 non
1278 775 1405 804 autem

350 823 546 860 delectatio
567 821 783 870 corporalis.

402 877 487 912 Hoc
507 883 634 912 tamen
658 875 809 910 interest
834 873 929 909 inter
948 872 1237 909 delectationem
1271 872 1406 909 utrius-

348 939 422 976 que
451 927 647 975 appetitus,
669 926 773 974 quod
794 925 990 962 delectatio
1011 925 1197 974 appetitus
1221 925 1406 961 sensibilis

350 988 405 1016 est
420 992 507 1016 cum
528 979 653 1026 aliqua
675 977 990 1015 transmutatione
1010 977 1218 1026 corporali:
1244 977 1404 1014 delecta—

346 1031 398 1068 tio
414 1039 540 1068 autem
556 1031 743 1079 appetitus
763 1031 977 1067 intellectivi
991 1030 1082 1067 nihil
1097 1030 1198 1067 aliud
1218 1038 1274 1066 est
1289 1041 1403 1077 quam

347 1084 504 1132 simplex
531 1082 659 1120 motus
686 1083 902 1120 voluntatis.
924 1084 972 1120 Et
997 1083 1208 1120 secundum
1235 1083 1309 1119 hoc
1327 1083 1405 1117 Au-

347 1136 513 1183 gustinus
533 1136 631 1183 dicit,
647 1137 686 1173 in
702 1136 791 1173 XIV
800 1137 846 1173 de
864 1136 943 1173 Ciu.
959 1137 1034 1172 Dei
1049 1135 1080 1181 *,
1101 1134 1207 1183 quod
1225 1134 1406 1182 cupiditas

347 1195 380 1224 et
399 1188 536 1225 laetitia
565 1201 639 1226 non
659 1187 674 1218 β
693 1195 746 1226 est
763 1189 868 1226 aliud
884 1200 999 1236 quam
1021 1187 1193 1225 voluntas
1213 1187 1250 1223 in
1270 1198 1402 1223 eorum

346 1242 587 1278 consensione
614 1254 711 1290 quae
736 1242 920 1278 volumus.

398 1296 457 1331 AD
486 1306 622 1331 PRIMUM
650 1305 747 1331 ERGO
776 1305 958 1330 DICENDUM
986 1292 1091 1340 quod
1120 1292 1158 1328 in
1186 1291 1247 1328 illa
1275 1292 1406 1328 defini-

345 1346 447 1383 tione
485 1346 725 1395 Philosophi,
760 1346 929 1382 sensibile
962 1345 1115 1394 ponitur
1151 1345 1406 1382 communiter

344 1412 415 1448 pro
444 1411 686 1447 quacumque
717 1398 1032 1447 apprehensione.
1062 1397 1163 1434 Dicit
1190 1397 1290 1434 enim
1319 1397 1405 1434 Phi-

345 1453 528 1500 losophus
555 1452 594 1488 in
622 1453 657 1488 X
683 1452 803 1488 Ethic.
830 1451 861 1498 ³¹²,
891 1451 995 1499 quod
1023 1450 1226 1487 secundum
1255 1462 1404 1486 omnem

398 1558 423 1591 β)
443 1567 506 1584 non.
523 1573 542 1578 —
561 1559 627 1584 nihil
646 1560 692 1584 Pa.
705 1573 724 1578 —-
737 1560 787 1584 Pro
806 1559 985 1588 consensione,
1002 1559 1185 1584 consecutione
1198 1559 1349 1583 PEHIKLa.

1020 221 1285 268 QUAESTIO
1314 222 1456 268 XXXI,
1486 220 1781 257 ARTICULUS
1811 221 1861 256 IV

1459 310 1608 334 sensum
1642 303 1696 334 est
1725 298 1937 341 delectatio,·
1964 298 2132 335 similiter
2165 304 2289 335 autem
2324 304 2360 334 et
2388 309 2518 334 secun-

1460 351 1549 386 dum
1564 355 1580 378 Υ
1595 350 1816 386 intellectum
1835 356 1870 386 et
1886 350 2184 398 speculationem.
2197 351 2292 387 -Vel
2306 357 2431 399 potest
2446 349 2517 386 dici

1461 402 1566 449 quod
1581 402 1660 449 ipse
1677 402 1808 438 definit
1824 402 2110 440 delectationem
2132 403 2319 452 appetitus
2339 401 2517 439 sensitivi.

1513 455 1572 489 An
1600 465 1789 490 SECUNDUM
1821 465 2004 491 DICENDUM
2036 457 2141 503 quod
2174 455 2372 492 delectatio
2404 454 2519 490 habet

1460 506 1646 541 rationem
1675 506 1873 553 passionis,
1897 507 2050 555 proprie
2069 507 2274 556 loquendo,
2294 507 2518 555 inquantum

1461 564 1516 593 est
1544 569 1632 593 cum
1661 557 1786 606 aliqua
1817 559 2129 596 transmutatione
2162 559 2360 608 corporali.
2390 559 2439 594 Et
2466 558 2518 594 sic

1460 622 1538 646 non
1577 617 1632 645 est
1665 609 1703 646 in
1736 610 1903 658 appetitu
1936 611 2178 659 intellectivo,
2207 612 2274 648 sed
2306 610 2518 648 secundum

1460 662 1670 710 simplicem
1699 665 1868 699 motum:
1897 663 1950 700 sic
1978 664 2080 700 enim
2109 664 2223 701 etiam
2244 671 2299 700 est
2320 663 2359 700 in
2377 664 2462 700 Deo
2483 669 2520 699 et

1460 714 1503 751 in·
1518 714 1670 762 angelis,
1686 715 1798 752 Unde
1818 715 1906 752 dicit
1923 716 2189 764 Philosophus,
2210 716 2247 753 in
2261 717 2330 754 VII
2349 716 2470 753 Ethic.
2485 714 2506 737 *

1461 767 1565 815 quod
1593 764 1697 804 Deus
1731 779 1807 804 una
1839 767 1999 815 simplici
2033 769 2248 816 operatione
2279 769 2430 818 gaudet.
2469 767 2519 804 Et

1460 819 1666 867 Dionysius
1687 819 1785 866 dicit,
1807 820 1844 856 in
1863 820 1940 856 fine
1969 820 2069 857 Cael.
2088 822 2199 858 IIier‘.
2214 821 2246 868 *,
2267 821 2372 870 quod
2390 820 2520 870 angeli

1461 884 1534 909 non
1563 878 1650 909 sunt
1673 872 1921 921 susceptibiles
1944 877 2094 909 nostrae
2106 873 2291 920 passibilis
2310 874 2517 910 delectatio-

1460 926 1528 970 nis,
1557 925 1623 961 sed
1647 926 1887 975 congaudent
1907 926 1990 962 Deo
2008 925 2211 962 secundum
2230 926 2518 975 incorruptionis

1459 978 1649 1014 laetitiam.

1513 1031 1571 1066 An
1590 1040 1750 1066 ‘raarrum
1769 1041 1953 1075 DICENDUM
1972 1029 2078 1078 quod
2106 1029 2144 1065 in
2165 1029 2275 1066 nobis
2294 1041 2373 1066 non
2391 1030 2517 1066 solum

1461 1089 1516 1118 est
1543 1081 1741 1118 delectatio
1761 1081 1799 1118 in
1818 1093 1895 1129 qua
1918 1082 2247 1118 communicamus
2272 1094 2359 1118 curn
2382 1082 2516 1130 brutis,

1460 1133 1528 1170 sed
1557 1134 1670 1170 etiarn
1700 1133 1742 1170 in
1775 1145 1851 1181 qua
1889 1134 2219 1171 communicamus
2249 1146 2336 1171 cum
2365 1134 2516 1182 angelis.

1460 1186 1570 1224 Unde
1598 1186 1741 1223 ibidem
1770 1186 1976 1234 Dionysius
2010 1186 2098 1224 dicit
2124 1187 2229 1235 quod
2256 1187 2376 1224 sancti
2400 1187 2518 1223 homi-

1460 1251 1524 1276 nes
1551 1239 1734 1275 multoties
1750 1240 1857 1286 fiunt
1878 1240 1915 1276 in
1929 1240 2218 1288 participatione
2235 1239 2518 1276 delectationum

1459 1291 1731 1341 angelicarum.
1763 1292 1811 1328 Et
1838 1291 1888 1328 ita
1915 1292 1953 1328 in
1982 1293 2093 1329 nobis
2127 1299 2182 1329 est
2210 1292 2407 1329 delectatio
2440 1303 2519 1328 non

1460 1345 1584 1380 solum
1612 1344 1650 1381 in
1679 1343 1847 1393 appetitu
1875 1345 2068 1391 sensitivo,
2088 1345 2127 1381 in
2156 1357 2232 1393 quo
2260 1344 2520 1381 communica-

1459 1409 1546 1433 mus
1566 1409 1653 1433 cum
1669 1396 1802 1443 brutis;
1823 1398 1889 1434 sed
1910 1397 2021 1434 etiam
2035 1397 2074 1434 in
2093 1397 2260 1446 appetitu
2279 1392 2517 1444 intellectivo,

1458 1449 1496 1486 in
1525 1461 1601 1497 quo
1632 1449 1958 1486 communicamus
1987 1462 2074 1486 cum
2104 1450 2256 1498 angelis.

1510 1559 1537 1591 γ)
1557 1558 1708 1582 secundum.
1726 1572 1745 1576 -
1763 1558 1825 1582 Om.
1844 1558 1945 1582 codices
1965 1564 1990 1582 et
2008 1565 2033 1582 a.

1020 1637 1349 1669 Commentaria
1372 1636 1620 1669 cardinalis
1643 1635 1842 1668 Caietam

410 1728 480 1748 chA
503 1718 585 1748 dicta
607 1717 639 1747 in
663 1723 775 1758 quarto
805 1716 952 1752 articulo,
973 1716 1096 1746 Scotica
1123 1715 1277 1746 subtilitas
1306 1715 1409 1746 discu-

347 1729 515 1793 Ctienda
538 1761 682 1792 occurrit.
706 1761 775 1800 Ipse
803 1770 952 1800 namque,
979 1767 1013 1790 ut
1036 1759 1180 1799 superius
1199 1760 1216 1779 *
1240 1759 1409 1799 allegatum

345 1813 400 1843 est,
424 1806 515 1846 ponit
537 1806 570 1835 in
593 1805 757 1835 voluntate
780 1814 846 1834 non
870 1804 976 1834 solum
992 1804 1201 1843 operationes,
1219 1804 1274 1841 sed
1290 1804 1409 1844 passio-

344 1859 418 1886 nes;
442 1850 518 1888 illas·
532 1849 658 1885 liberas,
683 1849 756 1878 istas
779 1848 952 1884 naturales;
977 1847 1045 1877 illas
1070 1857 1087 1877 a
1110 1847 1272 1878 voluntate
1296 1848 1329 1877 in
1352 1857 1408 1880 vo-

344 1895 482 1929 luntate,
507 1893 580 1923 istas
608 1892 641 1922 in
668 1892 831 1922 voluntate
855 1892 892 1921 ab
918 1890 1053 1921 obiecto.
1077 1891 1168 1921 Unde
1187 1891 1220 1920 in
1244 1891 1286 1920 111
1302 1891 1406 1928 Sem„

345 1938 415 1968 dist.
432 1947 472 1966 xv
481 1936 509 1972 ἦ,
521 1946 557 1966 ex
571 1935 737 1977 proposito
750 1935 883 1974 probare
900 1934 1009 1964 nititur
1024 1934 1180 1964 tristitiam
1196 1934 1229 1964 in
1244 1935 1407 1964 voluntate

344 1991 410 2012 non
435 1990 501 2011 esse
524 1979 742 2020 operationem
766 1978 842 2014 eius,
868 1978 922 2008 sed
938 1977 1129 2017 passionem,
1151 1978 1406 2018 quadrupliciter.

344 2025 451 2055 Primo
475 2024 564 2064 quia,
589 2024 615 2053 si
639 2030 685 2054 est
707 2022 865 2063 operatio,
889 2028 944 2052 aut
967 2028 1013 2052 est
1035 2022 1132 2057 velle,
1157 2028 1212 2052 aut
1234 2022 1329 2052 nolle.
1346 2021 1408 2052 Sed

344 2079 410 2099 non
435 2075 481 2098 est
502 2068 592 2104 velle,
617 2073 652 2097 ut
675 2074 769 2107 patet.
785 2067 850 2096 Nec
873 2065 968 2102 nolle,
986 2072 1021 2096 ut
1039 2066 1206 2105 probatur:
1230 2066 1306 2106 quia
1321 2066 1409 2096 Deus

345 2119 375 2143 et
397 2112 479 2142 beati
502 2118 637 2152 possunt
659 2110 761 2146 nolle,
787 2116 817 2140 et
840 2117 945 2140 tamen
970 2119 1035 2139 non
1058 2117 1194 2149 possunt
1217 2109 1341 2140 tristari.

400 2156 546 2187 Secundo
570 2155 660 2195 quia,
686 2163 811 2184 summe
834 2153 961 2184 nolente
984 2152 1110 2183 Socrate
1131 2153 1250 2194 aliquid
1274 2153 1406 2190 evenire,

345 2200 370 2230 si
393 2200 472 2230 illud
495 2199 626 2234 eveniat,
643 2197 822 2228 tristabitur.
848 2197 888 2227 Et
906 2203 1012 2227 tamen
1034 2196 1067 2226 in
1091 2206 1129 2227 eo
1153 2207 1219 2227 non
1235 2196 1288 2227 fiet
1302 2196 1408 2237 aliqua

346 2244 487 2284 operatio
511 2242 702 2282 simpliciter,
719 2251 777 2271 nec
800 2241 976 2271 secundum
1000 2240 1138 2280 aliquem
1157 2241 1308 2280 gradum:
1333 2241 1409 2280 quia

345 2288 410 2318 iarn
433 2287 563 2327 ponitur
586 2286 675 2335 quod
698 2294 823 2315 summe
846 2284 959 2318 noluit.

401 2331 522 2367 Tertio,
547 2330 622 2370 quia
641 2329 782 2369 operatio
802 2335 847 2358 est
863 2327 1044 2358 immediate
1067 2327 1101 2357 in
1124 2334 1278 2367 potestate
1293 2328 1408 2358 volun-

346 2375 433 2406 tatis:
457 2381 493 2405 ut
516 2380 602 2414 patet
625 2373 662 2403 de
681 2373 761 2403 velle
785 2378 815 2402 et
838 2372 933 2402 nolle.
958 2371 1087 2401 Tristari
1111 2378 1217 2402 autem
1233 2381 1299 2402 non
1316 2378 1361 2402 est
1375 2372 1407 2402 in

347 2425 501 2460 potestate
523 2417 705 2453 voluntatis,
730 2426 805 2446 curn
827 2415 965 2446 nolitum
989 2415 1124 2445 advenit.

406 2463 539 2499 Quarto,
564 2461 638 2501 quia
662 2460 802 2500 operatio
827 2466 873 2490 est
896 2466 927 2489 et
951 2469 968 2489 a
990 2459 1163 2494 voluntate,
1189 2465 1219 2489 et
1241 2458 1273 2488 in
1295 2459 1408 2489 volun-

348 2513 419 2538 tate.
443 2505 584 2536 Tristitia
607 2511 714 2534 autem
738 2510 784 2534 est
807 2503 937 2543 quidem
961 2503 993 2533 in
1017 2503 1198 2538 voluntate,
1223 2503 1278 2532 sed
1301 2513 1367 2532 non
1390 2513 1408 2532 a

347 2551 525 2581 voluntate:
546 2555 592 2579 est
608 2548 693 2578 enim
705 2548 744 2578 de
755 2548 803 2578 his
818 2557 911 2587 quae,
925 2547 1013 2577 nobis
1024 2546 1210 2582 nolentibus,
1223 2547 1371 2577 accidunt
1380 2546 1407 2577 *.

405 2594 442 2624 11.
468 2593 519 2623 Ad
542 2592 731 2622 evidentiam
754 2591 850 2621 huius
870 2590 1069 2626 difficultatis,
1087 2597 1192 2619 motae
1215 2590 1276 2620 hoc
1300 2590 1333 2620 in
1349 2597 1408 2620 tra-

349 2645 442 2674 ctatu,
460 2637 576 2667 scilicet
598 2637 637 2666 de
661 2634 877 2670 delectatione,
893 2634 967 2675 quia
991 2635 1205 2673 oppositorum
1230 2633 1339 2664 eadem
1363 2639 1409 2664 est

347 2682 526 2722 disciplina,
546 2690 603 2710 nec
626 2679 755 2709 inferius
780 2678 952 2718 specialiter
973 2684 1140 2718 quaeretur
1163 2677 1200 2707 de
1223 2677 1346 2707 tristitia
1369 2687 1408 2707 an

349 2727 389 2756 sit
411 2726 444 2756 in
466 2725 646 2765 voluntate;
671 2723 749 2753 scito
773 2723 875 2763 quod,
900 2722 925 2752 si
950 2722 1035 2751 solae
1060 2721 1280 2751 delectationes
1304 2728 1335 2752 et
1357 2721 1409 2751 tri-

349 2770 449 2800 stitiae
473 2775 575 2798 essent
598 2767 770 2807 passiones,
795 2776 869 2796 curn
892 2766 977 2805 ipsae
997 2772 1231 2805 consequantur
1246 2765 1324 2795 alios
1340 2775 1409 2795 mo-

349 2821 400 2844 tus
423 2812 591 2853 appetitus,
615 2821 757 2841 amorem
781 2817 811 2840 et
834 2809 955 2845 odium,
980 2809 1152 2839 formaliter
1170 2809 1220 2838 vel
1238 2809 1410 2839 virtualiter

350 2856 443 2900 (nihil
466 2856 551 2886 enim
575 2856 707 2885 delectat
736 2854 796 2884 nisi
826 2860 984 2889 amatum,
1010 2860 1040 2883 et
1063 2853 1142 2883 nihil
1166 2852 1328 2883 contristat
1351 2853 1410 2882 nisi

351 2901 426 2931 odio
450 2900 594 2930 habiturn
618 2909 672 2929 seu
697 2897 859 2940 nolitum),
880 2897 1050 2927 dicendum
1065 2897 1222 2927 videretur
1237 2897 1324 2946 quod
1341 2907 1410 2936 pas-

352 2945 455 2975 siones
479 2943 624 2974 differunt
647 2943 685 2973 ab
710 2941 945 2983 operationibus
977 2941 1010 2970 in
1040 2941 1218 2971 voluntate:
1243 2940 1317 2981 quia
1340 2940 1411 2971 illae

352 2988 552 3018 immediatae
575 2993 648 3017 sunt
666 2986 720 3022 illi,
736 2986 794 3016 hae
811 2992 917 3016 autem
934 2985 1144 3015 mediantibus
1159 2984 1229 3014 illis.
1251 2984 1311 3015 Sed
1330 2994 1411 3024 quo-

353 3032 455 3068 niam,
480 3038 516 3062 ut
546 3041 582 3061 ex
606 3031 695 3061 dictis
710 3028 725 3045 *
749 3036 849 3070 patet,
874 3039 965 3060 amor
988 3035 1034 3059 est
1057 3028 1159 3068 prima
1182 3028 1306 3068 passio,
1330 3038 1411 3068 quae

353 3082 459 3106 tamen
482 3075 514 3105 in
537 3075 699 3105 voluntate
713 3073 877 3104 manifeste
894 3080 939 3103 est
955 3073 1115 3113 operatio;
1135 3072 1207 3102 ideo
1227 3082 1293 3102 non
1308 3078 1412 3113 potest

353 3119 422 3150 talis
440 3118 579 3149 conditio
598 3117 812 3148 universaliter
826 3117 973 3156 assignari
990 3116 1189 3157 passionibus
1209 3116 1364 3147 translatis
1379 3116 1412 3146 in

352 3163 560 3193 voluntatem.
581 3162 712 3201 Propter
734 3162 831 3202 quod,
849 3161 888 3190 ad
910 3161 986 3191 tales
1005 3160 1166 3201 passiones
1183 3160 1411 3196 descendendo,

355 3207 425 3237 dico
449 3212 595 3246 quatuor.

407 3250 524 3286 Primo,
542 3249 630 3290 quod
653 3255 718 3279 tam
742 3248 905 3278 delectatio
929 3258 1027 3289 quam
1046 3248 1167 3278 tristitia
1191 3254 1237 3278 est
1259 3258 1277 3278 a
1299 3247 1412 3278 volun-

354 3301 416 3325 tate
439 3300 470 3324 et
487 3294 520 3324 in
538 3293 712 3324 voluntate.
737 3292 898 3323 Probatur.
924 3292 1038 3323 Omnis
1058 3299 1165 3322 motus
1180 3291 1352 3322 voluntatis
1369 3297 1415 3322 est

355 3348 373 3368 a
397 3338 522 3368 duobus
546 3337 739 3367 motoribus:
764 3336 861 3366 altero
885 3336 991 3376 quoad
1016 3335 1291 3376 specificationem,
1316 3335 1413 3366 altero

356 3382 463 3422 quoad
484 3381 673 3412 exercitium.
692 3380 732 3411 Et
756 3387 862 3410 motor
881 3380 986 3420 quoad
1004 3380 1153 3419 primurn,
1171 3386 1216 3410 est
1242 3379 1412 3410 obiectum.

357 3426 472 3463 Quoad
489 3425 665 3456 secundum
680 3433 765 3460 vero,
784 3430 829 3454 est
852 3423 971 3463 triplex,
989 3423 1104 3454 scilicet
1127 3423 1223 3459 Deus,
1243 3430 1363 3459 natura,
1385 3429 1416 3453 et

357 3469 498 3505 libertas,
524 3476 560 3499 ut
583 3479 619 3499 ex
647 3467 832 3508 supradictis
850 3467 867 3486 *
890 3474 989 3507 patet:
1016 3474 1046 3497 et
1069 3477 1275 3507 quocumque
1298 3467 1413 3497 horum

359 3520 514 3549 causante,
530 3513 676 3543 voluntas
689 3513 756 3552 ipsa
775 3518 892 3550 causat,
907 3518 942 3542 ut
958 3521 993 3541 ex
1011 3511 1195 3551 supradictis
1210 3510 1228 3528 ’θ
1245 3517 1339 3551 patet.
1356 3510 1414 3550 lgi-

1462 1721 1513 1745 tur
1543 1714 1647 1744 omnis
1680 1721 1787 1745 motus
1809 1714 1981 1744 voluntatis
2012 1721 2158 1745 causatur
2180 1724 2202 1744 a·
2220 1715 2383 1746 voluntate
2412 1715 2520 1756 quoad

1462 1758 1643 1789 exercitium
1667 1765 1767 1794 actus,
1792 1758 1830 1788 ab
1854 1757 1979 1789 obiecto
2008 1765 2114 1789 autem
2136 1758 2246 1809 quoad
2269 1758 2446 1798 specificam
2468 1759 2520 1789 de-

1461 1802 1726 1833 terminationem.
1750 1802 1923 1832 Delectatio
1944 1801 2039 1842 igitur
2058 1809 2088 1832 et
2107 1802 2239 1841 tristitia,
2257 1812 2331 1832 cum
2347 1803 2409 1833 sint
2423 1803 2521 1834 animi

1461 1853 1568 1876 motus
1592 1847 1768 1876 secundum
1791 1845 1967 1886 appetitum
1990 1846 2226 1882 intellectivum,
2243 1853 2279 1876 ut
2293 1847 2393 1876 modo
2415 1847 2520 1888 loqui·

1461 1900 1543 1926 mur,
1563 1900 1580 1920 a
1603 1890 1765 1920 voluntate
1789 1897 1878 1920 sunt:
1903 1896 1934 1920 et
1955 1889 1989 1919 in
2012 1889 2189 1926 voluntate,
2214 1890 2288 1930 quia
2311 1890 2519 1922 immanentes

1461 1940 1548 1964 actus
1571 1940 1655 1964 sunt.

1516 1977 1677 2013 Secundo,
1701 1977 1790 2017 quod
1820 1977 1999 2013 delectatio,
2024 1977 2150 2016 proprie
2177 1977 2355 2017 loquendo,
2380 1987 2447 2008 non
2475 1985 2522 2009 est

1460 2021 1556 2056 velle,
1581 2031 1639 2051 nec
1662 2020 1785 2052 tristitia
1807 2021 1903 2051 nolle.
1920 2021 2083 2051 Probatur.
2101 2021 2186 2058 Quia
2208 2021 2353 2060 superius
2371 2020 2390 2038 ⁴*
2412 2021 2558 2052 fruitio'

1461 2071 1548 2095 actus
1571 2065 1674 2104 specie
1697 2064 1861 2094 distinctus
1883 2071 1935 2095 est
1963 2070 2072 2094 contra
2094 2065 2173 2094 velle
2191 2071 2222 2095 et
2244 2064 2421 2095 intendere:
2446 2075 2521 2096 con-

1461 2115 1520 2139 stat
1543 2115 1650 2139 autem
1680 2107 1769 2149 quod
1799 2108 1963 2139 delectatio
1990 2108 2022 2138 in
2046 2108 2209 2138 voluntate
2238 2114 2293 2139 aut
2319 2114 2366 2139 est
2395 2108 2521 2146 fruitio,

1461 2158 1515 2183 aut
1538 2152 1604 2183 eius
1628 2152 1757 2192 species.
1774 2151 1815 2182 Et
1838 2151 1905 2192 pari
1928 2151 2047 2182 ratione
2070 2151 2208 2188 tristitia,
2229 2158 2265 2182 ut
2286 2151 2329 2182 ibi
2351 2152 2520 2189 invenitur,

1461 2196 1682 2236 distinguenda
1703 2195 1827 2226 videtur
1851 2206 1868 2226 a
1891 2195 1986 2226 nolle.
2007 2195 2048 2226 Et
2070 2195 2132 2226 hoc
2154 2195 2318 2236 loquendo
2337 2196 2465 2236 proprie
2481 2196 2519 2227 de

1460 2241 1540 2270 velle
1563 2247 1594 2270 et
1609 2240 1704 2270 nolle.
1720 2257 1741 2263 —
1757 2240 1798 2270 Et
1813 2239 1839 2269 si
1857 2240 1945 2279 largo
1964 2239 2122 2270 vocabulo
2137 2249 2193 2280 per
2207 2239 2288 2270 velle
2311 2239 2415 2270 omnis
2435 2250 2520 2271 acce-

1461 2284 1561 2323 ptatio
1585 2283 1766 2319 voluntatis,
1791 2290 1822 2314 et
1844 2293 1900 2323 per
1922 2283 2007 2313 nolle
2031 2283 2136 2314 omnis
2154 2283 2302 2314 refutatio
2319 2283 2519 2323 significetur,

1461 2334 1497 2357 ut
1519 2327 1689 2367 Augustini
1703 2326 1871 2357 auctoritas
1893 2326 1926 2356 in
1949 2326 2050 2357 littera
2073 2326 2165 2357 allata
2184 2333 2284 2363 sonat,
2309 2326 2415 2358 dicens
2430 2327 2519 2367 quod

1461 2371 1582 2402 laetitia
1598 2376 1644 2401 est
1660 2371 1827 2407 voluntas;
1843 2370 1885 2400 sic
1902 2370 2066 2401 delectatio
2082 2376 2129 2400 est
2143 2370 2232 2406 velle,
2244 2377 2275 2400 et
2289 2369 2412 2401 tristitia
2423 2370 2519 2401 nolle.

1516 2414 1636 2450 Tertio,
1660 2414 1749 2455 quod
1771 2420 1836 2444 tarn
1860 2413 2024 2444 delectatio
2048 2423 2146 2454 quam
2170 2412 2292 2444 tristitia
2312 2421 2358 2444 est
2374 2424 2391 2444 a
2406 2414 2519 2444 volun·
2529 2443 2531 2446 .

1460 2465 1523 2489 tate
1539 2465 1575 2489 ut
1591 2465 1711 2494 namra,
1727 2467 1782 2488 seu
1799 2457 1990 2488 naturaliter.
2006 2457 2188 2488 Declaratur
2207 2467 2243 2487 ex
2259 2457 2463 2488 antedictis*:
2489 2463 2520 2495 et

1461 2503 1550 2542 quod
1572 2502 1678 2542 aliqua
1701 2501 1843 2541 operatio
1866 2507 1913 2531 est
1934 2511 1952 2531 a
1974 2501 2137 2531 voluntate
2159 2501 2353 2537 naturaliter;
2377 2507 2408 2532 et
2431 2492 2519 2542 quod

1461 2546 1569 2576 fruitio
1593 2546 1652 2575 Dei
1676 2545 1756 2575 clare
1779 2544 1905 2575 visi'est
1927 2545 2086 2575 naturalis.
2110 2545 2152 2574 Et
2170 2545 2339 2584 probatur:
2364 2544 2438 2585 quia
2453 2555 2519 2575 non

1461 2589 1494 2619 in
1518 2595 1671 2629 potestate
1695 2595 1802 2618 nostra
1825 2598 1891 2618 esse
1906 2588 2030 2618 videtur
2045 2587 2158 2618 tristari
2173 2588 2223 2618 vel
2238 2588 2392 2624 delectari,
2410 2598 2519 2628 appre-

1461 2633 1566 2663 hensis
1591 2631 1823 2662 delectabilibus
1848 2639 1877 2662 et
1895 2631 2096 2662 tristabilibus
2113 2630 2173 2671 ipsi
2188 2631 2354 2667 voluntati,
2371 2630 2451 2662 idest
2465 2641 2520 2662 vo-

1460 2676 1523 2707 litis
1546 2682 1601 2706 aut
1624 2675 1729 2706 nolitis
1753 2685 1770 2705 a
1793 2675 1894 2706 nobis.

1521 2721 1653 2757 Quarto,
1678 2719 1766 2760 quod
1790 2718 1953 2750 delectatio
1978 2725 2008 2749 et
2030 2718 2153 2749 tristitia
2175 2718 2292 2749 habent
2309 2719 2410 2758 magis
2428 2719 2522 2749 ratio-

1462 2774 1536 2795 nem
1560 2763 1715 2804 passionis
1741 2763 1775 2793 in
1805 2763 1983 2798 voluntate,
2008 2772 2107 2803 quam
2134 2772 2224 2792 amor
2247 2769 2277 2793 et
2304 2762 2437 2799 odium,
2462 2772 2520 2803 pro

1462 2815 1583 2849 quanto
1606 2807 1677 2837 illae
1701 2813 1774 2837 sunt
1790 2806 2003 2837 universaliter
2026 2816 2043 2836 a
2066 2806 2229 2842 voluntate
2253 2813 2288 2837 ut
2310 2813 2430 2843 natura,
2446 2806 2523 2837 haec

1463 2862 1538 2883 non.
1555 2852 1596 2882 Et
1616 2851 1688 2881 ideo
1711 2850 1858 2881 voluntas
1874 2851 1913 2880 ad
1932 2850 2009 2880 haec
2028 2860 2060 2880 se
2077 2849 2170 2880 habet
2185 2850 2285 2889 magis
2304 2850 2402 2880 active
2424 2860 2523 2891 quam

1464 2896 1503 2926 ad
1517 2896 1585 2926 illas
1602 2894 1800 2924 immediate:
1821 2894 1975 2935 quoniam
1991 2894 2029 2924 ad
2045 2894 2122 2924 haec
2141 2903 2215 2924 cum
2229 2893 2383 2930 dominio,
2400 2894 2438 2923 ad
2454 2893 2522 2924 illas

1464 2949 1540 2970 non.
1574 2939 1614 2969 Et
1636 2944 1801 2979 propterea
1825 2945 1951 2978 putatae
1971 2945 2045 2968 sunt
2066 2947 2138 2968 vere
2161 2937 2332 2977 passiones,
2349 2937 2428 2968 idest
2451 2947 2522 2968 cau-

1465 2991 1548 3014 satae
1571 2982 1778 3013 solummodo
1802 2983 1840 3012 ab
1865 2982 1994 3013 obiectis
2017 2981 2211 3012 immediate:
2236 2991 2308 3012 cum
2332 2988 2438 3012 tamen
2461 2981 2524 3012 sint

1466 3027 1665 3068 operationes
1693 3026 1850 3057 naturales
1877 3026 1977 3066 ipsius
2003 3025 2194 3061 voluntatis,
2225 3032 2454 3065 consequentes
2483 3025 2522 3056 ab

1466 3072 1533 3112 ipsa
1557 3077 1587 3101 et
1609 3071 1642 3100 in
1664 3070 1733 3110 ipsa
1762 3080 1799 3100 ex
1821 3070 1951 3100 obiectis
1974 3069 2176 3109 apprehensis
2203 3075 2234 3099 et
2255 3069 2360 3100 volitis
2384 3075 2439 3100 aut
2465 3079 2523 3100 no-

1467 3115 1529 3145 litis
1552 3114 1724 3145 formaliter
1742 3114 1792 3144 vel
1813 3113 1994 3144 virtualiter.
2019 3113 2060 3144 Et
2075 3113 2228 3154 quoniam
2242 3113 2304 3144 hoc
2320 3112 2463 3143 medium
2477 3119 2524 3144 est

1467 3159 1546 3189 inter
1576 3168 1642 3189 esse
1670 3157 1803 3188 omnino
1837 3157 2017 3198 passiones,
2047 3163 2083 3188 ut
2113 3157 2226 3188 Scotus
2256 3157 2379 3197 posuit,
2404 3163 2435 3188 et
2457 3158 2523 3187 esse

1467 3203 1600 3233 omnino
1625 3201 1823 3252 operationes
1847 3200 2056 3237 voluntarias;
2080 3201 2152 3231 ideo
2177 3201 2299 3231 obiecta
2316 3201 2334 3220 *
2357 3206 2522 3241 utramque

1465 3247 1627 3277 veritatem
1650 3245 1846 3286 participant.

1523 3291 1573 3321 111.
1599 3289 1756 3321 Solvenda
1783 3295 1888 3320 tamen
1916 3288 2098 3329 simpliciter
2126 3295 2208 3319 sunt.
2228 3289 2270 3319 Et
2292 3264 2460 3320 dicendum
2483 3286 2524 3317 ad

1468 3335 1618 3374 primum,
1642 3333 1731 3374 quod
1750 3333 1880 3369 tristitia,
1897 3332 2023 3382 proprie
2043 3332 2216 3373 loquendo,
2233 3342 2290 3363 nec
2306 3338 2352 3363 est
2366 3331 2444 3362 velle
2465 3339 2523 3360 nec

1468 3379 1563 3415 nolle,
1588 3378 1642 3408 sed
1666 3377 1807 3417 operatio
1831 3376 1983 3407 contraria
2009 3376 2159 3408 fruitioni
2181 3374 2402 3407 Communiter
2417 3381 2522 3405 tamen

1468 3422 1641 3463 loquendo,
1659 3428 1705 3452 est
1727 3421 1820 3451 nolle.
1841 3421 1915 3450 Non
1939 3427 2044 3451 tamen
2068 3421 2219 3461 sequitur,
2239 3419 2323 3459 Ergo
2339 3425 2443 3458 potest
2457 3427 2523 3447 esse

1468 3466 1500 3496 in
1525 3466 1593 3496 Deo
1617 3465 1666 3495 vel
1689 3465 1806 3495 beatis:
1829 3465 1903 3505 quia
1923 3474 1987 3494 non
2004 3471 2050 3495 est
2069 3474 2165 3495 omne
2182 3463 2284 3499 nolle;
2309 3471 2374 3492 non
2391 3461 2475 3492 enim
2491 3471 2523 3492 se

1469 3510 1584 3540 habent
1607 3508 1860 3545 convertibiliter,
1885 3509 1939 3538 sed
1963 3508 2043 3539 sicut
2065 3507 2187 3539 animal
2209 3514 2239 3538 et
2261 3486 2362 3537 liomo.

2628 726 2673 746 xiv,
2683 726 2706 742 n.
2714 720 2738 742 8.
2745 730 2757 736 -

2640 747 2692 768 lect.
2707 752 2756 768 xrv.

2507 743 2516 762 ⁷
2545 720 2626 768 §.cit

2545 831 2553 839 '
2570 828 2628 856 Cap.
2641 835 2679 850 xv.

2572 2028 2621 2056 Qu.
2638 2032 2685 2056 xri,
2687 2028 2732 2051 art.
2741 2034 2756 2056 ι,

2546 2054 2576 2076 ad
2588 2061 2613 2081 4.

2544 2461 2618 2514 ,3332-
2623 2463 2756 2509 &sufflati

2544 2519 2608 2535 num.
2623 2519 2652 2540 ιι;
2666 2513 2728 2535 Part.
2738 2513 2756 2540 1,

2545 2529 2678 2567 qu.1.xxx'n,
2689 2543 2731 2562 ιη.
2739 2545 2755 2566 r,

2547 3206 2602 3229 *Ch
2610 3212 2674 3229 num.
2683 3211 2759 3235 praec.
