2852 4152
138 1332 146 1341 ·
161 1331 186 1352 In
202 1337 306 1358 corpore.

137 2234 192 2282 sc?
210 2249 216 2282 ζ
230 2240 325 2282 saw:
336 2244 346 2249 “

136 2764 144 2771 ·
166 2762 222 2790 Cap.
237 2768 272 2788 ιιι,
288 2768 344 2788 n.1;

136 2795 155 2809 s.
165 2787 210 2810 Th.
224 2789 276 2810 lect.
291 2795 324 2810 ιιι.
335 2799 346 2803 -

137 2815 173 2837 Cf.
182 2815 247 2838 ibid..
259 2821 309 2842 cap.
322 2821 344 2840 ιι,

136 2848 158 2863 ιι.
170 2847 189 2867 ι;
205 2848 223 2863 s.
234 2840 278 2863 Th.
294 2842 344 2863 lect.

137 2874 160 2890 ιι.

137 3141 145 3148 ·
161 3139 218 3166 Cap.
234 3145 264 3165 ιιι,
280 3145 303 3159 n.
317 3144 336 3166 3.

138 3191 220 3240 sf'ssfit
233 3197 291 3239 3223·
299 3198 325 3239 3:
335 3203 345 3207 ·

377 203 446 241 190.

374 282 501 312 autem
531 282 567 311 et
595 275 738 311 dilectio
766 274 1021 322 significantur
1044 286 1113 322 per
1138 274 1299 310 modum
1328 280 1432 309 actus

372 329 435 365 vel
453 327 659 376 passionis3
690 328 826 365 caritas
846 335 973 364 autem
992 334 1154 375 utroque
1174 326 1292 362 modo
1313 325 1431 374 accipi

373 387 507 429 potest.

427 433 656 470 Differenter
689 440 818 470 tamen
850 432 1078 480 significatur
1117 438 1222 467 actus
1258 441 1326 478 per
1363 429 1432 465 ista

373 485 454 523 tria.
475 487 578 522 Nam
598 498 708 522 amor
728 485 967 522 communius
988 483 1002 512 β
1022 490 1077 519 est
1101 483 1196 519 inter
1222 494 1283 518 ea:
1306 481 1431 518 omnis

377 539 477 576 enim
511 538 658 576 dilectio
692 539 753 574 vel
792 537 923 573 caritas
959 543 1013 572 est
1049 547 1177 581 amor,
1207 534 1275 571 sed
1303 546 1380 571 non
1411 546 1429 570 e

376 603 575 628 converso.
596 590 712 627 Addit
732 590 831 626 enim
857 589 999 626 dilectio
1019 600 1132 636 supra
1151 599 1337 634 amorem,
1358 587 1431 623 ele-

376 644 540 681 ctionem
577 643 888 692 praecedentem,
917 649 958 677 ut
985 640 1110 688 ipsum
1137 652 1280 676 nomen
1310 647 1429 677 sonat.

375 697 485 734 Unde
521 696 668 733 dilectio
706 707 783 732 non
817 701 872 730 est
905 693 943 730 In
978 692 1277 742 concupiscibili,
1299 693 1365 730 sed
1393 693 1431 729 in

374 749 568 786 voluntate
596 755 754 793 tantum,
776 754 812 783 et
840 753 894 782 est
921 746 959 782 in
983 746 1064 782 sola
1087 745 1258 782 rationali
1286 753 1430 783 natura.

381 802 528 838 Caritas
546 808 673 837 autem
698 800 801 836 addit
820 810 933 847 supra
953 810 1138 846 amorem,
1158 798 1430 847 perfectionem

377 854 571 903 quandam
591 852 743 898 amoris,
764 851 988 900 inquantum
1008 850 1044 889 id
1061 851 1165 899 quod
1185 859 1333 888 amatur
1351 865 1432 889 ma-

377 907 439 954 gni
466 906 574 954 pretii
602 905 829 951 aestimatur,
858 911 899 940 ut
927 903 1052 952 ipsum
1081 916 1225 941 nomen
1250 905 1431 953 designat.

428 960 486 994 AD
514 969 651 994 PRIMUM
678 969 776 994 ERGO
804 968 988 994 DICENDUM
1017 957 1122 1006 quod
1149 957 1355 1006 Dionysius
1378 958 1433 994 lo-

376 1010 502 1058 quitur
531 1010 576 1046 de
611 1022 742 1046 amore
771 1017 808 1047 et
836 1009 1054 1056 dilectione,
1088 1010 1300 1047 secundum
1329 1010 1434 1058 quod

376 1070 462 1099 sunt
480 1062 519 1099 in
538 1062 706 1111 appetitu
731 1062 978 1099 intellectivo:
1009 1062 1062 1099 sic
1082 1063 1182 1100 enim
1203 1075 1313 1099 amor
1331 1063 1433 1100 idem

376 1123 432 1152 est
458 1115 563 1162 quod
592 1115 751 1152 dilectio.

428 1169 487 1204 AD
509 1179 697 1205 SECUNDUM
726 1179 909 1205 DICENDUM
937 1167 1041 1215 quod
1071 1167 1263 1204 obiectum
1292 1167 1434 1204 amoris

378 1228 432 1257 est
461 1220 704 1257 communius
729 1233 845 1269 quam
870 1220 1061 1256 obiectum
1090 1220 1316 1257 dilectionis:
1347 1220 1435 1269 quia

378 1273 427 1310 ad
454 1274 563 1322 plura
591 1286 631 1310 se
661 1273 825 1310 extendit
859 1285 969 1310 amor
995 1284 1111 1321 quam
1140 1273 1310 1321 dilectio,
1340 1273 1436 1310 sicut

376 1326 519 1363 dictum
548 1333 603 1362 est
621 1325 651 1362 ³¹⁵.

1038 195 1303 242 QUAESTIO
1333 196 1474 243 XXVI,
1503 193 1796 231 ARTICULUS
1826 193 1876 230 IV

1537 274 1595 309 AD
1623 284 1782 309 TERTxtJM
1810 283 1993 309 DtCENDUM
2015 272 2118 321 quod
2138 284 2216 309 non
2236 271 2413 309 differunt
2432 283 2540 308 amor

1485 332 1522 361 et
1550 325 1698 361 dilectio
1727 324 1938 361 secundum
1967 324 2214 362 differentiam
2243 325 2333 362 boni
2367 332 2403 361 et
2430 325 2539 372 mali,

1485 376 1551 413 sed
1572 377 1666 414 sicut
1685 377 1827 414 dictum
1848 383 1903 412 est
1920 375 1951 413 ⁹¹⁶.
1981 378 2023 414 In
2042 385 2147 426 parte
2167 385 2294 414 tamen
2314 378 2540 415 intellectiva

1484 428 1585 465 idem
1616 437 1670 465 est
1698 441 1807 465 amor
1827 436 1863 465 et
1882 428 2041 466 dilectio.
2071 431 2120 466 Et
2138 430 2190 467 sic
2208 430 2374 478 loquitur
2391 431 2442 467 ibi
2462 433 2540 467 Au-

1484 481 1652 528 gustinus
1673 481 1719 518 de
1739 493 1885 518 amore:
1910 482 2011 519 unde
2031 494 2166 531 parum
2185 491 2272 532 post
2291 482 2416 520 subdit
2435 483 2540 532 quod

1484 539 1585 570 recta
1616 533 1788 570 voluntas
1819 539 1872 571 est
1902 535 2019 572 honus
2052 547 2181 582 amor,
2211 542 2247 573 et
2265 547 2448 585 perversa
2474 547 2539 573 vo-

1484 586 1607 622 luntas
1635 591 1689 622 est
1717 586 1839 623 malus
1871 599 1991 624 amor.
2028 588 2128 635 Quia
2157 596 2287 626 tamen
2315 601 2444 636 amor,
2475 589 2540 637 qui

1486 646 1540 675 est
1567 638 1693 687 passio
1728 639 2039 688 concupiscibilis,
2067 641 2250 690 plurimos
2269 647 2285 670 Υ
2312 641 2463 679 inclinat
2490 642 2540 679 ad

1484 692 1644 738 malum,
1674 691 1761 729 inde
1790 692 2004 730 habuerunt
2031 694 2272 732 occasionem
2301 694 2366 743 qui
2392 694 2540 745 praedi-

1485 752 1583 781 ctam
1612 744 1862 782 differentiam
1891 745 2186 792 assignaverunt.

1538 800 1596 834 Αι)
1625 809 1796 840 QUARTUM
1816 796 1830 819 δ
1848 797 1869 819 *
1896 809 2078 835 mmmmm
2107 800 2210 847 quod
2230 799 2316 837 ideo
2338 800 2453 849 aliqui
2471 813 2540 850 po-

1486 858 1651 897 suerunt,
1682 850 1793 887 etiarn
1822 850 1861 887 in
1889 850 1970 899 ipsa
1996 850 2203 900 voluntate,
2232 865 2376 891 nomen
2399 854 2540 891 amoris

1486 915 1569 940 esse
1598 903 1760 941 divinius
1787 903 1943 940 nomine
1964 902 2192 951 dilectionis,
2221 905 2309 953 quia
2337 918 2445 944 amor
2471 907 2541 944 im-

1485 963 1610 1004 portat
1637 956 1830 1004 quandam
1853 955 2086 1005 passionem,
2107 957 2309 1006 praecipue
2329 959 2541 997 secundum

1487 1008 1592 1055 quod
1607 1017 1661 1045 est
1676 1009 1714 1045 in
1730 1009 1896 1057 appetitu
1912 1008 2107 1055 sensitivo3
2130 1008 2277 1047 dilectio
2293 1018 2420 1049 autem
2435 1025 2542 1062 prae-

1488 1060 1667 1111 supponit
1698 1061 1879 1098 iudicium
1912 1061 2076 1098 rationis.
2106 1062 2229 1110 Magis
2263 1071 2391 1102 autern
2421 1066 2541 1102 homo

1487 1112 1525 1149 in
1540 1114 1667 1150 Deum
1685 1113 1840 1150 tendere
1854 1121 1979 1162 potest
1992 1126 2061 1163 per
2079 1126 2263 1164 amorem,
2279 1117 2428 1165 passive
2448 1130 2543 1166 quo-

1487 1165 1696 1204 dammodo
1726 1167 1773 1203 ab
1801 1166 1884 1215 ipso
1917 1168 2002 1204 Deo
2031 1174 2218 1216 attractus,
2248 1181 2365 1217 quam
2393 1170 2442 1207 ad
2469 1170 2544 1207 hoc

1489 1231 1577 1256 eum
1606 1219 1758 1268 propria
1793 1220 1886 1256 ratio
1917 1219 2054 1265 ducere
2081 1221 2221 1269 possit,
2252 1221 2355 1270 quod
2383 1223 2545 1271 pertinet

1488 1271 1537 1309 ad
1566 1272 1752 1309 rationem
1781 1272 2000 1320 dilectionis,
2029 1280 2070 1310 ut
2099 1273 2242 1311 dictum
2266 1282 2322 1311 est
2339 1274 2369 1312 ³⁸.
2391 1276 2441 1312 Et
2457 1287 2545 1325 pro-

1488 1332 1571 1373 pter
1597 1326 1682 1372 hoc,
1713 1324 1875 1362 divinius
1904 1333 1959 1362 est
1986 1338 2096 1363 amor
2124 1339 2239 1376 quam
2268 1327 2427 1365 dilectio.

430 1438 454 1472 β)
474 1440 646 1464 communius.
665 1453 683 1458 —
701 1440 846 1464 communis
867 1440 919 1470 AB,
934 1440 1100 1464 communior
1117 1440 1146 1464 F.
1165 1454 1182 1459 -
1201 1441 1251 1465 Pro
1270 1440 1375 1465 dilectio
1394 1441 1435 1465 vel

375 1475 475 1500 caritas
493 1478 533 1500 est
551 1482 635 1503 amor,
656 1475 761 1499 dilectio
782 1478 822 1500 est
840 1482 917 1499 amor
935 1476 975 1500 vel
993 1475 1094 1500 caritas
1113 1476 1156 1506 sB,
1177 1476 1282 1501 dilectio
1299 1483 1376 1501 amor
1395 1479 1434 1500 est

375 1510 416 1535 vel
433 1510 534 1535 caritas
553 1510 595 1539 sF.
610 1517 687 1535 amor
701 1513 740 1534 est
758 1510 798 1535 vel
816 1510 916 1535 caritas
935 1511 983 1543 pF,
1000 1518 1077 1535 amor
1095 1513 1134 1536 est
1152 1511 1257 1536 dilectio
1276 1512 1316 1536 vel
1333 1512 1434 1536 caritas

377 1546 461 1574 ceteri,
480 1552 557 1570 amor
578 1545 682 1570 dilectio
701 1548 741 1570 est
759 1545 800 1570 vel
817 1545 917 1570 caritas
936 1546 982 1571 Pa.

1539 1439 1565 1474 γ)
1581 1441 1722 1473 plurimos.
1740 1454 1759 1459 -
1771 1441 1954 1473 plurimosque
1973 1441 2178 1466 ABCDGHIKL.

1539 1475 1563 1509 δ)
1583 1479 1718 1508 quartum.
1735 1489 1754 1495 -
1772 1476 1798 1501 in
1818 1476 1967 1508 oppositum
1986 1476 2055 1501 addit
2072 1476 2102 1500 E.

1543 1617 1593 1624 Μ

1155 1682 1367 1725 ARTICU
1374 1683 1470 1725 LUS
1500 1683 1770 1735 QUARTUS

743 1774 898 1805 UTRUM
921 1773 1046 1804 AMOR
1069 1774 1408 1805 CONVENIENTER
1431 1775 1670 1806 DIVIDATUR
1693 1775 1736 1805 IN
1759 1775 1946 1806 AMOREM
1968 1774 2193 1806 AMICITIAE

1115 1818 1173 1848 ET
1196 1818 1383 1849 AMOREM
1407 1818 1809 1856 CONCUPISCENTIAE

392 1896 459 1921 Part.
473 1896 490 1926 Ι,
510 1903 555 1928 qu.
569 1904 614 1927 Lx,
633 1901 679 1921 art.
700 1895 727 1926 33
747 1896 778 1920 11·
798 1896 849 1926 11··,
870 1903 914 1928 qu.
927 1903 996 1925 xxm,
1012 1901 1058 1920 art.
1077 1903 1102 1926 ις
1118 1896 1138 1920 ΙΙ
1153 1896 1235 1924 Sent„
1249 1896 1308 1921 dist.
1319 1903 1356 1927 m,
1376 1901 1440 1928 part.
1455 1904 1482 1926 ιι,
1501 1904 1546 1928 qu.
1558 1904 1601 1927 1115
1621 1897 1664 1927 111,
1684 1897 1742 1921 dist.
1754 1904 1823 1927 xxm,
1843 1902 1889 1921 art.
1910 1896 1938 1927 ὃς
1953 1896 1995 1928 1v,
2011 1897 2069 1922 dist.
2082 1904 2147 1927 nix,
2161 1905 2205 1930 qu.
2218 1905 2236 1929 1,
2251 1902 2297 1923 art.
2311 1905 2335 1930 2,
2350 1899 2397 1931 qu·
2415 1906 2437 1930 1,
2451 1898 2483 1924 ad
2499 1898 2528 1931 33

996 1931 1037 1955 De
1056 1931 1160 1959 Virtut..
1181 1939 1225 1963 qu.
1238 1938 1272 1963 ιν,
1292 1936 1338 1955 art.
1360 1931 1387 1961 33
1407 1931 1448 1956 De
1463 1931 1525 1956 Div.
1537 1932 1624 1961 Nom,
1644 1939 1699 1963 cap.
1713 1939 1747 1962 tv,
1767 1932 1823 1956 lect.
1841 1939 1879 1962 ιι,
1898 1940 1922 1956 x.

485 2036 558 2100 *fg-f<

397 2051 499 2132 ''53⁵ss
524 2070 561 2113 ἢ)
585 2085 695 2109 amor
722 2072 1035 2109 inconvenienter
1059 2071 1249 2109 dividatur
1268 2071 1306 2108 in
1325 2084 1431 2109 amo-

508 2100 517 2119 N
550 2114 552 2117 ,

388 2128 437 2181 Α,
468 2162 470 2164 ,
585 2138 666 2162 rem
689 2124 874 2162 amicitiae
898 2133 934 2162 et
954 2125 1294 2173 concupiscentiae.
1311 2125 1434 2162 Amor

540 2169 685 2215 Xenim
725 2183 778 2214 est
801 2178 948 2226 passio,
977 2178 1142 2215 amicitia
1168 2190 1259 2215 vero
1287 2183 1342 2214 est
1365 2179 1431 2215 ha-

374 2230 479 2275 bitus,
509 2236 550 2265 ut
578 2231 665 2268 dicit
693 2230 960 2279 Philosophus,
989 2231 1027 2268 in
1046 2231 1133 2267 VIII
1162 2231 1281 2268 Ethic.
1304 2231 1324 2252 ’¹‘
1352 2231 1429 2268 Sed

373 2282 522 2319 habitus
550 2294 628 2321 non
655 2291 780 2332 potest
811 2295 893 2320 esse
929 2296 1015 2333 pars
1044 2283 1205 2320 divisiva
1231 2283 1429 2332 passionis.

374 2335 476 2383 Ergo
505 2347 615 2373 amor
643 2349 722 2373 non
751 2336 1021 2374 convenienter
1042 2336 1220 2373 dividitur
1238 2349 1307 2385 per
1326 2349 1431 2373 amo-

374 2401 456 2425 rem
487 2389 814 2438 concupiscentiae
844 2396 880 2426 et
908 2402 1081 2426 amorem
1111 2389 1309 2427 amicitiae.

428 2453 462 2478 2.
493 2442 732 2490 PRAETEREA,
762 2442 854 2479 nihil
887 2442 1065 2479 dividitur
1091 2455 1160 2491 per
1192 2442 1230 2479 id
1263 2441 1368 2490 quod
1397 2442 1430 2478 ei

376 2503 695 2532 connumeratur:
735 2507 813 2532 non
852 2495 952 2531 enim
988 2496 1101 2532 homo
1140 2502 1433 2532 connumeratur

373 2547 538 2585 animali.
561 2548 637 2585 Sed
658 2547 962 2596 concupiscentia
981 2556 1277 2585 connumeratur
1295 2548 1430 2595 amori,

373 2599 467 2637 sicut
486 2601 558 2638 alia
577 2601 703 2650 passio
725 2601 772 2638 ab
794 2613 937 2638 amore.
960 2601 1062 2649 Ergo
1083 2613 1193 2638 amor
1211 2613 1290 2637 non
1308 2608 1433 2649 potest

373 2653 489 2691 dividi
516 2666 585 2703 per
612 2653 969 2703 concupiscentiam.

428 2707 462 2744 3.
483 2708 714 2754 PRAETEREA,
735 2706 946 2744 secundum
974 2706 1261 2756 Philosophum,
1287 2706 1324 2743 in
1343 2706 1429 2743 VIII

371 2760 490 2797 Ethic.
511 2760 542 2808 ⁹⁸,
572 2760 703 2809 triplex
732 2768 786 2797 est
813 2760 987 2807 amicitia,
1017 2759 1124 2805 utilis,
1154 2759 1377 2796 delectabilis
1395 2766 1432 2796 et

372 2813 536 2850 honesta.
572 2813 649 2850 Sed
678 2812 839 2850 amicitia
871 2813 968 2850 utilis
999 2820 1035 2850 et
1062 2812 1290 2850 delectabilis
1317 2812 1432 2848 habet

375 2866 732 2915 concupiscentiam.
762 2867 864 2913 Ergo
894 2865 1199 2914 concupiscentia
1222 2877 1300 2902 non
1320 2865 1432 2902 debet

374 2918 491 2956 dividi
519 2926 649 2956 contra
677 2918 893 2956 amicitiam.

429 2972 503 3009 SED
533 2984 691 3020 CONTRA,
722 2972 913 3020 quaedam
943 2971 1104 3008 dicimur
1129 2983 1258 3008 amare
1282 2970 1369 3019 quia
1389 2982 1433 3006 ea

377 3024 701 3073 concupiscimus:
731 3025 826 3062 sicut
849 3025 983 3062 dicitur
1001 3025 1134 3073 aliquis
1153 3036 1286 3062 amare
1303 3024 1431 3061 vinum

369 3083 526 3125 propter
553 3078 658 3115 dulce
692 3078 793 3126 quod
823 3078 860 3114 in
890 3090 933 3115 eo
962 3078 1200 3126 concupiscit,
1229 3084 1272 3114 ut
1300 3075 1433 3113 dicitur

375 3130 413 3167 in
442 3131 473 3166 11
507 3131 542 3167 T
539 3131 631 3178 opic.
652 3130 672 3152 ²¹⁵
701 3131 778 3167 Sed
812 3130 860 3167 ad
888 3130 1035 3177 vinum,
1058 3138 1094 3167 et
1122 3130 1170 3167 ad
1197 3128 1430 3175 huiusmodi,

375 3196 454 3220 non
472 3183 660 3220 habemus
680 3183 894 3230 amicitiam,
914 3191 956 3220 ut
976 3183 1108 3220 dicitur
1125 3183 1163 3220 in
1177 3183 1263 3220 VIII
1278 3182 1397 3219 Ethic.
1413 3181 1434 3202 ’¹‘

375 3237 477 3284 Ergo
507 3236 601 3273 alius
631 3244 685 3273 est
713 3248 822 3273 amor
851 3235 1190 3285 concupiscentiae,
1214 3243 1249 3272 et
1268 3235 1361 3272 alius
1381 3241 1435 3271 est

375 3301 485 3327 amor
513 3289 709 3327 amicitiae.
1108 3292 1111 3297 '

565 2040 567 2042 -
585 2031 607 2056 D
628 2030 799 2062 QUARTUM
817 2030 871 2055 s1c
891 2030 1130 2055 pnoesnmm.
1150 2018 1309 2055 Videtur
1328 2018 1431 2067 quod

1539 2020 1763 2056 RESPONDEo
1796 2031 1979 2057 mCENDUM
2007 2020 2129 2069 quod,
2159 2020 2253 2058 sicut
2289 2021 2546 2071 Philosophus

1486 2071 1574 2108 dicit
1605 2071 1643 2109 in
1675 2073 1707 2108 ΙΙ
1741 2073 1929 2110 Rhetoric.
1954 2073 1989 2120 ³¹⁵,
2019 2085 2151 2110 amare
2177 2078 2194 2094 α
2222 2079 2277 2110 est
2304 2073 2398 2111 velle
2433 2074 2549 2112 alicui

1485 2125 1635 2162 bonum.
1659 2125 1721 2162 Sic
1749 2137 1838 2173 ergo
1859 2133 1986 2162 motus
2005 2125 2146 2163 amoris
2165 2126 2204 2163 in
2224 2126 2301 2164 duo
2321 2126 2455 2164 tendit:
2477 2127 2546 2164 sci-

1483 2177 1569 2214 lieet
1596 2177 1635 2215 in
1662 2178 1809 2215 bonum
1830 2178 1934 2226 quod
1954 2178 2038 2227 quis
2062 2179 2143 2216 vult
2161 2178 2282 2226 alicui,
2302 2180 2365 2217 vel
2389 2178 2460 2217 sibi
2482 2181 2545 2218 vel

1485 2230 1562 2276 alii;
1593 2238 1629 2267 et
1655 2230 1693 2267 in
1721 2230 1813 2267 illud
1850 2231 1908 2268 cui
1935 2232 2017 2268 vult
2049 2231 2206 2268 bonum.
2235 2231 2298 2269 Ad
2330 2232 2421 2269 illud
2453 2245 2543 2281 ergo

1484 2283 1631 2319 bonum
1659 2283 1765 2331 quod
1792 2283 1875 2332 quis
1902 2284 1984 2320 vult
2011 2284 2127 2331 alteri,
2146 2285 2308 2322 habetur
2326 2297 2435 2321 amor
2454 2298 2543 2323 con-

1485 2335 1757 2384 cupiscentiae:
1792 2337 1841 2373 ad
1875 2336 1966 2373 illud
1995 2334 2010 2365 β
2042 2344 2171 2373 autem
2205 2337 2264 2374 cui
2296 2337 2429 2386 aliquis
2460 2339 2543 2375 vult

1483 2389 1640 2435 bonum,
1669 2389 1829 2425 habetur
1857 2401 1967 2425 amor
1994 2389 2191 2426 amicitiae.

1537 2442 1643 2478 Haec
1671 2449 1799 2478 autem
1828 2441 1962 2479 divisio
1987 2449 2042 2494 e'st
2065 2442 2276 2479 secundum
2295 2442 2399 2491 prius
2419 2450 2455 2479 et
2473 2455 2542 2492 po—

1484 2494 1629 2531 sterius.
1655 2494 1758 2531 Nam
1786 2494 1825 2531 id
1853 2494 1959 2543 quod
1987 2502 2134 2532 amatur
2165 2507 2297 2532 amore
2332 2495 2539 2543 amicitiae,

1484 2547 1701 2596 simpliciter
1725 2555 1761 2584 et
1778 2559 1846 2595 per
1865 2559 1905 2584 se
1925 2555 2093 2584 amatur:
2123 2548 2228 2596 quod
2247 2554 2375 2585 autem
2395 2556 2542 2586 amatur

1484 2612 1616 2636 amore
1646 2599 1985 2648 concupiscentiae,
2015 2612 2094 2636 non
2121 2599 2338 2649 simpliciter
2357 2608 2392 2637 et
2411 2613 2543 2639 secun-

1485 2652 1577 2689 dum
1607 2665 1646 2689 se
1675 2660 1840 2700 amatur,
1869 2652 1938 2689 sed
1967 2660 2118 2690 amatur
2154 2653 2269 2690 alteri.
2304 2653 2408 2690 Sicut
2439 2653 2542 2692 enim

1485 2717 1552 2742 ens
1584 2710 1599 2733 Υ
1628 2705 1844 2754 simpliciter
1876 2713 1932 2742 est
1963 2705 2068 2754 quod
2098 2705 2213 2742 habet
2246 2718 2348 2754 esse,
2379 2717 2446 2744 ens
2477 2718 2543 2744 au-

1484 2765 1560 2795 tem
1597 2758 1808 2795 secundum
1845 2758 1936 2807 quid
1972 2758 2076 2807 quod
2113 2766 2169 2795 est
2203 2758 2242 2796 in
2263 2758 2364 2805 ·alio;
2392 2758 2444 2797 ita
2475 2759 2543 2796 bo-

1484 2823 1591 2858 num,
1621 2811 1726 2860 quod
1746 2811 1976 2848 convertitur
1995 2823 2083 2848 cum
2104 2819 2200 2858 ente,
2226 2811 2442 2861 simpliciter
2460 2811 2542 2860 qui-

1485 2864 1574 2901 dem
1610 2871 1665 2901 est
1698 2865 1801 2913 quod
1837 2864 1963 2913 ipsum
1996 2864 2111 2901 habet
2133 2862 2146 2886 δ
2174 2864 2403 2911 bonitatem;
2437 2864 2542 2913 quod

1485 2925 1612 2954 autem
1642 2924 1698 2954 est
1725 2917 1870 2954 bonum
1897 2917 2060 2964 alterius,
2090 2923 2146 2953 est
2165 2918 2310 2954 bonum
2329 2917 2542 2954 secundum

1485 2969 1588 3018 quid.
1619 2971 1668 3007 Et
1695 2982 1763 3018 per
1791 2982 2029 3019 consequens
2057 2982 2168 3007 amor
2199 2982 2276 3019 quo
2306 2978 2455 3007 amatur
2478 2969 2543 3007 ali-

1485 3023 1576 3071 quid
1604 3030 1646 3060 ut
1665 3023 1698 3059 ei
1718 3022 1763 3060 sit
1783 3023 1941 3070 bonum,
1963 3030 2018 3060 est
2037 3034 2148 3059 amor
2165 3022 2403 3071 simpliciter:
2433 3035 2543 3060 amor

1486 3084 1612 3113 autem
1640 3088 1717 3124 quo
1747 3083 1895 3112 amatur
1919 3075 2059 3123 aliquid
2077 3083 2119 3112 ut
2139 3075 2185 3112 sit
2203 3076 2350 3114 bonum
2379 3075 2539 3123 alterius,

1486 3136 1542 3166 est
1570 3141 1679 3166 amor
1706 3128 1917 3165 secundum
1947 3128 2049 3177 quid.

1538 3183 1597 3218 Αι)
1626 3193 1762 3219 pannum
1790 3193 1887 3218 ERGO
1915 3193 2099 3218 DtcENDUM
2126 3181 2230 3230 quod
2259 3193 2370 3219 amor
2391 3193 2469 3218 non
2486 3179 2541 3218 di-

1485 3234 1625 3272 viditur
1660 3247 1728 3283 per
1765 3233 1969 3271 amicitiam
2008 3241 2043 3270 et
2081 3234 2444 3283 concupiscentiam,
2473 3232 2541 3270 sed

1486 3299 1555 3336 per
1583 3299 1757 3324 amorem
1789 3286 1974 3324 amicitiae
2004 3294 2040 3323 et
2067 3286 2404 3338 concupiscentiae.
2438 3286 2541 3322 Nam

429 3404 456 3436 α)
475 3410 576 3429 amare.
594 3417 613 3422 —
631 3410 708 3428 amor
725 3402 994 3434 ABCEFGHIKLpD.

429 3438 454 3471 β)
475 3439 548 3463 illud.
566 3453 584 3458 —
603 3439 675 3463 illum
695 3437 872 3462 ABCDEIKL.

428 3475 454 3507 γ)
475 3481 529 3500 ens.
546 3488 564 3494 -
579 3481 630 3506 per
652 3480 680 3498 se
699 3473 795 3498 addunt
810 3473 856 3497 Pa.
875 3485 894 3490 -
914 3473 963 3496 Pro
982 3478 1051 3502 esse,
1070 3478 1125 3497 esse
1138 3478 1190 3504 per
1208 3479 1235 3497 se
1253 3472 1310 3503 EF;
1329 3479 1375 3504 pro
1394 3478 1433 3496 se-

1486 3402 1601 3426 cundum
1621 3401 1692 3434 quid,
1709 3408 1759 3433 per
1776 3401 1899 3426 accidens
1914 3399 1952 3433 (et
1969 3401 2039 3425 addit
2056 3400 2102 3434 sF)
2122 3400 2264 3427 secundum
2276 3399 2340 3432 quid
2352 3399 2371 3423 F
2377 3406 2384 3430 3
2404 3406 2451 3432 pro
2469 3399 2542 3432 quod

1487 3440 1534 3466 est,
1555 3440 1594 3462 est
1612 3437 1678 3467 BEI,
1698 3440 1736 3461 est
1755 3437 1826 3468 quod
1845 3439 1884 3461 est
1903 3436 2045 3461 ACDHLa.

1540 3471 1564 3502 ὃ)
1577 3472 1648 3504 quod
1667 3472 1751 3503 ipsum
1766 3472 1851 3497 habet.
1865 3485 1883 3490 -
1897 3471 1981 3503 ipsum
1998 3471 2069 3503 quod
2087 3471 2165 3497 habet
2177 3470 2206 3501 F,
2225 3470 2295 3502 quod
2312 3469 2390 3495 habet
2408 3469 2492 3501 ipsum
2508 3470 2540 3501 H,

1486 3507 1558 3539 quod
1577 3508 1660 3539 ipsam
1679 3507 1757 3532 habet
1774 3507 1831 3532 Pla.

2566 387 2575 397 '¹
2590 386 2649 408 lbid.

2663 799 2678 824 ὃ

2566 834 2575 845 ·
2590 834 2647 861 Arg.
2661 832 2710 855 Sed
2722 838 2780 855 con-

2566 862 2613 881 tra.

2571 1285 2581 1296 '¹
2595 1284 2622 1306 In
2636 1289 2746 1313 corpore.

2570 2084 2581 2096 ³
2595 2083 2653 2112 cnp.
2667 2089 2701 2112 n,
2715 2089 2739 2104 n.
2752 2088 2783 2104 a..

2669 2119 2686 2137 α
