2846 4146
0 2687 3 2699 “
0 2635 3 2673 ’“
0 2434 38 2612 ’ἺἾ7”“””Ὶ

83 1753 300 1783 'lam-pne·

1018 244 1282 291 QUAESTIO
1313 245 1429 290 LVII,
1459 245 1754 282 ARTICULUS
1782 246 1816 281 V

338 326 526 368 operetur,
547 319 615 356 sed
642 319 749 366 quod
776 321 920 358 bonurn
945 335 1041 371 opus
1069 323 1188 360 faciat.
1211 322 1391 372 Require-

336 378 438 408 retur
461 378 589 408 autem
610 372 729 420 magis
758 374 863 422 quod
881 374 1006 423 ipsum
1026 376 1264 413 artificiatum
1293 376 1390 412 bene

337 431 574 472 operaretur,
604 423 700 461 sieut
726 426 832 473 quod
861 428 1028 465 cultellus
1063 429 1161 466 bene
1189 428 1389 475 incideret,

335 476 398 513 vel
426 488 528 513 serra
557 477 654 513 bene
692 486 856 522 secaret;
885 479 915 516 si
943 481 1096 529 proprie
1123 482 1263 518 horum
1293 487 1391 517 esset

335 540 459 576 agere,
480 536 517 566 et
544 540 623 566 non
642 529 763 577 magis
790 531 860 579 agi,
880 532 970 579 quia
998 546 1076 571 non
1098 535 1241 571 habent
1269 533 1392 570 domi-

335 581 443 618 nium
470 580 484 618 s·
511 581 569 618 sui
599 590 714 619 actus.
736 584 786 619 Et
804 583 891 620 ideo
920 597 978 622 ars
998 598 1075 623 non
1105 594 1160 623 est
1178 585 1390 623 necessaria

335 633 382 670 ad
411 634 510 671 bene
529 634 741 672 vivendum
763 635 833 684 ipsi
852 637 1000 684 artifici3
1022 640 1089 676 sed
1117 639 1243 675 solum
1271 638 1321 675 ad
1339 638 1391 675 fa-

334 685 512 724 ciendum
538 687 776 725 artificiatum
800 694 818 716 η
842 689 1001 738 bonum,
1022 698 1059 727 et
1086 691 1134 728 ad
1163 702 1390 728 conservan-

333 738 427 775 dum
454 738 593 788 ipsum.
614 740 819 778 Prudentia
845 750 972 780 autem
1002 751 1058 780 est
1085 743 1297 781 necessaria
1320 743 1390 779 ho-

331 791 426 828 mini
445 791 493 828 ad
517 792 616 830 bene
638 793 862 842 vivendum,
883 808 961 832 non
981 797 1106 832 solum
1126 797 1175 833 ad
1193 797 1267 832 hoc
1286 795 1390 844 quod

330 843 398 880 fiat
424 844 559 881 bonus.

383 897 442 933 Αι)
472 908 662 934 SECUNDUM
694 910 878 936 DICENDUM
906 901 1026 948 quod,
1057 912 1143 937 cum
1170 901 1290 937 homo
1323 899 1391 936 bo-

330 960 424 986 num
452 957 630 998 operatur
648 963 727 988 non
746 952 958 989 secundum
977 953 1173 1001 propriam
1193 953 1389 999 rationem,

330 1001 397 1038 sed
411 1009 539 1039 motus
555 1015 599 1039 ex
615 1003 771 1041 consilio
788 1005 954 1050 alterius;
971 1005 1143 1042 nondum
1161 1013 1216 1042 est
1231 1005 1388 1042 omnino

329 1054 495 1102 perfecta
517 1056 687 1104 operatio
706 1056 836 1105 ipsius,
856 1065 1041 1117 quantum
1061 1058 1110 1094 ad
1130 1058 1315 1095 rationem
1336 1058 1389 1095 di-

329 1106 525 1155 rigentem,
557 1116 592 1145 et
619 1116 804 1157 quantum
834 1110 883 1147 ad
911 1110 1118 1160 appetitum
1153 1117 1397 1148 moventem„

328 1159 439 1197 Unde
460 1160 490 1198 si
509 1161 656 1198 bonum
676 1159 690 1183 ⁰
717 1169 907 1211 operetur,
927 1175 1008 1200 non
1025 1170 1153 1200 tamen
1172 1163 1388 1212 simpliciter

328 1211 447 1258 bene;
478 1214 583 1262 quod
612 1221 667 1251 est
694 1215 791 1251 bene
820 1215 961 1252 vivere.

503 1290 524 1297 s

380 1335 405 1367 ζ)
425 1336 581 1360 dominium.
594 1349 612 1354 -
630 1336 757 1360 damnum
777 1336 967 1368 ACDGLpBH.

379 1371 406 1402 η)
425 1371 607 1396 artificiorum.
625 1384 643 1388 —
663 1371 747 1402 ipsum
767 1371 939 1403 artificiatum
960 1371 1004 1394 Pa.

2429 247 2504 294 369

1498 325 1556 360 An
1584 335 1743 361 TnarluM
1772 335 1955 361 mcENDUM
1984 325 2087 372 quod
2122 336 2257 361 verum
2295 324 2502 362 intellectus

1446 375 1598 424 practici
1631 376 1737 413 aliter
1769 375 1949 425 accipitur
1980 389 2096 424 quam
2125 389 2260 413 verum
2294 378 2501 415 intellectus

1446 428 1676 477 speculativi,
1705 436 1747 466 ut
1774 428 1908 466 dicitur
1930 428 1968 466 in
1987 429 2037 466 VI
2057 429 2176 466 Ethic.
2196 429 2216 451 '¹‘
2244 429 2345 466 Nam
2365 442 2500 467 verum
2528 440 2537 448 ·

1445 481 1652 518 intellectus
1675 481 1896 530 speculativi
1915 481 2094 530 accipitur
2110 493 2179 530 per
2198 482 2499 519 conformitatem

1444 533 1650 571 intellectus
1677 534 1727 571 ad
1754 546 1847 571 rem.
1877 535 1926 571 Et
1949 534 2037 583 quia
2056 534 2263 571 intellectus
2282 546 2360 571 non
2377 542 2500 583 potest

1445 586 1681 623 infallibiliter.
1712 586 1941 624 conformari
1974 587 2086 623 rebus
2114 586 2153 623 in
2181 586 2497 634 contingentibus,

1445 639 1512 675 sed
1531 639 1656 675 solum
1676 639 1715 676 in
1734 639 1973 686 necessariis;
1998 639 2084 677 ideo
2105 639 2228 676 nullus
2247 639 2396 675 habitus
2415 651 2499 687 spe-

1446 691 1628 728 culativus
1666 691 1960 740 contingentium
1995 699 2050 729 est
2080 691 2335 728 intellectualis
2361 691 2498 739 virtus,

1445 745 1509 780 sed
1530 745 1655 781 solum
1675 751 1731 781 est
1750 745 1847 782 circa
1865 743 2277 782 necessaria.-Verum
2296 751 2424 780 autem
2444 743 2499 780 in-

1444 796 1612 832 tellectus
1639 797 1792 845 practici
1819 797 1999 846 accipitur
2023 809 2092 846 per
2119 796 2422 834 conformitatem
2450 796 2499 833 ad

1445 848 1652 897 appetitum
1682 857 1837 886 rectum.
1865 850 1974 896 Quae
2003 849 2158 897 quidem
2190 848 2433 886 conformitas
2460 848 2498 885 in

1444 901 1663 937 necessariis
1690 902 1817 938 locum
1846 915 1924 939 non
1952 903 2078 949 habet,
2098 914 2196 950 quae
2213 902 2409 938 voluntate
2429 901 2498 938 hu-

1444 965 1559 990 mana
1591 965 1669 990 non
1705 954 1821 991 fiunt:
1859 955 1926 992 sed
1964 955 2088 991 solum
2122 954 2161 991 in
2198 954 2497 1001 contingentibus

1443 1013 1730 1054 quae-possunt
1757 1018 1779 1043 a
1807 1007 1917 1044 nobis
1945 1007 2038 1054 fieri,
2068 1006 2148 1043 sive
2177 1007 2250 1044 sint
2276 1005 2424 1054 agibilia
2442 1005 2497 1043 in-

1443 1058 1590 1104 teriora,
1611 1058 1691 1095 sive
1715 1059 1889 1096 factibilia
1909 1059 2102 1096 exteriora.
2125 1061 2173 1096 Et
2191 1059 2278 1096 ideo
2300 1059 2398 1095 circa
2416 1059 2496 1095 sola

1443 1110 1696 1158 contingentia
1731 1111 1884 1159 ponitur
1919 1112 2038 1148 virtus
2074 1111 2281 1148 intellectus
2316 1110 2494 1159 practici:

1443 1163 1539 1199 circa
1567 1163 1742 1200 factibilia
1775 1164 1950 1212 quidem,
1981 1176 2058 1209 ars;
2090 1164 2187 1200 circa
2215 1164 2361 1212 agibilia
2388 1162 2510 1210 vero,

1439 1215 1650 1264 prudentia.

1492 1336 1515 1371 0)
1536 1338 1641 1361 bonum.
1653 1351 1671 1356 -
1690 1338 1752 1362 bene
1772 1338 1821 1361 EF.

999 1449 1332 1491 Commentariis
1354 1449 1604 1486 Cardinalis
1627 1450 1827 1483 Caietam

355 1542 376 1563 n
399 1532 531 1563 articulo
547 1532 660 1573 quinto
679 1532 821 1563 eiusdem
836 1531 1268 1572 quinquagesimaeseptimae
1289 1541 1384 1572 quae-

328 1544 476 1613 Istionis,
493 1576 526 1606 in
545 1576 750 1616 responsione
771 1576 810 1606 ad
833 1575 970 1612 tertium,
991 1575 1126 1606 dubium
1150 1575 1294 1611 occurrit,
1311 1575 1386 1615 quia

324 1621 446 1651 Auctor
470 1620 654 1651 contradicit
675 1620 806 1656 veritati,
823 1626 854 1650 et
876 1619 944 1650 sibi.
965 1620 1049 1650 Nam
1076 1620 1253 1650 secundum
1275 1619 1384 1649 verita-

323 1670 400 1701 tem,
412 1670 444 1695 et
457 1664 563 1704 ipsum
578 1664 612 1694 in
626 1664 760 1695 articulo
777 1664 990 1704 praecedente,
1010 1673 1059 1693 ars
1075 1673 1141 1694 non
1158 1663 1386 1703 praesupponit

325 1708 501 1749 appetitum
529 1714 667 1744 rectum,
693 1718 797 1748 neque
825 1714 944 1748 spectat
966 1708 1007 1738 ad
1029 1707 1153 1748 ipsum,
1177 1717 1282 1747 neque
1312 1706 1386 1738 facit

324 1759 379 1784 aut
400 1752 529 1784 inclinat
551 1752 590 1783 ad
613 1752 734 1792 ipsum:
757 1759 792 1784 ut
814 1758 900 1793 patet
923 1761 960 1782 ex
982 1761 1025 1788 se,
1047 1758 1078 1782 et
1096 1761 1133 1782 ex
1155 1750 1382 1792 supradictis,
1356 1751 1373 1770 *

323 1791 499 1832 manifeste.
523 1795 585 1827 Hic
606 1806 682 1827 vero
705 1796 821 1832 littera,
841 1796 977 1836 loquens
1001 1796 1039 1826 de
1062 1795 1220 1826 intellectu
1245 1794 1383 1835 practico

323 1846 391 1871 non
407 1839 512 1871 solum
529 1841 636 1882 quoad
652 1840 865 1881 prudentiam,
882 1840 937 1870 sed
953 1840 1061 1880 quoad
1077 1846 1184 1876 artem,
1202 1838 1276 1870 dicit
1294 1839 1383 1879 quod

322 1880 436 1915 veritas
459 1883 635 1915 intellectus
657 1884 786 1924 practici
809 1883 960 1924 accipitur
981 1893 1037 1924 per
1065 1883 1320 1914 conformitatem
1344 1882 1383 1912 ad

323 1928 501 1968 appetitum
523 1935 655 1959 rectum.
673 1929 773 1966 Quod
794 1935 841 1958 est
860 1934 968 1958 contra
990 1928 1157 1977 praedicta.

378 1972 422 2003 Et
442 1973 531 2013 quod
559 1972 711 2013 loquatur
733 1973 771 2003 de
793 1971 954 2003 intellectu
983 1971 1121 2012 practico
1149 1970 1381 2006 universaliter,

323 2022 361 2050 ut
375 2016 514 2048 extendit
531 2026 564 2047 se
579 2017 620 2046 ad
635 2023 744 2053 artem,
761 2023 847 2056 patet
869 2025 907 2046 ex
925 2016 1061 2046 duobus.
1078 2015 1196 2052 Primo,
1213 2015 1287 2056 quia
1309 2014 1384 2045 dicit

323 2059 413 2100 quod
435 2059 512 2091 haec
535 2059 741 2092 conformitas
760 2060 799 2090 ad
822 2059 999 2100 appetitum
1014 2067 1135 2090 rectum
1158 2059 1252 2090 habet
1273 2059 1382 2089 locum

322 2103 356 2134 in
385 2104 640 2144 contingentibus
669 2114 750 2145 quae
773 2114 791 2134 a
814 2103 907 2135 nobis
929 2103 1028 2140 fiunt,
1052 2105 1119 2134 Sive
1141 2105 1206 2134 sint
1227 2103 1380 2144 agibIIia,

322 2148 391 2178 sive
411 2147 585 2188 factibilia.
610 2147 771 2184 Secundo,
799 2157 836 2178 ex
858 2147 920 2178 hoc
949 2148 1037 2188 quod
1067 2147 1172 2178 statim
1195 2157 1232 2178 ex
1255 2147 1382 2177 hac'ra-

323 2191 392 2222 dice
414 2192 516 2223 reddit
538 2201 666 2223 causam
694 2192 808 2223 obiecti
832 2191 952 2232 proprii
979 2191 1156 2222 intellectus
1179 2191 1308 2232 practici
1331 2199 1383 2221 ex-

321 2235 403 2267 tensi
426 2235 569 2276 explicite
592 2236 632 2266 ad
655 2242 754 2268 artem
777 2242 807 2266 et
829 2235 1041 2275 prudentiam.

377 2278 416 2311 11.
433 2280 484 2311 Ad
506 2279 568 2310 hoc
587 2280 700 2312 dicitur
715 2280 814 2330 quod,
839 2279 915 2320 quia
929 2279 1106 2310 intellectus
1129 2279 1284 2320 practicus
1307 2288 1381 2309 con-

292 2355 294 2357 ,
320 2319 407 2354 venit
429 2333 504 2355 cum
519 2323 737 2364 speculativo
729 2334 761 2354 in
785 2330 856 2354 actu
874 2322 1073 2363 cognitionis,
1090 2329 1120 2353 et
1139 2322 1240 2353 differt
1261 2322 1295 2352 in
1311 2328 1382 2353 actu

95 2359 114 2380 g
130 2358 155 2372 m.
250 2361 252 2364 v

85 2676 94 2685 ·
105 2673 182 2698 8311.
194 2674 248 2697 lect.
263 2680 293 2696 iv.

83 2713 96 2718 -
109 2700 164 2724 nid.
178 2701 216 2724 lib.
227 2699 293 2728 vm,

84 2733 136 2756 cap.
151 2733 174 2750 v.

321 2366 517 2408 directionis;
541 2367 712 2401 differentia
730 2366 857 2408 practici
872 2377 891 2396 a
904 2366 1098 2408 speculativo
1122 2376 1188 2396 non
1210 2376 1308 2416 penes
1329 2376 1383 2396 co-

319 2416 481 2451 gnoscere,
498 2411 553 2450 sed
575 2421 672 2452 penes
695 2411 826 2451 dirigere
855 2410 1034 2441 attenditur.
1056 2410 1131 2441 Ideo
1158 2410 1270 2440 veritas
1293 2410 1383 2440 intel-

319 2454 421 2486 κους
446 2455 631 2496 speculativi
661 2455 804 2486 consistit
830 2454 864 2485 in
896 2463 1103 2494 cognoscere:
1136 2454 1248 2485 veritas
1275 2461 1381 2485 autem

319 2498 497 2532 intellectus
512 2499 640 2540 practici
663 2499 695 2530 in
713 2499 853 2539 dirigere.
871 2499 912 2529 Et
927 2499 972 2528 sic
993 2498 1106 2529 veritas
1120 2498 1298 2529 intellectus
1313 2508 1383 2538 spe-

321 2542 450 2575 culativi
473 2543 616 2575 consistit
638 2543 672 2573 in
694 2543 767 2579 hoc,
790 2543 880 2583 quod
903 2551 1093 2582 cognoscere
1123 2542 1316 2582 adaequatur
1338 2542 1382 2572 rei

321 2586 481 2627 cognitae:
505 2587 617 2618 veritas
633 2593 740 2617 autem
762 2586 939 2617 intellectus
958 2585 1086 2626 practici
1106 2585 1248 2616 consistit
1261 2585 1294 2616 in
1310 2585 1381 2621 hoc,

321 2630 411 2672 quod
434 2631 566 2671 dirigere
589 2630 783 2671 adaequatur
810 2629 965 2670 principio
997 2629 1157 2660 directivo.
1173 2647 1193 2651 -
1208 2629 1252 2660 Ut
1275 2635 1382 2660 autem

321 2674 455 2706 habetur
466 2674 510 2711 IX
523 2675 708 2714 Metaphys.
721 2674 748 2710 ³¹¹,
765 2673 957 2713 principium
973 2673 1257 2709 determinativum,
1274 2682 1310 2703 ac
1325 2683 1381 2712 per

321 2718 384 2749 hoc
407 2718 607 2754 fflrecfivum,
636 2715 770 2749 antis'ad
794 2717 1008 2757 operandum,
1032 2717 1268 2757 est-appetitus.
1288 2717 1381 2748 ‘Cum

321 2762 418 2803 igitur
439 2762 696 2803 unumquodque
718 2761 762 2792 ita
785 2771 818 2792 se
840 2761 953 2792 habeat
983 2761 1022 2791 ad
1049 2761 1211 2792 veritatem
1238 2760 1319 2792 sicut
1341 2762 1381 2791 ad

323 2806 494 2843 entitatem,
512 2806 691 2837 directionis
715 2812 812 2842 actus,
829 2804 978 2845 proprius
995 2805 1167 2836 intellectui
1186 2805 1334 2846 practico,
1351 2812 1382 2836 et

322 2849 431 2892 quoad
451 2860 518 2882 esse
534 2857 564 2881 et
587 2850 694 2890 quoad
715 2849 886 2885 veritatem,
903 2849 1019 2889 pendet
1033 2850 1071 2879 ab
1088 2849 1239 2890 appetitu.
1264 2849 1304 2880 Et
1319 2849 1381 2879 hoc

321 2893 344 2925 li
367 2900 431 2926 uet.

345 2904 431 2969 qm.
447 2937 509 2969 Sed
531 2936 686 2988 quoniam
707 2936 741 2967 in
759 2936 861 2967 littera
884 2935 997 2967 dicitur
1019 2936 1108 2977 quod
1126 2937 1243 2976 pendet
1265 2946 1302 2967 ex
1325 2946 1379 2977 ap-

323 2982 424 3022 petitu
446 2988 542 3018 recto,
559 2981 638 3012 scito
661 2981 750 3021 quod
773 2980 928 3011 rectitudo
951 2980 1010 3010 ista
1025 2989 1091 3010 non
1115 2987 1162 3011 est
1184 2979 1382 3011 uniformiter

323 3026 513 3066 accipienda.
528 3025 667 3057 Directio
686 3034 825 3065 namque
840 3034 913 3055 vera
930 3023 1106 3055 intellectus
1122 3024 1250 3064 practici
1269 3024 1301 3054 in
1318 3024 1381 3064 agi-

323 3069 448 3107 bilibus,
463 3069 634 3103 attenditur
645 3078 741 3110 penes
753 3067 1007 3099 conformitatem
1020 3068 1059 3098 ad
1071 3067 1248 3108 appetitum
1259 3074 1382 3098 rectum

322 3114 508 3145 rectitudine
530 3112 602 3144 finis
625 3112 806 3149 moralium,
821 3122 903 3153 quae
926 3119 973 3143 est
995 3111 1119 3142 bonitas
1139 3111 1276 3142 moralis.
1291 3111 1380 3142 Dire-

323 3158 386 3188 ctio
409 3164 518 3188 autem
539 3167 612 3188 vera
634 3156 810 3187 intellectus
834 3155 960 3196 practici
976 3155 1009 3186 in
1032 3155 1231 3192 factibilibus,
1248 3155 1381 3186 attendi-

323 3209 375 3234 tur
398 3211 494 3242 penes
518 3200 773 3232 conformitatem
796 3201 836 3230 ad
858 3200 1035 3241 appetitum
1050 3206 1172 3230 rectum
1195 3199 1380 3230 rectitudine

322 3245 395 3276 finis
417 3245 643 3276 artificialium:
667 3245 757 3285 quod
786 3254 852 3274 non
875 3251 922 3275 est
951 3244 1129 3284 appetitum
1163 3253 1229 3274 esse
1257 3244 1381 3274 bonum

323 3289 494 3326 moraliter,
510 3290 566 3320 sed
588 3298 656 3319 esse
673 3295 805 3325 rectum,
823 3287 904 3319 idest
926 3288 1053 3319 tendere
1075 3287 1109 3318 in
1129 3294 1250 3318 rectum
1272 3286 1380 3319 finem.

323 3333 359 3365 In
379 3334 469 3365 omni
492 3333 577 3364 enirn
599 3339 665 3365 arte
684 3339 731 3364 est
753 3333 827 3363 dare
849 3331 947 3363 finem
961 3338 1092 3368 rectum,
1110 3338 1140 3362 et
1163 3341 1228 3361 non
1247 3338 1380 3362 rectum.

379 3377 540 3409 Intantum
571 3383 678 3408 autem
709 3376 826 3416 pendet
856 3375 969 3407 veritas
999 3375 1176 3406 directionis
1204 3375 1380 3406 intellectus

322 3421 450 3462 practici
473 3422 511 3452 ab
535 3420 676 3462 appetitu
696 3426 781 3451 recto
804 3420 837 3450 in
860 3419 1058 3456 factibilibus,
1075 3419 1164 3460 quod
1178 3419 1204 3449 si
1227 3418 1380 3450 statuifica

323 3472 567 3506 repraesentaret
581 3465 757 3501 hominem,
771 3471 802 3495 et
817 3473 873 3504 per
887 3470 1024 3496 statuam
1040 3463 1182 3494 intendat
1200 3469 1380 3494 monstrum

323 3516 378 3540 aut
400 3509 687 3550 improportionata
710 3509 861 3544 membra,
885 3508 995 3539 volens
1014 3508 1064 3538 vel
1079 3507 1190 3538 nolens
1214 3507 1314 3543 faciat,
1335 3507 1380 3537 di-

322 3553 419 3584 rectio
444 3564 574 3585 erronea
592 3553 657 3589 erit,
676 3560 706 3583 et
729 3562 794 3583 non
811 3553 849 3582 ab
873 3559 952 3583 arte:
977 3552 1131 3593 quoniam
1147 3551 1214 3591 ipsa
1232 3561 1380 3582 verorum

464 3615 574 3640 Smnuuz
593 3614 693 3640 Tnaot..
713 3614 744 3639 D.
763 3614 877 3639 TaouAss
895 3613 928 3638 T.
948 3613 986 3638 111.

1439 1538 1563 1562 tanturn
1580 1539 1634 1568 est,
1652 1532 1726 1572 quia
1742 1532 1839 1563 virtus
1856 1539 1911 1563 est.
1929 1533 1961 1563 Si
1981 1540 2087 1563 autem
2103 1534 2243 1563 intendat
2263 1541 2491 1573 repraesentare

1440 1582 1629 1611 monstrum,
1645 1576 1695 1605 vel
1710 1576 1806 1606 talem
1821 1576 2117 1616 improportionem,
2135 1577 2263 1607 directio
2280 1587 2352 1607 vera
2367 1585 2397 1608 et
2411 1588 2493 1618 opus

1438 1628 1550 1649 verum
1574 1620 1639 1655 erit,
1661 1626 1771 1659 utpote
1796 1620 2049 1650 conformitatem
2073 1621 2190 1650 habens
2215 1621 2336 1651 intento
2361 1620 2425 1657 fini,
2443 1621 2492 1651 cui

1439 1669 1512 1693 nata
1534 1670 1580 1693 est
1603 1663 1795 1693 conformari
1818 1664 1887 1694 talis
1910 1663 1999 1694 ratio.

1495 1707 1547 1738 IV.
1563 1707 1629 1737 Nec
1651 1714 1681 1737 te
1698 1707 1841 1747 decipiat,
1858 1707 1984 1743 novifie,
2009 1707 2189 1748 quisquam,
2210 1707 2316 1738 dicens
2331 1708 2493 1739 veritatem

1438 1750 1625 1781 huiusmodi
1639 1761 1704 1781 non
1721 1758 1859 1791 spectare
1875 1752 1914 1781 ad
1937 1758 2045 1787 artem,
2063 1752 2116 1782 sed
2134 1751 2206 1782 artis
2225 1761 2331 1782 usum.
2354 1752 2395 1782 Et
2418 1762 2492 1782 con-

1437 1801 1612 1835 sequenter,
1629 1795 1704 1835 quia
1727 1805 1803 1825 usus
1823 1795 1918 1825 etiam
1940 1795 2116 1826 intellectus
2131 1795 2312 1836 speculativi
2335 1796 2374 1825 ab
2398 1805 2493 1836 appe-

1437 1838 1495 1869 titu
1519 1839 1645 1878 pendet,
1662 1839 1743 1869 sicut
1759 1839 1912 1879 contingit
1934 1839 2073 1879 logicum
2098 1839 2282 1880 syllogizare
2301 1850 2337 1869 ex
2356 1847 2494 1880 quatuor

1437 1882 1577 1912 terminis
1600 1883 1771 1919 volentem,
1788 1889 1819 1913 et
1841 1893 1878 1913 ex
1893 1883 1991 1914 tribus
2015 1884 2110 1914 etiam
2125 1883 2294 1919 volentem,
2311 1893 2347 1913 ac
2362 1893 2418 1923 per
2432 1883 2493 1913 hoc

1436 1935 1507 1956 vere
1529 1927 1580 1956 vel
1603 1936 1669 1957 non
1692 1937 1763 1957 vere
1780 1927 1883 1967 logica
1905 1927 1966 1963 uti;
1990 1927 2032 1957 ita
2055 1927 2088 1957 in
2111 1934 2185 1958 arte.
2207 1927 2402 1958 Huiusmodi
2417 1937 2492 1967 ergo

1436 1970 1548 2000 veritas
1571 1970 1751 2001 directionis
1774 1971 1814 2000 ad
1836 1981 1932 2001 usum
1955 1977 2082 2011 spectat,
2107 1981 2173 2001 non
2196 1971 2236 2001 ad
2259 1978 2356 2001 artem
2379 1971 2491 2011 ipsam.

1492 2014 1627 2044 Adverte
1650 2024 1788 2055 namque
1812 2014 2051 2045 coincidentiam
2076 2025 2153 2045 usus
2176 2025 2250 2045 curn
2273 2015 2443 2046 directione
2458 2015 2491 2045 in

1437 2064 1515 2088 arte:
1535 2065 1565 2088 et
1586 2058 1655 2088 vide
1672 2068 1768 2099 quare
1783 2066 1913 2098 apparet
1928 2059 2016 2099 quod
2039 2058 2150 2089 veritas
2167 2059 2351 2090 huiusmodi
2374 2066 2492 2099 spectet

1437 2101 1476 2131 ad
1499 2111 1605 2138 usum,
1622 2110 1652 2133 et
1667 2112 1733 2132 non
1750 2101 1788 2132 ad
1812 2108 1919 2133 artem.
1937 2102 2090 2139 Quamvis
2114 2103 2200 2133 enim
2215 2112 2291 2133 usus
2315 2110 2346 2134 et
2360 2102 2488 2133 directio

1436 2145 1468 2175 in
1491 2153 1556 2176 arte
1579 2145 1767 2182 coincidant‚
1785 2146 2022 2186 distinguuntur
2039 2154 2145 2177 tamen
2167 2146 2278 2177 saltem
2301 2146 2439 2176 ratione:
2460 2153 2491 2177 et

1437 2189 1494 2220 arti
1517 2190 1664 2220 convenit
1687 2189 1866 2220 directionis
1886 2190 2008 2226 veritas,
2026 2201 2091 2221 non
2114 2191 2236 2221 ratione
2259 2200 2345 2227 usus,
2367 2190 2422 2220 sed
2444 2200 2491 2220 ra-

1436 2233 1522 2264 tione
1545 2233 1691 2274 propriae
1714 2240 1852 2270 naturae,
1868 2244 1949 2274 quae
1965 2241 2037 2264 nata
2060 2241 2106 2264 est
2122 2234 2252 2274 dirigere
2275 2244 2340 2264 non
2356 2234 2415 2264 nisi
2439 2234 2491 2264 de-

1436 2277 1601 2308 terminata
1624 2278 1663 2307 ad
1687 2277 1891 2308 directionem
1914 2279 1953 2308 ab
1967 2278 2118 2328 ‘appetitu
2146 2285 2241 2308 recto.
2266 2278 2301 2308 In
2324 2277 2490 2308 virtutibus

1437 2327 1543 2359 autern
1559 2321 1768 2361 speculativis,
1781 2321 1868 2351 solus
1881 2331 1956 2352 usus
1966 2321 2124 2352 invenitur
2135 2322 2276 2361 pendens
2288 2322 2326 2351 ab
2338 2321 2490 2362 appetitu.

1491 2365 1531 2395 V.
1547 2365 1589 2395 Et
1610 2375 1667 2405 per
1689 2365 1766 2395 haec
1789 2365 1862 2395 satis
1885 2371 1970 2406 patet
1987 2365 2152 2406 responsio
2175 2366 2215 2396 ad
2238 2365 2448 2396 obiectionem
2463 2365 2490 2396 *.

1436 2408 1519 2439 Nam
1543 2409 1687 2448 superius
1716 2409 1836 2439 dictum
1864 2416 1911 2439 est
1931 2410 2019 2450 quod
2041 2419 2089 2439 ars
2114 2419 2171 2440 nec
2201 2409 2354 2449 supponit
2376 2409 2494 2449 appeti-

1437 2458 1507 2483 tum
1529 2459 1651 2483 rectum
1675 2453 1852 2489 moraliter;
1869 2463 1926 2484 nec
1948 2452 2077 2484 inclinat
2092 2454 2132 2483 ad
2153 2453 2260 2494 ipsum
2283 2459 2404 2484 rectum
2428 2453 2492 2483 sive

1436 2496 1596 2527 moraliter
1619 2497 1684 2527 sive
1706 2496 1914 2528 artificialiter.
1929 2498 2023 2528 Nunc
2045 2504 2152 2527 autem
2174 2497 2287 2528 dicitur
2310 2498 2398 2537 quod
2421 2507 2492 2537 pro-

1436 2540 1504 2580 pria
1525 2540 1637 2571 veritas
1653 2540 1720 2571 eius
1743 2541 1885 2571 consistit
1899 2541 1931 2570 in
1952 2540 2172 2572 conformitate
2188 2541 2227 2570 ad
2250 2541 2426 2580 appetitum
2442 2550 2490 2571 re-

1437 2590 1523 2614 ctum
1548 2594 1614 2614 non
1636 2584 1670 2614 in
1693 2584 1875 2620 moralibus,
1893 2584 1947 2614 sed
1969 2584 2002 2614 in
2018 2583 2240 2620 artificialibus;
2258 2584 2313 2625 qui
2336 2590 2412 2614 tunc
2435 2590 2490 2620 est,

1437 2637 1511 2657 cum
1533 2626 1631 2658 finem
1653 2628 1755 2663 habet,
1772 2638 1789 2657 a
1813 2638 1879 2668 quo
1895 2627 2090 2668 obliquando
2107 2627 2264 2659 artificiale
2287 2628 2408 2658 malum
2425 2634 2489 2658 est:

1436 2671 1511 2711 quia
1533 2671 1645 2701 veritas
1667 2671 1843 2703 intellectus
1876 2671 2002 2711 practici
2026 2672 2167 2702 consistit
2188 2672 2221 2702 in
2245 2672 2420 2712 adaequato
2444 2671 2489 2701 di-

1435 2715 1543 2755 rigere,
1560 2721 1596 2746 ut
1618 2715 1770 2746 exteriora
1792 2725 1888 2755 opera
1911 2722 2072 2746 testantur.
2094 2716 2180 2746 Haec
2203 2722 2309 2746 autem
2333 2725 2390 2746 nec
2413 2715 2490 2746 veri-

1435 2759 1500 2796 tati,
1517 2769 1575 2790 nec
1598 2759 1729 2790 Auctori
1745 2760 1972 2796 contradicunt,
1990 2766 2047 2790 etc.

1494 2803 1546 2834 VI.
1564 2803 1599 2833 In
1623 2804 1732 2834 eadem
1747 2804 1962 2844 responsione,
1979 2803 2094 2834 scilicet
2117 2804 2156 2833 ad
2178 2803 2305 2834 tertium
2323 2803 2423 2845 quinti
2444 2813 2490 2833 ar-

1435 2847 1522 2879 ticuli
1541 2847 1734 2888 quaestionis
1749 2847 2190 2888 quinquagesimaeseptimae,
2212 2848 2336 2878 adverte
2359 2847 2490 2887 diligen-

1435 2891 1555 2922 tissime
1578 2898 1613 2921 ut
1635 2891 1746 2931 iungas
1776 2891 1852 2922 haec
1876 2892 1940 2922 duo
1969 2891 2081 2922 simul:
2107 2891 2222 2922 scilicet
2249 2892 2337 2932 quod
2364 2890 2488 2921 habitus

1436 2935 1475 2966 sit
1489 2935 1587 2972 virtus
1611 2935 1842 2971 intellectualis;
1864 2941 1894 2966 et
1910 2936 1998 2976 quod
2013 2935 2052 2965 sit
2068 2935 2147 2965 circa
2163 2934 2384 2975 contingentia.
2399 2934 2488 2971 Quo-

1436 2979 1522 3009 niam
1545 2979 1603 3009 sibi
1626 2979 1761 3009 invicem
1793 2980 2004 3010 adversantur.
2027 2979 2059 3009 Si
2083 2979 2167 3009 enim
2200 2985 2246 3009 est
2272 2978 2489 3010 intellectualis

1435 3023 1547 3059 virtus,
1568 3033 1642 3062 ergo
1666 3033 1790 3062 semper
1804 3033 1906 3059 verus,
1923 3033 1958 3053 ac
1972 3033 2028 3063 per
2046 3023 2117 3059 hoc,
2137 3033 2203 3053 non
2219 3022 2488 3063 contingentium:

1435 3067 1510 3108 quia
1534 3067 1785 3107 contingentium
1803 3067 1904 3098 multa
1920 3074 1966 3097 est
1988 3066 2116 3098 falsitas.
2132 3067 2174 3097 Et
2196 3066 2222 3097 si
2237 3073 2283 3097 est
2307 3066 2488 3106 contingen-

1435 3111 1526 3147 tium,
1547 3120 1621 3150 ergo
1645 3120 1711 3141 non
1731 3120 1854 3150 semper
1876 3119 1984 3142 verus:
2009 3121 2044 3141 ac
2067 3120 2124 3151 per
2145 3110 2216 3147 hoc,
2233 3121 2299 3141 non
2323 3118 2369 3141 est
2391 3110 2488 3141 virtus

1435 3154 1662 3185 intellectualis.
1679 3154 1771 3184 Hanc
1794 3153 2010 3185 difficultatem
2031 3161 2142 3185 tractat
2155 3154 2206 3185 hic
2228 3157 2350 3186 Auctor
2372 3154 2404 3184 in
2428 3154 2490 3184 hoc

1435 3204 1631 3239 argumento.
1648 3199 1738 3228 Hanc
1753 3197 1968 3229 difficultatem
1984 3207 2049 3229 non
2073 3205 2177 3239 potest
2193 3198 2326 3238 effugere
2346 3197 2489 3238 quisquis

1435 3242 1661 3283 perfectionem
1683 3242 1860 3272 intellectus
1882 3242 2008 3282 practici
2030 3242 2063 3272 in
2086 3242 2155 3272 sola
2177 3242 2358 3282 cognitione
2387 3241 2488 3282 ponit.

1490 3286 1552 3317 Ubi
1571 3286 1650 3316 scito
1666 3286 1756 3326 quod
1771 3286 1894 3323 Scotus,
1909 3286 1943 3317 in
1958 3286 1999 3317 111
2014 3286 2113 3324 Sem„
2133 3286 2202 3317 dist.
2218 3296 2308 3316 xxxvi
2323 3286 2350 3322 *,
2370 3285 2489 3316 intelle-

1435 3337 1522 3362 ctum
1545 3330 1719 3370 practicum
1732 3330 1766 3360 in
1789 3330 1857 3360 sola
1874 3330 2054 3370 cognitione
2073 3329 2252 3371 rectificans,
2269 3330 2348 3360 adeo
2364 3336 2399 3360 ut
2415 3339 2489 3370 pru-

1435 3374 1574 3405 dentiam
1596 3373 1628 3404 in
1645 3374 1711 3404 sola
1726 3373 1857 3410 ratione,
1882 3374 2000 3415 absque
2023 3374 2179 3414 appetitus
2203 3373 2352 3410 bonitate,
2374 3372 2487 3413 ponat;

1435 3428 1500 3448 non
1524 3424 1628 3458 potest
1658 3417 1731 3448 huic
1760 3417 1933 3449 difficultati
1965 3418 2148 3448 satisfacere.
2177 3418 2270 3448 Putat
2293 3424 2399 3448 autem
2421 3417 2489 3457 ipse

1434 3462 1534 3503 quod,
1549 3462 1631 3492 sicut
1647 3461 1680 3492 in
1700 3461 1898 3501 speculativis
1916 3461 2069 3512 principia
2089 3471 2125 3491 ex
2141 3461 2291 3497 terminis,
2312 3468 2342 3492 et
2361 3461 2488 3491 conclu-

1434 3507 1481 3536 sio
1506 3516 1542 3536 ex
1565 3512 1650 3536 recto
1673 3505 1859 3547 syllogismo
1882 3506 1978 3537 scitur
2001 3505 2189 3541 necessario,
2206 3505 2248 3536 ita
2271 3505 2303 3535 in
2327 3504 2486 3545 practicis:

2626 445 2739 468 u‚n3.-

2527 438 2674 487 8.·Γξ1εσι.
2690 472 2715 487 ιι.

2519 2367 2579 2390 'Cfi
2594 2373 2658 2390 num.
2672 2374 2688 2389 1.

2516 3294 2527 3305 '⁵
2540 3294 2591 3316 Art.
2606 3299 2626 3315 2.

2515 3529 2598 3556 ⁴'Cap.
2609 3534 2634 3555 n,
2649 3534 2671 3550 n.
2683 3534 2722 3556 3.-

1435 3557 1464 3581 et
1488 3550 1531 3580 sic
1562 3549 1720 3590 perficitur
1744 3550 1822 3580 ratio
1846 3550 1989 3589 practica.
2014 3550 2054 3580 Et
2077 3549 2155 3580 illud
2174 3549 2217 3580 VI
2239 3549 2341 3580 Ethic.
2356 3548 2383 3584 *,
2401 3548 2489 3589 quod
2516 3545 2657 3578 s.·rh.1e’ct
2674 3560 2698 3576 11.

2314 3618 2347 3642 47
