2852 4152
80 2418 305 2470 &aava

93 2587 104 2598 ‘
121 2586 178 2615 Cap.
191 2592 219 2614 v,
233 2591 256 2608 ιι.
276 2585 307 2608 18.

97 2900 155 2974 ,ἓῗ”

97 2897 244 2948 ims'i'ss.
245 2903 310 2946 ”1'0231

99 3109 112 3120 ·
125 3107 182 3139 cup.
196 3115 224 3136 v,
238 3114 262 3130 n.
278 3107 312 3130 16.

1006 211 1270 259 QUAESTIO
1299 211 1420 258 XLV,
1449 210 1743 247 ARTICULUS
1773 210 1822 245 III

2421 210 2495 256 289

998 333 1328 366 Commentaria
1351 332 1601 365 Cardinalis
1624 330 1824 364 Caietam

392 431 464 452 raca
496 421 578 452 dicta
609 420 642 450 in
671 419 810 450 secundo
845 420 975 450 articulo
1009 420 1150 450 eiusdem
1184 419 1383 460 quadragesi-

330 432 592 506 Cmaequintae
619 463 830 504 quaesfionis,
860 463 1032 503 specialiter
1067 463 1200 494 dubium
1229 463 1382 498 occurrit,

328 509 404 551 quin
433 512 555 540 Auctor
586 507 646 538 sibi
676 507 737 547 ipsi
768 507 941 538 contrarius
969 514 1024 538 est.
1049 507 1199 547 Superius
1222 506 1326 543 enim,
1350 506 1384 537 in

328 564 383 604 qu.
399 563 475 590 xxv,
500 558 556 584 art.
579 553 616 588 3,
641 560 783 592 expresse
811 550 887 581 dixit
916 552 1004 591 quod
1032 551 1207 591 desperatio
1231 557 1277 581 est
1300 550 1386 590 prior

328 598 458 634 timore,
483 602 514 628 et
535 595 626 637 quod
653 594 748 625 timor
772 594 913 635 sequitur
946 595 1197 634 desperationem
1219 594 1384 630 victoriae,

329 641 409 672 sicut
435 638 565 671 audacia
593 647 683 679 spem
712 637 870 668 eiusdem:
899 638 950 669 hic
977 648 1052 668 vero
1081 645 1186 679 aperte
1207 638 1276 668 vult
1298 617 1386 679 quod

330 684 505 725 desperatio
530 683 570 713 sit
593 681 719 713 effectus
742 681 874 718 timoris,
899 682 979 712 sicut
1001 682 1130 713 audacia
1153 681 1230 722 spei.

383 727 424 759 11.
447 727 499 758 ‘Ad
521 726 583 757 hoe
611 725 723 756 dicitur
749 726 838 766 quod
867 726 1042 766 desperatio
1070 732 1102 756 et
1129 726 1388 765 timorpossunt

330 771 496 812 dupliciter
520 769 725 801 considerari:
746 770 862 800 scilicet
878 780 915 800 ex
930 777 1017 810 parte
1040 769 1167 805 obiecti;
1194 775 1224 800 et
1247 778 1284 799 ex
1297 775 1384 808 parte

329 815 420 847 modi
441 814 614 854 attingendi
638 813 807 845 obiectum.
832 814 864 844 Si
888 813 1125 844 considerentur
1147 823 1184 844 ex
1198 819 1285 853 parte
1301 812 1387 843 obie—

330 859 384 896 cti,
410 869 485 890 cum
507 858 667 889 obiectum
696 857 920 898 desperationis
944 857 982 888 sit
1004 857 1141 892 bonum,
1166 856 1288 887 timoris
1311 865 1386 886 vero

330 903 466 938 malum;
492 909 522 932 et
537 902 659 932 bonurn
675 901 856 932 naturaliter
871 901 910 931 sit
924 901 1011 942 prius
1027 900 1129 936 malo;
1149 900 1193 930 sic
1213 899 1388 940 desperatio

331 953 377 977 est
399 945 486 987 prior
514 946 640 981 timore,
665 953 701 976 ut
725 945 868 986 superius
891 945 924 974 in
948 954 1002 984 qu.
1018 954 1079 974 xxv
1102 943 1294 974 declaratum
1318 943 1386 973 fuit.

330 991 371 1021 Et
394 1000 431 1021 ex
453 990 511 1020 hac
535 996 631 1029 parte,
647 990 742 1020 timor
766 989 902 1019 nascitur
926 998 962 1018 ex
977 987 1208 1027 desperatione:
1234 987 1309 1028 quia
1331 987 1389 1017 sci-

330 1034 403 1065 licet
425 1033 586 1064 obiectum
611 1032 835 1073 desperationis
859 1038 970 1063 natum
990 1038 1036 1063 est
1050 1041 1157 1071 parere
1174 1031 1334 1062 obiectum
1349 1031 1388 1062 ti-

331 1078 446 1115 moris3
470 1078 593 1108 bonum
617 1077 702 1107 enim
726 1077 862 1108 arduum
885 1075 1086 1107 aestimatum
1108 1075 1313 1115 impossibile,
1338 1085 1390 1105 na-

332 1130 402 1154 tum
425 1128 471 1155 est
493 1131 672 1162 proponere
695 1120 905 1162 privationem
929 1119 978 1150 sui
1006 1126 1042 1150 ut
1071 1119 1235 1160 quoddam
1268 1119 1389 1150 malum

333 1166 588 1206 superexcedens,
606 1165 694 1206 quod
711 1171 756 1195 est
772 1164 932 1194 obiectum
946 1162 1078 1193 timoris.
1098 1180 1118 1185 —
1134 1163 1208 1193 Non
1222 1169 1267 1193 est
1282 1170 1388 1193 tamen

331 1210 390 1241 ista
413 1209 562 1240 derivatio
588 1208 709 1239 timoris
733 1218 770 1238 ex
793 1206 1008 1247 desperatione
1031 1217 1068 1236 ex
1091 1213 1177 1246 parte
1202 1206 1325 1242 obiecti,
1347 1206 1390 1236 sic

332 1253 511 1294 accipienda
533 1259 571 1283 ut
592 1257 737 1292 oporteat
759 1251 919 1281 obiectum
934 1250 1056 1280 timoris
1072 1260 1109 1280 ex
1123 1250 1248 1290 penitus
1265 1250 1389 1280 obiecto

333 1296 559 1337 desperationis
585 1295 775 1335 procedere,
799 1294 955 1334 quoniam
981 1293 1043 1324 hoc
1074 1301 1120 1324 est
1146 1293 1312 1324 manifeste
1338 1293 1391 1323 fal-

332 1350 405 1373 sum
424 1341 504 1372 dum
524 1347 636 1370 sumus
658 1339 738 1368 inter
753 1347 844 1378 spem
858 1344 889 1368 et
907 1343 1046 1367 metum:
1069 1338 1124 1367 sed
1139 1337 1214 1377 quia
1229 1337 1390 1368 obiectum

332 1383 454 1418 timoris
465 1383 576 1433 sapit
579 1391 703 1421 semper
722 1377 843 1420 aliquid
857 1381 895 1410 de
912 1380 1035 1411 obiecto
1053 1380 1289 1430 desperationis.
1312 1380 1390 1410 Nul-

267 1459 275 1462 ,
330 1428 405 1458 lum
423 1426 509 1457 enim
525 1424 646 1456 malum
661 1425 756 1455 habet
771 1423 927 1454 rationem
944 1423 1085 1459 timendi,
1103 1424 1162 1453 nisi
1178 1423 1253 1463 quia
1267 1424 1391 1454 bonum

332 1470 519 1511 oppositum
543 1469 736 1499 existimatur
759 1468 809 1498 vel
833 1468 993 1498 dubitatur
1015 1467 1278 1507 superexcedens:
1303 1468 1391 1507 quod

333 1521 379 1545 est
402 1514 563 1544 obiectum
586 1511 822 1553 desperationis.

389 1558 441 1588 111.
466 1557 499 1588 Si
521 1563 629 1587 autem
662 1556 898 1586 considerentur
928 1565 964 1585 ex
994 1560 1080 1595 parte
1103 1553 1192 1584 modi
1220 1554 1393 1594 attingendi

334 1601 505 1638 obiectum,
526 1611 600 1631 cum
623 1600 788 1640 utriusque
807 1599 923 1629 modus
951 1598 1101 1629 consistat
1123 1598 1155 1628 in
1170 1597 1337 1637 fugiendo;
1362 1604 1394 1628 et

333 1645 440 1677 timori
463 1655 518 1685 per
541 1655 590 1683 se,
615 1643 823 1684 desperationi
847 1650 953 1674 autem
976 1652 1032 1683 per
1059 1642 1201 1672 accidens
1229 1641 1394 1672 conveniat

333 1699 430 1720 suum
453 1689 560 1729 fugere
576 1688 749 1723 obiectum;
771 1694 802 1718 et
821 1687 909 1728 quod
926 1694 972 1717 est
988 1696 1043 1726 per
1059 1685 1203 1717 accidens
1218 1686 1394 1726 dependeat

333 1734 371 1764 ab
395 1743 434 1763 eo
458 1733 547 1773 quod
570 1738 616 1762 est
631 1741 687 1772 per
706 1740 752 1761 se:
773 1741 970 1771 consequens
987 1736 1033 1760 est
1053 1736 1088 1760 ut
1103 1729 1199 1760 timor
1218 1729 1266 1765 sit,
1284 1739 1320 1760 ex
1335 1729 1394 1759 hac

334 1783 430 1817 parte,
448 1786 542 1806 causa
565 1775 800 1816 desperationis.
817 1775 892 1805 Non
905 1775 948 1806 ita
966 1774 1054 1815 quod
1070 1773 1230 1804 obiectum
1249 1774 1395 1813 despera-

333 1820 429 1851 tionis
453 1820 492 1850 sit
515 1819 731 1860 compositum
759 1829 796 1849 ex
823 1819 910 1849 bono
939 1825 969 1849 et
997 1818 1099 1854 malo,
1125 1817 1206 1848 sicut
1233 1818 1395 1848 obiectum

333 1863 496 1895 audaciae:
522 1863 691 1904 quoniam,
717 1870 752 1893 ut
780 1862 924 1903 superius
947 1862 979 1892 in
1003 1872 1056 1902 qu.
1078 1872 1131 1898 ιιι,
1156 1868 1211 1892 art.
1234 1871 1269 1901 4,
1294 1861 1334 1891 ad
1359 1871 1394 1897 2,

333 1914 434 1948 patet,
459 1907 634 1948 desperatio
667 1917 703 1937 ex
732 1907 801 1937 solo
832 1916 1052 1947 superexcessu
1083 1905 1158 1936 boni
1191 1915 1256 1936 esse
1280 1911 1395 1945 potest.

334 1952 396 1983 Sed
417 1951 461 1983 ita
479 1952 571 1992 quod
594 1951 628 1982 in
649 1951 757 1991 ipsum
780 1951 903 1981 bonum
926 1950 1172 1990 superexcedens
1195 1949 1396 1980 aestimatum

1438 418 1644 459 impossibile,
1669 417 1786 448 feratur
1808 417 1904 448 timor
1927 424 1957 448 et
1980 418 2170 457 desperatio:
2195 418 2291 449 timor
2314 419 2443 459 quidem
2465 421 2498 450 in

1439 471 1705 503 superexcessum‚
1729 462 1919 502 inquantum
1942 461 2164 502 impeditivum
2186 462 2276 498 boni,
2302 472 2336 493 ac
2359 473 2414 502 per
2436 464 2499 494 hoc

1439 507 1579 542 malum;
1604 506 1779 546 desperatio
1806 515 1881 536 vero
1905 505 1938 536 in
1960 505 2067 545 ipsum
2090 506 2213 536 bonum
2234 507 2497 545 superexcedens,

1440 550 1591 590 fugiendo
1615 550 1732 590 ipsum.
1746 550 1837 580 -Est
1860 556 1967 580 autem
1989 549 2069 580 ratio
2092 559 2225 580 movens
2248 550 2288 580 ad
2303 560 2498 590 praeponen-

1441 594 1518 625 dum
1535 604 1572 624 ex
1586 594 1645 624 hac
1661 601 1749 633 parte
1765 593 1923 629 timorem,
1940 599 1978 624 ut
1988 593 2140 624 habeatur
2154 603 2211 633 per
2226 603 2259 623 se
2275 593 2435 624 obiectum
2451 594 2499 624 fu-

1440 647 1496 678 gae
1519 637 1552 668 in
1577 637 1769 677 desperante,
1790 637 1870 668 sicut
1892 637 1925 667 in
1949 636 2076 668 audace.
2098 636 2183 668 Cum
2207 637 2292 667 enirn
2314 638 2437 668 bonum
2460 639 2498 668 ab

1441 681 1590 711 omnibus
1619 687 1797 721 appetatur,
1829 687 1860 711 et
1882 691 1900 711 a
1923 680 2107 721 desperante
2137 680 2291 720 fugiatur,
2319 681 2425 721 palam
2454 688 2500 712 est

1441 725 1529 765 quod
1545 735 1611 755 non
1627 724 1746 764 fugitur
1759 725 1950 765 inquantum
1967 726 2099 760 bonum,
2116 734 2174 755 nec
2192 725 2382 765 inquantum
2396 725 2500 755 maius

1441 769 1580 805 bonum,
1606 769 1660 798 sed
1682 769 1804 799 ratione
1828 768 1960 799 alicuius
1982 767 2203 808 impedimenti
2226 767 2357 811 (saltem
2381 776 2427 799 est
2450 779 2500 799 ex-

1442 822 1546 843 cessus
1570 812 1752 843 aestimatus
1775 810 2003 854 impossibilis).
2019 813 2060 843 Et
2083 812 2157 853 quia
2178 812 2354 852 impediens
2377 813 2500 843 bonum

1442 856 1518 886 mali
1533 855 1688 886 rationem
1710 855 1822 892 induit,
1847 866 1883 886 ex
1906 856 1964 887 hac
1987 862 2074 896 parte
2094 856 2190 903 timor
2209 856 2339 887 inchoat
2357 857 2501 896 despera-

1442 900 1572 930 tionem.

1498 938 1638 973 Timoris
1656 949 1762 973 autem
1778 942 1920 981 nomine,
1936 943 1998 974 hoc
2021 943 2054 973 in
2070 944 2153 980 loco,
2170 953 2235 974 non
2251 921 2392 983 intelligo
2408 943 2501 975 timo—

1443 997 1509 1017 rem
1533 986 1659 1027 proprie
1675 986 1805 1022 dictum‚
1822 993 1858 1017 ut
1873 993 1919 1017 est
1936 987 2041 1027 passio
2056 987 2216 1017 irascibilis
2232 987 2376 1018 distincta
2392 994 2502 1018 contra

1444 1031 1561 1070 fugam,
1586 1040 1668 1071 quae
1691 1037 1738 1060 est
1760 1037 1870 1070 quarta
1886 1031 1990 1070 passio
2007 1031 2258 1071 concupiscibilis
2278 1031 2433 1062 contraria
2449 1032 2500 1062 de-

1444 1075 1572 1105 siderio:
1590 1074 1645 1104 sed
1662 1081 1696 1105 ut
1718 1074 1851 1104 includit
1865 1074 1962 1105 illam.
1978 1074 2024 1104 Ita
2047 1075 2135 1114 quod
2151 1075 2327 1115 desperatio
2351 1075 2431 1115 fugit
2446 1076 2502 1106 bo-

1445 1128 1524 1149 num
1539 1118 1699 1154 excedens,
1716 1125 1846 1158 propter
1860 1117 1969 1158 fugam
1983 1118 2060 1148 mali
2083 1118 2293 1158 impedientis,
2309 1125 2386 1159 puta
2401 1119 2501 1159 ipsius

1445 1172 1596 1198 excessuS,
1613 1171 1694 1202 quae
1717 1161 1909 1192 includitur·
1901 1172 1933 1191 m
1949 1161 2077 1192 timore:
2099 1169 2128 1192 et
2151 1172 2217 1192 non
2231 1162 2358 1202 proprie
2374 1169 2503 1203 propter

1444 1206 1592 1236 timorem
1603 1205 1686 1235 illius
1699 1215 1842 1236 excessus
1853 1204 1984 1236 difficilis
1998 1205 2208 1246 impedientis,
2221 1205 2433 1250 impossibilis,
2443 1213 2500 1237 etc.

1445 1250 1632 1289 Experimur
1655 1249 1739 1279 enim
1759 1249 1858 1290 quod,
1876 1249 2000 1289 cognita
2014 1249 2266 1290 impossibilitate
2285 1246 2500 1290 consequendi

1446 1293 1573 1333 aliquid,
1598 1293 1800 1333 desperamus
1823 1293 1862 1323 ab
1885 1293 1952 1330 illo,
1977 1293 2056 1324 nihil
2074 1293 2229 1324 timentes.
2254 1294 2294 1323 Et
2311 1293 2391 1324 ratio
2407 1293 2502 1324 huius

1445 1344 1500 1372 est,
1524 1337 1600 1376 quia
1621 1336 1859 1376 impossibilitas
1882 1347 1938 1367 seu
1962 1336 2126 1368 difficultas
2147 1337 2372 1378 consequendi,
2388 1338 2445 1368 etsi
2466 1347 2502 1368 ex

1446 1380 1507 1410 hoc
1530 1380 1600 1419 ipso
1625 1380 1713 1420 quod
1728 1380 1859 1420 impedit
1882 1381 2005 1411 bonurn
2033 1381 2304 1421 consequendum,
2320 1381 2426 1412 statim
2447 1381 2503 1411 ha-

1447 1424 1517 1453 beat
1536 1423 1620 1453 unde
1643 1424 1753 1454 induat
1776 1423 1931 1454 rationem
1950 1424 2034 1460 mali,
2059 1435 2094 1455 ac
2117 1434 2172 1464 per
2195 1425 2257 1455 hoc
2280 1425 2319 1455 sit
2342 1425 2503 1456 obiectum

1448 1466 1691 1496 abominationis
1724 1477 1779 1497 seu
1807 1467 1898 1506 fugae
1926 1468 2064 1498 inclusae
2087 1468 2119 1498 in
2150 1469 2276 1504 timore;
2305 1478 2370 1498 non
2398 1476 2504 1499 tamen

1447 1510 1541 1540 habet
1564 1511 1648 1540 unde
1671 1510 1782 1540 induat
1810 1510 1964 1540 rationem
1988 1512 2062 1549 mali
2093 1512 2192 1542 ardui.
2223 1512 2307 1548 Quia
2329 1519 2435 1543 tamen
2459 1519 2505 1543 est

1448 1554 1713 1593 impedimentum
1735 1554 1811 1583 boni
1835 1554 1933 1590 ardui,
1957 1554 2029 1585 licet
2053 1565 2118 1585 non
2141 1555 2180 1585 sit
2202 1556 2323 1585 malum
2355 1557 2500 1592 arduum,

1448 1600 1570 1628 Auctor
1592 1597 1714 1627 timoris
1737 1597 1867 1627 nomine
1891 1608 1966 1627 usus
1990 1605 2045 1628 est.

1503 1641 1555 1671 IV.
1572 1640 1757 1681 Desperatio
1774 1641 1867 1680 igitur
1889 1651 1926 1671 ex
1945 1649 2031 1681 parte
2051 1642 2174 1677 obiecti,
2191 1652 2284 1672 causa
2300 1649 2345 1672 est
2364 1643 2502 1673 timoris:

1447 1685 1544 1716 timor
1565 1694 1641 1715 vero
1665 1694 1702 1715 ex
1724 1691 1811 1724 parte
1834 1685 1922 1714 modi
1946 1685 2117 1724 attingendi
2142 1685 2317 1721 obiectum,
2343 1696 2435 1716 causa
2459 1694 2505 1717 est

1449 1729 1684 1768 desperationis.
1710 1729 1784 1765 Quo
1808 1728 1843 1758 fit
1873 1735 1909 1758 ut
1932 1739 1998 1758 non
2027 1729 2197 1770 aequaliter
2224 1729 2301 1760 fiant
2330 1730 2504 1769 desperatio

1449 1779 1480 1804 et
1501 1773 1631 1803 audacia
1651 1783 1669 1802 a
1684 1772 1799 1803 timore
1818 1779 1849 1803 et
1867 1782 1931 1812 spe.
1955 1773 2038 1803 Nam
2061 1773 2192 1803 audacia
2214 1783 2232 1803 a
2248 1783 2303 1813 spe
2319 1780 2349 1803 et
2365 1783 2402 1803 ex
2417 1781 2503 1813 parte

1449 1816 1572 1852 obiecti,
1588 1817 1711 1846 bonum
1727 1816 1812 1846 enim
1829 1823 1874 1846 est
1890 1816 1976 1856 prius
1994 1817 2096 1852 malo;
2119 1823 2149 1846 et
2164 1827 2199 1847 ex
2215 1824 2302 1857 parte
2317 1818 2414 1853 modi,
2431 1818 2506 1857 quia

1444 1860 1630 1901 'prosecutio
1659 1860 1736 1890 boni
1767 1867 1813 1890 est
1835 1860 1915 1891 ratio
1942 1860 2172 1900 prosecutionis
2196 1861 2287 1897 mali,
2312 1861 2420 1891 oritur.
2445 1862 2506 1891 De-

1449 1904 1585 1944 speratio
1608 1911 1715 1934 autem
1738 1914 1774 1934 ex
1798 1911 1883 1944 parte
1907 1904 1996 1934 modi
2019 1912 2152 1940 tantum,
2171 1914 2207 1934 ex
2223 1905 2336 1935 timore
2360 1915 2414 1935 seu
2432 1906 2506 1935 abo-

1450 1948 1623 1980 minatione
1647 1947 1794 1979 nascitur.

1137 2092 1452 2135 ARTICULUS
1482 2091 1708 2133 TERTIUS

868 2177 1023 2208 UTRUM
1047 2175 1273 2207 DEFECTUS
1295 2174 1467 2213 ALIQms
1491 2174 1558 2205 SIT
1582 2173 1723 2205 CAUSA
1745 2173 1967 2204 AUDACIAE

419 2278 424 2288 ν
448 2281 519 2303 »m«
543 2269 566 2294 ι)
581 2268 740 2294 TERTIUM
759 2269 813 2294 stc
836 2268 1074 2294 PROCEDITUR.
1101 2255 1260 2293 Videtur
1286 2254 1391 2302 quod

1501 2255 1726 2291 Responnsso
1745 2263 1929 2290 DICENDUM
1949 2253 2065 2301 quod,
2087 2254 2180 2290 sicut
2199 2266 2312 2302 supra
2331 2253 2350 2275 '³‘
2365 2255 2544 2292 dictum

361 2294 522 2358 '413⁴
544 2310 712 2348 defectus
731 2308 866 2357 aliquis
886 2309 932 2346 sit
947 2320 1061 2346 causa
1076 2308 1269 2345 audaciae.
1290 2307 1393 2344 Dicit
1449 2313 1515 2353 est,
1545 2305 1704 2343 audacia
1732 2305 1975 2353 consequitur
2002 2318 2124 2355 spem,
2146 2314 2182 2343 et
2201 2306 2448 2344 contrariatur
2466 2308 2508 2345 ti-

476 2349 533 2373 ‚sp

347 2355 468 2419 49ἓὲ
493 2370 512 2407 ξ
545 2362 646 2399 enim
663 2362 929 2410 Philosophus,
944 2361 982 2398 in
997 2361 1092 2398 libro
1111 2361 1157 2398 de
1174 2360 1394 2397 Problema-

345 2392 485 2452 (ΒΨ
501 2408 679 2453 wihus*
682 2444 692 2463 ,
721 2415 828 2463 quod
853 2420 1043 2452 amatores
1069 2413 1151 2450 vini
1170 2419 1256 2450 sunt
1265 2414 1392 2461 fortes

334 2475 371 2506 et
395 2469 568 2506 audaces.
600 2469 677 2505 Sed
707 2480 751 2504 ex
778 2467 871 2504 vino
898 2466 1067 2515 sequitur
1087 2466 1255 2503 defectus
1275 2466 1395 2502 ebrie-

334 2521 430 2563 ntis.
451 2522 554 2569 Ergo
581 2520 741 2558 audacia
769 2527 945 2558 causatur
968 2531 1014 2557 ex
1042 2519 1169 2567 aliquo
1190 2524 1208 2540 ‘²
1231 2518 1391 2555 defectu.

384 2586 425 2615 42
446 2575 679 2620 Pmmm,
691 2573 945 2621 Philosophus
961 2571 1077 2618 dicit,
1069 2583 1107 2608 ιιι
1123 2573 1155 2607 ΙΙ
1169 2571 1393 2616 Rhetoric.‚
1361 2570 1381 2592 ²¹⁶

337 2626 442 2676 quod
460 2626 646 2674 inexperti
663 2625 919 2674 periculorum
937 2630 1023 2662 sunt
1040 2625 1212 2662 audaces.
1243 2623 1346 2660 Sed
1338 2635 1394 2660 ιιι-

338 2678 566 2728 experientia
602 2678 770 2715 defectus
797 2677 960 2725 quidam
999 2684 1064 2715 est.
1097 2678 1200 2724 Ergo
1235 2675 1395 2714 audacia

339 2740 403 2769 ex
399 2731 560 2769 defectu
589 2738 774 2768 causatur.

394 2785 429 2822 3.
449 2785 682 2831 Pinariam,
711 2783 848 2821 iniusta
870 2782 971 2831 passi
990 2781 1211 2819 audaciores
1231 2793 1314 2818 esse
1334 2793 1395 2818 so—

338 2838 436 2883 Ιειιις
465 2837 559 2874 sicut
583 2837 696 2873 etiam
723 2836 861 2872 bestiae
884 2847 969 2872 cum
987 2835 1260 2882 percutiuntur,
1281 2841 1322 2870 ut
1341 2833 1396 2871 di-

340 2890 432 2928 citur
459 2889 498 2927 in
527 2890 576 2926 111
604 2889 724 2926 Ethic.
744 2888 764 2910 ’¹‘
794 2888 870 2925 Sed
897 2887 1078 2924 iniustum
1105 2887 1182 2935 pati
1211 2887 1260 2925 ad
1295 2887 1396 2924 defe-

340 2950 442 2982 ctum
474 2942 645 2991 pertinet.
683 2942 784 2989 Ergo
818 2940 976 2978 audacia
1010 2952 1054 2976 ex
1087 2940 1212 2987 aliquo
1247 2939 1396 2977 defectu

340 3002 525 3032 causatur.

392 3049 467 3085 San
501 3059 646 3085 CONTRA
673 3058 739 3083 EST
766 3045 871 3094 quod
895 3026 1148 3093 Philosophus
1177 3044 1276 3091 dicit,
1296 3044 1335 3081 in
1363 3045 1395 3081 11

339 3099 560 3138 Rhenum-,²¹²
563 3130 573 3147 ,
587 3100 690 3148 quod
712 3111 825 3138 causa
841 3098 1022 3136 audaciae
1038 3104 1104 3144 est,
1120 3109 1205 3134 cum
1222 3097 1260 3134 in
1273 3098 1397 3145 phan-

340 3154 434 3190 tasia
462 3165 543 3201 spes
558 3153 684 3200 fuerit
701 3152 923 3189 salutarium
952 3156 991 3188 ut
1003 3162 1136 3199 prope
1147 3148 1396 3195 existentium,

340 3206 590 3244 timendorum
627 3211 752 3243 autem
791 3210 858 3242 aut
887 3216 962 3241 non
996 3203 1151 3248 entium,
1188 3208 1256 3239 aut
1285 3202 1398 3252 longe

340 3260 491 3297 entium.
526 3258 603 3295 Sed
629 3258 668 3295 id
695 3257 801 3306 quod
833 3257 994 3306 pertinet
1021 3256 1070 3293 ad
1099 3255 1307 3302 defectum,
1335 3255 1398 3292 vel

339 3312 501 3361 pertinet
528 3312 577 3349 ad
605 3311 825 3349 salutarium
854 3309 1119 3356 remotionem,
1139 3309 1201 3346 vel
1227 3309 1276 3346 ad
1294 3307 1398 3344 terri-

340 3364 471 3402 bilium
499 3363 833 3423 propinquitatem.
864 3364 965 3410 Ergo
995 3361 1085 3398 nihil
1105 3360 1208 3410 quod
1229 3361 1277 3397 ad
1297 3361 1398 3398 defe-

341 3425 444 3455 ctum
472 3417 643 3466 pertinet,
675 3424 729 3453 est
758 3428 871 3453 causa
899 3414 1092 3452 audaciae.

395 3524 421 3556 α)
440 3524 539 3557 aliquo.
557 3538 575 3543 -
593 3523 728 3548 ebrietatis
748 3523 775 3548 Ρ.

484 3578 592 3603 Summa
611 3578 711 3602 Timor.
730 3577 761 3601 D.
780 3577 894 3601 Taoms
913 3576 944 3601 T.
963 3577 1003 3602 111.

1447 2358 1562 2395 mori:
1587 2359 1690 2395 unde
1710 2370 1976 2407 quaecumque
1996 2366 2083 2395 nata
2103 2367 2188 2396 sunt
2208 2371 2364 2396 causare
2384 2373 2508 2409 spem,

1447 2412 1510 2448 vel
1525 2411 1725 2448 excludere
1744 2411 1935 2458 timorem,
1952 2419 2039 2448 sunt
2059 2424 2172 2449 causa
2191 2412 2386 2450 audaciae.
2408 2413 2509 2460 Quia

1447 2477 1540 2501 vero
1570 2464 1685 2500 timor
1713 2471 1748 2500 et
1776 2476 1875 2512 spes,
1906 2471 1942 2500 et
1969 2464 2083 2501 etiam
2112 2465 2288 2512 audacia,
2319 2478 2407 2502 cum
2437 2466 2510 2503 sint

1447 2517 1645 2565 passiones
1665 2517 1866 2564 quaedam,
1889 2517 2100 2563 consistunt
2121 2517 2160 2554 in
2187 2525 2296 2554 motu
2321 2519 2508 2566 appetitus

1449 2577 1486 2606 et
1504 2570 1543 2606 in
1562 2569 1729 2618 quadam
1749 2569 2063 2606 transmutatione
2087 2570 2291 2618 corporali3
2314 2571 2510 2619 dupliciter

1448 2629 1574 2670 potest
1600 2621 1720 2670 accipi
1757 2634 1872 2659 causa
1904 2622 2106 2669 audaciae,
2136 2623 2216 2660 sive
2244 2630 2430 2670 quantum
2458 2624 2508 2661 ad

1448 2674 1764 2723 provocationem
1799 2674 1901 2723 spei,
1929 2675 2009 2712 sive
2038 2683 2222 2722 quantum
2252 2675 2299 2712 ad
2329 2676 2509 2713 exclusio-

1449 2740 1539 2764 nem
1567 2726 1733 2763 timoris:
1763 2739 1841 2764 uno
1866 2727 1984 2764 modo
2013 2727 2178 2776 quidem,
2200 2740 2244 2765 ex
2263 2736 2369 2776 parte
2392 2741 2510 2777 appe-

1449 2780 1543 2817 titivi
1570 2787 1718 2824 motus;
1747 2779 1820 2816 alio
1848 2792 1943 2818 vero
1963 2781 2095 2828 modo,
2115 2793 2161 2818 ex
2188 2788 2294 2829 parte
2323 2789 2510 2819 transmu-

1449 2833 1599 2874 tationis
1637 2833 1854 2880 corporalis.

1503 2887 1560 2922 Ex
1580 2893 1686 2934 parte
1714 2885 1869 2933 quidem
1890 2885 2084 2933 appetitivi
2101 2893 2240 2932 motus,
2262 2886 2325 2934 qui
2344 2886 2511 2934 sequitur

1450 2938 1814 2987 apprehensionem,
1838 2946 2070 2986 provocatur
2097 2950 2184 2986 spes
2209 2950 2368 2975 causans
2397 2939 2510 2977 auda-

1451 2991 1562 3038 ciam,
1590 3003 1660 3039 per
1686 3003 1731 3027 ea
1760 3002 1857 3039 quae
1886 2990 2026 3028 faciunt
2051 3003 2122 3027 nos
2138 2989 2156 3020 β
2176 2991 2374 3029 aestimare
2405 2992 2510 3040 quod

1450 3043 1628 3092 possibile
1647 3043 1693 3080 sit
1707 3043 1862 3091 adipisci
1880 3043 2098 3089 victoriam3
2113 3044 2176 3080 vel
2191 3044 2403 3083 secundum
2423 3057 2511 3093 pro-

1450 3096 1573 3145 priam
1600 3096 1827 3144 potentiam,
1857 3095 1952 3132 sicut
1979 3096 2157 3133 fortitudo
2187 3097 2373 3145 corporis,
2399 3109 2511 3146 expe-

1451 3149 1583 3186 rientia
1601 3148 1640 3184 in
1658 3148 1850 3197 periculis,
1870 3148 2070 3187 multitudo
2095 3149 2356 3197 pecuniarum,
2377 3158 2414 3187 et
2437 3150 2510 3187 alia

1451 3201 1690 3247 huiusmodi;
1711 3201 1790 3238 sive
1805 3213 1874 3250 per
1892 3201 2101 3250 potentiam
2117 3201 2289 3249 aliorum,
2306 3203 2400 3239 sieut
2417 3203 2511 3241 mul-

1451 3255 1572 3292 titudo
1588 3254 1801 3291 amicorum
1815 3254 1878 3292 vel
1893 3266 2225 3304 quorumcumque
2241 3255 2509 3302 auxiliantium,

1453 3315 1489 3344 et
1506 3307 1709 3356 praecipue
1738 3307 1769 3344 si
1787 3307 1915 3345 homo
1935 3307 2103 3344 confidat
2125 3308 2172 3344 de
2198 3308 2332 3344 auxilio
2359 3308 2510 3354 divino;

1452 3361 1554 3398 unde
1574 3360 1628 3396 illi
1645 3360 1711 3408 qui
1729 3372 1769 3396 se
1787 3361 1879 3396 hene
1900 3361 2039 3397 habent
2055 3361 2106 3397 ad
2131 3361 2269 3407 divina,
2290 3361 2513 3397 audaciores

1451 3419 1547 3458 sunt,
1567 3420 1607 3449 ut
1628 3412 1740 3449 etiarn
1759 3412 2013 3462 Philosophus
2030 3413 2128 3461 dicit,
2145 3413 2182 3449 in
2204 3415 2234 3450 II
2253 3414 2442 3450 Rhetoric.
2458 3413 2477 3434 ³⁴⁶
2490 3434 2511 3441 -

1507 3520 1530 3553 β)
1552 3529 1606 3546 nos.
1625 3535 1643 3540 —
1662 3521 1722 3546 Om.
1743 3522 1851 3546 codices.

2558 2267 2608 2289 Art.
2623 2273 2640 2295 1,
2654 2273 2675 2290 2.

2539 3428 2548 3437 ·
2563 3426 2621 3453 Cap.
2631 3433 2652 3453 v,
2667 3432 2690 3447 n.
2705 3431 2735 3447 21.
