2852 4152
102 936 113 947 ²
127 935 175 963 Qu.
189 941 257 958 xxxv.

99 1614 109 1623 ·
120 1612 146 1635 S.
154 1611 200 1635 Th.
214 1612 267 1635 lect.
277 1618 308 1634 rx.

99 1823 109 1832 '
123 1821 181 1850 Cap.
195 1827 215 1848 1,
229 1827 256 1843 ιι.

51 1933 63 1943 ·
96 1931 104 1939 ·
118 1931 171 1953 Art.
186 1931 292 1959 praeced.

124 2192 304 2220 Chr-W

163 2223 305 2246 xn,.n1.-

171 2234 304 2272 lee’t.v,xrv.

94 2224 165 2268 ἓῖι.

92 2369 105 2382 ⁴
118 2369 209 2401 Dios.

0 2449 35 2571 ,ΛΨ-...
0 2394 3 2407 ,,

0 2696 1 2700 Α
0 2584 8 2690 ’,γη-

1000 229 1263 276 QUAESTIO
1294 229 1452 276 XXVII,

1481 230 1604 266 ARTI
1610 230 1774 267 CULUS
1803 232 1835 267 II
2431 248 2444 273 1
2453 236 2500 284 93

1098 353 1412 396 ARTICULUS
1443 354 1739 397 SECUNDUS

1006 446 1160 476 UTRUM
1184 444 1393 477 COGN1T10
1417 445 1484 476 s1T
1509 445 1650 477 CAUSA
1673 446 1834 478 AMORIS

915 522 946 546 11·
966 523 1016 551 11⁸⁶,
1036 530 1081 555 qu.
1094 530 1160 553 xxvi,
1180 527 1226 547 art.
1246 530 1271 552 2,
1289 523 1321 547 ad
1340 530 1365 553 ι;
1386 524 1394 547 Ι
1414 524 1498 553 Sent„
1518 524 1576 548 dist.
1595 532 1634 556 xv,
1654 532 1698 557 qu.
1710 532 1744 556 iv,
1764 530 1810 551 art.
1827 533 1848 556 r,
1868 526 1899 550 ad
1921 525 1944 551 3.

424 631 432 653 5
458 640 513 670 -'.>
519 634 525 643 «
547 621 570 646 D
585 620 774 646 SECUNDUM
789 621 842 646 sic
856 621 1093 647 PROCEDITUR.
1114 610 1272 647 Videtur
1287 611 1391 660 quod

489 668 493 671 ’
502 660 711 720 cognitio
746 673 824 698 non
862 661 907 698 sit
935 674 1048 699 causa
1084 663 1234 700 amoris
1275 663 1390 710 Quod

357 746 377 761 ¹,
402 761 405 764 Δ
496 707 650 755 &enim
683 712 823 763 aliquid
861 722 1081 763 quaeratur,
1111 716 1184 752 hoc
1213 715 1392 763 contingit

357 762 376 775 ''
396 797 398 799 ,
416 762 481 777 ’
506 760 593 803 Rex
622 778 764 803 amore.
796 766 872 803 Sed
896 766 1019 815 aliqua
1043 776 1275 827 quaeruntur
1293 781 1391 816 quae

338 818 566 866 nesciuntur,
588 819 683 856 sicut
705 818 902 856 scientiae:
933 832 1020 856 cum
1041 819 1142 857 enim
1162 820 1199 856 in
1218 820 1276 857 his
1295 821 1391 857 idem

336 871 384 910 sit
409 882 472 907 eas
490 872 629 908 habere
652 871 752 919 quod
772 883 835 908 eas
858 883 975 918 nosse,
995 879 1036 908 ut
1053 872 1286 920 Augustinus
1306 873 1394 910 dicit

337 925 375 962 in
402 923 498 960 libro
531 923 727 974 Octoginta
755 924 867 960 trium
899 924 1045 966 Quaest.
1070 923 1101 971 ³¹⁸,
1131 924 1161 961 si
1190 937 1393 972 cognosce-

337 985 477 1024 rentur,
498 977 737 1024 haberentur,
755 984 791 1013 et
808 988 888 1014 non
906 984 1186 1036 quaererentur.
1207 978 1307 1026 Ergo
1329 990 1392 1015 co-

336 1029 452 1077 gnitio
481 1041 559 1065 non
589 1036 644 1066 est
671 1041 784 1065 causa
812 1028 961 1066 amoris.

391 1094 426 1119 2.
455 1079 696 1126 PRAETE'REA,
731 1081 903 1118 eiusdem
940 1081 1093 1118 rationis
1128 1081 1278 1120 videtur
1311 1095 1392 1121 esse

337 1135 442 1183 quod
471 1133 610 1184 aliquid
637 1133 869 1182 incognitum
890 1141 1047 1182 ametur,
1073 1141 1110 1170 et
1127 1134 1231 1183 quod
1251 1136 1392 1184 aliquid

338 1193 484 1225 ametur
502 1187 586 1236 plus
606 1197 722 1235 quam
743 1193 1000 1234 cognoscatur.
1023 1186 1100 1223 Sed
1119 1186 1243 1235 aliqua
1262 1200 1393 1225 aman-

337 1247 397 1276 tur
422 1240 508 1298 plus
528 1250 644 1289 quam
674 1246 968 1286 cognoscantur:
998 1238 1092 1275 sicut
1119 1239 1236 1287 Deus,
1263 1240 1327 1288 qui
1354 1240 1392 1277 in

337 1292 409 1329 hac
435 1291 514 1329 vita
539 1298 664 1340 potest
696 1302 766 1339 per
792 1290 960 1339 seipsum
992 1290 1130 1337 amari,
1157 1303 1236 1328 non
1263 1300 1391 1329 autem

336 1357 406 1393 per
420 1343 587 1403 seipsum
604 1342 792 1390 cognosci.
813 1342 914 1389 Ergo
931 1342 1092 1390 cognitio
1112 1355 1190 1379 non
1205 1350 1260 1379 est
1279 1356 1393 1381 causa

337 1396 509 1448 amoris

351 1447 355 1450 ’
392 1449 427 1485 3.
457 1447 691 1492 Pam-zm,
722 1446 753 1482 si
781 1445 942 1494 cognitio
972 1453 1070 1482 esset
1098 1458 1210 1483 causa
1237 1448 1391 1506 amoris,

336 1504 415 1537 ιιοιι
442 1505 572 1559 posset
604 1497 763 1535 inveniri
792 1510 901 1535 amor
931 1498 998 1535 ubi
1025 1510 1103 1535 non
1132 1505 1187 1535 est
1216 1500 1390 1547 cognitio.

338 1551 415 1590 Sed
442 1551 481 1588 in
509 1551 688 1588 omnibus
720 1551 833 1588 rebus
865 1550 1053 1587 invenitur
1081 1563 1208 1598 amor,
1236 1559 1279 1588 ut
1307 1552 1393 1589 dicit

337 1600 543 1654 Dionysius
571 1603 611 1641 in
638 1615 674 1640 1v
693 1615 774 1653 cap.
794 1604 840 1640 de
857 1603 944 1640 Div.
963 1603 1079 1640 Nom.
1101 1602 1136 1639 *z
1166 1616 1244 1641 non
1265 1612 1392 1641 autem

335 1658 375 1695 in
394 1656 572 1694 omnibus
594 1656 784 1693 invenitur
806 1655 980 1704 cognitio.
1009 1656 1111 1704 Ergo
1132 1656 1295 1704 cognitio
1315 1669 1393 1694 ιιοιι

337 1717 393 1747 εει
421 1721 534 1746 causa
555 1708 713 1759 amoris.

390 1763 465 1799 SED
494 1773 639 1799 CONTRA
666 1772 732 1798 Es‘r
755 1760 861 1810 quod
878 1760 1110 1809 Augustinus
1133 1761 1279 1810 probat,
1300 1762 1338 1799 in
1358 1763 1393 1798 X

335 1815 382 1852 de
407 1815 444 1851 T
439 1814 511 1851 rin.
531 1813 562 1862 ²¹²,
588 1813 691 1864 quod
721 1813 844 1850 nullus
864 1818 987 1861 potest
1010 1825 1143 1850 amare
1169 1814 1312 1862 aliquid
1338 1815 1391 1851 in-

410 1867 539 1904 nitum.

448 1930 613 1956 εΡοΝιιΕο
642 1926 825 1956 DICENDUM
848 1918 966 1978 quod,
987 1918 1082 1955 sicut
1110 1918 1252 1955 dictum
1281 1927 1336 1956 est
1354 1919 1390 1967 ³¹³,

335 1972 481 2010 bonum
520 1979 576 2008 est
611 1983 724 2008 causa
766 1971 905 2008 amoris
941 1983 1010 2020 per
1042 1971 1203 2008 modum
1242 1971 1390 2010 obiecti.

334 2024 488 2062 Bonum
521 2031 648 2061 autem
677 2036 757 2061 non
785 2032 840 2060 est
866 2024 1059 2061 obiectum
1087 2024 1292 2072 appetitus,
1321 2025 1391 2062 nisi

333 2084 447 2126 prout
485 2084 540 2113 est
577 2077 871 2126 apprehensum.
898 2077 948 2113 Et
977 2076 1064 2113 ideo
1098 2088 1207 2113 amor
1238 2077 1391 2124 requirit

333 2129 497 2178 aliquam
525 2129 868 2178 apprehensionem
900 2129 992 2165 boni
1024 2129 1131 2178 quod
1158 2136 1316 2166 amatur.
1342 2131 1392 2167 Et

332 2188 488 2242 propter
515 2183 590 2218 hoc
616 2181 870 2241 Philosophus
900 2181 998 2228 dicit,
1024 2183 1076 2218 IX
1094 2182 1213 2218 Ethic.
1234 2181 1264 2228 ²⁸,
1286 2182 1390 2241 quod

331 2234 428 2272 visio
458 2234 663 2283 corporalis
698 2242 754 2270 εει
779 2234 1008 2283 principium
1042 2234 1181 2271 amoris
1210 2234 1387 2271 sensitivi.

331 2287 381 2324 Et
408 2287 576 2324 similiter
595 2286 863 2345 contemplatio
889 2286 1088 2335 spiritualis
1105 2286 1390 2345 pulchritudinis

330 2340 393 2378 vel
425 2339 622 2387 bonitatis,
653 2346 708 2375 est
740 2338 966 2387 principium
1003 2338 1142 2375 amoris
1176 2338 1386 2387 spiritualis.

333 2392 395 2429 Sic
422 2391 532 2441 igitur
551 2391 713 2440 cognitio
735 2399 790 2428 εει
809 2403 923 2427 causa
941 2391 1080 2427 amoris
1094 2390 1126 2438 *,
1147 2403 1192 2427 ea
1208 2396 1225 2412 α
1245 2391 1388 2428 ratione

385 2505 412 2537 α)
432 2513 472 2531 ea.
488 2519 508 2525 -
526 2513 563 2530 ex
581 2494 610 2535 F,
627 2512 682 2529 om.
700 2504 922 2536 ABCEGHILpD.

385 2540 412 2574 β)
427 2541 554 2575 perfecte.
571 2553 591 2559 —
609 2540 760 2573 imperfecte
779 2539 823 2564 sF.

1447 624 1522 660 qua
1551 619 1587 648 et
1614 612 1779 660 bonum,
1810 613 1914 662 quod
1942 626 2021 651 non
2045 622 2171 663 potest
2198 617 2316 654 amari
2344 617 2414 655 nisi
2443 631 2505 656 co-

1446 664 1601 712 gnitum.

1498 718 1557 753 AD
1586 729 1722 755 PmMUM
1749 730 1846 755 ERGO
1871 729 2053 756 DICENDUM
2072 720 2176 768 quod
2196 720 2256 757 ille
2276 722 2340 770 qui
2359 723 2504 771 quaerit

1446 769 1652 817 scientiam,
1682 783 1760 807 non
1789 771 1946 807 omnino
1975 771 2122 831 ignorat
2145 785 2252 810 eam:
2283 776 2350 812 sed
2369 787 2502 812 secun-

1447 821 1538 858 dum
1568 822 1708 870 aliquid
1729 834 1812 859 eam
1830 824 2125 872 praecognoscit,
2146 823 2234 862 ves'
2226 838 2265 862 ιιι
2286 827 2501 875 universali,

1445 874 1507 910 vel
1535 874 1574 911 in
1602 874 1726 923 aliquo
1748 875 1828 912 eius
1849 875 1996 923 effectu,
2016 878 2078 914 vel
2096 889 2166 926 per
2183 878 2258 915 hoc
2276 879 2381 928 quod
2400 880 2503 917 audit

1447 937 1532 962 eam
1564 927 1727 974 laudari,
1761 935 1803 964 ut
1832 905 2064 976 Augustinus
2092 930 2188 977 dicit,
2218 931 2252 967 X
2280 932 2326 968 de
2355 933 2392 968 T
2387 944 2458 969 rm
2482 932 2503 954 '¹‘

1447 978 1510 1015 Sic
1538 986 1664 1015 autem
1692 991 1776 1016 eam
1807 992 2034 1028 cognoscere
2059 995 2136 1019 non
2162 989 2217 1019 est
2235 995 2320 1020 earn
2339 984 2500 1031 habere;

1446 1032 1513 1068 sed
1543 1043 1771 1079 cognoscere
1800 1044 1886 1070 eam
1913 1033 2122 1081 perfectess.

1499 1084 1557 1120 AD
1586 1095 1774 1121 SECUNDUM
1794 1097 1975 1122 D1CENDUM
2004 1086 2109 1144 quod
2136 1087 2275 1134 aliquid
2304 1089 2500 1137 requiritur

1447 1135 1495 1172 ad
1522 1135 1796 1185 perfectionem
1825 1137 2057 1185 cognitionis,
2083 1139 2187 1187 quod
2206 1152 2283 1176 non
2303 1141 2503 1188 requiritur

1447 1188 1495 1225 ad
1522 1189 1794 1237 perfectionem
1823 1189 1971 1227 amoris.
2002 1191 2176 1238 Cognitio
2206 1192 2306 1228 enim
2324 1193 2372 1229 ad
2392 1193 2502 1230 ratio-

1447 1253 1536 1277 nem
1563 1241 1735 1289 pertinet,
1766 1241 1871 1278 cuius
1900 1250 1955 1279 est
1983 1242 2206 1291 distinguere
2226 1244 2320 1280 inter
2340 1257 2384 1281 ea
2403 1258 2501 1293 quae

1447 1294 1659 1330 secundum
1673 1306 1755 1330 rem
1770 1301 1856 1330 sunt
1876 1294 2087 1342 coniuncta,
2104 1303 2141 1332 et
2155 1308 2387 1344 componere
2407 1310 2502 1346 quo-

1447 1345 1656 1382 dammodo
1673 1358 1717 1382 ea
1737 1358 1834 1394 quae
1856 1354 1941 1383 sunt
1961 1347 2122 1395 diversa,
2137 1360 2259 1385 unum
2275 1349 2377 1385 alteri
2397 1362 2502 1386 com-

1446 1397 1628 1444 parando.
1658 1398 1707 1434 Et
1734 1398 1820 1434 ideo
1841 1398 1890 1435 ad
1912 1400 2183 1447 perfectionem
2204 1401 2425 1449 cognitionis
2446 1414 2500 1438 re-

1446 1449 1602 1496 quiritur
1616 1450 1719 1508 quod
1739 1450 1857 1486 homo
1874 1459 2076 1498 cognoscat
2094 1452 2303 1500 singillatim
2319 1454 2501 1502 quidquid

1448 1508 1502 1538 est
1529 1501 1567 1538 in
1596 1514 1648 1548 re,
1677 1502 1771 1538 sicut
1789 1510 1914 1550 partes
1943 1511 1979 1539 et
2002 1504 2158 1541 virtutes
2188 1512 2223 1541 et
2240 1506 2499 1554 proprietates.

1448 1553 1526 1590 Sed
1554 1564 1662 1590 amor
1691 1561 1746 1590 est
1763 1554 1802 1590 in
1821 1555 1861 1591 vi
1886 1555 2100 1603 appetitiva,
2128 1569 2225 1604 quae
2249 1558 2397 1606 respicit
2419 1571 2501 1596 rem

1447 1606 1659 1642 secundum
1683 1607 1787 1654 quod
1810 1606 1848 1642 in
1876 1619 1915 1643 se
1945 1615 2011 1644 est.
2031 1608 2142 1645 Unde
2162 1610 2210 1645 ad
2229 1610 2500 1657 perfectionem

1448 1658 1586 1695 amoris
1618 1658 1754 1694 sufficit
1787 1659 1892 1706 quod
1925 1671 1984 1695 res
2011 1668 2125 1707 prout
2150 1661 2187 1697 in
2220 1674 2260 1697 se
2294 1664 2502 1710 apprehen-

1448 1710 1565 1758 ditur,
1596 1718 1753 1747 ametur.
1784 1711 1846 1747 Ob
1875 1711 1949 1747 hoc
1978 1723 2066 1759 ergo
2096 1713 2275 1760 contingit
2308 1715 2412 1761 quod
2441 1715 2503 1751 ali-

1448 1763 1539 1811 quid
1557 1763 1641 1811 plus
1661 1770 1809 1800 amatur
1836 1775 1951 1812 quam
1977 1771 2243 1811 cognoscatur:
2273 1766 2360 1814 quia
2378 1774 2503 1814 potest

1446 1815 1610 1864 perfecte
1643 1816 1773 1862 amari,
1804 1816 1916 1852 etiarn
1944 1817 1974 1853 si
2002 1829 2080 1853 non
2106 1818 2271 1865 perfecte
2299 1830 2503 1865 cognosca-

1447 1865 1517 1905 tur.
1545 1868 1650 1905 Sicut
1675 1868 1840 1904 maxime
1868 1875 1970 1916 patet
1996 1868 2035 1905 in
2063 1869 2237 1917 scientiis,
2267 1882 2360 1918 quas
2388 1871 2503 1919 aliqui

1448 1928 1578 1957 amant
1595 1928 1752 1969 propter
1770 1920 1935 1969 aliquam
1950 1926 1966 1949 Υ
1985 1921 2229 1958 summariam
2248 1923 2502 1970 cognitionem

1447 1985 1564 2021 quam
1594 1973 1641 2009 de
1670 1972 1722 2009 eis
1750 1973 1910 2010 habent:
1939 1980 2030 2022 puta
2063 1974 2166 2022 quod
2199 1975 2322 2012 sciunt
2348 1977 2502 2013 rhetori-

1447 2037 1531 2062 cam
1559 2037 1641 2062 esse
1674 2025 1868 2062 scientiam
1896 2038 1965 2074 per
1992 2038 2109 2074 quam
2132 2027 2249 2064 homo
2274 2035 2397 2076 potest
2419 2041 2502 2077 per-

1446 2077 1625 2125 suadere,
1658 2085 1693 2114 et
1719 2078 1794 2114 hoc
1822 2078 1860 2114 in
1888 2078 2071 2115 rhetorica
2100 2087 2240 2117 amant.
2269 2080 2318 2116 Et
2336 2080 2503 2117 similiter

1447 2137 1502 2167 est
1530 2130 1735 2167 dicendum
1764 2130 1863 2167 circa
1890 2143 2063 2168 amorem
2091 2132 2175 2168 Dei.

1498 2184 1557 2219 AD
1585 2194 1744 2219 TERTmM
1771 2194 1955 2219 DICENDUM
1982 2183 2087 2231 quod
2115 2183 2228 2220 etiarn
2254 2196 2370 2221 Ιειιιιοι
2396 2193 2502 2222 natu-

1446 2234 1544 2282 ralis,
1565 2235 1630 2283 qui
1651 2242 1705 2271 est
1723 2234 1762 2271 in
1781 2235 1958 2272 omnibus
1979 2236 2103 2282 rebus,
2124 2244 2298 2273 causatur
2318 2239 2363 2273 ex
2382 2238 2504 2285 aliqua

1448 2286 1672 2335 cognitione,
1694 2299 1773 2324 non
1792 2287 1947 2336 quidem
1975 2288 2013 2324 in
2033 2287 2122 2336 ipsis
2141 2289 2254 2338 rebus
2273 2290 2503 2326 naturalibus

1447 2339 1646 2386 existente,
1677 2339 1743 2376 sed
1771 2338 1811 2376 in
1839 2351 1885 2376 eo
1914 2340 1979 2388 qui
1997 2347 2171 2377 naturam
2191 2341 2356 2389 instituit,
2376 2350 2417 2378 ut
2444 2355 2504 2379 su-

1445 2403 1515 2439 pra
1534 2391 1554 2413 *
1582 2391 1725 2429 dictum
1755 2399 1820 2428 est.

1497 2506 1523 2539 γ)
1544 2506 1671 2538 aliquam.
1690 2519 1709 2524 -
1727 2506 1788 2530 Om.
1807 2506 1836 2534 E,
1855 2506 1938 2530 solam
1959 2506 2043 2530 ceteri.

1006 2608 1335 2642 Commentaria·
1358 2609 1608 2643 Cardinalis
1631 2610 1837 2649 Caietam*

363 2699 384 2720 ιι
407 2688 539 2720 articulo
563 2687 702 2718 secundo
727 2686 868 2717 eiusdem
887 2685 1088 2727 quaestionis,
1106 2687 1230 2716 adverte
1246 2687 1335 2727 quod
1358 2687 1391 2716 in

337 2700 466 2764 Ilittera
487 2741 554 2762 non
575 2737 705 2771 negatur
726 2731 815 2771 quod
834 2730 935 2760 maior
954 2730 1092 2770 cognitio
1114 2737 1220 2761 causat
1237 2730 1391 2760 maiorem

334 2783 492 2809 amorem:
517 2775 572 2806 sed
595 2775 684 2815 quod
706 2774 808 2805 maior
826 2784 916 2804 amor
930 2774 1104 2804 necessario
1121 2774 1221 2814 exigat
1236 2774 1391 2804 maiorem

335 2819 559 2860 cognitionem.
583 2818 624 2849 Et
647 2818 787 2849 multum
810 2817 931 2849 subtilis
954 2818 1032 2848 ratio
1056 2819 1095 2848 de
1118 2818 1179 2849 hoc
1198 2818 1338 2848 redditur
1355 2828 1391 2848 ex

333 2864 387 2894 illa
408 2862 535 2893 radicati
558 2861 729 2892 differentia
751 2862 831 2892 inter
854 2861 1113 2902 apprehensivam
1137 2868 1167 2892 et
1185 2861 1390 2912 appetitivam

333 2907 510 2948 potentiam
531 2906 564 2936 in
587 2906 662 2942 hoc,
687 2906 776 2946 quod
792 2906 999 2946 apprehensio
1015 2905 1109 2936 trahit
1122 2915 1170 2935 res
1186 2906 1225 2935 ad
1241 2905 1389 2942 animam,

334 2950 494 2992 appetitus
514 2960 590 2981 vero
613 2950 757 2980 animum
773 2950 813 2980 ad
836 2959 893 2980 res.
919 2949 966 2980 Ex
989 2949 1064 2985 hoc,
1094 2949 1234 2989 inquam,
1260 2949 1391 2980 infertur

334 2995 423 3036 quod
452 2994 603 3035 perfectio
633 2993 821 3033 cognitionis
851 2993 1019 3024 attenditur
1046 2993 1223 3023 secundum
1254 2993 1390 3023 modum

335 3049 401 3080 quo
425 3037 584 3079 perficitur
606 3037 702 3073 ratio,
727 3038 782 3078 qui
806 3044 852 3067 est
875 3037 1064 3077 distinguere
1087 3036 1182 3067 etiam
1211 3046 1292 3076 quae
1316 3042 1391 3067 sunt

335 3082 502 3122 simplicia:
527 3091 562 3112 ac
578 3091 634 3121 per
657 3081 726 3117 hoc,
747 3082 787 3111 ad
805 3081 976 3121 perfectam
999 3080 1308 3120 cognitionem-boni
1329 3080 1390 3110 exi-

335 3127 418 3166 gitur
439 3132 469 3156 et
491 3125 580 3166 quod
594 3125 718 3155 bonum
734 3125 910 3156 secundum
929 3135 961 3155 se
975 3124 1234 3165 apprehendatur,
1255 3130 1286 3154 et
1302 3124 1391 3164 quod

335 3170 478 3205 distincte
509 3175 716 3209 cognoscatur
745 3169 921 3200 secundum
942 3175 1058 3208 partes,
1083 3167 1305 3207 proprietates,
1331 3174 1389 3198 etc.

334 3213 487 3244 Perfectio
512 3219 619 3243 autem
634 3212 790 3253 appetitus
806 3212 922 3244 amoris
941 3222 1006 3242 non
1023 3211 1115 3252 exigit
1129 3218 1176 3242 tot
1195 3210 1390 3250 cognitiones

335 3258 421 3293 boni,
447 3257 501 3287 sed
520 3257 621 3297 prima
637 3256 751 3288 sufficit
774 3257 812 3293 ei,
833 3256 949 3287 scilicet
967 3256 1055 3296 quod
1074 3256 1196 3285 bonum
1215 3255 1391 3285 secundum

336 3312 368 3332 se
392 3301 657 3341 apprehendatur:
682 3300 757 3341 quia
773 3300 931 3341 appetitus
950 3300 989 3330 ad
1003 3300 1135 3335 bonum,
1151 3305 1188 3329 ut
1205 3306 1260 3334 est,
1280 3299 1388 3330 tendit.

335 3346 377 3376 Et
399 3345 532 3375 intendit
560 3344 660 3374 dicere
689 3345 795 3384 quod,
821 3345 895 3385 quia
923 3344 1045 3374 bonum
1068 3342 1188 3383 perficit
1214 3342 1391 3383 appetitum

337 3389 512 3419 secundum
541 3388 630 3429 quod
657 3388 815 3419 invenitur
837 3389 870 3418 in
892 3397 998 3418 rerum
1021 3394 1144 3422 natura,
1169 3386 1390 3426 apprehensio-

337 3443 411 3464 nem
425 3440 532 3464 autem
548 3433 723 3463 secundum
739 3432 985 3473 negotiationem
999 3431 1173 3462 intellectus
1182 3439 1189 3467 ;
1210 3430 1282 3460 ideo
1300 3440 1391 3460 amor

478 3556 587 3580 Summi:
606 3555 705 3579 Tar-301..
726 3555 758 3579 D.
770 3554 884 3579 ΤιιοιιΑε
903 3554 935 3579 Τ.
953 3554 992 3578 ΙΙΙ.

1445 2694 1551 2727 potest
1573 2697 1639 2718 esse
1662 2687 1827 2728 perfectus,
1857 2687 2037 2726 cognitione
2066 2687 2213 2718 existente
2231 2687 2424 2728 imperfecta.
2447 2690 2501 2721 Sat

1445 2731 1530 2761 enim
1559 2737 1605 2761 est
1634 2731 1786 2771 appetitui
1816 2731 2056 2771 repraesentatio
2085 2731 2169 2762 illius
2197 2732 2289 2762 boni:
2321 2743 2402 2773 quae
2432 2743 2498 2764 non

1445 2774 1559 2805 sufficit
1581 2775 1762 2811 intellectui,
1786 2775 1841 2805 sed
1860 2781 1985 2815 oportet
2003 2775 2192 2815 distinguere
2212 2782 2247 2806 ut
2269 2776 2456 2816 perficiatur.

1500 2819 1541 2849 Et
1564 2818 1589 2849 si
1612 2819 1752 2855 instetur,
1777 2819 1852 2859 quia
1875 2818 2014 2858 cognitio
2038 2826 2083 2850 est
2106 2819 2234 2859 propria
2257 2829 2349 2850 causa
2372 2821 2498 2857 amoris,

1445 2872 1480 2892 ac
1503 2866 1558 2902 p'er
1581 2862 1656 2899 hoc,
1680 2862 1786 2892 minus
1809 2862 1996 2903 cognitionis
2024 2862 2118 2893 infert
2143 2863 2249 2893 minus
2277 2863 2409 2893 amoris:
2434 2874 2499 2894 me-

1445 2913 1553 2936 mento
1577 2906 1666 2947 quod
1689 2906 1838 2946 perfectio
1855 2906 1970 2936 amoris
1994 2906 2112 2946 duplici
2135 2916 2172 2936 ex
2195 2906 2294 2946 capite
2318 2907 2426 2943 oritur,
2442 2907 2500 2937 sci-

1444 2949 1516 2980 licet
1531 2960 1568 2980 ex
1587 2956 1674 2990 parte
1693 2950 1836 2986 amantis,
1853 2956 1883 2981 et
1899 2960 1935 2979 ex
1958 2955 2044 2989 parte
2067 2950 2175 2986 amati;
2199 2956 2230 2980 et
2253 2951 2341 2990 quod
2360 2951 2498 2990 cognitio

1445 3000 1491 3023 est
1519 3003 1612 3024 causa
1644 2993 1760 3024 amoris
1783 3003 1819 3024 ex
1848 2999 1935 3032 parte
1958 2993 2062 3024 amati.
2086 2994 2208 3024 Eadem
2229 2994 2348 3034 quippe
2379 2994 2499 3024 ratione

1446 3037 1584 3076 cognitio
1609 3044 1655 3076 est
1677 3047 1770 3067 causa
1792 3037 1924 3072 amoris,
1948 3046 2012 3076 qua
2034 3037 2158 3067 bonum
2181 3044 2227 3068 est
2249 3047 2342 3068 causa
2365 3038 2498 3074 amoris,

1445 3086 1480 3110 ut
1503 3080 1535 3110 in
1558 3080 1660 3110 littera
1683 3081 1809 3111 dicitur:
1834 3080 1909 3120 quia
1931 3080 2054 3110 bonum
2083 3081 2247 3120 cognitum
2270 3088 2316 3112 est
2339 3081 2499 3112 obiectum

1444 3123 1611 3164 appetitus.
1636 3124 1735 3163 Magis
1759 3130 1866 3154 autem
1888 3130 1918 3154 et
1933 3124 2039 3154 minus
2055 3124 2087 3154 in
2104 3134 2212 3155 amore
2228 3135 2264 3155 ex
2279 3131 2365 3165 parte
2386 3125 2499 3155 utrius-

1445 3177 1517 3207 que,
1534 3167 1650 3198 scilicet
1672 3168 1766 3198 amati
1791 3174 1821 3198 et
1843 3167 1986 3204 amantis,
2003 3168 2169 3208 provenire
2185 3175 2298 3208 potest.
2315 3169 2356 3199 Et
2371 3167 2415 3199 sic
2430 3178 2498 3208 per-

1445 3211 1555 3250 spicies
1579 3211 1677 3252 quod,
1702 3212 1819 3251 absque
1843 3218 2014 3251 augmento
2038 3211 2161 3248 obiecti,
2187 3222 2222 3242 ac
2245 3222 2301 3252 per
2315 3211 2377 3242 hoc
2393 3212 2499 3251 cogni-

1445 3254 1550 3292 tionis,
1568 3261 1672 3295 potest
1696 3255 1802 3294 augeri
1825 3265 1916 3285 amor
1939 3265 1975 3285 ex
1993 3262 2080 3295 parte
2103 3255 2247 3286 amantis.
2271 3256 2381 3296 Neque
2405 3255 2499 3294 igitur

1445 3299 1577 3335 bonum,
1602 3308 1705 3339 neque
1728 3299 1851 3329 bonum
1867 3298 2031 3338 cognitum
2047 3306 2093 3330 est
2111 3299 2238 3340 propria
2254 3309 2346 3329 causa
2366 3298 2496 3334 amoris,

1446 3342 1505 3372 nisi
1529 3352 1566 3373 ex
1589 3349 1674 3382 parte
1699 3342 1825 3373 obiecti:
1850 3349 1970 3382 praeter
1993 3343 2090 3383 quod,
2108 3343 2167 3373 alia
2190 3352 2283 3373 causa
2299 3342 2439 3372 eiusdem
2462 3352 2499 3372 ex

1445 3386 1540 3416 altera
1564 3393 1650 3426 parte
1675 3386 1814 3426 exigitur.
1835 3386 1876 3417 Et
1890 3386 1962 3416 ideo
1986 3386 2092 3417 minus
2109 3396 2174 3416 non
2189 3386 2281 3416 infert
2299 3383 2408 3416 'minus
2425 3385 2498 3415 sim-

1445 3430 1576 3470 pliciter.

2322 3550 2352 3574 25

2530 940 2609 962 'Loc.
2624 941 2663 962 cit.

2530 2336 2603 2363 'Qu
2620 2341 2681 2363 xxvi,
2699 2340 2741 2359 art.

2587 2362 2622 2383 Cf.
2641 2352 2700 2384 Fui-t.
2721 2363 2731 2384 Ι

2530 2368 2740 2416 qu.v1‚art.1,ad
