2852 4152
11 2557 42 2589 ‘0

13 3061 21 3079 ῐ

1060 217 1323 263 QUAESTIO
1355 218 1385 263 1,
1415 217 1709 254 ARTICULUS
1739 217 1789 254 lv
2462 232 2499 255 ιι

1009 338 1340 370 commentaria
1361 338 1611 370 Oardjnalis
1632 338 1832 370 Caietam

368 435 389 455 n
412 424 504 455 tertio
521 424 652 455 articulo
668 425 803 455 dubium
819 425 953 456 occurrit
970 426 1048 456 circa
1064 435 1247 466 processum
1266 425 1394 455 litterae.

342 436 452 499 INam
482 467 601 508 digredi
631 468 755 499 videtur
782 479 799 499 a
822 469 978 509 principio
1009 470 1110 500 activo
1140 469 1179 500 ad
1206 468 1397 509 principium

338 511 446 548 finale,
471 512 549 542 dum
577 512 709 543 assumit
739 513 952 544 universaliter
979 514 1067 554 quod
1090 513 1171 544 actio
1202 513 1398 553 specificatur

340 557 379 587 ab
402 562 473 586 actu
505 557 561 597 qui
584 563 631 587 est
652 556 845 597 principium
868 557 993 596 agendi,
1019 564 1053 588 ut
1069 557 1152 588 calor
1168 557 1396 593 calefactionis;

341 607 371 631 et
393 600 551 631 subsumit
573 601 662 641 quod
684 600 756 631 finis
772 607 818 631 est
833 601 994 632 obiectum
1010 601 1190 637 voluntatis,
1214 611 1249 631 ac
1265 611 1320 641 per
1335 601 1397 631 hoc

340 642 533 684 principium
560 651 648 675 actus
681 644 840 675 deliberati
864 655 882 674 a
904 645 1081 681 voluntate;
1106 652 1137 675 et
1165 645 1208 675 sic
1238 644 1398 675 concludit

340 687 438 718 finem
450 694 485 718 ut
500 688 693 728 principium
705 688 881 729 specificare
897 689 1053 719 actionem
1067 689 1251 719 humanam.
1265 688 1398 719 Constat

341 731 426 762 enim
449 732 538 770 quod
561 730 631 761 finis
647 742 713 762 non
737 739 783 763 est
805 739 892 763 actus
916 733 971 773 qui
994 733 1033 763 sit
1056 733 1246 772 principium
1270 732 1396 772 agendi:

341 775 396 806 sed
424 780 470 804 est
492 775 564 806 finis
587 782 722 815 propter
751 786 848 816 quem
872 786 966 816 agens
998 777 1153 817 principio
1183 776 1295 816 agendi
1324 775 1396 815 agit.

340 819 445 850 Malus
466 820 562 859 igitur
583 819 706 850 videtur
729 830 894 859 processus
915 821 1044 851 litterae.

407 863 446 895 11.
469 864 521 894 Ad
543 863 606 894 hoc
629 863 742 894 dicitur
764 864 854 905 quod
876 864 947 895 finis
967 871 1014 895 est
1028 874 1094 894 non
1117 864 1223 894 solum
1246 863 1326 899 finis,
1344 863 1399 893 sed

341 905 502 938 obiectum
517 906 702 943 voluntatis;
723 918 758 938 ac
773 918 828 948 per
843 908 914 944 hoc,
928 908 1000 938 loco
1014 907 1143 943 formae,
1157 917 1238 948 quae
1254 914 1299 938 est
1314 906 1399 947 prin-

102 953 313 982 ⁸ngeeaphys„
342 950 462 991 cipium
477 951 604 991 agendi;
629 951 775 982 balneum
792 952 886 988 enim,
903 952 1006 992 inquit
1028 953 1182 982 Averroes
1195 950 1223 989 *,
1240 952 1272 981 in
1289 951 1398 981 anima

103 984 315 1003 commannxxxw.
341 999 390 1025 est
404 1005 507 1036 agens
524 995 727 1026 desiderium.
744 1013 766 1018 -
781 996 821 1026 Et
837 996 862 1025 si
880 1002 988 1026 contra
1003 995 1064 1026 hoc
1080 996 1222 1031 instetur,
1244 994 1318 1035 quia
1333 1004 1399 1024 non

341 1038 480 1070 salvatur
501 1039 587 1069 iuxta
610 1039 690 1069 hanc
713 1039 952 1079 responsionem
976 1049 1079 1070 sermo
1103 1039 1257 1074 formalis,
1284 1038 1401 1069 scilicet

342 1083 432 1123 quod
455 1082 526 1113 finis
550 1083 687 1123 speciem
711 1083 763 1113 det
786 1083 901 1114 actioni
925 1083 1092 1119 humanae,
1116 1083 1171 1113 sed
1193 1093 1241 1112 res
1257 1092 1339 1123 quae
1355 1088 1401 1112 est

342 1125 429 1157 finis:
454 1127 711 1167 respondendum
727 1133 773 1157 est
788 1128 876 1167 quod
891 1126 972 1163 finis,
996 1127 1187 1168 inquantum
1202 1126 1282 1163 finis,
1307 1126 1400 1156 habet

342 1171 432 1211 quod
454 1170 494 1201 sit
515 1170 676 1201 obiectum
698 1171 884 1207 voluntatis,
909 1178 939 1201 et
962 1171 1002 1201 sit
1024 1171 1102 1202 ratio
1126 1170 1238 1210 agendi
1265 1169 1319 1200 tali
1343 1179 1399 1209 po-

342 1214 466 1251 tentiae,
484 1215 573 1245 cuius
592 1221 638 1245 est
658 1214 823 1254 proprium
842 1215 1019 1250 obiectum;
1045 1221 1075 1244 et
1098 1214 1140 1244 sic
1156 1221 1201 1244 est
1216 1223 1319 1244 sermo
1336 1213 1399 1243 for-

343 1258 450 1295 malis,
475 1259 563 1299 quod
586 1258 656 1288 finis
679 1257 836 1297 specificet
858 1258 1015 1288 actionem
1044 1257 1227 1288 humanam.
1248 1258 1289 1287 Et
1312 1257 1398 1287 nulla

1295 1341 1422 1354 ww.»

1452 425 1602 465 digressio
1626 425 1658 455 in
1681 435 1830 466 processu
1845 426 2024 456 *commissa
2049 433 2111 457 est:
2142 427 2196 457 sed
2224 427 2363 458 diversus
2391 430 2506 459 modus

1451 469 1586 500 habendi
1615 469 1769 500 rationem
1793 470 1904 509 agendi
1926 469 2066 500 inclusus
2089 470 2121 500 in
2145 470 2276 507 minore,
2294 473 2507 512 apparentiam

1452 513 1504 543 dat
1527 513 1636 544 dubio.
1661 514 1770 553 Ipsum
1793 514 1878 543 enim
1902 524 1969 544 esse
1992 521 2121 554 propter
2143 515 2231 554 quod
2253 516 2399 546 voluntas
2427 516 2507 556 agit,

1452 564 1498 587 est
1521 567 1587 587 esse
1606 567 1671 597 quo
1694 557 1841 588 voluntas
1857 557 1934 597 agit;
1959 568 2016 589 nec
2032 558 2090 588 sibi
2106 559 2236 589 debetur
2255 559 2317 589 alio
2332 560 2430 590 modo
2445 570 2507 600 quo

1451 602 1538 642 agit,
1564 611 1619 631 seu
1643 601 1721 631 ratio
1745 601 1868 641 agendi.

1519 645 1571 674 111.
1588 645 1623 674 In
1646 645 1760 675 eodem
1783 645 1923 681 articulo,
1943 645 2019 675 nolo
2043 653 2181 685 repetere
2203 646 2315 686 scripta
2335 656 2430 686 supra
2443 647 2507 678 Pri-

1452 697 1539 718 mam
1562 688 1695 719 Partem.
1721 689 1782 719 Sed
1809 689 1841 718 in
1864 689 2070 728 responsione
2100 690 2139 719 ad
2168 689 2326 729 primum,
2351 699 2427 722 nota
2455 691 2507 721 illa

1452 733 1555 768 verba,
1576 737 1607 762 et
1624 733 1684 763 hoc
1707 734 1809 772 ipsum
1834 738 1880 763 est
1902 733 1941 763 de
1964 734 2088 763 ratione
2102 738 2202 764 actus.
2226 735 2273 764 Ex
2288 734 2336 764 his
2353 734 2437 764 enim
2453 745 2507 775 pa-

1452 782 1496 806 tet
1507 785 1605 815 quam
1621 776 1793 806 conformis
1810 787 1833 806 s.
1847 776 1994 806 Thomae
2008 776 2047 807 sit
2063 777 2203 807 doctrina
2215 778 2359 818 superius
2371 778 2507 809 *tradita

1453 820 1492 850 de
1515 820 1714 850 distinctione
1736 820 1901 851 intrinseca
1916 821 2116 861 quarundam
2131 831 2247 858 rerum,
2263 822 2379 852 scilicet
2393 830 2506 862 poten-

1453 863 1578 899 tiarum,
1595 870 1740 900 actuum,
1770 871 1930 900 motuum,
1950 871 1981 895 et
2002 864 2197 901 huiusmodi,
2221 875 2277 906 per
2300 866 2467 897 extrinseca
2490 877 2508 897 a

1453 906 1569 948 quibus
1593 907 1728 937 rationes
1752 917 1859 938 earum
1884 908 2003 938 absolvi
2026 915 2197 949 nequeunt.

1520 951 1572 981 lv.
1591 951 1626 980 In
1643 951 1756 981 eodem
1774 951 1864 982 tertio
1884 952 2025 988 articulo,
2038 952 2071 982 in
2091 953 2294 992 responsione
2307 954 2346 983 ad
2369 954 2506 990 tertium,

1454 994 1578 1024 adverte
1601 995 1689 1035 quod
1713 997 1833 1025 Auctor
1855 1005 1920 1026 non
1945 1002 2037 1035 negat
2051 996 2262 1036 pluralitatem
2278 996 2391 1027 finium
2414 997 2507 1028 etiam

1453 1038 1672 1077 proximorum
1685 1039 1837 1075 absolute,
1854 1040 1908 1069 sed
1920 1039 2167 1079 specificandum
2179 1047 2295 1071 actum.
2309 1041 2410 1072 Unius
2423 1041 2507 1072 enirn

1453 1092 1588 1112 numero
1611 1089 1714 1119 actus,
1738 1090 1835 1122 prout
1862 1084 1958 1114 semel
1989 1084 2144 1122 egreditur
2166 1085 2204 1115 ab
2229 1093 2377 1124 operante
2401 1083 2508 1127 (quod

1453 1125 1566 1156 dicitur
1577 1133 1706 1167 propter
1715 1127 1889 1157 accidentes
1901 1127 2091 1158 intentiones
2103 1128 2136 1158 in
2148 1128 2362 1159 continuando
2375 1128 2506 1171 actum),

1454 1179 1537 1200 unus
1561 1170 1647 1200 solus
1671 1177 1716 1200 est
1739 1169 1809 1200 finis
1824 1170 1981 1211 proprius,
2001 1181 2019 1200 a
2034 1181 2100 1211 quo
2124 1178 2169 1202 est
2188 1172 2305 1211 species
2328 1173 2415 1203 velut
2433 1173 2507 1203 sub-

1454 1213 1615 1244 stantialis.
1645 1216 1674 1244 A
1704 1214 1811 1244 ceteris
1838 1221 1944 1244 autern
1973 1214 2175 1245 accidentales
2211 1215 2328 1256 species
2360 1223 2448 1252 sunt;
2473 1223 2508 1247 ut

1454 1257 1583 1287 inferius
1605 1258 1623 1276 *
1647 1257 1863 1288 clarificabitur
1886 1258 1924 1288 de
1948 1258 2196 1289 circumstantiis.

1118 1408 1435 1450 ARTICULUS
1465 1408 1735 1460 QUARTUS

840 1500 995 1531 UTRUM
1018 1499 1084 1530 sn·
1107 1499 1278 1536 ALIQuls
1303 1499 1493 1530 ULT1Mus
1516 1499 1622 1530 FINIS
1646 1500 1859 1530 HUMANAE
1883 1501 2014 1531 V1TAE

1125 1577 1145 1601 11
1164 1576 1325 1610 Metaphys..
1344 1577 1403 1602 lect.
1420 1584 1460 1607 ιη
1480 1577 1489 1601 1
1509 1576 1602 1606 Ethic„
1622 1577 1680 1602 lect.
1698 1585 1727 1602 11.

377 1683 389 1705 κ(
408 1686 437 1710 ,2
457 1685 500 1713 ,μ
553 1677 576 1702 D
595 1677 768 1707 QUARTUM
786 1677 839 1702 sm
858 1677 1097 1702 PROCEDITUR.
1117 1664 1277 1702 Videtur
1295 1665 1400 1712 quod

371 1715 423 1764 ’ξίν
472 1711 530 1769 {A
552 1730 632 1755 non
663 1718 709 1755 sit
736 1718 870 1767 aliquis
905 1718 1059 1755 ultimus
1086 1718 1173 1755 finis
1208 1718 1399 1754 humanae

359 1774 418 1826 '15⁴2-
490 1758 668 1818 ''vitae‚
697 1772 764 1808 sed
792 1771 1019 1820 procedatur
1045 1771 1084 1807 in
1111 1770 1251 1807 finibus
1279 1770 1318 1807 in
1345 1770 1399 1807 in-

353 1842 354 1845 *
398 1844 408 1855 »-
432 1826 487 1851 ”ἶ”
510 1817 714 1861 Χῇηἱωῐη.
743 1826 895 1861 Bonum
916 1824 1030 1871 enim,
1055 1824 1265 1860 secundum
1289 1835 1398 1860 suam

339 1876 538 1923 rationem,
566 1885 621 1914 est
644 1877 865 1914 diffusivum
889 1877 964 1922 sui;
989 1885 1031 1914 ut
1048 1885 1150 1925 patet
1168 1889 1237 1925 per
1255 1875 1399 1924 Diony-

101 1941 112 1951 ·
125 1928 203 1962 s-T'h·
217 1939 298 1962 leet-¹·
338 1929 451 1976 sium,
473 1941 509 1965 1v
523 1941 605 1978 cap.
621 1930 667 1966 de
680 1930 767 1967 Diu.
783 1930 925 1967 Nom*
945 1930 984 1966 Si
999 1941 1088 1977 ergo
1105 1930 1210 1978 quod
1228 1929 1400 1978 procedit

338 1994 385 2020 ex
413 1982 530 2029 bono,
559 1983 686 2031 ipsum
715 1983 828 2019 etiam
849 1990 905 2019 est
923 1983 1086 2029 bonum,
1116 1990 1266 2032 oportet
1294 1983 1399 2031 quod

335 2034 426 2072 illud
455 2035 603 2072 bonum
631 2035 818 2072 diffundat
848 2036 948 2072 aliud
976 2035 1141 2071 bonum:
1171 2043 1207 2072 et
1234 2035 1286 2071 sic
1312 2047 1399 2084 pro-

337 2099 466 2124 cessus
494 2087 585 2124 boni
620 2095 675 2124 est
705 2088 743 2124 in
770 2088 971 2125 infinitum.
1003 2089 1079 2125 Sed
1111 2088 1256 2124 bonurn
1285 2088 1399 2124 habet

336 2140 522 2177 rationem
551 2140 650 2177 finis.
680 2141 782 2188 Ergo
811 2141 850 2178 in
882 2140 1021 2178 finibus
1050 2147 1104 2177 est
1131 2152 1332 2189 processus
1361 2140 1398 2177 in

336 2192 539 2230 infinitum.

390 2256 425 2282 2.
454 2246 687 2291 PRAETEREA,
717 2258 763 2282 ea
781 2258 881 2294 quae
909 2252 995 2282 sunt
1022 2244 1187 2291 rationis,
1216 2245 1255 2281 in
1274 2244 1398 2281 infini-

335 2303 416 2333 tum
442 2297 680 2346 multiplicari
707 2305 887 2346 possunt:
915 2297 1019 2334 unde
1048 2304 1084 2333 et
1106 2298 1397 2334 mathematicae

335 2349 560 2398 quantitates
588 2350 627 2386 in
655 2349 845 2387 infinitum
873 2357 1067 2398 augentur.
1099 2350 1254 2398 Species
1284 2350 1398 2387 etiam

334 2411 585 2440 numerorum
603 2410 759 2452 propter
777 2403 851 2440 hoc
879 2410 965 2440 sunt
983 2403 1162 2450 infinitae,
1184 2403 1283 2451 quia,
1310 2403 1398 2440 dato

334 2455 503 2504 quolibet
530 2468 706 2503 numero,
727 2455 818 2492 ratio
848 2456 964 2493 alium
983 2456 1169 2493 maiorem
1189 2456 1398 2504 excogitare

200 2521 216 2538 α
333 2515 459 2557 potest
477 2514 505 2545 α.
528 2509 604 2546 Sed
633 2508 864 2546 desiderium
888 2509 973 2545 finis
993 2509 1161 2557 sequitur
1189 2510 1398 2558 apprehen-

194 2565 209 2599 β
334 2560 482 2598 sionem
509 2561 674 2598 rationis.
696 2562 797 2609 Ergo
825 2561 976 2598 videtur
998 2563 1103 2611 quod
1124 2562 1236 2599 etiarn
1256 2560 1271 2591 β
1290 2562 1327 2598 in
1355 2562 1399 2598 fi-

334 2613 447 2651 nibus
474 2614 702 2663 procedatur
729 2614 768 2651 in
796 2614 997 2651 infinitum.

390 2668 424 2704 3.
453 2668 684 2714 ΡΚΑΕΤΕΗΕΑ,
705 2667 853 2704 bonum
874 2674 910 2703 et
928 2667 1014 2704 finis
1034 2674 1089 2704 est
1117 2666 1310 2716 obiectum
1329 2679 1399 2704 vo-

334 2719 495 2756 luntatis.
514 2719 590 2757 Sed
603 2720 781 2757 voluntas
796 2719 973 2756 infinities
987 2727 1112 2769 potest
1126 2719 1268 2756 reflecti
1283 2732 1397 2768 supra

335 2771 518 2820 seipsam:
546 2785 705 2821 possum
734 2772 835 2809 enim
863 2773 961 2809 velle
989 2772 1141 2821 aliquid,
1163 2780 1199 2808 et
1217 2773 1316 2808 velle
1334 2784 1396 2808 me

334 2825 431 2861 velle
456 2825 558 2871 illud,
583 2832 621 2861 et
639 2825 693 2861 sic
711 2825 749 2862 in
768 2825 969 2862 infinitum.
991 2827 1093 2873 Ergo
1113 2825 1150 2862 in
1170 2825 1310 2861 finibus
1328 2825 1397 2861 hu-

335 2889 472 2914 manae
499 2877 703 2914 voluntatis
730 2878 947 2926 proceditur
974 2878 1011 2914 in
1031 2877 1232 2924 infinitum,
1263 2885 1299 2914 et
1317 2889 1396 2914 non

335 2937 389 2967 est
417 2930 549 2979 aliquis
577 2930 730 2967 ultimus
758 2930 845 2968 finis
871 2931 1064 2967 humanae
1090 2930 1306 2968 voluntatis.

389 2983 463 3020 SED
483 2995 629 3020 CONTRA
647 2995 713 3020 EST
738 2983 843 3031 quod
862 2983 1116 3032 Philosophus
1135 2982 1234 3029 dicit,
1259 2984 1290 3019 II
1310 2983 1396 3019 Me-

94 3042 150 3092 1384·-
158 3043 308 3093 fiffi·{?-cffi3-
335 3036 523 3084 taphys.*‚
544 3036 649 3085 quod
668 3036 733 3084 qui
750 3036 934 3084 infinitum
942 3036 1107 3084 faciunt,
1133 3037 1312 3093 auferunt
1328 3046 1395 3071 na-

95 3101 153 3124 m·
235 3085 242 3098 ’
299 3087 306 3098 ’
335 3095 460 3125 turam
485 3089 584 3126 boni.
615 3089 692 3126 Sed
712 3089 859 3126 bonum
879 3096 935 3125 est
953 3089 1057 3137 quod
1076 3088 1192 3124 habet
1210 3095 1394 3124 ratlonem

334 3141 432 3179 finis.
464 3142 565 3190 Ergo
589 3149 719 3178 contra
739 3142 924 3178 rationem
952 3141 1038 3178 finis
1058 3148 1114 3178 est
1132 3140 1237 3189 quod
1262 3152 1394 3189 proce-

337 3193 446 3231 datur
464 3194 502 3231 in
521 3194 719 3232 infinitum.
742 3195 909 3231 Necesse
930 3201 984 3231 est
1003 3206 1091 3242 ergo
1110 3205 1255 3243 ponere
1273 3205 1394 3230 unum

335 3247 510 3284 ultimum
538 3248 668 3285 finem.

389 3302 614 3338 RESPONDEO
652 3311 836 3337 mcENDUM
864 3299 988 3348 quod,
1016 3311 1086 3347 per
1113 3311 1154 3335 se
1182 3298 1393 3346 loquendo,

390 3423 416 3456 α)
435 3427 498 3448 sunt
510 3441 517 3448 .
531 3441 537 3447 .
553 3441 559 3448 .
573 3426 702 3455 potest.-
720 3422 770 3446 Pro
789 3422 859 3455 quia,
875 3422 945 3454 quod
963 3421 1170 3451 ABCDEGH11„;
1189 3428 1236 3453 pro
1255 3420 1327 3450 dato,
1349 3428 1392 3445 ra-

337 3458 375 3484 tio
393 3458 670 3490 ACDEFGHIKLpB;
690 3458 767 3482 iidem
787 3463 846 3481 ante
858 3457 940 3481 alium
955 3458 1075 3481 omittunt
1088 3456 1172 3485 ratim·
1192 3455 1319 3480 maiorem
1339 3463 1392 3480 om.

337 3493 438 3519 codices
458 3499 483 3518 et
500 3501 517 3518 a
523 3501 532 3523 ,·
547 3497 660 3525 possunt
674 3499 729 3517 esse
748 3492 875 3524 infinitae,
889 3492 959 3524 quia,
976 3492 1039 3516 dato
1049 3492 1162 3524 quolibet
1176 3497 1294 3520 numero,
1309 3490 1391 3515 alium

337 3529 464 3554 maiorem
483 3529 641 3561 excogitare
654 3531 732 3560 potes
751 3528 779 3552 P.

1452 1664 1686 1714 impossibile
1707 1672 1762 1701 est
1780 1665 1819 1702 in
1843 1665 1982 1702 finibus
2010 1667 2219 1714 procedere
2247 1667 2286 1704 in
2305 1668 2507 1716 infinitum,

1454 1729 1499 1754 ex
1522 1730 1764 1766 quacumque
1791 1725 1908 1766 parte.
1930 1720 1972 1755 In
1992 1719 2170 1756 omnibus
2199 1720 2299 1756 enim
2326 1733 2423 1769 quae
2441 1733 2510 1769 per

1452 1782 1492 1806 se
1520 1771 1663 1807 habent
1690 1770 1863 1807 ordinem
1898 1771 1946 1807 ad
1983 1771 2168 1819 invicem,
2202 1780 2352 1821 oportet
2382 1774 2507 1822 quod,

1452 1830 1599 1859 remoto
1620 1823 1756 1871 primo,
1786 1831 2056 1861 removeantur
2080 1837 2126 1861 ea
2144 1837 2242 1872 quae
2262 1833 2349 1862 sunt
2367 1826 2414 1863 ad
2436 1826 2509 1875 pri-

1450 1887 1569 1912 mum.
1592 1876 1702 1913 Unde
1723 1876 1977 1924 Philosophus
1995 1878 2143 1925 probat,
2163 1877 2202 1914 in
2220 1878 2306 1915 VIII
2325 1879 2507 1927 Physic.*,
2537 1887 2546 1895 ‘

1452 1929 1556 1977 quod
1583 1941 1661 1965 non
1686 1936 1741 1965 est
1759 1929 1937 1977 possibile
1956 1929 1994 1966 in
2015 1930 2136 1967 causis
2161 1931 2404 1968 moventibus
2422 1944 2509 1980 pro-

1453 1981 1586 2018 cedere
1607 1981 1645 2017 in
1664 1981 1866 2028 infinitum,
1886 1982 1974 2030 quia
1992 1982 2069 2019 iam
2089 1988 2104 2011 Υ
2123 1993 2201 2020 non
2222 1991 2319 2020 esset
2340 1984 2507 2032 primum

1451 2046 1624 2080 movens,
1654 2046 1731 2082 quo
1751 2034 1942 2070 subtracto
1971 2035 2042 2071 alia
2061 2047 2218 2072 movere
2238 2048 2317 2073 non
2336 2045 2506 2085 possunt,

1452 2099 1539 2122 cum
1568 2098 1646 2123 non
1674 2093 1857 2123 moveant
1883 2087 1953 2123 nisi
1980 2099 2048 2135 per
2075 2088 2149 2124 hoc
2178 2089 2281 2137 quod
2306 2097 2509 2126 moventur

1452 2152 1474 2176 a
1492 2139 1617 2187 primo
1637 2146 1828 2175 movente.
1859 2140 1901 2175 In
1919 2140 2059 2176 finibus
2079 2148 2206 2178 autem
2233 2141 2421 2179 invenitur
2441 2143 2508 2179 du-

1450 2193 1536 2240 plex
1565 2192 1673 2238 ordo,
1703 2191 1842 2228 scilicet
1869 2192 1964 2228 ordo
1992 2192 2219 2239 intentionis,
2247 2202 2283 2231 et
2308 2195 2403 2231 ordo
2424 2207 2508 2231 exe-

1453 2244 1627 2280 cutionis:
1654 2251 1690 2280 et
1708 2244 1746 2280 in
1764 2251 1927 2292 utroque
1946 2245 2078 2281 ordine
2098 2253 2247 2293 oportet
2265 2259 2348 2283 esse
2368 2247 2508 2296 aliquid

1451 2297 1631 2345 primum.
1669 2296 1711 2332 Id
1745 2296 1846 2332 enim
1879 2297 1984 2345 quod
2017 2305 2073 2334 est
2104 2298 2271 2346 primurn
2306 2299 2344 2335 in
2377 2300 2507 2337 ordine

1451 2348 1682 2396 intentionis,
1713 2356 1768 2385 est
1795 2349 1903 2398 quasi
1930 2349 2157 2398 principium
2185 2363 2347 2389 movens
2367 2353 2509 2401 appeti-

1451 2409 1549 2439 tum:
1569 2402 1684 2448 unde,
1706 2402 1895 2438 subtracto
1914 2402 2098 2452 principio
2114 2401 2140 2451 δ,
2161 2404 2345 2452 appetitus
2364 2417 2387 2441 a
2405 2406 2507 2442 nullo

1451 2462 1680 2492 moveretur.
1711 2454 1754 2491 Id
1773 2461 1900 2491 autern
1920 2455 2025 2504 quod
2045 2463 2100 2492 est
2117 2456 2343 2505 principium
2363 2457 2401 2494 in
2423 2470 2507 2494 exe-

1453 2508 1623 2554 cutione,
1655 2514 1710 2543 est
1744 2507 1847 2544 unde
1884 2507 2011 2556 incipit
2047 2509 2237 2557 operatio:
2274 2510 2398 2557 unde,
2436 2511 2506 2547 isto

1451 2560 1636 2609 principio
1666 2560 1868 2607 subtracto,
1897 2561 2021 2597 nullus
2048 2561 2229 2610 inciperet
2256 2563 2396 2611 aliquid
2416 2575 2506 2612 ope-

1452 2613 1535 2650 rari.
1579 2612 1809 2661 Principium
1847 2621 1974 2650 autem
2009 2613 2225 2651 intentionis
2263 2622 2318 2652 est
2352 2615 2506 2653 ultimus

1451 2666 1553 2703 finis:
1583 2665 1810 2714 principium
1838 2673 1965 2703 autem
1985 2671 1997 2687 ⁵
2018 2667 2246 2704 executionis
2267 2675 2321 2704 est
2338 2669 2505 2716 primurn

1453 2731 1587 2755 eorum
1616 2730 1713 2767 quae
1742 2725 1828 2755 sunt
1855 2719 1905 2755 ad
1930 2719 2060 2756 finem.
2091 2719 2153 2756 Sic
2181 2732 2271 2767 ergo
2301 2733 2345 2757 ex
2374 2730 2506 2758 neutra

1451 2779 1555 2820 parte
1584 2770 1762 2819 possibile
1792 2778 1847 2807 est
1874 2771 1912 2808 in
1946 2771 2136 2808 infinitum
2163 2773 2389 2820 procedere:
2418 2775 2506 2822 quia

1450 2824 1480 2861 si
1499 2836 1578 2860 non
1607 2831 1704 2860 esset
1731 2823 1886 2860 ultimus
1913 2824 2010 2871 finis,
2040 2825 2129 2861 nihil
2158 2833 2406 2874 appeteretur,
2435 2839 2506 2863 nec

1451 2877 1575 2926 aliqua
1611 2876 1707 2913 actio
1740 2876 2021 2924 terminaretur,
2051 2889 2122 2913 nec
2150 2878 2262 2914 etiam
2297 2879 2506 2926 quiesceret

1449 2928 1605 2966 intentio
1634 2928 1795 2976 agentis;
1826 2928 1856 2965 si
1884 2937 2012 2965 autem
2040 2941 2118 2966 non
2147 2938 2243 2966 esset
2270 2931 2437 2978 primum
2466 2931 2504 2969 in

1449 2982 1507 3019 his
1531 2994 1628 3030 quae
1657 2989 1742 3030 sunt
1769 2981 1818 3018 ad
1845 2982 1976 3028 finem,
2005 2982 2127 3018 nullus
2156 2982 2336 3031 inciperet
2364 2984 2502 3032 aliquid

1450 3035 1609 3082 operari,
1639 3046 1710 3070 nec
1736 3034 2000 3071 terminaretur
2028 3035 2238 3083 consilium,
2268 3037 2336 3073 sed
2363 3037 2401 3073 in
2421 3037 2504 3074 infi-

1449 3087 1571 3123 nitum
1598 3086 1832 3134 procederet.

1502 3140 1559 3176 Ea
1593 3151 1686 3175 vero
1722 3151 1820 3187 quae
1853 3151 1931 3176 non
1963 3139 2104 3176 habent
2136 3140 2310 3178 ordinem
2343 3153 2413 3190 per
2445 3155 2501 3189 se,

1449 3192 1516 3229 sed
1534 3204 1603 3240 per
1627 3191 1802 3229 accidens
1820 3191 1901 3228 sibi·
1912 3191 2077 3229 invicem
2098 3193 2386 3241 coniunguntur,
2413 3195 2502 3232 nihil

1447 3244 1625 3293 prohibet
1646 3244 1868 3282 infinitatem
1891 3245 2049 3282 habere:
2076 3258 2211 3283 causae
2236 3246 2335 3284 enirn
2355 3259 2423 3295 per
2442 3260 2502 3284 ac-

1449 3297 1577 3334 cidens
1604 3297 1912 3334 indeterminatae
1941 3305 2037 3335 sunt.
2068 3299 2116 3335 Et
2141 3299 2215 3335 hoc
2243 3299 2354 3336 etiam
2383 3300 2502 3337 modo

1501 3419 1525 3453 β)
1546 3421 1636 3445 etiam.
1649 3434 1667 3439 —
1686 3420 1747 3445 Om.
1767 3419 1872 3445 PFl-lla'.

1499 3458 1525 3487 γ)
1547 3455 1599 3479 iam
1617 3469 1636 3475 -
1655 3455 1715 3480 Om.
1735 3456 1780 3479 Pa.

1499 3489 1523 3522 ὃ)
1539 3490 1684 3522 principio.
1697 3504 1715 3509 -
1732 3490 1830 3515 scilicet
1846 3490 1935 3522 primo
1951 3490 2085 3522 principio
2104 3490 2131 3519 F.
2152 3490 2202 3515 isto
2218 3490 2351 3523 prinm'pt'o
2370 3490 2400 3515 K.

1499 3527 1521 3557 ε)
1541 3529 1638 3551 autem.
1651 3539 1671 3546 -
1684 3526 1803 3558 primum
1823 3526 1919 3550 addunt
1938 3526 1989 3550 BF.

2534 782 2542 789 ·
2553 781 2638 808 Part.1,
2648 787 2688 808 qu.
2698 787 2744 807 ιιν,

2533 811 2575 829 art.
2586 814 2602 834 1,
2612 807 2745 830 comment.

2535 840 2598 855 num.
2609 840 2647 855 XX.

2535 1238 2544 1247 ’
2561 1239 2608 1266 Qu.
2619 1244 2659 1266 vu,
2674 1242 2744 1267 art.3‚

2535 1265 2563 1286 ad
2576 1271 2597 1293 3.
