2846 4146
120 1746 334 1803 &cantat

121 1806 270 1855 ‘flia-nent.
274 1826 334 1848 nne
374 1814 381 1824 ’

122 1851 229 1903 mlh·
238 1852 271 1881 n,
281 1858 333 1881 cap.

0 2467 7 2502 -nv
0 2382 6 2457 -ην
0 2321 3 2345 -ψ
0 2258 5 2309 ----
0 2235 2 2237 v

127 3074 157 3122 id
178 3073 339 3128 .;·q¹1'2‘¹⁸„⁶51‘31

126 3129 172 3149 m·
186 3116 206 3155 ἐ-

1003 240 1268 286 QUAESTIO
1297 241 1433 286 LVIII,

1462 239 1756 276 ARTICULUS
1787 239 1837 274 IV
2441 236 2512 283 375

1031 344 1359 377 commentatae.
1382 343 1628 377 Cardinalis
1651 342 1848 376 Caietam·

357 438 406 504 In
421 431 554 462 articulo
569 430 661 461 tertio
679 431 822 462 eiusdem
836 432 1028 472 quaestionis
1044 432 1411 472 quinquagesimaeocta-

386 485 452 512 vae,
467 475 502 506 in
514 474 721 515 responsione
745 475 785 505 ad
802 476 987 512 secundum,
1008 483 1093 512 nota,
1104 475 1282 511 Themista,
1300 485 1339 505 ne
1356 475 1409 505 fal-

355 519 439 556 laris,
463 528 591 550 sumens
606 518 668 549 hoc
684 519 772 559 quod
789 519 980 550 continentia
994 520 1034 550 sit
1048 519 1217 550 subiective
1232 519 1264 550 in
1280 519 1410 554 ratione,

356 569 486 604 propter
508 562 561 594 illa
583 562 687 598 verba,
711 562 826 603 Deficit
848 568 953 593 tamen
977 574 996 593 a
1021 564 1145 594 ratione
1169 564 1312 600 virtutis,
1337 564 1412 603 quia

357 607 458 638 virtus
481 605 704 637 intellectualis
727 613 784 637 etc.
815 606 952 638 Possunt
976 607 1060 637 enim
1085 607 1250 647 dupliciter
1272 606 1413 646 intelligi.

356 651 474 686 Primo,
495 657 531 680 ut
550 650 651 690 prima
674 649 751 680 facie
770 650 904 686 videtur,
930 657 964 681 ut
987 651 1117 681 reddant
1139 651 1294 681 rationem
1318 659 1414 690 quare

358 694 550 726 continentia
572 703 638 724 non
662 701 708 724 est
730 694 837 730 virtus,
854 694 928 735 quia
952 705 1017 725 non
1041 701 1087 725 est
1102 694 1199 724 virtus
1222 694 1414 724 intellectua-

358 738 406 774 lis,
430 738 505 778 quia
529 745 586 768 etc.
603 755 623 760 -
639 737 680 768 Et
697 737 747 768 hic
771 748 889 774 sensus,
906 738 978 769 licet
1000 738 1080 769 forte
1102 748 1119 768 a
1142 738 1285 778 pluribus
1308 737 1348 767 sit
1370 747 1417 767 ac-

359 787 478 822 ceptus,
502 781 598 811 falsus
618 788 733 818 tamen,
751 788 781 812 et
805 782 977 812 contrarius
1001 782 1075 812 huic
1097 781 1215 812 litterae
1232 788 1262 811 et
1285 780 1416 811 Auctori

359 831 419 862 est,
444 832 480 855 ut
502 825 630 865 patebit.

414 868 487 899 Alio
514 878 588 908 ergo
612 869 711 899 modo
735 876 870 909 possunt
891 868 1022 908 intelligi
1043 875 1078 899 ut
1101 869 1231 899 reddant
1261 867 1416 898 rationem

358 922 455 954 quare
471 912 662 943 continentia
678 923 744 943 non
759 920 805 943 est
819 913 927 948 virtus,
945 912 1020 952 quia
1038 912 1071 942 in
1087 911 1266 942 continente
1282 920 1347 940 non
1364 911 1415 940 da-

358 963 409 987 tur
422 956 519 989 virtus
535 956 752 987 intellectualis
767 956 883 988 faciens
898 956 1054 986 rationem
1068 956 1148 986 bene
1160 965 1192 985 se
1209 955 1321 985 habere
1337 954 1417 985 circa

359 1000 523 1031 materiam
542 1000 762 1031 continentiae.
787 1000 884 1038 Quod
904 1001 1071 1040 probatur:
1097 999 1171 1039 quia
1186 999 1219 1028 in
1235 1008 1273 1028 eo
1290 1008 1355 1028 non
1372 1005 1418 1028 est

359 1050 461 1075 rectus
480 1044 636 1084 appetitus
653 1043 733 1080 finis,
751 1053 848 1084 quem
864 1043 1032 1084 praeexigit
1054 1043 1134 1073 ratio
1157 1049 1239 1073 recta
1258 1041 1418 1072 habituata

359 1087 483 1118 virtute.
502 1088 600 1125 Quasi
618 1088 744 1118 diceret:
770 1087 974 1118 Continentia
993 1086 1096 1117 deficit
1111 1097 1128 1116 a
1144 1086 1265 1116 ratione
1284 1086 1416 1122 virtutis,

360 1131 435 1173 quia
457 1131 523 1162 sive
545 1138 682 1172 ponatur
705 1132 793 1172 quod
816 1132 855 1162 sit
877 1131 975 1163 virtus
998 1130 1031 1161 in
1055 1130 1206 1170 appetitu,
1231 1129 1296 1160 sive
1318 1129 1350 1160 in
1370 1139 1417 1160 ra-

360 1175 456 1212 tione,
481 1175 575 1215 exigit
597 1175 668 1211 hoc,
691 1175 781 1216 quod
795 1175 829 1205 in
847 1175 968 1206 ratione
991 1173 1179 1205 continentis
1201 1179 1339 1213 ponatur
1357 1173 1417 1204 vir-

360 1227 410 1250 tus
429 1219 645 1250 intellectualis
665 1219 744 1250 circa
767 1219 930 1249 materiam
946 1217 1167 1254 continentiae;
1190 1227 1255 1247 non
1279 1217 1418 1247 curando

1465 438 1572 462 utrum
1595 431 1648 461 illa
1666 430 1764 461 virtus
1780 428 1996 460 intellectualis
2012 434 2091 458 esset
2107 428 2298 459 continentia
2314 427 2363 458 vel
2379 437 2453 458 non.
2478 427 2518 457 Et

1464 475 1552 515 quod
1575 474 1637 504 hoc
1660 474 1798 514 exigatur
1821 473 1920 504 littera
1943 473 2109 513 supponit,
2134 479 2285 512 tanquam
2309 470 2516 502 communiter

1466 518 1655 554 confessum,
1673 524 1702 548 et
1724 516 1884 548 inferius*
1902 516 2112 556 probandum.
2130 515 2216 546 Sed
2209 525 2241 545 1n
2261 514 2438 545 continente
2453 525 2516 544 non

1466 569 1512 592 est
1527 561 1596 592 talis
1609 561 1707 592 virtus
1722 559 1948 591 intellectualis.
1962 559 2131 591 Probatur:
2148 559 2222 599 quia
2234 559 2267 588 in
2279 568 2317 588 eo
2331 568 2395 588 non
2413 565 2457 588 est
2473 568 2518 587 re-

1467 613 1534 636 ctus
1553 605 1710 645 appetitus
1726 604 1806 641 finis,
1823 604 1877 646 qui
1891 611 1936 634 est
1951 603 2142 644 principium
2155 601 2370 633 intellectualis
2386 601 2516 631 virtutis.

1522 649 1563 679 Et
1578 649 1620 679 sic
1636 651 1765 684 Auctor,
1786 647 1890 679 dicens
1907 647 2131 678 continentiam
2146 656 2212 677 esse
2228 645 2260 676 in
2275 645 2418 676 rationali
2434 652 2518 685 parte

1467 693 1598 728 animae,
1616 692 1923 732 comprehendente
1916 702 1947 721 in
1965 702 1996 722 se
2011 691 2164 722 rationem
2180 697 2209 720 et
2225 690 2430 724 voluntatem,
2446 688 2518 729 quia

1467 737 1624 776 appetitus
1644 743 1690 766 est
1713 735 1887 771 rationalis;
1912 743 1942 766 et
1965 735 2142 765 indistincte
2164 733 2343 774 relinquens
2360 732 2448 763 cuius
2471 732 2518 767 sit,

1469 779 1652 810 definiturus
1676 779 1737 809 hoc
1752 780 1783 809 in
1808 779 1845 809 ΙΙ·
1870 779 1918 809 ΙῙ”“
1935 778 1961 815 *,
1978 779 2010 808 in
2033 779 2105 809 loco
2121 777 2268 818 proprio;
2293 777 2370 807 duas
2386 776 2521 806 rationes

1468 823 1602 853 reddidit
1624 833 1719 863 quare
1748 822 1939 854 continentia
1969 832 2034 852 non
2058 829 2104 852 est
2125 821 2239 857 virtus,
2263 820 2417 856 Primam,
2441 829 2521 860 quae

1469 876 1553 896 nunc
1569 866 1651 896 dicta
1666 873 1721 902 est,
1739 867 1955 897 excludentem
1970 866 2071 906 ipsam
2090 876 2108 895 a
2127 874 2259 895 numero
2283 864 2376 894 etiam
2404 863 2522 894 intelle-

1469 909 1620 940 ctualium
1643 909 1811 946 virtutum,
1837 920 1873 940 ex
1896 917 1982 950 parte
2006 909 2173 949 superioris
2197 908 2291 948 partis
2314 907 2446 938 animae.
2468 907 2522 938 Se-

1469 954 1606 984 cundam
1630 960 1736 984 autem
1759 963 1796 983 ex
1818 960 1904 993 parte
1927 953 2081 984 inferioris
2105 952 2209 993 partis,
2227 951 2342 982 scilicet
2365 951 2521 992 appetitus

1470 997 1623 1033 sensitivi,
1649 997 1738 1027 cuius
1762 1003 1848 1027 actus
1871 1004 1944 1027 sunt
1967 996 2095 1027 materia
2119 995 2337 1026 continentiae
2359 995 2449 1032 Quae
2473 1004 2523 1024 su-

1470 1041 1575 1081 petius
1590 1041 1607 1060 *
1626 1041 1765 1071 discussa
1780 1047 1826 1071 est
1841 1040 1873 1070 in
1893 1050 1952 1071 suo
1971 1040 2149 1075 universali,
2165 1039 2253 1080 quod
2269 1039 2384 1069 scilicet
2399 1038 2523 1068 habitus
2551 1045 2684 1093 hgmuhggt
2687 1046 2728 1065 art
2738 1049 2758 1070 5,

1471 1084 1617 1125 proprius
1641 1084 1772 1114 alicuius
1796 1084 1898 1124 operis
1922 1094 1987 1114 non
2011 1091 2056 1114 est
2071 1083 2178 1119 virtus,
2204 1083 2228 1113 si
2253 1093 2317 1112 non
2333 1082 2371 1113 sit
2393 1082 2425 1112 in
2450 1091 2525 1112 con-

1471 1128 1660 1159 summativa
1678 1128 1820 1167 potentia
1839 1127 1957 1167 operis:
1984 1134 2019 1158 ut
2039 1126 2192 1166 contingit
2209 1126 2427 1162 continentiae,
2444 1135 2525 1166 quae

1471 1178 1517 1202 est
1546 1172 1578 1202 in
1606 1171 1747 1212 appetitu
1776 1171 1930 1208 rationali,
1947 1178 1977 1202 et
2000 1181 2082 1211 opus
2106 1177 2345 1203 consummatur
2367 1170 2405 1200 ab
2429 1179 2525 1209 appe-

1470 1223 1528 1246 titu
1553 1215 1710 1246 sensnivo.

1132 1375 1446 1417 ARTICULUS
1476 1356 1746 1426 QUARTUS

780 1475 935 1507 UTRUM
957 1475 1147 1506 MORALIS
1170 1473 1327 1520 VIRTUS
1351 1474 1498 1505 POSSIT
1521 1474 1621 1505 ESSE
1646 1475 1739 1505 SINE
1764 1474 2110 1506 INTELLECTUALI

693 1554 767 1585 Infra,
787 1561 830 1586 qu.
849 1560 906 1583 LxV,
925 1558 972 1578 art.
989 1560 1014 1583 13
1035 1553 1076 1577 De
1100 1552 1205 1582 Virtut„
1225 1560 1270 1584 qu.
1282 1559 1306 1582 v,
1325 1556 1421 1582 art.,2;
1443 1551 1566 1582 Quodlib.
1584 1552 1637 1583 xn,
1657 1559 1701 1584 qu.
1720 1559 1759 1582 κν,
1779 1556 1824 1576 art.
1844 1559 1851 1576 1
1862 1558 1870 1581 ;
1884 1552 1918 1576 Vl
1939 1552 2032 1581 Ethic..
2052 1553 2109 1576 lect.
2123 1560 2146 1582 x,
2164 1560 2198 1576 xi.

557 1654 598 1680 D
618 1653 790 1685 QUARTUM
809 1653 862 1678 sxc
881 1652 1120 1679 PROCED1TUR.
1139 1640 1297 1679 Videtur
1315 1639 1421 1688 quod

432 1723 481 1744 Α,
506 1698 535 1744 ξῗ
574 1695 694 1733 virtus
725 1694 880 1732 moralis
915 1694 1035 1743 possit
1063 1705 1145 1731 esse
1173 1693 1254 1731 sine
1281 1692 1422 1730 intelle-

383 1751 419 1801 ’,Ὺ
433 1747 543 1795 ἑὲ
523 1754 545 1790 t
558 1746 564 1752 “
577 1747 728 1786 ctuali*.
740 1747 866 1784 Virtus
881 1747 983 1784 enim
999 1746 1165 1794 moralis,
1176 1754 1218 1783 ut
1232 1745 1320 1783 dicit
1330 1746 1421 1782 Tul-

361 1855 455 1898 u‘oni
479 1859 760 1891 consentaneus.
785 1852 863 1890 Sed
882 1859 1014 1889 natura
1043 1852 1111 1889 etsi
1131 1851 1340 1889 consentiat
1358 1851 1422 1888 ali-

363 1908 424 1946 cui
450 1906 636 1956 superiori
661 1905 795 1943 rationi
824 1905 1007 1952 moventi,
1026 1917 1106 1942 non
1124 1913 1253 1942 tamen
1273 1911 1423 1953 oportet

349 1960 469 2020 -quod
501 1960 562 1997 illa
593 1959 687 1996 ratio
719 1965 876 1996 naturae
914 1958 1162 2006 coniungatur
1193 1957 1232 1994 in
1262 1958 1421 1995 eodem:

363 2013 460 2051 sicut
485 2019 588 2062 patet
614 2012 654 2049 in
682 2012 795 2049 rebus
824 2010 1055 2049 naturalibus
1085 2010 1298 2058 cognitione
1320 2016 1337 2032 ‘²
1361 2022 1422 2047 ca-

364 2066 544 2104 rentibus.
560 2066 664 2113 Ergo
678 2071 802 2114 potest
821 2075 904 2101 esse
923 2063 962 2100 in
980 2063 1138 2101 homine
1157 2063 1276 2100 virtus
1296 2075 1421 2100 mora-

363 2119 434 2159 lis
424 2131 464 2156 m
482 2119 643 2156 modum
663 2124 830 2164 naturae,
847 2116 1030 2154 inclinans
1045 2116 1094 2153 ad
1109 2116 1423 2154 consentiendum

362 2171 510 2219 rationi,
539 2170 715 2220 quamvis
743 2169 840 2207 illius
866 2169 1035 2206 homixfis
1061 2168 1155 2206 ratio
1177 2181 1255 2206 non
1275 2169 1321 2206 sit
1338 2181 1423 2218 per-

363 2225 460 2263 fecta
486 2230 555 2273 per
581 2223 762 2261 virtutem
787 2222 1090 2259 intellectualem.

418 2289 453 2315 2.
469 2278 703 2336 PRAETEREA,
717 2284 787 2324 per
804 2275 978 2312 virtutem
998 2274 1289 2312 intellectualem
1303 2275 1423 2312 homo

364 2329 606 2379 consequitur
633 2328 787 2366 rationis
814 2339 928 2364 usum
955 2327 1177 2376 perfectum.
1209 2327 1286 2364 Sed
1306 2339 1424 2376 quan-

364 2383 492 2432 doque
521 2380 702 2429 contingit
729 2380 833 2429 quod
861 2379 977 2428 aliqui
1003 2379 1042 2416 in
1070 2379 1207 2438 quibus
1231 2391 1310 2416 non
1329 2379 1425 2416 mul-

363 2442 445 2473 tum
471 2435 575 2483 viget
600 2446 692 2471 usus
720 2433 885 2480 rationis,
915 2440 1002 2469 sunt
1028 2431 1187 2469 virtuosi
1206 2440 1242 2469 et
1261 2433 1345 2469 Deo
1365 2445 1424 2469 ac-

364 2488 475 2537 cepti.
510 2489 613 2536 Ergo
645 2486 797 2524 videtur
828 2486 935 2534 quod
967 2485 1087 2522 virtus
1121 2484 1276 2522 moralis
1307 2485 1427 2534 possit

365 2553 448 2578 esse
476 2540 556 2577 sine
584 2539 722 2577 virtute
750 2538 999 2575 intellectuali.

420 2593 455 2630 3.
475 2593 708 2638 PRAETEREA‚
728 2590 846 2627 virtus
865 2590 1018 2627 moralis
1037 2589 1124 2626 facit
1142 2589 1425 2627 inclinationem

365 2645 414 2683 ad
442 2646 541 2682 bene
569 2642 819 2693 operandum.
856 2642 933 2679 Sed
966 2641 1122 2690 quidam
1150 2642 1292 2678 habent
1320 2650 1426 2679 natu-

366 2699 484 2736 ralem
512 2695 793 2734 inclinationem
821 2695 870 2732 ad
897 2695 995 2732 bene
1025 2695 1283 2743 operandum,
1313 2694 1426 2732 etiam

365 2751 512 2799 absque
527 2748 679 2787 rationis
693 2747 846 2786 iudicio.
866 2747 968 2795 Ergo
982 2747 1140 2784 vinutes
1156 2747 1321 2784 morales
1338 2760 1427 2796 pos-

367 2810 454 2840 sunt
481 2815 564 2839 esse
592 2801 672 2838 sine
699 2800 950 2838 intellectuali.

421 2856 496 2892 SED
528 2866 675 2892 cou‘rRA
694 2865 760 2890 EsT
783 2853 888 2902 quod
908 2852 1113 2900 Gregorius
1141 2852 1239 2912 dicit,
1259 2852 1298 2889 in
1317 2853 1424 2889 XXII

366 2907 510 2946 Moral.
530 2907 562 2955 ³¹⁸,
592 2907 696 2956 quod
725 2911 870 2943 ceterae
895 2906 1060 2950 virtutes,
1087 2905 1161 2941 nisi
1181 2917 1227 2942 ea
1246 2916 1343 2953 quae
1361 2917 1426 2953 ap-

361 2966 504 3010 petunt,
526 2960 735 3009 prudenter
761 2964 892 3008 agant,
919 2958 1072 2995 virtutes
1090 2969 1169 2994 esse
1187 2969 1425 3006 nequaquam

360 3019 529 3062 possunt.
559 3012 637 3050 Sed
663 3011 865 3061 prudentia
884 3017 940 3047 est
958 3010 1076 3047 virtus
1095 3009 1366 3058 intellectualis,
1386 3018 1427 3047 ut

367 3079 482 3115 supra
506 3065 526 3088 '¹‘
554 3065 696 3103 dictum
729 3072 795 3102 est.
830 3064 931 3111 Ergo
964 3063 1121 3100 virtutes
1153 3063 1316 3100 morales
1348 3075 1426 3100 non

367 3126 527 3168 possunt
554 3129 637 3155 esse
665 3117 744 3154 sine
773 3115 1094 3154 intellectualibus,

421 3173 643 3209 REspounEo
663 3181 846 3208 DICENDUM
866 3170 970 3218 quod
989 3168 1108 3205 virtus
1128 3166 1281 3204 moralis
1301 3175 1427 3216 potest

368 3224 524 3272 quidem
548 3235 630 3261 esse
658 3223 738 3260 sine
767 3221 997 3282 quibusdam
1025 3220 1335 3258 intellectualibus
1354 3220 1428 3258 vir-

367 3277 520 3324 tutibus,
541 3277 636 3314 sicut
664 3275 744 3313 sine
770 3274 966 3324 sapientia,
986 3273 1139 3311 scientia
1160 3281 1195 3310 et
1222 3280 1318 3310 arte:
1349 3285 1426 3310 non

334 3344 337 3346 ’
367 3337 497 3367 autem
534 3336 658 3379 potest
699 3341 780 3366 esse
813 3328 892 3365 sine
925 3327 1115 3364 intellectu
1147 3333 1184 3365 et
1214 3325 1425 3374 prudentia.

369 3383 461 3420 Sine
487 3381 687 3432 prudentia
715 3381 870 3441 quidem
905 3391 986 3417 esse
1014 3391 1092 3416 non
1120 3386 1246 3428 potest
1272 3378 1426 3416 moralis

367 3436 498 3483 virtus,
528 3435 617 3484 quia
645 3434 798 3472 moralis
826 3433 945 3471 virtus
974 3440 1030 3470 est
1056 3431 1205 3469 habitus
1235 3431 1425 3478 electivus,

421 3551 449 3582 α)
462 3550 623 3583 cognitione.
635 3562 655 3568 —
673 3550 777 3573 ratione
796 3548 824 3572 P.

1475 1638 1572 1675 idest
1604 1638 1744 1675 faciens
1777 1639 1919 1674 bonam
1954 1638 2187 1675 electionem.
2217 1638 2278 1675 Ad
2304 1639 2378 1675 hoc
2406 1645 2531 1675 autem

1476 1691 1581 1739 quod
1609 1691 1742 1728 electio
1776 1690 1821 1727 sit
1848 1691 1966 1738 bona,
1996 1692 2073 1727 duo
2102 1691 2351 1738 requiruntur.
2381 1691 2532 1738 Primo,

1475 1752 1517 1781 ut
1542 1744 1590 1790 sit
1618 1744 1744 1781 debita
1772 1743 1927 1781 intentio
1955 1743 2063 1780 finis:
2093 1751 2128 1780 et
2154 1744 2229 1780 hoc
2256 1744 2298 1780 fit
2325 1755 2392 1791 per
2419 1743 2534 1780 virtu-

1474 1804 1553 1833 tem
1581 1797 1779 1843 moralem,
1800 1807 1898 1844 quae
1916 1796 1997 1833 vim
2016 1796 2260 1845 appetitivam
2279 1795 2299 1818 ’³‘
2317 1796 2468 1833 inclinat
2486 1798 2535 1833 ad
2561 1803 2568 1811 ·

1475 1850 1623 1887 bonum
1651 1849 1884 1886 conveniens
1904 1849 2049 1896 rationi,
2071 1849 2175 1897 quod
2196 1857 2251 1885 est
2270 1849 2355 1886 finis
2374 1848 2533 1886 debitus.

1477 1903 1668 1949 Secundo,
1689 1910 1730 1939 ut
1747 1903 1867 1939 homo
1888 1909 1986 1939 recte
2011 1902 2168 1950 accipiat
2186 1914 2231 1938 ea
2259 1914 2358 1949 quae
2381 1909 2468 1938 sunt
2486 1901 2535 1938 ad

1476 1956 1613 1993 finem:
1644 1963 1680 1992 et
1707 1955 1782 1992 hoc
1809 1967 1887 1992 non
1914 1962 2039 2003 potest
2058 1967 2141 1991 esse
2169 1954 2238 1991 nisi
2257 1966 2325 2003 per
2348 1954 2534 1992 rationem

1476 2016 1576 2045 recte
1605 2007 1883 2055 consiliantem,
1913 2007 2143 2045 iudicantem
2166 2015 2201 2044 et
2218 2007 2531 2056 praecipientem;

1477 2062 1583 2110 quod
1609 2061 1770 2110 pertinet
1797 2061 1846 2098 ad
1873 2060 2113 2109 prudentiam
2141 2067 2177 2097 et
2205 2060 2253 2097 ad
2280 2061 2437 2098 virtutes
2465 2059 2534 2097 sibi

1477 2126 1655 2161 annexas,
1676 2121 1718 2151 ut
1737 2125 1851 2162 supra
1868 2113 1889 2135 ’¹‘
1917 2113 2061 2150 dictum
2090 2120 2156 2150 est.
2185 2112 2296 2150 Unde
2314 2113 2433 2150 virtus
2452 2125 2534 2149 mo-

1479 2167 1563 2204 ralis
1591 2167 1670 2204 sine
1698 2165 1900 2215 prudentia
1929 2178 2010 2203 esse
2038 2178 2116 2203 non
2145 2173 2280 2214 potest.

1531 2221 1581 2256 Et
1607 2232 1676 2268 per
1694 2231 1932 2267 consequens
1959 2231 2030 2256 nec
2052 2218 2133 2255 sine
2160 2218 2360 2255 intellectu.
2390 2219 2463 2255 Per
2480 2218 2535 2255 in-

1478 2273 1668 2309 tellectum
1703 2272 1805 2309 enim
1842 2279 2120 2319 cognoscuntur
2153 2271 2335 2319 principia
2362 2271 2537 2308 naturali-

1477 2333 1535 2362 ter
1553 2333 1655 2371 nota,
1685 2332 1763 2361 tarn
1783 2324 1821 2361 in
1841 2324 2079 2373 speculativis
2107 2336 2225 2372 quam
2253 2323 2292 2360 in
2319 2323 2535 2372 operativis.

1479 2379 1590 2416 Unde
1610 2378 1705 2415 sicut
1723 2384 1824 2414 recta
1847 2377 1942 2414 ratio
1969 2377 2007 2414 in
2031 2376 2281 2426 speculativis,
2310 2376 2536 2424 inquantum

1478 2431 1652 2480 procedit
1684 2442 1728 2467 ex
1755 2430 1948 2479 principiis
1980 2429 2195 2466 naturaliter
2223 2429 2397 2477 cognitis,
2429 2441 2537 2478 prae-

1479 2483 1660 2533 supponit
1677 2483 1908 2520 intellectum
1927 2482 2219 2531 principiorum;
2247 2482 2296 2518 ita
2317 2482 2428 2519 etiam
2448 2495 2536 2531 pru-

1481 2537 1618 2583 dentia,
1648 2548 1747 2584 quae
1776 2543 1831 2572 est
1859 2542 1959 2571 recta
1986 2535 2087 2571 ratio
2109 2534 2312 2582 agibilium.

1532 2590 1591 2625 AD
1611 2600 1748 2625 animum
1780 2599 1878 2624 ERGO
1911 2598 2094 2624 mem-snum
2122 2588 2226 2634 quod
2254 2586 2442 2623 inclinatio
2472 2599 2536 2623 na-

1479 2648 1584 2678 turae
1604 2641 1643 2678 in
1666 2641 1780 2678 rebus
1809 2640 2022 2677 carentibus
2047 2639 2204 2686 ratione,
2225 2646 2280 2676 est
2298 2639 2442 2686 absque
2464 2640 2536 2675 ele—

1481 2694 1625 2731 ctione:
1656 2701 1691 2730 et
1718 2692 1806 2730 ideo
1827 2693 1908 2730 talis
1927 2692 2117 2730 inclinatio
2137 2704 2215 2729 non
2234 2691 2388 2740 requirit
2408 2703 2452 2728 ex
2471 2704 2535 2728 ne-

1480 2746 1649 2784 cessitate
1678 2745 1877 2783 rationem.
1907 2745 1986 2783 Sed
2008 2745 2198 2782 inclinatio
2217 2744 2362 2782 virtutis
2382 2744 2536 2781 moralis

1480 2807 1537 2837 est
1564 2811 1653 2836 cum
1673 2799 1873 2836 electione:
1905 2805 1940 2835 et
1958 2798 2046 2836 ideo
2065 2798 2114 2835 ad
2133 2810 2243 2834 suam
2262 2797 2534 2846 perfectionem

1478 2852 1621 2900 indiget
1651 2852 1756 2900 quod
1784 2851 1830 2889 sit
1857 2851 1950 2889 ratio
1981 2851 2147 2899 perfecta
2174 2862 2243 2899 per
2274 2850 2452 2887 virtutem
2481 2850 2536 2887 in-

1479 2905 1741 2942 tellectualem.

1532 2959 1591 2994 An
1619 2968 1808 2994 SECUNDUM
1836 2967 2019 2993 mCENDUM
2056 2955 2162 3004 quod
2192 2955 2231 2992 in
2257 2954 2427 2991 virtuoso
2457 2966 2532 2992 non

1480 3017 1630 3059 oportet
1665 3009 1770 3058 quod
1801 3009 1926 3056 vigeat
1962 3021 2052 3045 usus
2083 3008 2236 3045 rationis
2271 3015 2452 3056 quantum
2486 3007 2535 3044 ad

1480 3062 1642 3100 omniaz’
1664 3063 1732 3099 sed
1769 3062 1893 3098 solum
1930 3068 2116 3110 quantum
2149 3061 2198 3098 ad
2236 3072 2280 3097 ea
2317 3072 2415 3108 quae
2448 3067 2535 3097 sunt

1480 3115 1626 3163 agenda
1653 3115 1865 3151 secundum
1891 3114 2082 3151 virtutem.
2107 3114 2156 3150 Et
2183 3113 2236 3150 sic
2262 3125 2354 3149 usus
2381 3113 2534 3150 rationis

1479 3168 1582 3216 viget
1608 3167 1645 3204 in
1674 3167 1850 3204 omnibus
1878 3166 2067 3204 virtuosis.
2102 3166 2213 3203 Unde
2249 3165 2360 3202 etiam
2390 3165 2454 3214 qui
2480 3165 2535 3202 vi-

1481 3221 1616 3258 dentur
1632 3219 1832 3268 simplices,
1849 3231 1895 3256 eo
1911 3219 2015 3269 quod
2031 3226 2158 3256 carent
2176 3218 2370 3255 mundana
2389 3217 2534 3264 astutia,

1480 3280 1640 3322 possunt
1655 3285 1737 3309 esse
1751 3271 1972 3321 prudentes3
1988 3271 2199 3309 secundum
2215 3271 2306 3308 illud
2321 3271 2453 3307 Matth.
2465 3269 2533 3307 x*:

1478 3327 1607 3363 Estote
1626 3325 1829 3373 prudentes
1854 3325 1950 3362 sicut
1974 3330 2170 3373 serpentes,
2192 3330 2226 3360 et
2243 3323 2425 3371 simplices
2442 3323 2536 3359 sicut

1480 3379 1686 3415 columbae.

1533 3433 1591 3468 An
1618 3441 1777 3468 TERTltJM
1804 3441 1987 3467 memnon
2015 3429 2119 3478 quod
2142 3427 2317 3466 naturalis
2345 3427 2534 3465 inclinatio

2545 519 2619 540 'Am
2635 523 2683 544 seq.

2548 780 2556 788 ·
2568 779 2615 806 Qu.
2625 784 2675 805 αν,
2684 781 2726 800 art,
2735 784 2756 806 3.

2563 2122 2573 2175 Ξ
2588 2121 2635 2168 (ξι).
2650 2127 2708 2148 nvn,
2729 2124 2771 2142 art.

2580 2164 2586 2174 ,
2620 2163 2625 2168 .

2562 3282 2571 3291 '
2587 3281 2653 3302 Vers.
2669 3280 2700 3302 16.
