<?xml version="1.0" encoding="UTF-8"?>
<!DOCTYPE html PUBLIC "-//W3C//DTD XHTML 1.0 Transitional//EN"
    "http://www.w3.org/TR/xhtml1/DTD/xhtml1-transitional.dtd">
<html xmlns="http://www.w3.org/1999/xhtml" xml:lang="en" lang="en">
 <head>
  <title>
</title>
<meta http-equiv="Content-Type" content="text/html;charset=utf-8" />
  <meta name='ocr-system' content='tesseract 3.04.00' />
  <meta name='ocr-capabilities' content='ocr_page ocr_carea ocr_par ocr_line ocrx_word'/>
</head>
<body>
  <div class='ocr_page' id='page_1' title='image "./operaomniaiussui06thom/operaomniaiussui06thom_0264.png"; bbox 0 0 2852 4152; ppageno 0'>
   <div class='ocr_carea' id='block_1_1' title="bbox 83 425 222 453">
    <p class='ocr_par' dir='ltr' id='par_1_1' title="bbox 83 425 222 453">
     <span class='ocr_line' id='line_1_1' title="bbox 83 425 222 453; baseline -0.014 -5"><span class='ocrx_word' id='word_1_1' title='bbox 83 426 96 437; x_wconf 74' lang='lat'><strong><em>⁴</em></strong></span> <span class='ocrx_word' id='word_1_2' title='bbox 111 425 168 453; x_wconf 80' lang='lat' dir='ltr'><em>Cap.</em></span> <span class='ocrx_word' id='word_1_3' title='bbox 183 431 222 446; x_wconf 81' lang='lat' dir='ltr'><em>xx.</em></span> 
     </span>
    </p>
   </div>
   <div class='ocr_carea' id='block_1_2' title="bbox 85 584 192 605">
    <p class='ocr_par' dir='ltr' id='par_1_2' title="bbox 85 584 192 605">
     <span class='ocr_line' id='line_1_2' title="bbox 85 584 192 605; baseline -0.009 0"><span class='ocrx_word' id='word_1_4' title='bbox 85 584 98 595; x_wconf 77' lang='lat'>⁴</span> <span class='ocrx_word' id='word_1_5' title='bbox 111 585 162 605; x_wconf 86' lang='lat' dir='ltr'>Art.</span> <span class='ocrx_word' id='word_1_6' title='bbox 176 589 192 604; x_wconf 84' lang='grc' dir='ltr'><em>ι.</em></span> 
     </span>
    </p>
   </div>
   <div class='ocr_carea' id='block_1_3' title="bbox 88 1059 223 1081">
    <p class='ocr_par' dir='ltr' id='par_1_3' title="bbox 88 1059 223 1081">
     <span class='ocr_line' id='line_1_3' title="bbox 88 1059 223 1081; baseline -0.007 0"><span class='ocrx_word' id='word_1_7' title='bbox 88 1060 99 1071; x_wconf 64' lang='grc'><em>“</em></span> <span class='ocrx_word' id='word_1_8' title='bbox 113 1059 169 1081; x_wconf 86' lang='lat' dir='ltr'><em>Loc.</em></span> <span class='ocrx_word' id='word_1_9' title='bbox 185 1059 223 1080; x_wconf 83' lang='lat' dir='ltr'><em>cit.</em></span> 
     </span>
    </p>
   </div>
   <div class='ocr_carea' id='block_1_4' title="bbox 327 180 400 215">
    <p class='ocr_par' dir='ltr' id='par_1_4' title="bbox 327 180 400 215">
     <span class='ocr_line' id='line_1_4' title="bbox 327 180 400 215; baseline -0.014 0"><span class='ocrx_word' id='word_1_10' title='bbox 327 180 400 215; x_wconf 87' lang='lat'><em>252</em></span> 
     </span>
    </p>
   </div>
   <div class='ocr_carea' id='block_1_5' title="bbox 315 256 1390 1460">
    <p class='ocr_par' dir='ltr' id='par_1_5' title="bbox 326 256 1387 359">
     <span class='ocr_line' id='line_1_5' title="bbox 326 256 1387 306; baseline -0.002 -12"><span class='ocrx_word' id='word_1_11' title='bbox 326 265 404 294; x_wconf 90' lang='lat' dir='ltr'><em>tem</em></span> <span class='ocrx_word' id='word_1_12' title='bbox 432 256 555 294; x_wconf 88' lang='lat' dir='ltr'><em>maior</em></span> <span class='ocrx_word' id='word_1_13' title='bbox 584 264 638 293; x_wconf 91' lang='lat' dir='ltr'><em>est</em></span> <span class='ocrx_word' id='word_1_14' title='bbox 666 257 806 306; x_wconf 90' lang='lat' dir='ltr'><em>aliquid</em></span> <span class='ocrx_word' id='word_1_15' title='bbox 837 257 1008 295; x_wconf 85' lang='lat' dir='ltr'><em>exterius.</em></span> <span class='ocrx_word' id='word_1_16' title='bbox 1039 258 1141 305; x_wconf 89' lang='lat' dir='ltr'><em>Ergo</em></span> <span class='ocrx_word' id='word_1_17' title='bbox 1171 269 1249 293; x_wconf 91' lang='lat' dir='ltr'><em>non</em></span> <span class='ocrx_word' id='word_1_18' title='bbox 1275 257 1387 293; x_wconf 88' lang='lat' dir='ltr'><em>debet</em></span> 
     </span>
     <span class='ocr_line' id='line_1_6' title="bbox 326 309 741 359; baseline 0.002 -13"><span class='ocrx_word' id='word_1_19' title='bbox 326 309 417 359; x_wconf 89' lang='lat' dir='ltr'><em>poni</em></span> <span class='ocrx_word' id='word_1_20' title='bbox 446 322 559 346; x_wconf 89' lang='lat' dir='ltr'><em>causa</em></span> <span class='ocrx_word' id='word_1_21' title='bbox 589 310 741 347; x_wconf 91' lang='lat' dir='ltr'><em>doloris.</em></span> 
     </span>
    </p>

    <p class='ocr_par' dir='ltr' id='par_1_6' title="bbox 315 361 1388 569">
     <span class='ocr_line' id='line_1_7' title="bbox 381 361 1386 411; baseline -0.003 -12"><span class='ocrx_word' id='word_1_22' title='bbox 381 363 455 399; x_wconf 82' lang='lat' dir='ltr'><em>SED</em></span> <span class='ocrx_word' id='word_1_23' title='bbox 484 374 629 399; x_wconf 78' lang='lat' dir='ltr'>CONTRA</span> <span class='ocrx_word' id='word_1_24' title='bbox 653 374 718 399; x_wconf 81' lang='lat' dir='ltr'><em>EST</em></span> <span class='ocrx_word' id='word_1_25' title='bbox 738 363 842 411; x_wconf 93' lang='lat' dir='ltr'><em>quod</em></span> <span class='ocrx_word' id='word_1_26' title='bbox 862 362 1094 411; x_wconf 87' lang='lat' dir='ltr'><strong>Augustinus</strong></span> <span class='ocrx_word' id='word_1_27' title='bbox 1113 362 1212 408; x_wconf 81' lang='lat' dir='ltr'><em>dicit,</em></span> <span class='ocrx_word' id='word_1_28' title='bbox 1234 361 1272 397; x_wconf 90' lang='lat' dir='ltr'><em>in</em></span> <span class='ocrx_word' id='word_1_29' title='bbox 1291 361 1386 397; x_wconf 92' lang='lat' dir='ltr'><em>libro</em></span> 
     </span>
     <span class='ocr_line' id='line_1_8' title="bbox 325 413 1388 461; baseline -0.004 -9"><span class='ocrx_word' id='word_1_30' title='bbox 325 416 372 452; x_wconf 86' lang='lat' dir='ltr'><em>de</em></span> <span class='ocrx_word' id='word_1_31' title='bbox 389 416 543 452; x_wconf 84' lang='lat' dir='ltr'><em>Natura</em></span> <span class='ocrx_word' id='word_1_32' title='bbox 563 416 663 452; x_wconf 90' lang='lat' dir='ltr'><em>Boni</em></span> <span class='ocrx_word' id='word_1_33' title='bbox 678 415 714 452; x_wconf 73' lang='grc' dir='ltr'><em>*ε</em></span> <span class='ocrx_word' id='word_1_34' title='bbox 744 417 789 452; x_wconf 89' lang='lat' dir='ltr'><em>In</em></span> <span class='ocrx_word' id='word_1_35' title='bbox 810 416 937 452; x_wconf 85' lang='lat' dir='ltr'><em>animo</em></span> <span class='ocrx_word' id='word_1_36' title='bbox 957 415 1124 451; x_wconf 86' lang='lat' dir='ltr'><em>dolorem</em></span> <span class='ocrx_word' id='word_1_37' title='bbox 1137 414 1240 461; x_wconf 88' lang='lat' dir='ltr'><em>facit</em></span> <span class='ocrx_word' id='word_1_38' title='bbox 1258 413 1388 449; x_wconf 83' lang='lat' dir='ltr'><em>volun-</em></span> 
     </span>
     <span class='ocr_line' id='line_1_9' title="bbox 326 465 1387 516; baseline -0.003 -12"><span class='ocrx_word' id='word_1_39' title='bbox 326 474 382 504; x_wconf 87' lang='lat' dir='ltr'><em>tas</em></span> <span class='ocrx_word' id='word_1_40' title='bbox 409 468 579 505; x_wconf 77' lang='lat' dir='ltr'><em>resistens</em></span> <span class='ocrx_word' id='word_1_41' title='bbox 598 469 774 516; x_wconf 81' lang='lat' dir='ltr'><em>potestati</em></span> <span class='ocrx_word' id='word_1_42' title='bbox 791 468 930 504; x_wconf 86' lang='lat' dir='ltr'><em>maiori</em></span> <span class='ocrx_word' id='word_1_43' title='bbox 937 481 949 511; x_wconf 91' lang='lat'><em>‚·</em></span> <span class='ocrx_word' id='word_1_44' title='bbox 978 467 1014 503; x_wconf 87' lang='lat' dir='ltr'><em>in</em></span> <span class='ocrx_word' id='word_1_45' title='bbox 1044 477 1202 515; x_wconf 83' lang='lat' dir='ltr'><em>corpore</em></span> <span class='ocrx_word' id='word_1_46' title='bbox 1220 465 1387 501; x_wconf 86' lang='lat' dir='ltr'><em>dolorem</em></span> 
     </span>
     <span class='ocr_line' id='line_1_10' title="bbox 315 518 1181 569; baseline -0.005 -12"><span class='ocrx_word' id='word_1_47' title='bbox 315 521 419 569; x_wconf 86' lang='lat' dir='ltr'><em>facit</em></span> <span class='ocrx_word' id='word_1_48' title='bbox 442 533 571 558; x_wconf 87' lang='lat' dir='ltr'><em>sensus</em></span> <span class='ocrx_word' id='word_1_49' title='bbox 599 521 770 557; x_wconf 86' lang='lat' dir='ltr'><em>resistens</em></span> <span class='ocrx_word' id='word_1_50' title='bbox 797 520 950 568; x_wconf 88' lang='lat' dir='ltr'><em>corpori</em></span> <span class='ocrx_word' id='word_1_51' title='bbox 969 518 1181 567; x_wconf 83' lang='lat' dir='ltr'><em>potentiori.</em></span> 
     </span>
    </p>

    <p class='ocr_par' dir='ltr' id='par_1_7' title="bbox 326 569 1389 1092">
     <span class='ocr_line' id='line_1_11' title="bbox 381 569 1387 620; baseline -0.005 -10"><span class='ocrx_word' id='word_1_52' title='bbox 381 575 605 610; x_wconf 77' lang='lat' dir='ltr'>RESPONDEO</span> <span class='ocrx_word' id='word_1_53' title='bbox 622 585 804 610; x_wconf 84' lang='lat' dir='ltr'>DICENDUM</span> <span class='ocrx_word' id='word_1_54' title='bbox 825 573 941 620; x_wconf 88' lang='lat' dir='ltr'><em>quod,</em></span> <span class='ocrx_word' id='word_1_55' title='bbox 964 571 1059 607; x_wconf 91' lang='lat' dir='ltr'><em>sicut</em></span> <span class='ocrx_word' id='word_1_56' title='bbox 1079 582 1193 618; x_wconf 92' lang='lat' dir='ltr'><em>supra</em></span> <span class='ocrx_word' id='word_1_57' title='bbox 1207 569 1227 591; x_wconf 73' lang='lat'><em>&#39;¹‘</em></span> <span class='ocrx_word' id='word_1_58' title='bbox 1247 569 1387 606; x_wconf 88' lang='lat' dir='ltr'><em>dictum</em></span> 
     </span>
     <span class='ocr_line' id='line_1_12' title="bbox 328 622 1387 673; baseline -0.005 -10"><span class='ocrx_word' id='word_1_59' title='bbox 328 633 395 673; x_wconf 82' lang='lat' dir='ltr'><em>est,</em></span> <span class='ocrx_word' id='word_1_60' title='bbox 425 627 569 663; x_wconf 89' lang='lat' dir='ltr'><em>malum</em></span> <span class='ocrx_word' id='word_1_61' title='bbox 600 626 843 662; x_wconf 91' lang='lat' dir='ltr'><em>coniunctum</em></span> <span class='ocrx_word' id='word_1_62' title='bbox 865 632 920 660; x_wconf 84' lang='lat' dir='ltr'><em>est</em></span> <span class='ocrx_word' id='word_1_63' title='bbox 944 635 1057 660; x_wconf 88' lang='lat' dir='ltr'><em>causa</em></span> <span class='ocrx_word' id='word_1_64' title='bbox 1077 622 1219 659; x_wconf 91' lang='lat' dir='ltr'><em>doloris</em></span> <span class='ocrx_word' id='word_1_65' title='bbox 1242 623 1305 659; x_wconf 89' lang='lat' dir='ltr'><em>vel</em></span> <span class='ocrx_word' id='word_1_66' title='bbox 1328 622 1387 658; x_wconf 89' lang='lat' dir='ltr'><em>tri-</em></span> 
     </span>
     <span class='ocr_line' id='line_1_13' title="bbox 328 675 1387 727; baseline -0.004 -12"><span class='ocrx_word' id='word_1_67' title='bbox 328 678 445 715; x_wconf 90' lang='lat' dir='ltr'><em>stitiae</em></span> <span class='ocrx_word' id='word_1_68' title='bbox 465 690 534 727; x_wconf 91' lang='lat' dir='ltr'><em>per</em></span> <span class='ocrx_word' id='word_1_69' title='bbox 553 678 713 714; x_wconf 90' lang='lat' dir='ltr'><em>modurn</em></span> <span class='ocrx_word' id='word_1_70' title='bbox 734 677 881 713; x_wconf 90' lang='lat' dir='ltr'><em>obiecti.</em></span> <span class='ocrx_word' id='word_1_71' title='bbox 900 676 941 712; x_wconf 92' lang='lat' dir='ltr'><em>Id</em></span> <span class='ocrx_word' id='word_1_72' title='bbox 964 688 1052 723; x_wconf 89' lang='lat' dir='ltr'><em>ergo</em></span> <span class='ocrx_word' id='word_1_73' title='bbox 1074 675 1179 724; x_wconf 88' lang='lat' dir='ltr'><em>quod</em></span> <span class='ocrx_word' id='word_1_74' title='bbox 1200 682 1254 711; x_wconf 90' lang='lat' dir='ltr'><em>est</em></span> <span class='ocrx_word' id='word_1_75' title='bbox 1274 687 1387 712; x_wconf 87' lang='lat' dir='ltr'><em>causa</em></span> 
     </span>
     <span class='ocr_line' id='line_1_14' title="bbox 329 727 1387 778; baseline -0.003 -11"><span class='ocrx_word' id='word_1_76' title='bbox 329 731 603 767; x_wconf 88' lang='lat' dir='ltr'><em>coniunctionis</em></span> <span class='ocrx_word' id='word_1_77' title='bbox 632 730 733 776; x_wconf 86' lang='lat' dir='ltr'><em>mali,</em></span> <span class='ocrx_word' id='word_1_78' title='bbox 764 730 877 766; x_wconf 89' lang='lat' dir='ltr'><em>debet</em></span> <span class='ocrx_word' id='word_1_79' title='bbox 904 728 996 776; x_wconf 91' lang='lat' dir='ltr'><em>poni</em></span> <span class='ocrx_word' id='word_1_80' title='bbox 1027 740 1140 764; x_wconf 91' lang='lat' dir='ltr'><em>causa</em></span> <span class='ocrx_word' id='word_1_81' title='bbox 1165 727 1306 778; x_wconf 89' lang='lat' dir='ltr'><em>doloris</em></span> <span class='ocrx_word' id='word_1_82' title='bbox 1325 728 1387 765; x_wconf 85' lang='lat' dir='ltr'><em>vel</em></span> 
     </span>
     <span class='ocr_line' id='line_1_15' title="bbox 327 781 1388 820; baseline -0.003 0"><span class='ocrx_word' id='word_1_83' title='bbox 327 783 506 820; x_wconf 85' lang='lat' dir='ltr'><em>tristitiae.</em></span> <span class='ocrx_word' id='word_1_84' title='bbox 537 783 780 819; x_wconf 86' lang='lat' dir='ltr'><em>Manifestum</em></span> <span class='ocrx_word' id='word_1_85' title='bbox 810 789 864 818; x_wconf 91' lang='lat' dir='ltr'><em>est</em></span> <span class='ocrx_word' id='word_1_86' title='bbox 893 788 1021 818; x_wconf 87' lang='lat' dir='ltr'><em>autem</em></span> <span class='ocrx_word' id='word_1_87' title='bbox 1050 781 1125 817; x_wconf 92' lang='lat' dir='ltr'><em>hoc</em></span> <span class='ocrx_word' id='word_1_88' title='bbox 1154 792 1235 817; x_wconf 88' lang='lat' dir='ltr'><em>esse</em></span> <span class='ocrx_word' id='word_1_89' title='bbox 1257 788 1388 817; x_wconf 91' lang='lat' dir='ltr'><em>contra</em></span> 
     </span>
     <span class='ocr_line' id='line_1_16' title="bbox 327 833 1389 883; baseline -0.002 -11"><span class='ocrx_word' id='word_1_90' title='bbox 327 836 607 872; x_wconf 87' lang='lat' dir='ltr'><em>inclinationem</em></span> <span class='ocrx_word' id='word_1_91' title='bbox 629 833 826 883; x_wconf 84' lang='lat' dir='ltr'><em>appetitus,</em></span> <span class='ocrx_word' id='word_1_92' title='bbox 855 841 897 870; x_wconf 89' lang='lat' dir='ltr'><em>ut</em></span> <span class='ocrx_word' id='word_1_93' title='bbox 925 834 1027 870; x_wconf 91' lang='lat' dir='ltr'><em>malo</em></span> <span class='ocrx_word' id='word_1_94' title='bbox 1049 838 1066 854; x_wconf 66' lang='grc' dir='ltr'><strong>α</strong></span> <span class='ocrx_word' id='word_1_95' title='bbox 1092 833 1389 881; x_wconf 85' lang='lat' dir='ltr'><em>praesentialiter</em></span> 
     </span>
     <span class='ocr_line' id='line_1_17' title="bbox 326 886 1386 933; baseline -0.003 -8"><span class='ocrx_word' id='word_1_96' title='bbox 326 889 532 925; x_wconf 90' lang='lat' dir='ltr'><em>inhaereat.</em></span> <span class='ocrx_word' id='word_1_97' title='bbox 563 887 680 933; x_wconf 92' lang='lat' dir='ltr'><em>Quod</em></span> <span class='ocrx_word' id='word_1_98' title='bbox 709 893 836 922; x_wconf 87' lang='lat' dir='ltr'><em>autem</em></span> <span class='ocrx_word' id='word_1_99' title='bbox 866 893 921 923; x_wconf 91' lang='lat' dir='ltr'><em>est</em></span> <span class='ocrx_word' id='word_1_100' title='bbox 948 893 1079 922; x_wconf 91' lang='lat' dir='ltr'><em>contra</em></span> <span class='ocrx_word' id='word_1_101' title='bbox 1106 886 1386 923; x_wconf 87' lang='lat' dir='ltr'><em>inclinationem</em></span> 
     </span>
     <span class='ocr_line' id='line_1_18' title="bbox 328 938 1387 987; baseline -0.002 -10"><span class='ocrx_word' id='word_1_102' title='bbox 328 941 495 987; x_wconf 84' lang='lat' dir='ltr'><em>alicuius,</em></span> <span class='ocrx_word' id='word_1_103' title='bbox 525 951 723 987; x_wconf 90' lang='lat' dir='ltr'><em>nunquam</em></span> <span class='ocrx_word' id='word_1_104' title='bbox 757 939 909 975; x_wconf 89' lang='lat' dir='ltr'><em>advenit</em></span> <span class='ocrx_word' id='word_1_105' title='bbox 939 938 973 974; x_wconf 87' lang='lat' dir='ltr'><em>ei</em></span> <span class='ocrx_word' id='word_1_106' title='bbox 1005 938 1074 975; x_wconf 90' lang='lat' dir='ltr'><em>nisi</em></span> <span class='ocrx_word' id='word_1_107' title='bbox 1107 951 1176 987; x_wconf 91' lang='lat' dir='ltr'><em>per</em></span> <span class='ocrx_word' id='word_1_108' title='bbox 1199 939 1387 975; x_wconf 88' lang='lat' dir='ltr'><em>actionem</em></span> 
     </span>
     <span class='ocr_line' id='line_1_19' title="bbox 328 991 1389 1040; baseline -0.002 -11"><span class='ocrx_word' id='word_1_109' title='bbox 328 993 483 1029; x_wconf 86' lang='lat' dir='ltr'><em>alicuius</em></span> <span class='ocrx_word' id='word_1_110' title='bbox 511 992 684 1028; x_wconf 83' lang='lat' dir='ltr'><em>fortioris.</em></span> <span class='ocrx_word' id='word_1_111' title='bbox 715 992 764 1028; x_wconf 92' lang='lat' dir='ltr'><em>Et</em></span> <span class='ocrx_word' id='word_1_112' title='bbox 791 991 878 1028; x_wconf 92' lang='lat' dir='ltr'><em>ideo</em></span> <span class='ocrx_word' id='word_1_113' title='bbox 907 999 1074 1040; x_wconf 89' lang='lat' dir='ltr'><em>potestas</em></span> <span class='ocrx_word' id='word_1_114' title='bbox 1094 991 1217 1028; x_wconf 85' lang='lat' dir='ltr'><em>maior</em></span> <span class='ocrx_word' id='word_1_115' title='bbox 1234 991 1389 1040; x_wconf 89' lang='lat' dir='ltr'><em>ponitur</em></span> 
     </span>
     <span class='ocr_line' id='line_1_20' title="bbox 328 1044 1090 1092; baseline -0.001 -11"><span class='ocrx_word' id='word_1_116' title='bbox 328 1058 409 1082; x_wconf 91' lang='lat' dir='ltr'><em>esse</em></span> <span class='ocrx_word' id='word_1_117' title='bbox 439 1057 553 1081; x_wconf 89' lang='lat' dir='ltr'><em>causa</em></span> <span class='ocrx_word' id='word_1_118' title='bbox 581 1044 722 1081; x_wconf 91' lang='lat' dir='ltr'><em>doloris</em></span> <span class='ocrx_word' id='word_1_119' title='bbox 752 1045 799 1080; x_wconf 90' lang='lat' dir='ltr'><em>ab</em></span> <span class='ocrx_word' id='word_1_120' title='bbox 827 1044 1039 1092; x_wconf 90' lang='lat' dir='ltr'><em>Augustino</em></span> <span class='ocrx_word' id='word_1_121' title='bbox 1058 1044 1090 1081; x_wconf 71' lang='lat'><em>²¹⁶.</em></span> 
     </span>
    </p>

    <p class='ocr_par' dir='ltr' id='par_1_8' title="bbox 327 1095 1390 1460">
     <span class='ocr_line' id='line_1_21' title="bbox 381 1095 1388 1145; baseline -0.002 -11"><span class='ocrx_word' id='word_1_122' title='bbox 381 1098 458 1134; x_wconf 88' lang='lat' dir='ltr'><em>Sed</em></span> <span class='ocrx_word' id='word_1_123' title='bbox 487 1097 684 1134; x_wconf 92' lang='lat' dir='ltr'><em>sciendum</em></span> <span class='ocrx_word' id='word_1_124' title='bbox 715 1104 769 1133; x_wconf 90' lang='lat' dir='ltr'><em>est</em></span> <span class='ocrx_word' id='word_1_125' title='bbox 797 1098 914 1145; x_wconf 89' lang='lat' dir='ltr'><em>quod,</em></span> <span class='ocrx_word' id='word_1_126' title='bbox 945 1097 974 1133; x_wconf 92' lang='lat' dir='ltr'><em>si</em></span> <span class='ocrx_word' id='word_1_127' title='bbox 998 1103 1165 1145; x_wconf 88' lang='lat' dir='ltr'><em>potestas</em></span> <span class='ocrx_word' id='word_1_128' title='bbox 1184 1095 1317 1132; x_wconf 89' lang='lat' dir='ltr'><em>fortior</em></span> <span class='ocrx_word' id='word_1_129' title='bbox 1334 1095 1388 1132; x_wconf 90' lang='lat' dir='ltr'><em>in-</em></span> 
     </span>
     <span class='ocr_line' id='line_1_22' title="bbox 327 1148 1389 1198; baseline -0.002 -11"><span class='ocrx_word' id='word_1_130' title='bbox 327 1158 474 1187; x_wconf 89' lang='lat' dir='ltr'><em>tantum</em></span> <span class='ocrx_word' id='word_1_131' title='bbox 493 1150 701 1187; x_wconf 86' lang='lat' dir='ltr'><em>invalescat</em></span> <span class='ocrx_word' id='word_1_132' title='bbox 719 1150 823 1198; x_wconf 91' lang='lat' dir='ltr'><em>quod</em></span> <span class='ocrx_word' id='word_1_133' title='bbox 844 1157 964 1186; x_wconf 90' lang='lat' dir='ltr'><em>mutet</em></span> <span class='ocrx_word' id='word_1_134' title='bbox 989 1148 1215 1186; x_wconf 89' lang='lat' dir='ltr'><em>contrariam</em></span> <span class='ocrx_word' id='word_1_135' title='bbox 1235 1148 1389 1185; x_wconf 90' lang='lat' dir='ltr'><em>inclina-</em></span> 
     </span>
     <span class='ocr_line' id='line_1_23' title="bbox 327 1201 1390 1251; baseline -0.002 -11"><span class='ocrx_word' id='word_1_136' title='bbox 327 1203 472 1240; x_wconf 88' lang='lat' dir='ltr'><em>tionem</em></span> <span class='ocrx_word' id='word_1_137' title='bbox 501 1202 539 1239; x_wconf 89' lang='lat' dir='ltr'><em>in</em></span> <span class='ocrx_word' id='word_1_138' title='bbox 567 1202 850 1239; x_wconf 89' lang='lat' dir='ltr'><em>inclinationem</em></span> <span class='ocrx_word' id='word_1_139' title='bbox 879 1202 1086 1251; x_wconf 84' lang='lat' dir='ltr'><em>propriam,</em></span> <span class='ocrx_word' id='word_1_140' title='bbox 1116 1201 1193 1238; x_wconf 91' lang='lat' dir='ltr'><em>iam</em></span> <span class='ocrx_word' id='word_1_141' title='bbox 1222 1214 1301 1238; x_wconf 92' lang='lat' dir='ltr'><em>non</em></span> <span class='ocrx_word' id='word_1_142' title='bbox 1322 1201 1390 1238; x_wconf 92' lang='lat' dir='ltr'><em>erit</em></span> 
     </span>
     <span class='ocr_line' id='line_1_24' title="bbox 328 1254 1387 1304; baseline -0.001 -12"><span class='ocrx_word' id='word_1_143' title='bbox 328 1257 453 1304; x_wconf 90' lang='lat' dir='ltr'><em>aliqua</em></span> <span class='ocrx_word' id='word_1_144' title='bbox 490 1255 737 1304; x_wconf 86' lang='lat' dir='ltr'><em>repugnantia</em></span> <span class='ocrx_word' id='word_1_145' title='bbox 771 1256 833 1292; x_wconf 89' lang='lat' dir='ltr'><em>vel</em></span> <span class='ocrx_word' id='word_1_146' title='bbox 864 1254 1067 1291; x_wconf 89' lang='lat' dir='ltr'><em>violentia:</em></span> <span class='ocrx_word' id='word_1_147' title='bbox 1101 1254 1196 1291; x_wconf 87' lang='lat' dir='ltr'><em>sicut</em></span> <span class='ocrx_word' id='word_1_148' title='bbox 1233 1254 1387 1303; x_wconf 89' lang='lat' dir='ltr'><em>quando</em></span> 
     </span>
     <span class='ocr_line' id='line_1_25' title="bbox 328 1307 1390 1357; baseline -0.002 -12"><span class='ocrx_word' id='word_1_149' title='bbox 328 1321 444 1357; x_wconf 89' lang='lat' dir='ltr'><em>agens</em></span> <span class='ocrx_word' id='word_1_150' title='bbox 472 1309 616 1355; x_wconf 85' lang='lat' dir='ltr'><em>fortius,</em></span> <span class='ocrx_word' id='word_1_151' title='bbox 646 1308 926 1356; x_wconf 87' lang='lat' dir='ltr'><em>corrumpendo</em></span> <span class='ocrx_word' id='word_1_152' title='bbox 958 1320 1096 1356; x_wconf 91' lang='lat' dir='ltr'><em>corpus</em></span> <span class='ocrx_word' id='word_1_153' title='bbox 1120 1319 1248 1355; x_wconf 85' lang='lat' dir='ltr'><em>grave,</em></span> <span class='ocrx_word' id='word_1_154' title='bbox 1270 1307 1390 1344; x_wconf 87' lang='lat' dir='ltr'><em>aufert</em></span> 
     </span>
     <span class='ocr_line' id='line_1_26' title="bbox 329 1360 1388 1408; baseline -0.002 -10"><span class='ocrx_word' id='word_1_155' title='bbox 329 1362 363 1398; x_wconf 91' lang='lat' dir='ltr'><em>ei</em></span> <span class='ocrx_word' id='word_1_156' title='bbox 400 1361 681 1398; x_wconf 90' lang='lat' dir='ltr'><em>inclinationem</em></span> <span class='ocrx_word' id='word_1_157' title='bbox 719 1373 794 1408; x_wconf 92' lang='lat' dir='ltr'><em>qua</em></span> <span class='ocrx_word' id='word_1_158' title='bbox 832 1361 951 1398; x_wconf 90' lang='lat' dir='ltr'><em>tendit</em></span> <span class='ocrx_word' id='word_1_159' title='bbox 988 1360 1190 1406; x_wconf 87' lang='lat' dir='ltr'><em>deorsum;</em></span> <span class='ocrx_word' id='word_1_160' title='bbox 1230 1367 1265 1397; x_wconf 92' lang='lat' dir='ltr'><em>et</em></span> <span class='ocrx_word' id='word_1_161' title='bbox 1299 1367 1388 1396; x_wconf 91' lang='lat' dir='ltr'><em>tunc</em></span> 
     </span>
     <span class='ocr_line' id='line_1_27' title="bbox 328 1413 1385 1460; baseline -0.001 -10"><span class='ocrx_word' id='word_1_162' title='bbox 328 1414 413 1451; x_wconf 86' lang='lat' dir='ltr'><em>ferri</em></span> <span class='ocrx_word' id='word_1_163' title='bbox 442 1426 591 1451; x_wconf 90' lang='lat' dir='ltr'><em>sursum</em></span> <span class='ocrx_word' id='word_1_164' title='bbox 619 1426 695 1450; x_wconf 91' lang='lat' dir='ltr'><em>non</em></span> <span class='ocrx_word' id='word_1_165' title='bbox 727 1421 783 1450; x_wconf 89' lang='lat' dir='ltr'><em>est</em></span> <span class='ocrx_word' id='word_1_166' title='bbox 810 1413 845 1450; x_wconf 91' lang='lat' dir='ltr'><em>ei</em></span> <span class='ocrx_word' id='word_1_167' title='bbox 872 1413 1097 1460; x_wconf 84' lang='lat' dir='ltr'><em>violentum,</em></span> <span class='ocrx_word' id='word_1_168' title='bbox 1119 1413 1187 1450; x_wconf 91' lang='lat' dir='ltr'><em>sed</em></span> <span class='ocrx_word' id='word_1_169' title='bbox 1206 1413 1385 1450; x_wconf 89' lang='lat' dir='ltr'><em>naturale.</em></span> 
     </span>
    </p>
   </div>
   <div class='ocr_carea' id='block_1_6' title="bbox 1018 1502 1177 1506">
    <p class='ocr_par' dir='ltr' id='par_1_9' title="bbox 1018 1502 1177 1506">
     <span class='ocr_line' id='line_1_28' title="bbox 1018 1502 1177 1506; baseline 0 0"><span class='ocrx_word' id='word_1_170' title='bbox 1018 1502 1177 1506; x_wconf 95' lang='lat' dir='ltr'><em> </em></span> 
     </span>
    </p>
   </div>
   <div class='ocr_carea' id='block_1_7' title="bbox 383 1546 993 1581">
    <p class='ocr_par' dir='ltr' id='par_1_10' title="bbox 383 1546 993 1581">
     <span class='ocr_line' id='line_1_29' title="bbox 383 1546 993 1581; baseline -0.005 -8"><span class='ocrx_word' id='word_1_171' title='bbox 383 1549 409 1581; x_wconf 88' lang='grc' dir='ltr'><em>α)</em></span> <span class='ocrx_word' id='word_1_172' title='bbox 430 1549 509 1573; x_wconf 83' lang='lat' dir='ltr'><em>malo.</em></span> <span class='ocrx_word' id='word_1_173' title='bbox 527 1562 545 1566; x_wconf 89' lang='lat'><em>-</em></span> <span class='ocrx_word' id='word_1_174' title='bbox 564 1547 640 1572; x_wconf 84' lang='lat' dir='ltr'><em>malis</em></span> <span class='ocrx_word' id='word_1_175' title='bbox 660 1547 688 1578; x_wconf 79' lang='lat' dir='ltr'><em>E,</em></span> <span class='ocrx_word' id='word_1_176' title='bbox 710 1547 807 1571; x_wconf 88' lang='lat' dir='ltr'><em>malum</em></span> <span class='ocrx_word' id='word_1_177' title='bbox 828 1546 904 1570; x_wconf 86' lang='lat' dir='ltr'><em>ceteri</em></span> <span class='ocrx_word' id='word_1_178' title='bbox 925 1551 950 1570; x_wconf 89' lang='lat' dir='ltr'><em>et</em></span> <span class='ocrx_word' id='word_1_179' title='bbox 968 1553 993 1570; x_wconf 87' lang='lat' dir='ltr'><em>a.</em></span> 
     </span>
    </p>
   </div>
   <div class='ocr_carea' id='block_1_8' title="bbox 980 177 1856 225">
    <p class='ocr_par' dir='ltr' id='par_1_11' title="bbox 980 177 1856 225">
     <span class='ocr_line' id='line_1_30' title="bbox 980 177 1856 225; baseline -0.002 -9"><span class='ocrx_word' id='word_1_180' title='bbox 980 178 1244 225; x_wconf 81' lang='lat' dir='ltr'><em>QUAESTio</em></span> <span class='ocrx_word' id='word_1_181' title='bbox 1274 179 1449 224; x_wconf 49' lang='lat' dir='ltr'><em>xxxva</em></span> <span class='ocrx_word' id='word_1_182' title='bbox 1480 177 1775 215; x_wconf 84' lang='lat' dir='ltr'><strong>ARTICULUS</strong></span> <span class='ocrx_word' id='word_1_183' title='bbox 1805 178 1856 214; x_wconf 82' lang='lat' dir='ltr'><em>lv</em></span> 
     </span>
    </p>
   </div>
   <div class='ocr_carea' id='block_1_9' title="bbox 1435 256 2503 1041">
    <p class='ocr_par' dir='ltr' id='par_1_12' title="bbox 1435 256 2503 722">
     <span class='ocr_line' id='line_1_31' title="bbox 1444 256 2503 305; baseline 0.002 -13"><span class='ocrx_word' id='word_1_184' title='bbox 1444 256 1507 292; x_wconf 91' lang='lat' dir='ltr'><em>Sic</em></span> <span class='ocrx_word' id='word_1_185' title='bbox 1534 256 1644 304; x_wconf 87' lang='lat' dir='ltr'><em>igitur</em></span> <span class='ocrx_word' id='word_1_186' title='bbox 1672 256 1702 292; x_wconf 91' lang='lat' dir='ltr'><em>si</em></span> <span class='ocrx_word' id='word_1_187' title='bbox 1731 256 1854 304; x_wconf 90' lang='lat' dir='ltr'><em>aliqua</em></span> <span class='ocrx_word' id='word_1_188' title='bbox 1882 263 2048 305; x_wconf 89' lang='lat' dir='ltr'><em>potestas</em></span> <span class='ocrx_word' id='word_1_189' title='bbox 2081 257 2204 294; x_wconf 88' lang='lat' dir='ltr'><em>maior</em></span> <span class='ocrx_word' id='word_1_190' title='bbox 2232 257 2419 294; x_wconf 88' lang='lat' dir='ltr'><em>intantum</em></span> <span class='ocrx_word' id='word_1_191' title='bbox 2447 257 2503 294; x_wconf 93' lang='lat' dir='ltr'><em>in-</em></span> 
     </span>
     <span class='ocr_line' id='line_1_32' title="bbox 1442 309 2503 357; baseline 0.002 -12"><span class='ocrx_word' id='word_1_192' title='bbox 1442 310 1608 345; x_wconf 87' lang='lat' dir='ltr'><em>valescat</em></span> <span class='ocrx_word' id='word_1_193' title='bbox 1631 309 1736 357; x_wconf 91' lang='lat' dir='ltr'><em>quod</em></span> <span class='ocrx_word' id='word_1_194' title='bbox 1756 309 1900 345; x_wconf 86' lang='lat' dir='ltr'><em>auferat</em></span> <span class='ocrx_word' id='word_1_195' title='bbox 1918 309 2199 347; x_wconf 85' lang='lat' dir='ltr'><em>inclinationem</em></span> <span class='ocrx_word' id='word_1_196' title='bbox 2218 310 2422 347; x_wconf 87' lang='lat' dir='ltr'><em>voluntatis</em></span> <span class='ocrx_word' id='word_1_197' title='bbox 2440 311 2503 347; x_wconf 89' lang='lat' dir='ltr'><em>vel</em></span> 
     </span>
     <span class='ocr_line' id='line_1_33' title="bbox 1443 361 2502 412; baseline 0.002 -15"><span class='ocrx_word' id='word_1_198' title='bbox 1443 361 1630 409; x_wconf 84' lang='lat' dir='ltr'><em>appetitus</em></span> <span class='ocrx_word' id='word_1_199' title='bbox 1659 361 1835 407; x_wconf 90' lang='lat' dir='ltr'><em>sensitivi,</em></span> <span class='ocrx_word' id='word_1_200' title='bbox 1867 373 1911 398; x_wconf 87' lang='lat' dir='ltr'><em>ex</em></span> <span class='ocrx_word' id='word_1_201' title='bbox 1940 374 1985 398; x_wconf 82' lang='lat' dir='ltr'><em>ea</em></span> <span class='ocrx_word' id='word_1_202' title='bbox 2011 374 2090 400; x_wconf 89' lang='lat' dir='ltr'><em>non</em></span> <span class='ocrx_word' id='word_1_203' title='bbox 2118 363 2286 412; x_wconf 90' lang='lat' dir='ltr'><em>sequitur</em></span> <span class='ocrx_word' id='word_1_204' title='bbox 2313 363 2423 399; x_wconf 92' lang='lat' dir='ltr'><em>dolor</em></span> <span class='ocrx_word' id='word_1_205' title='bbox 2440 364 2502 399; x_wconf 92' lang='lat' dir='ltr'><em>vel</em></span> 
     </span>
     <span class='ocr_line' id='line_1_34' title="bbox 1441 412 2503 464; baseline 0.003 -15"><span class='ocrx_word' id='word_1_206' title='bbox 1441 412 1603 449; x_wconf 88' lang='lat' dir='ltr'><em>tristitia:</em></span> <span class='ocrx_word' id='word_1_207' title='bbox 1629 413 1697 450; x_wconf 91' lang='lat' dir='ltr'><em>sed</em></span> <span class='ocrx_word' id='word_1_208' title='bbox 1712 421 1801 449; x_wconf 91' lang='lat' dir='ltr'><em>tunc</em></span> <span class='ocrx_word' id='word_1_209' title='bbox 1820 414 1944 451; x_wconf 88' lang='lat' dir='ltr'><em>solum</em></span> <span class='ocrx_word' id='word_1_210' title='bbox 1964 415 2142 462; x_wconf 87' lang='lat' dir='ltr'><em>sequitur,</em></span> <span class='ocrx_word' id='word_1_211' title='bbox 2160 415 2313 464; x_wconf 89' lang='lat' dir='ltr'><em>quando</em></span> <span class='ocrx_word' id='word_1_212' title='bbox 2330 423 2503 452; x_wconf 86' lang='lat' dir='ltr'><em>remanet</em></span> 
     </span>
     <span class='ocr_line' id='line_1_35' title="bbox 1441 464 2502 513; baseline 0.004 -13"><span class='ocrx_word' id='word_1_213' title='bbox 1441 464 1631 501; x_wconf 88' lang='lat' dir='ltr'><em>inclinatio</em></span> <span class='ocrx_word' id='word_1_214' title='bbox 1669 465 1857 513; x_wconf 85' lang='lat' dir='ltr'><em>appetitus</em></span> <span class='ocrx_word' id='word_1_215' title='bbox 1893 466 1932 504; x_wconf 90' lang='lat' dir='ltr'><em>in</em></span> <span class='ocrx_word' id='word_1_216' title='bbox 1970 468 2210 505; x_wconf 89' lang='lat' dir='ltr'><em>contrarium.</em></span> <span class='ocrx_word' id='word_1_217' title='bbox 2250 469 2299 504; x_wconf 90' lang='lat' dir='ltr'><em>Et</em></span> <span class='ocrx_word' id='word_1_218' title='bbox 2330 467 2418 505; x_wconf 89' lang='lat' dir='ltr'><em>inde</em></span> <span class='ocrx_word' id='word_1_219' title='bbox 2446 475 2502 505; x_wconf 85' lang='lat' dir='ltr'><em>est</em></span> 
     </span>
     <span class='ocr_line' id='line_1_36' title="bbox 1442 517 2501 568; baseline 0.003 -15"><span class='ocrx_word' id='word_1_220' title='bbox 1442 518 1547 565; x_wconf 93' lang='lat' dir='ltr'><em>quod</em></span> <span class='ocrx_word' id='word_1_221' title='bbox 1575 517 1806 565; x_wconf 90' lang='lat' dir='ltr'><em>Augustinus</em></span> <span class='ocrx_word' id='word_1_222' title='bbox 1834 518 1922 556; x_wconf 89' lang='lat' dir='ltr'><em>dicit</em></span> <span class='ocrx_word' id='word_1_223' title='bbox 1947 519 1967 541; x_wconf 75' lang='lat'><em>&#39;⁸‘</em></span> <span class='ocrx_word' id='word_1_224' title='bbox 1995 521 2099 568; x_wconf 93' lang='lat' dir='ltr'><em>quod</em></span> <span class='ocrx_word' id='word_1_225' title='bbox 2126 522 2303 558; x_wconf 86' lang='lat' dir='ltr'><em>voluntas</em></span> <span class='ocrx_word' id='word_1_226' title='bbox 2332 520 2501 557; x_wconf 88' lang='lat' dir='ltr'><em>resistens</em></span> 
     </span>
     <span class='ocr_line' id='line_1_37' title="bbox 1435 570 2503 618; baseline 0.004 -13"><span class='ocrx_word' id='word_1_227' title='bbox 1435 570 1611 618; x_wconf 86' lang='lat' dir='ltr'><em>potestati</em></span> <span class='ocrx_word' id='word_1_228' title='bbox 1620 571 1791 618; x_wconf 83' lang='lat' dir='ltr'><em>fortiori,</em></span> <span class='ocrx_word' id='word_1_229' title='bbox 1809 579 1937 608; x_wconf 91' lang='lat' dir='ltr'><em>causat</em></span> <span class='ocrx_word' id='word_1_230' title='bbox 1959 571 2153 610; x_wconf 91' lang='lat' dir='ltr'><em>dolorem:</em></span> <span class='ocrx_word' id='word_1_231' title='bbox 2174 573 2204 610; x_wconf 92' lang='lat' dir='ltr'><em>si</em></span> <span class='ocrx_word' id='word_1_232' title='bbox 2225 571 2326 610; x_wconf 88' lang='lat' dir='ltr'><em>enim</em></span> <span class='ocrx_word' id='word_1_233' title='bbox 2345 585 2423 609; x_wconf 89' lang='lat' dir='ltr'><em>non</em></span> <span class='ocrx_word' id='word_1_234' title='bbox 2445 585 2503 609; x_wconf 89' lang='lat' dir='ltr'><em>re-</em></span> 
     </span>
     <span class='ocr_line' id='line_1_38' title="bbox 1442 622 2503 674; baseline 0.004 -16"><span class='ocrx_word' id='word_1_235' title='bbox 1442 622 1598 669; x_wconf 81' lang='lat' dir='ltr'><em>sisteret,</em></span> <span class='ocrx_word' id='word_1_236' title='bbox 1619 623 1688 659; x_wconf 87' lang='lat' dir='ltr'><em>sed</em></span> <span class='ocrx_word' id='word_1_237' title='bbox 1707 623 1857 660; x_wconf 88' lang='lat' dir='ltr'><em>cederet</em></span> <span class='ocrx_word' id='word_1_238' title='bbox 1876 625 2161 672; x_wconf 85' lang='lat' dir='ltr'><em>consentiendo,</em></span> <span class='ocrx_word' id='word_1_239' title='bbox 2181 638 2260 663; x_wconf 90' lang='lat' dir='ltr'><em>non</em></span> <span class='ocrx_word' id='word_1_240' title='bbox 2280 633 2503 674; x_wconf 87' lang='lat' dir='ltr'><em>sequeretur</em></span> 
     </span>
     <span class='ocr_line' id='line_1_39' title="bbox 1443 675 1899 722; baseline 0.002 -11"><span class='ocrx_word' id='word_1_241' title='bbox 1443 675 1563 722; x_wconf 79' lang='lat' dir='ltr'><em>dolor,</em></span> <span class='ocrx_word' id='word_1_242' title='bbox 1593 675 1660 711; x_wconf 91' lang='lat' dir='ltr'><em>sed</em></span> <span class='ocrx_word' id='word_1_243' title='bbox 1689 675 1899 712; x_wconf 86' lang='lat' dir='ltr'><em>delectatio.</em></span> 
     </span>
    </p>

    <p class='ocr_par' dir='ltr' id='par_1_13' title="bbox 1441 729 2502 936">
     <span class='ocr_line' id='line_1_40' title="bbox 1494 729 2501 779; baseline 0.003 -15"><span class='ocrx_word' id='word_1_244' title='bbox 1494 729 1554 764; x_wconf 82' lang='lat' dir='ltr'><em>AD</em></span> <span class='ocrx_word' id='word_1_245' title='bbox 1578 739 1715 764; x_wconf 82' lang='lat' dir='ltr'>PRIMUM</span> <span class='ocrx_word' id='word_1_246' title='bbox 1734 739 1831 764; x_wconf 82' lang='lat' dir='ltr'>ERGO</span> <span class='ocrx_word' id='word_1_247' title='bbox 1852 740 2035 765; x_wconf 80' lang='lat' dir='ltr'>DICENDUM</span> <span class='ocrx_word' id='word_1_248' title='bbox 2060 730 2164 777; x_wconf 92' lang='lat' dir='ltr'><em>quod</em></span> <span class='ocrx_word' id='word_1_249' title='bbox 2185 731 2307 767; x_wconf 89' lang='lat' dir='ltr'><em>maior</em></span> <span class='ocrx_word' id='word_1_250' title='bbox 2333 737 2501 779; x_wconf 90' lang='lat' dir='ltr'><em>potestas</em></span> 
     </span>
     <span class='ocr_line' id='line_1_41' title="bbox 1443 781 2502 831; baseline 0.003 -14"><span class='ocrx_word' id='word_1_251' title='bbox 1443 781 1616 817; x_wconf 89' lang='lat' dir='ltr'><em>dolorem</em></span> <span class='ocrx_word' id='word_1_252' title='bbox 1641 787 1780 828; x_wconf 83' lang='lat' dir='ltr'><em>causat,</em></span> <span class='ocrx_word' id='word_1_253' title='bbox 1801 793 1879 817; x_wconf 88' lang='lat' dir='ltr'><em>non</em></span> <span class='ocrx_word' id='word_1_254' title='bbox 1899 781 2112 818; x_wconf 85' lang='lat' dir='ltr'><em>secundum</em></span> <span class='ocrx_word' id='word_1_255' title='bbox 2131 783 2237 830; x_wconf 91' lang='lat' dir='ltr'><em>quod</em></span> <span class='ocrx_word' id='word_1_256' title='bbox 2257 790 2312 820; x_wconf 89' lang='lat' dir='ltr'><em>est</em></span> <span class='ocrx_word' id='word_1_257' title='bbox 2331 795 2445 831; x_wconf 88' lang='lat' dir='ltr'><em>agens</em></span> <span class='ocrx_word' id='word_1_258' title='bbox 2464 783 2502 820; x_wconf 90' lang='lat' dir='ltr'><em>in</em></span> 
     </span>
     <span class='ocr_line' id='line_1_42' title="bbox 1441 833 2501 882; baseline 0.003 -12"><span class='ocrx_word' id='word_1_259' title='bbox 1441 833 1621 882; x_wconf 88' lang='lat' dir='ltr'><em>potentia,</em></span> <span class='ocrx_word' id='word_1_260' title='bbox 1639 833 1707 870; x_wconf 89' lang='lat' dir='ltr'><em>sed</em></span> <span class='ocrx_word' id='word_1_261' title='bbox 1726 833 1937 870; x_wconf 91' lang='lat' dir='ltr'><em>secundum</em></span> <span class='ocrx_word' id='word_1_262' title='bbox 1957 833 2061 882; x_wconf 89' lang='lat' dir='ltr'><em>quod</em></span> <span class='ocrx_word' id='word_1_263' title='bbox 2082 842 2136 870; x_wconf 89' lang='lat' dir='ltr'><em>est</em></span> <span class='ocrx_word' id='word_1_264' title='bbox 2151 847 2265 882; x_wconf 89' lang='lat' dir='ltr'><em>agens</em></span> <span class='ocrx_word' id='word_1_265' title='bbox 2285 843 2386 873; x_wconf 91' lang='lat' dir='ltr'><em>actu:</em></span> <span class='ocrx_word' id='word_1_266' title='bbox 2408 836 2501 873; x_wconf 89' lang='lat' dir='ltr'><em>dum</em></span> 
     </span>
     <span class='ocr_line' id='line_1_43' title="bbox 1443 886 2394 936; baseline 0.003 -14"><span class='ocrx_word' id='word_1_267' title='bbox 1443 886 1583 923; x_wconf 87' lang='lat' dir='ltr'><em>scilicet</em></span> <span class='ocrx_word' id='word_1_268' title='bbox 1611 886 1698 922; x_wconf 85' lang='lat' dir='ltr'><em>facit</em></span> <span class='ocrx_word' id='word_1_269' title='bbox 1726 886 2032 923; x_wconf 90' lang='lat' dir='ltr'><em>coniunctionem</em></span> <span class='ocrx_word' id='word_1_270' title='bbox 2060 886 2151 923; x_wconf 90' lang='lat' dir='ltr'><em>mali</em></span> <span class='ocrx_word' id='word_1_271' title='bbox 2179 888 2394 936; x_wconf 86' lang='lat' dir='ltr'><em>corruptivi.</em></span> 
     </span>
    </p>

    <p class='ocr_par' dir='ltr' id='par_1_14' title="bbox 1444 939 2502 1041">
     <span class='ocr_line' id='line_1_44' title="bbox 1496 939 2502 988; baseline 0.004 -14"><span class='ocrx_word' id='word_1_272' title='bbox 1496 940 1554 975; x_wconf 85' lang='lat' dir='ltr'><em>AD</em></span> <span class='ocrx_word' id='word_1_273' title='bbox 1575 950 1764 975; x_wconf 78' lang='lat' dir='ltr'><strong>SECUNDUM</strong></span> <span class='ocrx_word' id='word_1_274' title='bbox 1784 950 1967 976; x_wconf 80' lang='lat' dir='ltr'>DlCENDUM</span> <span class='ocrx_word' id='word_1_275' title='bbox 1996 939 2099 987; x_wconf 92' lang='lat' dir='ltr'><em>quod</em></span> <span class='ocrx_word' id='word_1_276' title='bbox 2125 939 2216 975; x_wconf 90' lang='lat' dir='ltr'><em>nihil</em></span> <span class='ocrx_word' id='word_1_277' title='bbox 2243 940 2419 988; x_wconf 92' lang='lat' dir='ltr'><em>prohibet</em></span> <span class='ocrx_word' id='word_1_278' title='bbox 2438 941 2502 978; x_wconf 88' lang='lat' dir='ltr'><em>ali—</em></span> 
     </span>
     <span class='ocr_line' id='line_1_45' title="bbox 1444 991 2500 1041; baseline 0.003 -14"><span class='ocrx_word' id='word_1_279' title='bbox 1444 1003 1561 1039; x_wconf 91' lang='lat' dir='ltr'><em>quam</em></span> <span class='ocrx_word' id='word_1_280' title='bbox 1581 998 1808 1039; x_wconf 89' lang='lat' dir='ltr'><em>potestatem</em></span> <span class='ocrx_word' id='word_1_281' title='bbox 1837 1003 1934 1039; x_wconf 89' lang='lat' dir='ltr'><em>quae</em></span> <span class='ocrx_word' id='word_1_282' title='bbox 1959 1003 2037 1028; x_wconf 89' lang='lat' dir='ltr'><em>non</em></span> <span class='ocrx_word' id='word_1_283' title='bbox 2057 999 2113 1028; x_wconf 91' lang='lat' dir='ltr'><em>est</em></span> <span class='ocrx_word' id='word_1_284' title='bbox 2132 991 2255 1028; x_wconf 91' lang='lat' dir='ltr'><em>maior</em></span> <span class='ocrx_word' id='word_1_285' title='bbox 2273 992 2500 1041; x_wconf 82' lang='lat' dir='ltr'><em>simpliciter,</em></span> 
     </span>
    </p>
   </div>
   <div class='ocr_carea' id='block_1_10' title="bbox 1429 1044 2502 1092">
    <p class='ocr_par' dir='ltr' id='par_1_15' title="bbox 1429 1044 2502 1092">
     <span class='ocr_line' id='line_1_46' title="bbox 1429 1044 2502 1092; baseline 0.004 -13"><span class='ocrx_word' id='word_1_286' title='bbox 1429 1055 1526 1079; x_wconf 88' lang='lat' dir='ltr'><em>esse</em></span> <span class='ocrx_word' id='word_1_287' title='bbox 1547 1055 1733 1080; x_wconf 83' lang='lat' dir='ltr'><em>maiorem</em></span> <span class='ocrx_word' id='word_1_288' title='bbox 1763 1051 1947 1091; x_wconf 88' lang='lat' dir='ltr'><em>quantum</em></span> <span class='ocrx_word' id='word_1_289' title='bbox 1968 1044 2015 1080; x_wconf 92' lang='lat' dir='ltr'><em>ad</em></span> <span class='ocrx_word' id='word_1_290' title='bbox 2037 1044 2189 1092; x_wconf 91' lang='lat' dir='ltr'><em>aliquid.</em></span> <span class='ocrx_word' id='word_1_291' title='bbox 2215 1045 2264 1081; x_wconf 90' lang='lat' dir='ltr'><em>Et</em></span> <span class='ocrx_word' id='word_1_292' title='bbox 2290 1047 2502 1083; x_wconf 88' lang='lat' dir='ltr'><em>secundum</em></span> 
     </span>
    </p>
   </div>
   <div class='ocr_carea' id='block_1_11' title="bbox 1442 1095 2504 1462">
    <p class='ocr_par' dir='ltr' id='par_1_16' title="bbox 1442 1095 2503 1250">
     <span class='ocr_line' id='line_1_47' title="bbox 1442 1095 2502 1145; baseline 0.003 -14"><span class='ocrx_word' id='word_1_293' title='bbox 1442 1096 1529 1143; x_wconf 88' lang='lat' dir='ltr'><em>hoc,</em></span> <span class='ocrx_word' id='word_1_294' title='bbox 1546 1095 1700 1143; x_wconf 88' lang='lat' dir='ltr'><em>aliquod</em></span> <span class='ocrx_word' id='word_1_295' title='bbox 1719 1104 1995 1133; x_wconf 87' lang='lat' dir='ltr'><em>nocumentum</em></span> <span class='ocrx_word' id='word_1_296' title='bbox 2009 1096 2143 1133; x_wconf 89' lang='lat' dir='ltr'><em>inferre</em></span> <span class='ocrx_word' id='word_1_297' title='bbox 2163 1103 2297 1145; x_wconf 87' lang='lat' dir='ltr'><em>potest.</em></span> <span class='ocrx_word' id='word_1_298' title='bbox 2316 1097 2355 1134; x_wconf 91' lang='lat' dir='ltr'><em>Si</em></span> <span class='ocrx_word' id='word_1_299' title='bbox 2374 1105 2502 1135; x_wconf 89' lang='lat' dir='ltr'><em>autem</em></span> 
     </span>
     <span class='ocr_line' id='line_1_48' title="bbox 1443 1148 2503 1198; baseline 0.003 -14"><span class='ocrx_word' id='word_1_300' title='bbox 1443 1149 1545 1185; x_wconf 92' lang='lat' dir='ltr'><em>nullo</em></span> <span class='ocrx_word' id='word_1_301' title='bbox 1573 1148 1692 1185; x_wconf 92' lang='lat' dir='ltr'><em>modo</em></span> <span class='ocrx_word' id='word_1_302' title='bbox 1721 1148 1844 1185; x_wconf 90' lang='lat' dir='ltr'><em>maior</em></span> <span class='ocrx_word' id='word_1_303' title='bbox 1872 1156 1981 1196; x_wconf 79' lang='lat' dir='ltr'><em>esset,</em></span> <span class='ocrx_word' id='word_1_304' title='bbox 2010 1150 2115 1186; x_wconf 91' lang='lat' dir='ltr'><em>nullo</em></span> <span class='ocrx_word' id='word_1_305' title='bbox 2144 1150 2263 1187; x_wconf 91' lang='lat' dir='ltr'><em>modo</em></span> <span class='ocrx_word' id='word_1_306' title='bbox 2288 1157 2417 1198; x_wconf 88' lang='lat' dir='ltr'><em>posset</em></span> <span class='ocrx_word' id='word_1_307' title='bbox 2435 1162 2503 1187; x_wconf 91' lang='lat' dir='ltr'><em>no-</em></span> 
     </span>
     <span class='ocr_line' id='line_1_49' title="bbox 1444 1201 2462 1250; baseline 0.001 -12"><span class='ocrx_word' id='word_1_308' title='bbox 1444 1213 1539 1238; x_wconf 87' lang='lat' dir='ltr'><em>cere.</em></span> <span class='ocrx_word' id='word_1_309' title='bbox 1561 1201 1672 1238; x_wconf 90' lang='lat' dir='ltr'><em>Unde</em></span> <span class='ocrx_word' id='word_1_310' title='bbox 1701 1213 1780 1238; x_wconf 92' lang='lat' dir='ltr'><em>non</em></span> <span class='ocrx_word' id='word_1_311' title='bbox 1807 1209 1937 1250; x_wconf 91' lang='lat' dir='ltr'><em>posset</em></span> <span class='ocrx_word' id='word_1_312' title='bbox 1964 1214 2118 1239; x_wconf 89' lang='lat' dir='ltr'><em>causam</em></span> <span class='ocrx_word' id='word_1_313' title='bbox 2148 1202 2287 1239; x_wconf 91' lang='lat' dir='ltr'><em>doloris</em></span> <span class='ocrx_word' id='word_1_314' title='bbox 2315 1202 2462 1240; x_wconf 84' lang='lat' dir='ltr'><em>inferre.</em></span> 
     </span>
    </p>

    <p class='ocr_par' dir='ltr' id='par_1_17' title="bbox 1443 1254 2504 1462">
     <span class='ocr_line' id='line_1_50' title="bbox 1496 1254 2503 1305; baseline 0.001 -14"><span class='ocrx_word' id='word_1_315' title='bbox 1496 1255 1555 1291; x_wconf 84' lang='lat' dir='ltr'><em>AD</em></span> <span class='ocrx_word' id='word_1_316' title='bbox 1565 1266 1724 1291; x_wconf 79' lang='lat' dir='ltr'>TERTIUM</span> <span class='ocrx_word' id='word_1_317' title='bbox 1739 1266 1922 1292; x_wconf 85' lang='lat' dir='ltr'>DICENDUM</span> <span class='ocrx_word' id='word_1_318' title='bbox 1937 1256 2041 1304; x_wconf 91' lang='lat' dir='ltr'><em>quod</em></span> <span class='ocrx_word' id='word_1_319' title='bbox 2056 1254 2240 1292; x_wconf 85' lang='lat' dir='ltr'><em>exteriora</em></span> <span class='ocrx_word' id='word_1_320' title='bbox 2255 1255 2403 1303; x_wconf 85' lang='lat' dir='ltr'><em>agentia</em></span> <span class='ocrx_word' id='word_1_321' title='bbox 2415 1267 2503 1305; x_wconf 90' lang='lat' dir='ltr'><em>pos-</em></span> 
     </span>
     <span class='ocr_line' id='line_1_51' title="bbox 1444 1307 2504 1361; baseline 0.002 -18"><span class='ocrx_word' id='word_1_322' title='bbox 1444 1314 1530 1344; x_wconf 91' lang='lat' dir='ltr'><em>sunt</em></span> <span class='ocrx_word' id='word_1_323' title='bbox 1559 1319 1640 1344; x_wconf 89' lang='lat' dir='ltr'><em>esse</em></span> <span class='ocrx_word' id='word_1_324' title='bbox 1669 1319 1783 1344; x_wconf 88' lang='lat' dir='ltr'><em>causa</em></span> <span class='ocrx_word' id='word_1_325' title='bbox 1809 1314 1985 1361; x_wconf 83' lang='lat' dir='ltr'><em>motuum</em></span> <span class='ocrx_word' id='word_1_326' title='bbox 2014 1307 2321 1356; x_wconf 85' lang='lat' dir='ltr'><em>appetitivorum,</em></span> <span class='ocrx_word' id='word_1_327' title='bbox 2345 1307 2504 1357; x_wconf 87' lang='lat' dir='ltr'><em>inquan-</em></span> 
     </span>
     <span class='ocr_line' id='line_1_52' title="bbox 1443 1360 2502 1409; baseline 0.003 -13"><span class='ocrx_word' id='word_1_328' title='bbox 1443 1367 1523 1397; x_wconf 86' lang='lat' dir='ltr'><em>tum</em></span> <span class='ocrx_word' id='word_1_329' title='bbox 1555 1367 1709 1396; x_wconf 86' lang='lat' dir='ltr'><em>causant</em></span> <span class='ocrx_word' id='word_1_330' title='bbox 1740 1360 1994 1409; x_wconf 84' lang='lat' dir='ltr'><em>praesentiam</em></span> <span class='ocrx_word' id='word_1_331' title='bbox 2023 1360 2170 1398; x_wconf 84' lang='lat' dir='ltr'><em>obiecti.</em></span> <span class='ocrx_word' id='word_1_332' title='bbox 2205 1361 2254 1398; x_wconf 90' lang='lat' dir='ltr'><em>Et</em></span> <span class='ocrx_word' id='word_1_333' title='bbox 2281 1361 2356 1397; x_wconf 91' lang='lat' dir='ltr'><em>hoc</em></span> <span class='ocrx_word' id='word_1_334' title='bbox 2383 1362 2502 1399; x_wconf 89' lang='lat' dir='ltr'><em>modo</em></span> 
     </span>
     <span class='ocr_line' id='line_1_53' title="bbox 1443 1412 2262 1462; baseline 0.001 -13"><span class='ocrx_word' id='word_1_335' title='bbox 1443 1420 1610 1462; x_wconf 87' lang='lat' dir='ltr'><em>potestas</em></span> <span class='ocrx_word' id='word_1_336' title='bbox 1638 1412 1760 1449; x_wconf 89' lang='lat' dir='ltr'><em>maior</em></span> <span class='ocrx_word' id='word_1_337' title='bbox 1787 1413 1940 1461; x_wconf 88' lang='lat' dir='ltr'><em>ponitur</em></span> <span class='ocrx_word' id='word_1_338' title='bbox 1968 1425 2082 1450; x_wconf 89' lang='lat' dir='ltr'><em>causa</em></span> <span class='ocrx_word' id='word_1_339' title='bbox 2110 1413 2262 1451; x_wconf 90' lang='lat' dir='ltr'><em>doloris.</em></span> 
     </span>
    </p>
   </div>
   <div class='ocr_carea' id='block_1_12' title="bbox 1005 1624 1831 1658">
    <p class='ocr_par' dir='ltr' id='par_1_18' title="bbox 1005 1624 1831 1658">
     <span class='ocr_line' id='line_1_54' title="bbox 1005 1624 1831 1658; baseline -0.002 0"><span class='ocrx_word' id='word_1_340' title='bbox 1005 1625 1336 1658; x_wconf 69' lang='lat' dir='ltr'><em>Oomxnentaria</em></span> <span class='ocrx_word' id='word_1_341' title='bbox 1359 1625 1609 1657; x_wconf 71' lang='lat' dir='ltr'><em>Cardinalis</em></span> <span class='ocrx_word' id='word_1_342' title='bbox 1625 1624 1831 1657; x_wconf 78' lang='lat' dir='ltr'><em>Caietam·</em></span> 
     </span>
    </p>
   </div>
   <div class='ocr_carea' id='block_1_13' title="bbox 334 1712 1395 1788">
    <p class='ocr_par' dir='ltr' id='par_1_19' title="bbox 334 1712 1395 1788">
     <span class='ocr_line' id='line_1_55' title="bbox 334 1712 1395 1788; baseline -0.004 -42"><span class='ocrx_word' id='word_1_343' title='bbox 334 1726 382 1788; x_wconf 74' lang='lat' dir='ltr'><em>IN</em></span> <span class='ocrx_word' id='word_1_344' title='bbox 402 1715 494 1746; x_wconf 89' lang='lat' dir='ltr'><em>tertio</em></span> <span class='ocrx_word' id='word_1_345' title='bbox 511 1721 541 1745; x_wconf 90' lang='lat' dir='ltr'><em>et</em></span> <span class='ocrx_word' id='word_1_346' title='bbox 553 1721 666 1755; x_wconf 83' lang='lat' dir='ltr'><em>quarto</em></span> <span class='ocrx_word' id='word_1_347' title='bbox 683 1714 815 1744; x_wconf 86' lang='lat' dir='ltr'><em>articulo</em></span> <span class='ocrx_word' id='word_1_348' title='bbox 833 1713 976 1743; x_wconf 86' lang='lat' dir='ltr'><em>eiusdem</em></span> <span class='ocrx_word' id='word_1_349' title='bbox 994 1713 1188 1754; x_wconf 87' lang='lat' dir='ltr'><em>quaestionis</em></span> <span class='ocrx_word' id='word_1_350' title='bbox 1204 1712 1395 1753; x_wconf 85' lang='lat' dir='ltr'><em>trigesimae-</em></span> 
     </span>
    </p>
   </div>
   <div class='ocr_carea' id='block_1_14' title="bbox 1451 1706 2505 1751">
    <p class='ocr_par' dir='ltr' id='par_1_20' title="bbox 1451 1706 2505 1751">
     <span class='ocr_line' id='line_1_56' title="bbox 1451 1706 2505 1751; baseline 0.001 -10"><span class='ocrx_word' id='word_1_351' title='bbox 1451 1711 1671 1747; x_wconf 88' lang='lat' dir='ltr'><em>coniunctum;</em></span> <span class='ocrx_word' id='word_1_352' title='bbox 1692 1718 1722 1742; x_wconf 90' lang='lat' dir='ltr'><em>et</em></span> <span class='ocrx_word' id='word_1_353' title='bbox 1738 1721 1793 1751; x_wconf 91' lang='lat' dir='ltr'><em>per</em></span> <span class='ocrx_word' id='word_1_354' title='bbox 1817 1721 1849 1741; x_wconf 88' lang='lat' dir='ltr'><em>se</em></span> <span class='ocrx_word' id='word_1_355' title='bbox 1865 1711 2016 1747; x_wconf 88' lang='lat' dir='ltr'><em>secundo,</em></span> <span class='ocrx_word' id='word_1_356' title='bbox 2033 1706 2157 1741; x_wconf 58' lang='lat' dir='ltr'><em>b&#39;onum</em></span> <span class='ocrx_word' id='word_1_357' title='bbox 2173 1710 2340 1747; x_wconf 83' lang='lat' dir='ltr'><em>amissum;</em></span> <span class='ocrx_word' id='word_1_358' title='bbox 2365 1717 2396 1741; x_wconf 89' lang='lat' dir='ltr'><em>et</em></span> <span class='ocrx_word' id='word_1_359' title='bbox 2413 1717 2505 1751; x_wconf 87' lang='lat' dir='ltr'><em>pote-</em></span> 
     </span>
    </p>
   </div>
   <div class='ocr_carea' id='block_1_15' title="bbox 363 1755 2502 1796">
    <p class='ocr_par' dir='ltr' id='par_1_21' title="bbox 363 1755 2502 1796">
     <span class='ocr_line' id='line_1_57' title="bbox 363 1755 2502 1796; baseline -0.002 -6"><span class='ocrx_word' id='word_1_360' title='bbox 363 1766 481 1795; x_wconf 84' lang='lat' dir='ltr'><em>sextae,</em></span> <span class='ocrx_word' id='word_1_361' title='bbox 510 1758 554 1788; x_wconf 92' lang='lat' dir='ltr'><em>nil</em></span> <span class='ocrx_word' id='word_1_362' title='bbox 582 1758 718 1789; x_wconf 90' lang='lat' dir='ltr'><em>occurrit</em></span> <span class='ocrx_word' id='word_1_363' title='bbox 741 1758 954 1788; x_wconf 88' lang='lat' dir='ltr'><em>scribendum.</em></span> <span class='ocrx_word' id='word_1_364' title='bbox 986 1757 1045 1788; x_wconf 85' lang='lat' dir='ltr'><em>Sed</em></span> <span class='ocrx_word' id='word_1_365' title='bbox 1079 1764 1113 1787; x_wconf 91' lang='lat' dir='ltr'><em>tu</em></span> <span class='ocrx_word' id='word_1_366' title='bbox 1139 1757 1251 1796; x_wconf 84' lang='lat' dir='ltr'><em>collige</em></span> <span class='ocrx_word' id='word_1_367' title='bbox 1285 1766 1393 1787; x_wconf 80' lang='lat' dir='ltr'><em>causas</em></span> <span class='ocrx_word' id='word_1_368' title='bbox 1450 1762 1562 1786; x_wconf 89' lang='lat' dir='ltr'><em>statem</em></span> <span class='ocrx_word' id='word_1_369' title='bbox 1577 1755 1741 1792; x_wconf 84' lang='lat' dir='ltr'><em>maiorem,</em></span> <span class='ocrx_word' id='word_1_370' title='bbox 1758 1762 1795 1785; x_wconf 89' lang='lat' dir='ltr'><em>ut</em></span> <span class='ocrx_word' id='word_1_371' title='bbox 1809 1755 2003 1785; x_wconf 83' lang='lat' dir='ltr'><em>auferentem</em></span> <span class='ocrx_word' id='word_1_372' title='bbox 2017 1755 2089 1785; x_wconf 84' lang='lat' dir='ltr'><em>hoc.</em></span> <span class='ocrx_word' id='word_1_373' title='bbox 2106 1755 2153 1785; x_wconf 83' lang='lat' dir='ltr'><em>Ex</em></span> <span class='ocrx_word' id='word_1_374' title='bbox 2168 1761 2255 1794; x_wconf 82' lang='lat' dir='ltr'><em>parte</em></span> <span class='ocrx_word' id='word_1_375' title='bbox 2270 1764 2346 1785; x_wconf 89' lang='lat' dir='ltr'><em>vero</em></span> <span class='ocrx_word' id='word_1_376' title='bbox 2361 1755 2502 1792; x_wconf 86' lang='lat' dir='ltr'><em>subiecti,</em></span> 
     </span>
    </p>
   </div>
   <div class='ocr_carea' id='block_1_16' title="bbox 331 1801 1392 1843">
    <p class='ocr_par' dir='ltr' id='par_1_22' title="bbox 331 1801 1392 1843">
     <span class='ocr_line' id='line_1_58' title="bbox 331 1801 1392 1843; baseline -0.005 -8"><span class='ocrx_word' id='word_1_377' title='bbox 331 1804 481 1834; x_wconf 89' lang='lat' dir='ltr'><em>tristitiae.</em></span> <span class='ocrx_word' id='word_1_378' title='bbox 498 1803 539 1834; x_wconf 90' lang='lat' dir='ltr'><em>Et</em></span> <span class='ocrx_word' id='word_1_379' title='bbox 555 1813 591 1833; x_wconf 82' lang='lat' dir='ltr'><em>ex</em></span> <span class='ocrx_word' id='word_1_380' title='bbox 614 1809 701 1843; x_wconf 88' lang='lat' dir='ltr'><em>parte</em></span> <span class='ocrx_word' id='word_1_381' title='bbox 725 1801 848 1838; x_wconf 82' lang='lat' dir='ltr'><em>obiecti,</em></span> <span class='ocrx_word' id='word_1_382' title='bbox 866 1802 973 1837; x_wconf 85' lang='lat' dir='ltr'><em>habes,</em></span> <span class='ocrx_word' id='word_1_383' title='bbox 991 1811 1047 1841; x_wconf 89' lang='lat' dir='ltr'><em>per</em></span> <span class='ocrx_word' id='word_1_384' title='bbox 1072 1811 1104 1831; x_wconf 89' lang='lat' dir='ltr'><em>se</em></span> <span class='ocrx_word' id='word_1_385' title='bbox 1128 1801 1247 1841; x_wconf 81' lang='lat' dir='ltr'><em>primo,</em></span> <span class='ocrx_word' id='word_1_386' title='bbox 1271 1801 1392 1830; x_wconf 80' lang='lat' dir='ltr'><em>malum</em></span> 
     </span>
    </p>
   </div>
   <div class='ocr_carea' id='block_1_17' title="bbox 1448 1799 2315 1839">
    <p class='ocr_par' dir='ltr' id='par_1_23' title="bbox 1448 1799 2315 1839">
     <span class='ocr_line' id='line_1_59' title="bbox 1448 1799 2315 1839; baseline -0.001 -9"><span class='ocrx_word' id='word_1_387' title='bbox 1448 1799 1544 1830; x_wconf 82' lang='lat' dir='ltr'><em>habes</em></span> <span class='ocrx_word' id='word_1_388' title='bbox 1565 1799 1815 1836; x_wconf 78' lang='lat' dir='ltr'><em>amorem-boni,</em></span> <span class='ocrx_word' id='word_1_389' title='bbox 1841 1806 1871 1830; x_wconf 92' lang='lat' dir='ltr'><em>et</em></span> <span class='ocrx_word' id='word_1_390' title='bbox 1893 1799 2071 1839; x_wconf 84' lang='lat' dir='ltr'><em>appetitum</em></span> <span class='ocrx_word' id='word_1_391' title='bbox 2094 1799 2232 1836; x_wconf 87' lang='lat' dir='ltr'><em>unitatis,</em></span> <span class='ocrx_word' id='word_1_392' title='bbox 2258 1805 2315 1830; x_wconf 89' lang='lat' dir='ltr'><em>etc.</em></span> 
     </span>
    </p>
   </div>
   <div class='ocr_carea' id='block_1_18' title="bbox 989 2488 1846 2722">
    <p class='ocr_par' dir='ltr' id='par_1_24' title="bbox 989 2488 1846 2722">
     <span class='ocr_line' id='line_1_60' title="bbox 989 2488 1846 2722; baseline 0 1430"><span class='ocrx_word' id='word_1_393' title='bbox 989 2488 1846 2722; x_wconf 95' lang='lat' dir='ltr'><em> </em></span> 
     </span>
    </p>
   </div>
   <div class='ocr_carea' id='block_1_19' title="bbox 2529 532 2611 555">
    <p class='ocr_par' dir='ltr' id='par_1_25' title="bbox 2529 532 2611 555">
     <span class='ocr_line' id='line_1_61' title="bbox 2529 532 2611 555; baseline 0.012 -1"><span class='ocrx_word' id='word_1_394' title='bbox 2529 534 2537 543; x_wconf 87' lang='grc'>·</span> <span class='ocrx_word' id='word_1_395' title='bbox 2552 532 2611 555; x_wconf 84' lang='lat' dir='ltr'><em>lbid.</em></span> 
     </span>
    </p>
   </div>
  </div>
 </body>
</html>
