2852 4152
135 1123 347 1172 ἷεῖἓῆῐῗ“’8·“·

234 1177 248 1211 β

137 1281 183 1302 'De
188 1281 255 1303 Doct.
261 1280 347 1303 Christ.

136 1308 178 1333 lib,
199 1308 224 1335 1,
247 1313 297 1334 cap.
316 1313 346 1334 v,

134 1339 190 1355 xxu.

233 1370 250 1394 Υ

234 1434 247 1458 ὃ

135 1758 146 1769 “
159 1757 197 1778 De
217 1757 285 1779 Trin.
306 1757 347 1779 lib.

134 1783 196 1809 XIII,
212 1790 347 1811 cap-111‚1V.

235 1820 245 1836 ε

134 1862 144 1871 '
159 1862 207 1889 Qu.
221 1868 244 1883 v.

372 207 418 242 16

1083 207 1348 254 QUAESTIO
1379 208 1409 251 l,
1439 205 1732 242 ARTICULUS
1761 204 1846 240 VIII

1152 365 1467 406 ARTICULUS
1498 363 1769 406 OCTAVUS

749 468 904 499 UTRUM
927 467 969 497 IN
993 466 1092 497 ILLO
1116 465 1285 496 ULTIMO
1313 465 1410 495 FINE
1438 465 1566 495 ALIAE
1595 464 1858 496 CREATURAE
1886 464 2168 496 CONVENIANT

802 555 869 579 Part.
888 555 906 584 1,
928 562 971 586 qu.
987 561 1044 584 cm,
1065 558 1111 578 art.
1127 559 1155 582 2;
1174 552 1194 576 11
1214 552 1297 582 Sent„
1317 552 1375 576 dist.
1387 559 1488 581 xxxvm,
1508 556 1554 576 art.
1573 559 1594 581 1,
1612 559 1639 581 23
1659 551 1689 575 111
1708 552 1784 576 Cont.
1802 552 1888 582 Genu,
1909 559 1963 585 cap.
1977 559 2038 584 xvn,
2051 560 2112 583 xxv;

1229 587 1270 612 De
1293 586 1381 617 Ver-it„
1402 595 1445 619 qu.
1458 594 1483 617 v,
1502 591 1549 611 art.
1562 585 1591 617 6,
1611 587 1643 610 ad
1660 593 1686 617 4.

412 731 423 743 s
461 716 468 729 ›
494 727 523 743 ,1
541 721 543 723 ·
582 708 606 732 D
627 706 798 732 ocrAvuM
818 706 871 731 sm
890 704 1129 730 PROCEDlTUR.
1148 692 1308 730 Videtur
1327 691 1432 740 quod

416 741 450 770 ²:
501 742 561 797 “³³3
584 749 622 785 in
642 748 775 784 ultimo
795 747 871 783 fine
891 746 1057 782 hominis
1077 746 1190 782 etiam
1211 745 1341 783 omnia
1360 745 1431 782 alia

394 832 415 850 ,ς
431 811 440 845 J
452 799 821 847 conveniant.
852 798 954 835 Finis
983 798 1084 835 enirn
1105 798 1309 847 respondet
1331 798 1432 846 prin-

394 849 407 859 *
431 831 528 888 5323}
543 847 694 902 &cipio
734 852 812 888 Sed
848 851 938 888 illud
975 851 1079 900 quod
1114 859 1169 888 est
1203 851 1431 900 prinprium

373 906 597 953 hominurn,
636 904 775 941 scilicet
810 905 935 951 Deus,
970 911 1027 940 est
1063 904 1175 941 etiam
1203 904 1431 952 principium

375 958 548 994 omnium
577 957 747 994 aliorum.
777 957 878 1004 Ergo
906 956 944 993 in
971 956 1104 993 ultimo
1125 961 1143 978 α
1161 957 1237 994 fine
1266 956 1432 993 hominis

375 1010 504 1048 omnia
531 1010 603 1046 alia
620 1008 928 1048 communicant.

429 1074 464 1099 2.
485 1063 717 1109 Prummu,
745 1061 952 1110 Dionysius
973 1061 1076 1108 dicit,
1103 1061 1140 1098 in
1160 1061 1256 1098 libro
1280 1062 1325 1098 de
1343 1062 1430 1099 Div.

373 1115 491 1152 Nom.
502 1114 532 1161 ²⁸,
554 1114 661 1163 quod
689 1116 793 1151 Deus
820 1115 1155 1151 convertit.0mnia
1182 1114 1234 1151 ad
1257 1114 1430 1162 seipsum,

374 1173 554 1215 tanquam
582 1167 634 1205 ad
652 1167 821 1204 ultimum
835 1169 969 1215 finem.
993 1167 1070 1217 Sed
1098 1166 1179 1215 ipse
1209 1174 1263 1203 est
1282 1166 1394 1202 etiam
1417 1164 1433 1195 β

373 1220 527 1257 ultimus
541 1220 627 1257 finis
642 1220 825 1257 hominis:
847 1220 935 1268 quia
949 1220 1030 1256 solo
1046 1219 1130 1268 ipso
1146 1219 1349 1256 fruendum
1365 1225 1431 1266 est,

373 1281 415 1310 ut
442 1272 676 1321 Augustinus
705 1273 792 1310 dicit
818 1272 839 1294 ³¹²
857 1278 883 1309 Υ.
905 1272 1007 1320 Ergo
1035 1271 1074 1309 in
1099 1271 1177 1309 fine
1200 1272 1334 1310 ultimo
1363 1271 1433 1309 ho-

375 1325 487 1365 minis
517 1325 628 1362 etiam
657 1325 729 1362 alia
758 1325 1001 1362 conveniunt.

430 1380 464 1416 3.
486 1380 727 1426 PRAETEREA,
753 1377 841 1415 finis
868 1378 1023 1414 ultimus
1050 1377 1216 1414 hominis
1246 1385 1302 1414 est
1329 1378 1433 1414 obie-

375 1439 476 1468 ctum
505 1431 720 1468 voluntatis.
760 1431 838 1468 Sed
871 1431 1064 1468 obiectum
1091 1429 1104 1452 ὅ
1137 1431 1341 1468 voluntatis
1379 1438 1434 1468 est

374 1486 520 1521 bonum
538 1484 765 1532 universale,
795 1484 900 1533 quod
929 1490 984 1520 est
1006 1482 1092 1520 finis
1113 1483 1299 1521 omnium.
1330 1485 1432 1532 Ergo

373 1549 528 1575 necesse
558 1544 613 1574 est
640 1536 744 1586 quod
772 1537 811 1574 in
838 1536 971 1574 ultimo
1000 1537 1077 1574 fine
1110 1536 1276 1574 hominis
1304 1537 1434 1574 omnia

374 1597 613 1627 conveniant.

428 1644 502 1679 SED
532 1655 677 1679 CONTRA
705 1654 771 1678 EST
799 1643 904 1691 quod
933 1642 1087 1679 ultimus
1115 1641 1202 1678 finis
1229 1642 1432 1679 hominum

375 1703 430 1732 est
458 1695 669 1742 beatitud03
698 1707 815 1744 quam
845 1707 980 1732 omnes
1009 1702 1208 1744 appetunt,
1236 1702 1278 1732 ut
1304 1697 1433 1743 Augu-

375 1748 492 1785 stinus
521 1748 607 1785 dicit
633 1748 664 1785 *.
696 1748 772 1785 Sed
801 1760 874 1785 non
895 1748 998 1785 cadit
1022 1748 1058 1784 in
1088 1747 1269 1785 animalia
1289 1753 1301 1770 ⁸
1321 1749 1434 1785 ratio-

375 1801 432 1838 nis
459 1803 627 1849 expertia
656 1807 696 1837 ut
722 1802 830 1837 beata
852 1801 936 1847 sint,
965 1801 1061 1838 sieut
1086 1802 1320 1848 Augustinus
1347 1802 1435 1839 dicit

374 1854 413 1891 in
440 1854 536 1891 libro
569 1854 765 1903 Octoginta
793 1855 905 1890 trium
940 1854 1087 1895 Quaest.
1104 1853 1134 1890 ²¹³.
1157 1855 1248 1891 Non
1277 1867 1366 1902 ergo
1395 1854 1432 1891 in

373 1906 507 1944 ultimo
536 1907 613 1943 fine
642 1906 808 1944 hominis
836 1907 908 1944 alia
937 1906 1180 1944 conveniunt.

1539 693 1764 729 Ruspounsso
1796 704 1981 731 mcENDtJM
2014 694 2138 743 quod,
2168 694 2264 732 sieut
2290 695 2545 745 Philosophus

1487 744 1574 782 dicit
1601 745 1639 781 in
1663 745 1695 781 II
1719 745 1868 793 Pnysic.
1888 745 1908 768 '²‘
1927 745 1939 770 ῑ
1969 754 2005 783 et
2031 746 2071 791 in
2090 747 2126 784 V
2142 747 2358 796 Metaphys.
2378 747 2430 795 *ἦ
2459 748 2545 785 finis

1486 797 1683 846 dupliciter
1711 797 1854 844 dicitur,
1884 798 2022 836 scilicet
2045 800 2161 846 cuius,
2182 807 2219 837 et
2237 812 2330 849 quo:
2350 800 2447 838 idest
2466 802 2547 850 ipsa

1486 863 1546 887 res
1564 850 1603 886 in
1631 862 1707 898 qua
1726 849 1818 887 ratio
1843 850 1935 887 boni
1961 850 2162 900 invenitur,
2184 860 2220 889 et
2245 865 2338 890 usus
2358 853 2439 891 sive
2458 854 2545 890 ade-

1485 902 1563 951 ptio
1583 902 1679 939 illius
1704 903 1768 940 rei.
1800 903 1905 940 Sicut
1928 903 1958 939 si
1979 903 2150 941 dieamus
2175 907 2280 954 quod
2307 913 2435 944 motus
2465 919 2545 943 cor-

1485 954 1587 1003 poris
1606 955 1730 1002 gravis
1749 955 1836 992 finis
1861 964 1915 993 est
1937 956 2000 993 vel
2022 956 2130 993 locus
2153 956 2307 996 inferior
2329 965 2370 995 ut
2389 971 2460 1007 res,
2484 960 2548 996 vel

1485 1008 1560 1043 hoc
1587 1008 1693 1055 quod
1719 1015 1774 1045 est
1801 1020 1883 1045 esse
1911 1008 1950 1045 in
1978 1009 2064 1046 loco
2092 1008 2274 1058 inferiori,
2302 1018 2345 1048 ut
2370 1023 2481 1048 usus:
2511 1019 2548 1049 et

1485 1059 1571 1096 finis
1600 1060 1704 1096 avari
1733 1067 1789 1096 est
1815 1061 1878 1097 vel
1904 1062 2067 1109 pecunia
2095 1069 2135 1098 ut
2163 1075 2239 1110 res,
2266 1064 2329 1100 vel
2355 1064 2546 1112 possessio

1484 1124 1670 1161 pecuniae
1699 1119 1742 1149 ut
1768 1125 1871 1150 usus.
2402 1137 2406 1140 ⁴

1540 1165 1580 1202 Si
1601 1176 1689 1212 ergo
1709 1165 1914 1214 loquamur
1934 1165 1980 1202 de
2000 1165 2134 1203 ultimo
2153 1167 2232 1204 fine
2246 1167 2413 1206 hominis
2428 1179 2548 1216 quan-

1485 1224 1567 1255 tum
1596 1217 1645 1255 acl
1672 1217 1795 1267 ipsam
1824 1230 1905 1256 rem
1934 1231 2032 1267 quae
2057 1226 2113 1256 est
2139 1219 2238 1267 finis,
2268 1220 2320 1257 sic
2347 1220 2386 1259 in
2413 1221 2547 1258 ultimo

1485 1271 1563 1308 fine
1581 1270 1748 1308 hominis
1777 1271 1907 1308 omnia
1930 1271 2002 1308 alia
2026 1272 2260 1315 conveniunt
2276 1273 2313 1310 *ε
2334 1273 2424 1321 quia
2442 1275 2549 1312 Deus

1487 1331 1542 1361 est
1567 1323 1723 1361 ultimus
1742 1324 1830 1361 finis
1858 1324 2022 1361 hominis
2043 1332 2079 1362 et
2107 1325 2281 1362 omnium
2309 1326 2467 1363 aliarum
2491 1339 2549 1363 re-

1486 1389 1572 1414 rum
1585 1376 1616 1413 ²¹².
1626 1398 1650 1404 -
1662 1377 1701 1413 Si
1717 1384 1844 1414 autem
1858 1378 2063 1425 loquamur
2078 1378 2125 1415 de
2140 1378 2274 1415 ultimo
2290 1379 2367 1416 fine
2382 1379 2548 1418 hominis

1485 1437 1671 1479 quantum
1691 1430 1741 1467 ad
1761 1430 2071 1468 consecutionem
2090 1431 2189 1479 finis,
2206 1431 2263 1468 sic
2282 1431 2320 1468 in
2339 1432 2414 1469 hoc
2433 1437 2451 1460 η
2470 1433 2549 1470 fine

1485 1482 1651 1519 hominis
1675 1495 1754 1519 non
1774 1483 2059 1520 communicant
2083 1491 2275 1521 creaturae
2303 1484 2548 1523 irrationales.

1486 1536 1590 1573 Nam
1617 1536 1737 1573 homo
1766 1543 1803 1573 et
1834 1537 1929 1573 aliae
1958 1536 2158 1573 rationales
2188 1545 2380 1575 creaturae
2418 1550 2551 1575 conse-

1487 1596 1653 1638 quuntur
1674 1589 1851 1625 ultimum
1880 1590 1999 1626 finem
2025 1590 2292 1637 cognoscendo
2319 1597 2355 1627 et
2383 1590 2549 1628 amando

1486 1643 1635 1679 Deum:
1665 1642 1770 1690 quod
1798 1654 1876 1679 non
1912 1642 2091 1690 competit
2120 1642 2199 1679 aliis
2229 1643 2419 1690 creaturis,
2450 1655 2549 1691 quae

1487 1695 1745 1743 adipiscuntur
1775 1695 1950 1731 ultimum
1987 1695 2106 1732 finem
2142 1695 2369 1744 inquantum
2402 1695 2551 1744 partici-

1487 1755 1579 1797 pant
1606 1747 1773 1795 aliquam
1802 1748 2086 1785 similitudinem
2106 1748 2190 1795 Dei,
2212 1749 2426 1786 secundum
2446 1748 2551 1798 quod

1487 1809 1585 1848 sunt,
1614 1802 1676 1838 vel
1703 1801 1850 1848 vivunt,
1878 1801 1940 1838 vel
1969 1801 2082 1838 etiam
2113 1809 2357 1849 cognoscunt.

1540 1854 1590 1890 Et
1617 1866 1685 1902 per
1712 1854 1787 1890 hoc
1815 1861 1918 1902 patet
1953 1854 2152 1902 responsio
2183 1855 2230 1891 ad
2259 1855 2428 1892 obiecta:
2458 1865 2550 1891 nam

1487 1906 1681 1943 beatitudo
1710 1907 1880 1943 nominat
1908 1907 2153 1955 adeptionem
2181 1907 2303 1944 ultimi
2330 1907 2428 1944 finis.

394 2090 400 2096 ι
428 2055 454 2087 α)
475 2055 576 2080 ultimo.
595 2069 614 2075 -
633 2055 764 2080 Omittunt
787 2055 890 2080 codices
913 2060 939 2079 et
955 2063 982 2079 α.
1000 2069 1019 2074 -
1038 2055 1088 2080 Pro
1111 2055 1318 2086 communicant,
1343 2062 1435 2080 conve-

372 2093 451 2158 purg)
467 2090 511 2150 {⁸1}
528 2125 617 2150 etiam.
628 2137 648 2144 -
666 2125 747 2150 etiam
766 2125 839 2157 spu,
858 2129 898 2150 est
916 2125 980 2150 Psu
1000 2131 1025 2150 ex
1042 2133 1068 2150 a.

376 2192 379 2195 ‚
424 2161 451 2194 γ)
472 2164 501 2186 ut
518 2161 685 2194 Augustinus
703 2161 777 2186 dicit.
790 2174 808 2180 -
828 2161 889 2186 Om.
909 2160 954 2185 Pa.

1542 2054 1567 2087 ὃ)
1586 2055 1725 2080 obtectum.
1738 2068 1756 2074 —
1775 2056 1871 2080 bonum
1891 2057 1948 2081 Pla.

1543 2091 1564 2122 ε)
1582 2090 1719 2115 animalia.
1733 2104 1752 2110 -
1769 2091 1860 2123 aliqua
1878 2091 1934 2116 alia
1954 2091 2055 2116 codices
2075 2097 2100 2117 et
2115 2099 2143 2117 a.-

1541 2125 1567 2157 ζ)
1587 2126 1613 2150 in
1634 2126 1666 2150 II
1680 2126 1791 2159 Physic.
1810 2130 1843 2151 et.
1857 2139 1876 2145 —
1894 2127 1956 2152 Om.
1975 2126 2021 2152 Pa.
2339 2129 2345 2133 “

1541 2161 1568 2194 η)
1588 2161 1646 2186 hoc.
1657 2175 1676 2180 —
1689 2161 1750 2186 Om.
1770 2161 1988 2187 ACDEFGHKL.
2000 2175 2019 2182 -
2032 2162 2082 2187 Pro
2096 2163 2301 2193 communicant,
2321 2162 2482 2190 conveniunt
2495 2162 2552 2198 GKav

2572 749 2659 798 §.203
2669 755 2731 832 ζεῦξ’
2739 755 2783 797 32·

2573 838 2594 847 '¹
2601 836 2733 864 DeAm'ma,
2741 836 2784 859 lib.

2573 863 2663 911 {¹’s0325
2672 868 2785 911 'ts-²43³

2576 1282 2585 1293 ·
2601 1282 2628 1304 D.
2645 1287 2711 1311 1n3a.

2575 1388 2585 1398 '¹
2599 1387 2629 1409 D.
2642 1392 2695 1415 707·
