2852 4152
237 1365 251 1380 n
268 1365 291 1381 n·
323 1371 348 1381 .-

140 1359 285 1408 S.‘·³r³1¹1³.'1e'ct.
299 1366 321 1407 v9.

138 1575 222 1623 §.citt
236 1581 321 1623 {23:31
337 1587 347 1591 ·

229 1845 260 1866 vi,
273 1845 294 1860 n.
307 1845 327 1867 3.
337 1851 347 1855 -

238 1866 289 1887 lect.
307 1872 338 1887 vt.

137 1839 222 1887 §.effi

131 3217 140 3226 ·
159 3216 187 3237 D.
202 3222 250 3244 359.

376 238 426 274 70

433 305 470 336 11.
488 305 634 336 Secundo
654 312 729 337 nota
753 317 817 337 non
838 307 953 344 minus,
972 308 1004 337 in
1020 308 1225 348 responsione
1242 309 1280 338 ad
1296 309 1434 346 tertium,

376 349 464 390 quod
489 360 554 380 esse
579 360 633 380 ens
657 350 688 380 in
714 351 833 381 ratione
858 351 1010 391 contingit
1034 351 1212 391 dupliciter:
1238 352 1356 391 primo,
1382 361 1436 391 per

377 393 512 424 modum
537 394 743 430 conditionis;
768 395 917 430 secundo,
942 405 997 435 per
1021 396 1155 425 modum
1178 395 1301 425 obiecti.
1326 395 1435 434 Accipi

377 444 413 467 ut
436 447 490 467 ens
514 437 546 467 in
570 438 690 468 ratione
714 438 818 478 primo
843 439 952 474 modo,
976 439 1123 469 convenit
1139 439 1227 468 omni
1243 438 1270 467 ei
1285 438 1373 477 quod
1389 438 1435 468 in-

377 481 542 520 telligitur:
568 483 722 522 quoniam
745 482 822 512 nihil
846 489 915 512 actu
940 482 1132 521 intelligitur,
1150 482 1209 510 nisi
1224 481 1336 511 habeat
1354 481 1435 511 hanc

378 525 612 562 conditionem,
638 526 754 556 scilicet
782 526 869 566 quod
893 532 939 555 est
969 526 1000 555 in
1029 525 1148 555 ratione
1173 534 1227 554 seu
1256 524 1434 562 intellectu,

377 569 534 609 quidquid
562 569 601 599 sit
630 569 709 599 illud
740 579 815 599 esse.
841 569 950 608 Accipi
975 575 1081 598 autem
1114 575 1148 598 ut
1181 578 1236 597 ens
1259 567 1291 597 in
1315 568 1435 598 ratione

378 613 517 642 secundo
542 613 651 649 modo,
677 613 823 643 convenit
847 613 873 642 ei
897 613 985 652 quod
1009 613 1066 641 sub
1091 612 1197 651 aliqua
1220 611 1299 641 entis
1314 612 1436 642 radbne

377 656 467 696 quasi
491 657 639 686 vestitum
664 657 894 687 consideratur:
919 656 999 685 sicut
1022 665 1095 685 cum
1119 665 1185 685 non
1209 655 1380 685 admiscere
1404 666 1436 686 se

377 700 558 730 rumoribus
583 701 796 730 consideratur
819 700 876 729 sub
901 699 1020 729 ratione
1045 699 1161 735 securi,
1187 706 1217 730 et
1240 709 1305 729 non
1331 709 1435 730 corne-

377 744 449 774 dere
473 745 531 774 sub
554 744 674 774 ratione
698 744 782 779 sani,
807 750 837 773 et
860 753 892 773 se
915 753 981 772 non
998 750 1201 782 peccaturum
1229 744 1287 773 sub
1315 743 1435 774 ratione

377 787 486 818 sancti.
520 788 554 817 In
578 787 635 818 hac
663 787 887 827 responsione,
912 787 973 817 hoc
1003 787 1142 817 secundo
1172 787 1272 817 modo
1301 787 1436 818 sumitur

1331 874 1383 881 W

1071 231 1336 276 QUAESTIO
1366 232 1468 278 VIII,
1498 232 1792 268 ARTICULUS
1823 233 1854 267 II

1488 319 1554 339 esse
1578 319 1632 339 ens
1656 309 1688 338 in
1713 309 1850 338 ratione:
1876 309 2031 348 quoniam
2054 321 2091 341 ex
2115 321 2152 342 eo
2169 314 2257 353 quod
2277 314 2468 354 negationes,
2486 315 2546 354 pri—

1487 352 1628 382 vationes
1660 359 1689 382 et
1713 352 1817 382 futura
1843 352 2081 384 considerantur
2104 356 2162 385 sub
2187 356 2291 397 aliqua
2314 357 2393 388 entis
2417 365 2447 388 et
2470 359 2546 389 boni

1488 396 1626 431 ratione,
1653 402 1855 435 appetuntur.
1880 395 1920 426 Et
1943 396 1982 425 ad
2006 396 2066 427 hoc
2090 398 2204 429 directe
2231 399 2356 430 affertur
2379 402 2546 433 auctoritas

1487 439 1675 477 Aristotelis,
1698 439 1786 478 quod
1809 448 1922 468 carere
1944 440 2028 469 malo
2051 441 2108 470 sub
2131 441 2204 471 boni
2225 445 2350 474 ratione
2372 450 2427 475 est.

1545 483 1698 512 Notanter
1721 489 1826 511 autern
1844 482 1882 512 de
1899 482 2137 522 privationibus,
2155 485 2374 524 negationibus
2390 495 2420 518 et
2434 488 2546 519 futuris

1487 525 1549 554 hoc
1572 525 1692 555 dictum
1717 532 1772 555 est.
1803 526 1965 562 Quoniam
1993 526 2113 567 reliqua
2136 529 2221 558 bona
2242 530 2301 559 sub
2325 531 2404 561 entis
2427 532 2547 562 ratione

1488 575 1570 604 sunt,
1596 578 1661 598 non
1686 568 1792 598 solum
1815 569 1847 599 in
1871 569 2001 606 ratione,
2026 571 2080 601 sed
2103 571 2136 601 in
2159 581 2265 602 rerum
2284 580 2409 604 natura:
2435 585 2470 604 ac
2492 585 2548 614 per

1488 612 1559 647 hoc,
1580 622 1646 642 non
1665 618 1740 643 sunt
1753 612 1812 643 hac
1831 613 2018 644 diminutiva
2034 615 2291 646 denominatione
2307 623 2462 648 contenta.
2487 619 2548 649 Ista

1487 666 1579 691 vero,
1604 656 1679 696 quia
1706 656 1739 686 in
1762 667 1868 687 rerum
1895 665 2005 689 natura
2036 669 2100 689 non
2132 659 2247 690 habent
2271 660 2349 691 entis
2373 661 2547 698 rationem,

1489 700 1543 729 sed
1566 699 1598 729 in
1623 699 1743 730 ratione
1762 707 1896 737 tantum,
1917 701 2050 733 habente
2070 710 2175 734 tamen
2192 704 2437 736 fundamentum
2459 705 2492 735 in
2515 715 2548 736 re

1489 743 1714 784 aequivocum;
1738 744 1810 775 ideo
1835 746 1918 776 entia
1940 746 1972 776 in
1996 747 2116 778 ratione
2140 748 2221 778 dicta
2249 755 2338 785 sunt,
2363 756 2394 780 et
2416 750 2492 779 boni
2515 750 2548 780 in

1489 787 1533 817 eis
1557 787 1712 818 rationem
1735 788 1778 818 sic
1801 789 1922 820 salvari.

1141 940 1455 982 ARTICULUS
1486 940 1784 983 SECUNDUS

563 1031 718 1061 UTRUM
742 1030 975 1062 VOLUNTAS
999 1031 1065 1063 SIT
1089 1033 1276 1063 TANTUM
1298 1033 1420 1068 F1le‚
1445 1033 1504 1063 AN
1527 1033 1664 1063 ETIAM
1687 1033 1841 1064 EORUM
1865 1035 1983 1072 QUAE
2007 1035 2120 1066 SUNT
2143 1036 2201 1067 AD
2225 1037 2358 1068 FINEM

731 1109 740 1133 1
760 1109 842 1138 Sent„
863 1110 921 1135 dist.
935 1117 990 1140 va,
1011 1115 1058 1135 art.
1074 1117 1096 1139 2,
1116 1110 1148 1134 ad
1165 1117 1190 1140 1;
1210 1110 1242 1140 ΙΙ,
1262 1110 1321 1134 dist.
1335 1117 1401 1140 xx1V,
1422 1117 1467 1142 qu.
1479 1118 1496 1139 ι,
1511 1115 1557 1134 art.
1575 1109 1597 1141 3,
1618 1111 1649 1135 ad
1666 1110 1693 1141 3;
1715 1111 1756 1136 De
1775 1112 1863 1142 Verit„
1884 1120 1928 1145 qu.
1942 1120 2002 1144 xxn,
2022 1119 2069 1139 art.
2087 1113 2126 1143 13,
2139 1114 2171 1139 ad
2184 1122 2209 1148 9.

414 1223 455 1246 f..
527 1218 546 1231 κ»
589 1208 611 1232 D
627 1207 815 1233 SECUNDUM
831 1209 884 1233 Sic
899 1207 1137 1234 PROCEDITUR'.
1158 1196 1316 1232 Videtur
1331 1195 1436 1244 quod

419 1246 453 1268 ⁴³
503 1243 567 1297 ''1'ss
588 1249 764 1285 voluntas
793 1262 871 1286 non
899 1249 944 1286 sit
973 1262 1107 1286 eorum
1146 1261 1244 1297 quae
1273 1256 1359 1285 sunt
1388 1248 1435 1286 ad

562 1299 719 1348 finem,
741 1302 808 1338 sed
827 1309 973 1339 tantum
993 1303 1090 1339 finis.
1111 1302 1211 1339 Dicit
1231 1302 1331 1338 enim
1350 1301 1436 1339 Phi-

567 1355 783 1402 losophus,
803 1354 842 1390 in
863 1356 910 1391 III
931 1355 1050 1392 Ethic.
1071 1355 1102 1402 ⁵¹³,
1131 1355 1234 1403 quod
1263 1355 1436 1392 voluntas

377 1411 430 1442 est
440 1406 546 1454 finiS,
576 1407 702 1443 electio
722 1412 846 1443 autem
867 1419 997 1444 eorum
1019 1420 1115 1457 quae
1128 1414 1215 1445 sunt
1232 1408 1283 1444 ad
1297 1410 1433 1456 finem.

432 1471 466 1495 2.
496 1460 728 1506 PRAETEREA,
758 1460 810 1496 ad
835 1473 879 1497 ea
899 1472 996 1508 quae
1013 1467 1100 1498 sunt
1117 1462 1264 1498 diversa
1283 1473 1433 1511 genere,

376 1514 545 1551 diversae
566 1513 757 1560 potentiae
783 1514 935 1550 animae
962 1515 1204 1561 ordinantur,
1234 1522 1275 1551 ut
1304 1514 1436 1551 dicitur

375 1567 412 1603 in
432 1566 481 1601 Vl
502 1566 621 1602 Ethic.
637 1565 657 1587 '³‘
686 1566 762 1603 Sed
783 1566 868 1603 finis
898 1574 933 1603 et
960 1579 1005 1603 ea
1025 1579 1124 1615 quae
1144 1574 1230 1604 sunt
1249 1568 1295 1604 ad
1316 1568 1434 1604 finem

376 1626 463 1656 sunt
490 1619 526 1655 in
557 1619 708 1656 diverso
737 1631 874 1666 genere
904 1620 1015 1656 boni:
1045 1633 1134 1657 nam
1163 1620 1261 1667 finis,
1291 1620 1356 1668 qui
1381 1628 1436 1657 est

376 1674 522 1710 bonurn
549 1673 754 1709 honesturn
784 1673 844 1709 vel
874 1673 1114 1721 delectabile,
1145 1681 1200 1710 est
1227 1674 1264 1709 in
1297 1685 1434 1720 genere

376 1725 573 1774 qualitatiS,
599 1726 660 1762 vel
690 1725 846 1762 actionis
875 1733 940 1762 aut
965 1726 1173 1774 passionis;
1203 1727 1350 1763 bonum
1370 1739 1434 1763 au-

375 1786 454 1815 tem
483 1779 587 1826 quod
607 1778 741 1815 dicitur
759 1778 860 1826 utile,
881 1779 986 1827 quod
1016 1787 1071 1815 est
1099 1780 1146 1817 ad
1171 1780 1301 1827 finem,
1323 1787 1378 1816 est
1397 1780 1433 1816 in

375 1832 427 1869 ad
452 1831 608 1880 aliquid,
636 1839 678 1868 ut
706 1831 839 1868 dicitur
866 1832 905 1868 in
934 1833 948 1868 I
976 1832 1095 1869 Ethic.
1116 1832 1136 1854 '³‘
1163 1833 1278 1880 Ergo,
1309 1833 1338 1869 si
1366 1846 1435 1869 vo—

375 1885 498 1922 luntas
527 1892 582 1921 est
610 1884 716 1932 finis,
747 1897 826 1922 non
865 1885 932 1921 erit
967 1896 1102 1921 eorum
1139 1898 1237 1933 quae
1273 1893 1360 1922 sunt
1387 1886 1436 1923 ad

375 1939 506 1976 finem.
1259 1965 1262 1968 -

432 1992 466 2028 3.
495 1991 734 2037 PRAETEREA,
762 1990 913 2026 habitus
940 1990 1276 2038 proportionantur
1302 1998 1435 2039 poten-

375 2043 452 2080 tiis:
483 2055 571 2079 cum
595 2043 667 2080 sint
687 2055 820 2079 earum
840 2048 857 2064 α
885 2043 1146 2092 perfectiones.
1178 2044 1254 2080 Sed
1273 2043 1311 2080 in
1330 2044 1435 2080 habi-

376 2096 474 2133 tibus
508 2095 572 2144 qui
601 2096 776 2133 dicuntur
795 2103 892 2132 artes
912 2095 1141 2144 operativae,
1163 2096 1212 2133 ad
1231 2096 1332 2134 aliud
1351 2109 1436 2145 per-

374 2149 466 2186 tinet
493 2148 592 2195 finis,
623 2157 658 2186 et
685 2149 734 2186 ad
762 2148 864 2186 aliud
892 2149 995 2197 quod
1021 2157 1076 2186 est
1095 2149 1144 2186 ad
1171 2150 1311 2186 finem:
1341 2149 1436 2187 sicut

376 2202 424 2239 ad
444 2202 738 2250 gubernatorem
758 2202 919 2250 pertInet
937 2214 1028 2238 usus
1048 2202 1168 2248 navis,
1189 2202 1255 2250 qui
1275 2210 1331 2240 est
1349 2203 1435 2240 finis

375 2255 476 2301 eius;
497 2254 544 2291 ad
560 2254 828 2292 navifactivam
843 2267 937 2291 vero
958 2254 1185 2291 constructio
1201 2255 1319 2302 navis,
1336 2268 1434 2305 quae

376 2315 431 2345 est
457 2315 613 2357 propter
639 2308 769 2344 finem.
799 2308 913 2355 Ergo,
944 2319 1030 2344 cum
1058 2308 1235 2345 voluntas
1255 2308 1300 2345 sit
1327 2309 1433 2357 finis,

374 2373 454 2398 non
483 2360 550 2397 erit
579 2373 713 2397 eorum
742 2373 839 2408 quae
868 2367 954 2397 sunt
982 2360 1031 2397 ad
1058 2361 1188 2397 finem.

427 2414 500 2450 SED
521 2425 667 2451 CONTRA
685 2425 761 2460 EST,
783 2413 870 2462 quia
885 2411 900 2442 β
918 2413 956 2450 in
977 2414 1089 2450 rebus
1118 2413 1348 2451 naturalibus
1366 2427 1435 2463 per

376 2466 538 2503 eandem
579 2466 788 2515 potentiam
826 2466 968 2514 aliquid
996 2466 1196 2515 pertransit
1223 2467 1368 2513 media,
1400 2475 1436 2504 et

374 2519 548 2568 pertingit
577 2519 624 2556 ad
652 2519 869 2556 terminum.
901 2518 976 2556 Sed
1006 2532 1051 2556 ea
1080 2531 1178 2567 quae
1208 2527 1295 2557 sunt
1323 2520 1371 2557 ad
1390 2521 1434 2557 fi-

373 2584 477 2619 nem,
507 2579 593 2609 sunt
620 2572 812 2621 quaedam
839 2571 966 2608 media
992 2584 1062 2620 per
1091 2585 1188 2621 quae
1215 2573 1436 2622 pervenitur

374 2625 423 2662 ad
441 2626 560 2662 finem
581 2624 676 2662 sicut
695 2624 744 2662 ad
763 2624 981 2661 terminum.
1003 2626 1117 2673 Ergo,
1134 2625 1165 2662 si
1184 2627 1360 2663 voluntas
1381 2634 1436 2663 est

373 2678 473 2725 finis,
493 2678 574 2726 ipsa
602 2678 715 2715 etiam
745 2685 801 2714 est
828 2690 964 2714 eorum
994 2690 1092 2726 quae
1121 2679 1275 2716 suntad
1303 2679 1431 2716 finem.

427 2732 651 2768 RESPONDEO
675 2742 858 2768 DICENDUM
879 2732 983 2779 quod
1001 2732 1178 2768 voluntas
1202 2732 1434 2781 quandoque

374 2782 508 2821 dicitur
543 2784 626 2833 ipsa
653 2783 821 2832 potentia
858 2796 933 2832 qua
964 2784 1165 2830 volumus;
1201 2785 1434 2834 quandoque

373 2844 500 2874 autern
538 2837 619 2886 ipse
655 2835 858 2873 voluntatis
888 2844 1003 2873 actus.
1031 2836 1071 2873 Si
1109 2849 1197 2885 ergo
1231 2838 1436 2887 loquamur

373 2890 419 2927 de
439 2891 634 2927 voluntate
653 2890 866 2927 secundum
891 2889 998 2937 quod
1017 2890 1190 2927 nominat
1210 2891 1433 2939 potentiam,

372 2943 425 2979 sic
453 2955 494 2979 se
523 2943 687 2980 extendit
715 2950 751 2979 et
778 2943 827 2980 ad
855 2942 985 2990 finem,
1007 2950 1043 2979 et
1070 2944 1117 2980 ad
1148 2955 1192 2980 ea
1220 2956 1318 2992 quae
1347 2952 1434 2981 sunt

372 2996 420 3033 ad
448 2996 579 3033 finem.
609 2996 671 3033 Ad
699 3008 744 3032 ea
773 2995 875 3032 enim
905 3008 944 3032 se
979 2995 1144 3033 extendit
1179 3008 1433 3046 unaquaeque

371 3049 558 3097 potentia,
588 3049 627 3086 in
655 3049 791 3098 quibus
828 3048 989 3086 inveniri
1024 3055 1149 3097 potest
1186 3062 1432 3098 quocumque

372 3101 491 3139 modo
522 3102 616 3138 ratio
645 3101 703 3138 sui
741 3101 898 3139 obiecti:
929 3101 1024 3138 sicut
1055 3101 1161 3140 visus
1190 3115 1230 3139 se
1269 3103 1432 3140 extendit

372 3154 421 3192 ad
459 3154 589 3191 omnia
626 3167 891 3203 quaecumque
928 3154 1151 3203 participant
1186 3168 1431 3205 quocumque

373 3207 491 3244 modo
530 3209 698 3244 colorem
730 3208 758 3244 *.
790 3207 900 3244 Ratio
939 3215 1066 3244 autern
1097 3208 1207 3255 boni,
1237 3209 1343 3258 quod
1376 3217 1432 3246 est

373 3261 564 3298 obiectum
593 3260 781 3309 potentiae
810 3261 1026 3307 voluntatis,
1047 3260 1238 3298 invenitur
1265 3274 1343 3298 non
1371 3274 1431 3298 so-

371 3314 450 3350 lum
470 3314 509 3351 in
537 3314 626 3362 fine,
648 3313 716 3350 sed
737 3313 848 3350 etiam
869 3313 906 3350 in
925 3313 982 3350 his
1002 3325 1099 3361 quae
1120 3322 1206 3351 sunt
1226 3314 1275 3351 ad
1297 3314 1428 3352 finem.

425 3367 464 3404 Si
501 3374 628 3404 autem
665 3367 868 3415 loquamur
906 3366 952 3403 de
984 3367 1179 3404 voluntate
1217 3367 1428 3405 secundum

423 3473 450 3504 α)
470 3480 571 3497 earum.
589 3486 607 3491 —
626 3479 716 3497 eorum
735 3472 1005 3504 ABCDEFGIKLpH.

425 3507 448 3539 β)
469 3508 568 3540 quia.—
588 3508 658 3539 quod
677 3508 774 3532 EFKL.

423 3543 449 3576 γ)
465 3543 585 3575 proprie.
602 3558 619 3562 —
639 3544 699 3568 Om.
720 3543 830 3568 codices.

1489 1196 1595 1245 quod
1623 1197 1794 1235 nominat
1820 1199 1974 1248 proprie
2002 1205 2018 1228 Υ
2046 1207 2192 1248 actum,
2223 1201 2288 1250 sic,
2317 1204 2468 1253 proprie
2496 1205 2550 1241 lO-

1490 1249 1665 1297 quendo,
1696 1258 1751 1287 est
1778 1251 1864 1288 finis
1896 1254 2104 1300 tantumbss.
2136 1254 2273 1292 Omnis
2309 1256 2411 1293 enim
2447 1264 2551 1297 actus

1491 1302 1758 1340 denominatus
1774 1316 1796 1340 a
1814 1306 1993 1353 potentia,
2010 1306 2183 1344 nominat
2197 1307 2409 1357 simplicem
2425 1317 2551 1347 actum

1490 1354 1585 1392 illius
1611 1357 1821 1404 potentiae:
1851 1357 1946 1395 sicut
1972 1359 2179 1409 intelligere
2210 1361 2384 1399 nominat
2411 1362 2551 1412 simpli-

1491 1420 1575 1444 cem
1604 1416 1730 1445 actum
1759 1410 1978 1448 intellectus.
2001 1412 2168 1461 Sirn'plex
2192 1421 2320 1452 autem
2349 1422 2454 1452 actus
2480 1428 2550 1465 po-

1489 1461 1625 1498 tentiae
1655 1470 1710 1499 est
1729 1462 1766 1499 in
1785 1462 1823 1500 id
1843 1464 1948 1513 quod
1978 1472 2032 1502 est
2064 1466 2276 1504 secundum
2295 1480 2335 1504 se
2356 1468 2550 1507 obiectum

1489 1514 1692 1561 potentiae.
1723 1516 1765 1552 Id
1793 1524 1922 1554 autem
1951 1517 2056 1565 quod
2076 1526 2132 1555 est
2149 1528 2305 1568 propter
2333 1533 2374 1558 se
2402 1521 2550 1561 bonum

1490 1573 1527 1602 et
1552 1567 1725 1614 volitum,
1752 1576 1807 1605 est
1833 1569 1931 1606 finis.
1961 1571 2072 1608 Unde
2108 1572 2285 1609 voluntas
2312 1574 2465 1622 proprie
2495 1582 2552 1611 est

1488 1619 1605 1667 ipsius
1642 1620 1740 1657 finis.
1771 1621 1828 1658 Ea
1855 1634 1949 1659 vero
1978 1635 2076 1672 quae
2106 1632 2193 1661 sunt
2219 1625 2268 1662 ad
2300 1626 2440 1674 finem,
2471 1639 2551 1664 non

1489 1679 1576 1708 sunt
1603 1673 1706 1709 bona
1732 1674 1794 1710 ‘vel
1829 1675 1946 1712 volita
1973 1683 2128 1724 propter
2155 1677 2290 1726 seipsa,
2321 1679 2389 1716 sed
2406 1681 2462 1716 ‘ex
2491 1691 2551 1717 or-

1490 1724 1576 1762 dine
1605 1726 1654 1762 ad
1681 1726 1813 1764 finem.
1843 1727 1954 1765 Unde
1981 1730 2158 1767 voluntas
2185 1730 2223 1770 in
2252 1743 2297 1768 ea
2315 1743 2394 1769 non
2421 1732 2549 1780 fertur,

1490 1778 1560 1815 nisi
1588 1786 1774 1827 quatenus
1810 1780 1928 1818 fertur
1954 1781 1993 1819 in
2020 1783 2159 1820 finem:
2188 1783 2290 1821 unde
2322 1785 2397 1822 hoc
2423 1785 2550 1834 ipsum

1490 1832 1594 1880 quod
1614 1832 1652 1868 in
1672 1832 1725 1869 eis
1743 1833 1836 1880 vult,
1858 1841 1914 1870 est
1940 1834 2038 1872 finis.
2061 1835 2166 1873 Sicut
2185 1844 2221 1873 et
2238 1837 2444 1886 intelligere
2462 1851 2551 1888 pro-

1489 1884 1570 1932 prie
1590 1892 1645 1921 est
1673 1898 1807 1923 eorum
1825 1899 1924 1935 quae
1948 1888 2159 1925 secundum
2193 1902 2234 1926 se
2259 1899 2550 1940 cognoscuntur,

1490 1937 1628 1974 scilicet
1654 1938 1949 1987 principiorum:
1980 1952 2113 1978 eorum
2138 1949 2266 1980 autem
2286 1955 2386 1993 quae
2410 1956 2550 1992 cogno·-

1490 1999 1645 2027 scuntur
1662 2004 1732 2040 per
1757 1992 1953 2042 principia,
1970 2006 2049 2031 non
2078 1994 2212 2033 dicitur
2235 2008 2318 2033 esse
2345 1997 2551 2046 intelligen-

1490 2043 1552 2090 tia,
1571 2043 1641 2080 nisi
1669 2044 1895 2093 inquantum
1918 2045 1956 2083 in
1985 2047 2038 2084 eis
2066 2047 2147 2096 ipsa
2165 2048 2349 2098 principia
2377 2050 2549 2088 conside-

1490 2103 1638 2133 rantur.-
1665 2097 1719 2134 sz'c
1747 2098 1849 2134 enim
1885 2110 1925 2135 se
1952 2100 2062 2136 habet
2076 2101 2172 2148 finis
2208 2101 2245 2138 in
2273 2101 2551 2150 appetibilibus,

1488 2149 1583 2186 sicut
1616 2161 1656 2186 se
1691 2151 1803 2187 habet
1830 2151 2060 2201 principium
2098 2153 2135 2190 in
2171 2154 2479 2205 intelligibilibus,
2507 2163 2551 2194 ut

1490 2202 1624 2239 dicitur
1650 2203 1689 2239 in
1718 2204 1786 2240 VII
1814 2204 1934 2242 Ethic.
1956 2205 1976 2225 *⁴
2545 2221 2547 2223 ’

1542 2256 1601 2292 An
1630 2267 1767 2293 PR1MUM
1799 2268 1897 2294 ERGO
1934 2269 2119 2296 D1CENDUM
2155 2259 2260 2307 quod
2292 2259 2552 2310 Philosophus

1488 2307 1655 2356 loquitur
1691 2309 1738 2346 de
1766 2310 1982 2357 voluntate,
2012 2311 2223 2349 secundum
2254 2313 2361 2361 quod
2396 2315 2549 2363 proprie

1488 2360 1660 2397 nominat
1687 2361 1899 2410 simplicem
1926 2370 2055 2401 actum
2073 2365 2295 2402 voluntatis:
2324 2378 2403 2404 non
2422 2375 2553 2404 autem-

1488 2413 1700 2450 secundum
1729 2415 1834 2463 quod
1861 2415 2033 2453 nominat
2058 2417 2281 2466 potentiam.

1542 2468 1600 2503 An
1628 2478 1817 2504 SECUNDUM
1845 2480 2030 2506 mcENDUM
2057 2470 2164 2519 quod
2192 2470 2240 2508 ad
2269 2483 2314 2509 ea
2337 2483 2435 2520 quae
2463 2481 2551 2510 sunt

1489 2518 1640 2563 diversa
1658 2532 1795 2568 genere
1817 2533 1862 2557 ex
1880 2533 2004 2570 aequo
2025 2534 2065 2559 se
2087 2523 2279 2571 habentia,
2300 2524 2521 2563 ordinantur
2534 2523 2548 2548 ὅ

1489 2572 1660 2610 diversae
1696 2573 1887 2622 potentiae
1918 2575 1957 2611 *ε
1987 2574 2082 2612 sicut
2120 2588 2238 2613 sonus
2266 2584 2304 2614 et
2330 2579 2435 2615 color
2461 2587 2550 2616 sunt
2575 2590 2587 2602 ⁴

1489 2625 1636 2662 diversa
1673 2637 1812 2673 genera
1840 2627 2093 2676 sensibilium,
2122 2629 2171 2666 ad
2200 2641 2298 2678 quae
2330 2630 2551 2669 ordinantur

1488 2678 1637 2715 auditus
1667 2686 1702 2715 et
1728 2679 1845 2716 visus.
1876 2681 1953 2718 Sed
1982 2680 2070 2718 utile
2098 2689 2136 2718 et
2161 2683 2367 2720 honestum
2395 2695 2474 2721 non
2502 2696 2549 2722 ex

1488 2743 1613 2779 aequo
1643 2744 1684 2768 se
1711 2732 1872 2780 habent,
1894 2733 1969 2770 ⁴sed
1997 2733 2092 2771 sicut
2119 2734 2224 2784 quod
2253 2743 2310 2773 est
2336 2737 2548 2775 secundum

1488 2796 1529 2820 se
1562 2792 1598 2821 et
1617 2785 1829 2822 secundum
1849 2786 2018 2824 alterum.
2040 2787 2273 2826 Huiusmodi
2291 2797 2420 2827 autem
2449 2802 2548 2829 sem-

1487 2849 1556 2885 per
1584 2838 1795 2874 referuntur
1823 2838 1871 2875 ad
1905 2840 2068 2877 eandem
2096 2841 2327 2889 potentiam:
2357 2842 2453 2880 sicut
2479 2855 2549 2892 per

1486 2890 1694 2938 potentiam
1722 2890 1886 2928 visivam
1914 2893 2071 2930 sentitur
2099 2901 2135 2930 et
2163 2890 2284 2942 color‘,
2314 2902 2352 2932 et
2377 2896 2451 2942 lux,
2479 2907 2549 2944 per

1487 2954 1603 2991 quarn
1632 2944 1738 2980 color
1763 2943 1927 2982 videtur.

1539 2998 1598 3033 AD
1626 3008 1786 3034 TERT1UM
1814 3008 1998 3035 D1CENDUM
2026 2998 2132 3047 quod
2168 3010 2247 3036 non
2274 2999 2460 3048 quidquid
2493 3000 2548 3038 di—

1484 3049 1676 3086 versificat
1690 3049 1874 3097 habitum,
1896 3050 2122 3088 diversificat
2138 3051 2368 3101 potentiam:
2397 3053 2548 3093 habitus

1486 3102 1587 3139 enirn
1607 3110 1695 3139 sunt
1721 3102 1913 3151 quaedam
1933 3103 2268 3142 determinationes
2291 3106 2553 3154 potentiarum·

1485 3156 1534 3192 ad
1562 3155 1708 3204 aliquos
1746 3155 1928 3205 speciales
1961 3164 2077 3194 actus.
2107 3157 2156 3193 Et
2193 3165 2320 3195 tamen
2357 3159 2548 3208 quaelibet

1485 3220 1544 3244 ars
1565 3209 1760 3257 operativa
1788 3209 2001 3246 considerat
2020 3217 2056 3246 et
2082 3210 2201 3247 finem
2236 3219 2272 3248 et
2298 3211 2337 3249 id
2364 3211 2471 3261 quod
2490 3218 2547 3262 est

1484 3261 1533 3298 ad
1561 3262 1692 3299 finem.
1714 3262 1818 3299 Nam
1837 3274 1896 3299 ars
1919 3262 2168 3310 gubernativa
2186 3268 2199 3285 ⁸
2233 3263 2447 3301 considerat
2464 3263 2545 3312 qui-

1485 3314 1573 3351 dem
1601 3315 1741 3362 finem,
1770 3322 1812 3352 ut
1838 3327 1955 3364 quem
1982 3323 2179 3364 operatur:
2209 3316 2248 3355 id
2275 3324 2403 3355 autem
2435 3317 2545 3366 ,quod

1485 3375 1539 3404 est
1559 3368 1607 3405 ad
1627 3368 1758 3415 finem,
1779 3375 1820 3404 ut
1839 3368 1942 3416 quod
1961 3367 2134 3417 imperat.
2164 3370 2197 3406 E
2218 3377 2348 3408 contra
2365 3382 2459 3408 vero
2480 3382 2544 3408 na-

1536 3472 1561 3505 δ)
1581 3474 1751 3498 ordinantur.
1770 3487 1788 3492 —
1807 3473 1847 3498 vel
1866 3472 2029 3498 ordinantur
2047 3474 2225 3507 ACGIpBDH.

1537 3509 1558 3540 ε)
1577 3508 1754 3541 gubernativa
1771 3522 1790 3527 —
1807 3508 1997 3542 gubernatoris
2017 3509 2045 3534 P.

2579 1269 2588 1278 ·
2604 1268 2633 1290 D.
2648 1267 2698 1298 623.

2576 2223 2588 2235 ⁸
2598 2223 2657 2252 Cap.
2665 2229 2717 2251 vm,
2728 2229 2752 2246 n.
2760 2230 2788 2252 4;

2577 2249 2648 2272 s.Th.
2660 2250 2713 2282 leet.
2721 2256 2770 2282 τις.
2779 2261 2789 2267 -

2610 2276 2789 2352 {iffi

2623 2604 2630 2612 .
2645 2595 2704 2616 ¹04¹-
