2852 4152
117 777 128 788 '¹
143 777 199 805 Cap.
214 783 241 804 v,

144 1203 191 1230 Qu.
206 1207 271 1229 xvur,
287 1204 328 1223 art.

353 217 428 254 280

353 295 459 345 quod
487 307 562 332 non
591 301 646 332 est
671 297 796 346 magis
823 298 962 334 bonum
991 297 1092 345 quod
1109 302 1163 333 est
1188 294 1409 339 diuturnius,

354 361 397 385 eo
431 348 531 397 quod
564 355 618 386 est
648 350 758 386 unius
792 350 884 386 diei:
917 361 1036 397 neque
1067 349 1168 398 quod
1198 354 1253 384 est
1281 358 1414 395 perpe-

355 407 482 448 tuum,
516 413 559 438 eo
593 403 694 450 quod
729 415 803 439 non
842 408 894 439 est
923 407 1159 450 perpetuum.
1194 401 1316 447 Ergo,
1353 411 1414 435 ea—

356 454 445 491 dem
474 454 631 502 ratione,
661 467 786 503 neque
816 454 939 491 maius
967 455 1125 491 malurn.
1153 452 1230 489 Sed
1251 464 1295 488 ea
1315 463 1413 500 quae

355 519 433 544 non
461 507 604 544 habent
630 507 854 554 remedium,
884 519 962 543 non
989 506 1167 543 videntur
1190 504 1340 541 differre
1365 504 1413 539 ab

357 560 437 597 aliis
465 560 535 596 nisi
558 567 713 609 propter
732 559 1011 597 diuturnitatem
1030 559 1093 595 vel
1112 556 1413 606 perpetuitatem.

357 613 460 660 Ergo
488 620 644 661 propter
670 614 745 649 hoc
772 624 850 649 non
879 618 964 648 sunt
983 610 1125 659 peiora,
1150 609 1212 646 vel
1235 609 1353 656 magis
1372 608 1415 645 ti-

356 665 509 702 menda.

412 719 486 754 SED
506 729 651 755 CONTRA
679 729 745 753 EST
772 716 877 765 quod
906 715 1162 763 Philosophus
1196 713 1294 760 dicit,
1316 713 1353 750 in
1383 715 1414 750 II

321 791 328 798 ·
356 771 544 807 Rhetoric.
565 770 597 818 ²³,
618 770 722 818 quod
751 769 878 806 omnia
899 768 1062 804 timenda
1080 773 1168 804 sunt
1189 765 1415 804 terribiliora

357 835 627 872 quaecumque,
656 823 690 858 si
713 821 968 869 peccaverint,
999 820 1144 870 corrigi
1171 831 1245 856 non
1275 820 1415 856 contin-

355 876 433 925 git,·
460 881 528 912 aut
553 887 713 923 quorum
742 874 887 911 auxilia
921 885 994 910 non
1022 879 1127 917 sunt‚·
1159 879 1226 911 aut
1251 885 1326 909 non
1351 874 1416 919 fa-

357 928 454 965 cilia.
1005 954 1008 957 .
1134 937 1137 940 ’

410 981 635 1016 RESPONDEO
649 991 838 1016 JD1CENDUM
862 979 966 1027 quod
987 978 1179 1016 obiectum
1198 978 1342 1015 timoris
1363 985 1417 1014 est

357 1033 523 1069 malum:
555 1032 658 1083 unde
695 1031 787 1069 illud
824 1032 930 1080 quod
965 1030 1051 1068 facit
1084 1032 1133 1069 ad
1169 1038 1417 1079 augmentum

356 1085 458 1132 mali,
479 1085 564 1122 facit
592 1084 640 1122 ad
660 1092 907 1133 augmentum
936 1083 1094 1122 timoris.
1116 1085 1261 1121 Malum
1288 1091 1417 1120 autem

357 1145 514 1186 augetur
528 1149 607 1174 non
622 1139 749 1175 solum
765 1138 977 1175 secundum
997 1137 1164 1186 speciem
1181 1136 1297 1186 ipsius
1317 1135 1418 1183 mali,

357 1190 424 1228 sed
445 1191 557 1228 etiam
578 1191 791 1229 secundum
813 1190 1121 1237 circumstantias,
1141 1197 1183 1227 ut
1204 1202 1247 1227 ex
1268 1201 1381 1238 supra
1399 1188 1420 1211 ³¹⁶

357 1243 464 1282 dictis
483 1251 650 1293 apparet.
672 1246 772 1281 Inter
791 1251 934 1280 ceteras
956 1251 1084 1280 autem
1105 1242 1416 1290 circumstantias,

358 1297 591 1344 diuturnitas,
611 1297 673 1334 vel
693 1297 806 1334 etiam
826 1296 1067 1346 perpetuitas,
1089 1296 1209 1344 magis
1231 1295 1383 1334 videtur
1402 1300 1419 1317 α

357 1348 480 1387 facere
509 1351 557 1387 ad
584 1358 833 1398 augmentum
861 1350 961 1387 mali.
988 1349 1046 1386 Ea
1075 1349 1176 1386 enim
1206 1361 1305 1398 quae
1334 1355 1420 1386 sunt

356 1403 396 1440 in
424 1409 608 1452 tempore,
631 1403 842 1440 secundum
863 1401 1103 1440 durationem
1123 1402 1306 1451 temporis
1327 1413 1420 1451 quo-

358 1455 569 1494 dammodo
598 1462 883 1493 mensurantur:
912 1456 1014 1493 unde
1044 1455 1074 1492 si
1102 1455 1179 1504 pati
1211 1455 1352 1503 aliquid
1381 1455 1419 1491 in

1029 218 1295 264 QUAESTIO
1325 218 1444 263 xm,
1474 216 1769 252 ARTICULUS
1798 215 1848 252 v1

1468 300 1572 330 tanto
1601 301 1774 342 tempore
1814 300 1869 330 est
1901 294 2064 342 malum,
2093 294 2170 344 pati
2198 294 2300 332 idem
2338 294 2376 331 in
2413 293 2530 342 duplo

1468 353 1640 395 tempore
1661 346 1955 395 apprehenditur
1969 354 2009 384 ut
2027 348 2236 396 duplatum.
2254 348 2302 384 Et
2321 346 2532 384 secundum
2588 388 2590 390 r

1468 399 1567 436 hanc
1581 399 1781 446 rationem,
1796 398 1873 447 pati
1891 398 1995 437 idem
2010 399 2048 436 in
2062 400 2210 437 infinito
2225 407 2410 448 tempore,
2427 398 2531 448 quod

1470 458 1526 488 est
1553 458 1737 500 perpetuo
1766 451 1855 499 pati,
1874 452 1989 489 habet
2016 452 2307 500 quodammodo
2339 452 2531 488 infinitum

1470 511 1730 551 augmentum.
1752 504 1854 540 Mala
1883 510 2010 541 autem
2038 518 2153 554 quae,
2182 513 2387 554 postquam
2415 504 2532 541 adve-

1470 556 1611 602 nerint,
1642 568 1721 592 non
1749 564 1908 604 possunt
1935 557 2075 594 habere
2105 557 2336 605 remedium,
2361 557 2424 593 vel
2452 569 2532 593 non

1472 608 1518 645 de
1556 608 1671 655 facili,
1703 608 1936 657 accipiuntur
1962 617 2003 646 ut
2029 618 2214 660 perpetua
2250 611 2312 647 vel
2342 609 2530 647 diuturna.

1470 662 1519 698 Et
1547 661 1634 698 ideo
1662 661 1828 699 maxime
1857 662 2066 700 redduntur
2092 663 2272 701 timenda.

1523 715 1581 750 An
1602 726 1739 751 PR1MUM
1762 726 1860 751 ERGO
1880 726 2064 752 mcENDUM
2083 716 2188 764 quod
2211 714 2424 752 remedium
2442 713 2532 750 mali

1472 774 1527 803 est
1555 766 1705 816 duplex.
1727 767 1877 814 Unum,
1906 779 1975 815 per
2002 769 2108 815 quod
2135 764 2337 817 impeditur
2364 768 2532 804 futurum

1471 820 1627 867 malum,
1649 832 1698 856 ne
1717 819 1906 857 adveniat.
1927 820 1976 856 Et
2003 819 2066 856 tali
2091 821 2261 858 remedio
2286 821 2446 868 sublato,
2468 831 2533 856 au-

1471 873 1587 909 fertur
1606 884 1703 921 spes,
1726 880 1762 909 et
1779 884 1849 921 per
1868 884 2106 920 consequens
2124 872 2249 910 timor.
2270 873 2380 910 Unde
2401 873 2447 910 de
2468 871 2531 908 tali

1472 925 1641 962 remedio
1671 938 1772 962 nunc
1800 938 1878 962 non
1910 925 2112 973 loquimur.
2133 946 2157 952 -
2176 925 2292 962 Aliud
2319 925 2532 963 remedium

1472 978 1561 1015 mali
1597 985 1671 1025 est,
1702 990 1779 1027 quo
1809 978 1953 1015 malum
1982 978 2060 1015 iarn
2088 989 2269 1026 praesens
2301 985 2531 1016 removetur.

1473 1031 1522 1067 Et
1550 1031 1597 1068 de
1625 1030 1688 1067 tali
1716 1030 1887 1067 remedio
1917 1043 2018 1067 nunc
2045 1030 2249 1079 loquimur.

1525 1085 1582 1120 AD
1612 1095 1802 1121 SECUNDUM
1830 1095 2013 1120 D1CENDUM
2042 1083 2159 1131 quod,
2180 1083 2266 1120 licet
2288 1094 2392 1120 mors
2415 1081 2462 1120 sit
2487 1082 2534 1120 ir—

1473 1134 1718 1173 remediabile
1756 1137 1923 1184 malum,
1953 1143 2103 1183 tamen,
2134 1135 2224 1184 quia
2251 1147 2330 1172 non
2361 1134 2535 1173 imminet

1474 1189 1521 1226 de
1550 1201 1682 1238 prope,
1704 1201 1782 1226 non
1810 1189 1972 1236 timetur,
1993 1196 2034 1226 ut
2062 1201 2177 1238 supra
2203 1187 2223 1210 ’¹³
2252 1187 2490 1225 dictumest.

1522 1244 1585 1279 'AD
1613 1253 1772 1279 TERTmM
1791 1254 1975 1280 DICENDUM
2003 1241 2108 1291 quod
2127 1241 2383 1290 Philosophus
2411 1238 2463 1278 ibi
2481 1240 2535 1276 lo-

1474 1295 1600 1344 quitur
1628 1294 1674 1332 de
1702 1307 1771 1344 per
1799 1307 1838 1332 se
1867 1294 1984 1342 bono,
2010 1293 2116 1344 quod
2145 1302 2199 1332 est
2226 1294 2374 1331 bonum
2402 1305 2536 1330 secun-

1475 1348 1568 1385 dum
1602 1348 1770 1397 speciem
1799 1361 1920 1385 suam.
1952 1346 2014 1385 Sic
2048 1354 2175 1385 autem
2210 1360 2289 1384 non
2321 1347 2364 1384 fit
2395 1345 2537 1394 aliquid

1474 1401 1594 1449 magis
1629 1402 1776 1438 bonum
1810 1408 1964 1450 propter
1999 1399 2280 1438 diuturnitatem
2312 1400 2375 1437 vel
2403 1410 2537 1449 perpe-

1473 1453 1654 1502 tuitatem,
1676 1455 1742 1492 sed
1770 1461 1925 1503 propter
1952 1461 2126 1491 naturam
2154 1453 2271 1502 ipsius
2299 1452 2402 1490 boni.

412 1577 438 1610 α)
459 1577 573 1602 videtur.
591 1591 609 1596 —
627 1577 753 1602 videntur
771 1577 872 1602 codices
891 1582 917 1602 et
935 1584 960 1602 a.

1033 1657 1364 1690 Commentaria
1386 1657 1637 1689 Cardinalis
1658 1655 1859 1689 Caietani

389 1756 410 1776 N
434 1746 640 1786 responsione
663 1746 703 1776 ad
719 1744 870 1776 ultimum
894 1745 997 1776 ultimi
1021 1745 1144 1776 articuli
1165 1745 1307 1775 eiusdem
1326 1755 1422 1785 quae-

363 1758 501 1821 Istionis
524 1789 949 1831 quadragesimaesecundae,
967 1789 1100 1820 breviter
1119 1789 1197 1820 scito
1221 1789 1310 1830 quod
1333 1789 1423 1819 boni-

359 1841 406 1865 tas
430 1833 474 1864 rei
497 1841 543 1864 est
566 1833 697 1874 duplex:
723 1832 840 1864 scilicet
863 1840 1006 1874 spectans
1026 1833 1065 1863 ad
1088 1833 1190 1873 ipsam
1213 1833 1257 1863 rei
1280 1833 1423 1863 substan-

359 1877 453 1914 tiam,
477 1884 508 1908 et
537 1877 741 1908 circumstans
769 1885 853 1912 eam:
882 1877 963 1908 sicut
990 1877 1115 1907 bonitas
1143 1876 1254 1907 caloris
1283 1883 1329 1907 est
1356 1886 1422 1907 esse

361 1921 498 1952 calorem
520 1928 557 1952 ut
579 1928 718 1962 quatuor
740 1920 790 1951 vel
814 1930 875 1958 sex,
901 1927 970 1957 etc„
994 1920 1044 1951 vel
1068 1929 1134 1951 esse
1152 1919 1186 1950 in
1206 1920 1260 1951 tali
1281 1920 1421 1951 subiecto

360 1972 415 1996 aut
436 1966 521 2002 loco,
547 1972 603 1996 etc.
628 1965 762 1996 Duratio
786 1974 852 1995 non
875 1971 969 2004 auget
992 1965 1128 2005 primam
1152 1964 1343 2001 bonitatem,
1367 1965 1423 1994 sed

361 2010 545 2041 secundam.
570 2010 644 2040 Non
670 2009 754 2039 enim
771 2009 856 2040 calor
871 2009 987 2040 durans
1003 2009 1119 2045 triduo,
1137 2015 1183 2039 est
1199 2008 1376 2039 secundum
1391 2018 1424 2039 se

1475 1743 1644 1784 perfectior
1666 1743 1770 1774 calore
1793 1742 1888 1774 unius
1911 1742 2025 1773 horae:
2051 1743 2106 1773 sed
2129 1743 2209 1773 bene
2232 1748 2279 1773 est
2301 1741 2470 1782 perfectior
2491 1751 2541 1773 se-

1476 1788 1619 1818 cundum
1638 1787 1907 1818 circumstantiam
1923 1786 2084 1827 temporis.
2105 1787 2146 1817 Et
2160 1786 2223 1817 hoc
2237 1786 2372 1818 intendit
2386 1792 2452 1817 tam
2467 1785 2539 1816 Ari-

1476 1831 1602 1862 stoteles
1622 1830 1674 1868 ibi,
1700 1841 1798 1872 quam
1821 1833 1943 1862 Auctor
1966 1830 2032 1861 hic:
2057 1830 2114 1872 qui
2129 1830 2201 1861 ideo
2217 1830 2251 1861 in
2266 1840 2399 1871 corpore
2417 1827 2540 1861 articuli

1476 1875 1637 1916 praemisit
1651 1876 1740 1917 quod
1756 1875 1879 1906 malum
1893 1882 2027 1916 augetur
2039 1874 2214 1915 dupliciter,
2232 1873 2348 1905 scilicet
2363 1874 2541 1905 secundum

1477 1930 1568 1950 suam
1587 1919 1735 1960 speciem,
1752 1926 1783 1950 et
1798 1920 1975 1950 secundum
1998 1918 2255 1950 circumstantias.
2278 1917 2438 1949 Praesenti
2453 1917 2540 1948 enim

1478 1964 1644 2004 proposito
1672 1970 1719 1994 sat
1743 1970 1789 1994 est
1816 1964 1906 2004 quod
1929 1963 2051 1994 malum
2078 1963 2332 2004 apprehendatur
2360 1968 2396 1993 ut
2418 1961 2539 1992 maius:

1478 2008 1542 2039 sive
1566 2018 1603 2039 ex
1625 2008 1693 2045 hac,
1717 2008 1782 2039 sive
1806 2018 1843 2039 ex
1865 2007 1918 2038 ina
1941 2007 2107 2048 proveniat
2130 2016 2233 2044 causa,
2258 2006 2337 2038 nihil
2359 2005 2462 2037 refert.

2561 1193 2572 1204 ⁸
2586 1193 2637 1215 Art.
2652 1198 2676 1214 2.
