2846 4146
115 1251 126 1260 “
148 1250 215 1274 caet.
242 1251 324 1279 mer„

115 1282 167 1306 etp.
182 1283 214 1300 π.

114 1410 309 1440 *mm-00⁶.

1017 205 1282 251 QUAESTIO
1311 205 1449 252 LXIII,
1478 205 1774 243 ARTICULUS
1804 207 1853 242 III

354 290 460 317 catum
485 283 620 314 mortale
641 283 711 313 sine
725 283 857 323 gratia;
880 290 919 318 et,
943 282 1051 313 Homo
1061 288 1166 322 potest
1179 283 1296 313 habere
1312 284 1410 314 virtu·
1436 288 1439 316 Ι

353 334 401 360 tes
423 337 465 361 ex
485 326 690 358 assuetudine
705 335 836 366 operum
851 336 995 357 suorum.
1012 326 1128 361 Primo,
1146 326 1221 367 quia
1236 333 1322 357 actus
1339 337 1410 366 pec-

353 371 412 403 cati
431 370 572 402 mortalis
591 376 651 401 stat
673 379 748 400 cum
763 369 876 400 virtute
892 370 1053 410 acquisita.
1070 370 1110 400 Et
1125 370 1186 400 hoc
1201 372 1306 410 quoad
1323 377 1410 401 actus

351 415 503 448 vitiorum
526 413 757 445 contrariorum
778 413 946 444 virtutibus
970 413 1139 454 acquisitis.
1163 414 1319 450 Secundo,
1336 414 1411 454 quia

353 465 427 490 sunt
448 458 554 499 aliqua
575 464 703 498 peccata
725 457 870 489 mortalia
900 457 1025 488 alterius
1048 457 1167 488 ordinis
1190 467 1208 487 a
1230 457 1311 489 vitiis
1335 468 1410 488 con-

352 502 452 534 trariis
478 501 646 534 virtutibus
673 501 848 542 acquisitis,
872 512 909 532 ea
931 501 1046 532 scilicet
1073 511 1154 542 quae
1182 501 1411 532 contrariantur

353 546 526 587 praeceptis
549 546 588 577 de
606 545 726 577 actibus
745 545 897 576 virtutum
913 545 1173 585 theologicarum.
1189 546 1235 575 Ex
1252 545 1310 576 hac
1325 545 1411 575 enim

354 590 506 626 doctrina,
522 589 628 621 iuncta
646 589 845 629 responsioni
869 590 909 619 ad
929 589 1080 629 primum,
1095 589 1191 620 habes
1206 589 1284 629 quid
1299 589 1338 619 de
1352 588 1411 619 vir-

2440 217 2518 254 409

1467 283 1587 314 tutibus
1610 282 1787 313 infidelium
1811 283 2011 313 sentiendum
2031 284 2079 314 sit.
2097 284 2143 314 De
2163 283 2224 314 hoc
2240 291 2344 314 tamen
2359 283 2452 314 latior
2470 284 2526 314 erit

1466 336 1570 356 sermo
1593 326 1626 356 in
1649 336 1703 367 qu.
1727 336 1797 362 va‚
1823 334 1877 357 art.
1900 337 1932 356 11.

1522 370 1575 401 ΙΙΙ.
1593 370 1627 400 In
1643 370 1850 410 responsione
1862 371 1901 400 ad
1917 370 2044 400 tertium
2060 369 2201 400 eiusdem
2213 370 2344 406 articuli,
2357 377 2432 401 nota
2445 381 2524 411 quo-

1466 414 1565 444 modo
1584 416 1714 450 Auctor,
1732 413 1811 444 nulli
1834 413 2102 453 philosophorum
2122 414 2287 450 secundus,
2305 414 2425 454 optime
2440 415 2524 445 inve-

1466 457 1512 488 nit
1534 457 1567 487 in
1591 457 1738 488 omnium
1760 467 1872 498 genere
1897 457 2050 488 virtutum
2073 457 2211 489 nobilius
2236 467 2358 497 semper
2382 467 2447 488 esse
2469 468 2523 498 ge-

1466 511 1590 532 nerans.
1615 502 1661 532 Ita
1683 502 1781 542 quod,
1798 501 1871 532 licet
1893 508 1981 532 actus
2004 501 2224 541 praecedentes
2239 501 2383 531 habitum
2403 501 2524 532 virtutis

1465 545 1527 575 sint
1549 545 1725 576 secundum
1749 555 1781 575 se
1804 544 1989 585 imperfecti,
2008 552 2044 575 ut
2066 551 2172 575 tamen
2195 555 2231 575 ex
2255 545 2357 575 altiori
2381 545 2526 576 oriuntur

1466 589 1632 629 principio,
1656 589 1825 629 generativi
1849 596 1922 620 sunt
1944 588 2077 619 virtutis.

1148 733 1464 775 ARTICULUS
1494 733 1722 775 TERTIUS

663 827 818 858 UTRUM
841 827 1032 864 ALIQUAE
1055 826 1271 857 VIRTUTES
1294 825 1496 856 MORALES
1520 825 1617 856 slNT
1641 826 1683 856 1N
1706 826 1831 857 Nossls
1854 826 1936 857 PER
1960 826 2221 858 INFUSIONEM

748 905 839 938 Supra,
858 912 902 937 qu.
917 912 955 936 u,
976 908 1021 929 art.
1036 911 1066 935 45
1085 903 1116 930 ul
1136 901 1218 933 Sent„
1238 903 1297 928 dist.
1310 910 1400 934 xxxm,
1421 910 1464 936 qu.
1477 910 1500 932 1,
1519 909 1565 928 art.
1582 910 1604 933 2,
1625 905 1668 936 qa·
1691 903 1718 935 33
1738 904 1780 929 De
1802 904 1907 934 Virtut„
1928 912 1972 937 qu.
1987 912 2008 934 ι,
2027 910 2074 930 art.
2092 912 2132 930 10.

382 1029 387 1041 l
438 1017 444 1026 ,
472 1014 523 1044 <25
522 1008 538 1047 ‹
564 997 587 1022 D
605 996 765 1022 TERTfflM
789 996 842 1021 sm
871 995 1110 1021 PROCEDITUR.
1129 982 1289 1020 Videtur
1306 982 1411 1031 quod

422 1034 427 1041 ’
522 1015 877 1086 praetervirtutes
886 1036 1215 1084 theologicas,non
1231 1036 1303 1072 sint
1318 1035 1411 1072 aliae

408 1158 418 1171 ³
432 1136 551 1174 ³⁰*ss
520 1134 662 1192 &quae
695 1149 855 1192 possunt
886 1141 968 1178 fieri
996 1154 1019 1177 a
1056 1141 1178 1178 causis
1214 1141 1409 1187 secundis,

352 1207 431 1232 non
457 1195 555 1233 fiunt
581 1195 799 1233 immediate
828 1207 851 1232 a
877 1195 975 1240 Deo,
1004 1193 1074 1231 nisi
1093 1193 1188 1230 forte
1207 1193 1410 1242 aliquando

352 1247 599 1285 miraculose:
628 1247 733 1295 quia,
762 1255 803 1284 ut
829 1246 1037 1294 Dionysius
1066 1246 1152 1283 dicit
1170 1245 1201 1293 ²¹²,
1229 1246 1292 1282 lex
1319 1247 1410 1283 divi-

353 1300 476 1338 nitatis
502 1306 558 1336 est
583 1300 712 1336 ultima
734 1311 808 1347 per
834 1299 956 1335 media
981 1299 1178 1335 adducere.
1200 1299 1276 1335 Sed
1295 1298 1411 1335 virtu-

351 1360 407 1390 tes
434 1352 700 1401 intellectuales
721 1359 757 1387 et
774 1351 941 1388 morales
959 1358 1119 1399 possunt
1137 1350 1175 1386 in
1194 1350 1304 1387 nobis
1325 1363 1411 1387 cau-

343 1405 444 1444 sari--
452 1410 543 1455 pe?
546 1398 697 1443 nostros
721 1410 839 1450 actus,
859 1410 901 1439 ut
920 1402 1062 1439 dictum
1083 1409 1138 1438 est
1155 1402 1187 1439 ²⁸.
1208 1403 1300 1439 Non
1320 1415 1409 1450 ergo

352 1457 623 1496 convenienter
650 1463 851 1494 causantur
878 1455 917 1492 in
944 1454 1055 1497 nobis
1082 1466 1150 1503 per
1167 1454 1409 1492 infusionem.

405 1522 440 1548 2.
461 1508 722 1556 paramum,
713 1521 752 1546 in
777 1507 957 1556 operibus
976 1507 1048 1544 Dei
1067 1507 1189 1543 multo
1209 1507 1336 1544 minus
1356 1515 1411 1544 est

351 1563 490 1612 aliquid
524 1562 762 1612 superfluum
800 1573 916 1609 quam
953 1560 992 1597 in
1029 1559 1208 1608 operibus
1241 1567 1409 1597 naturae.

295 1631 297 1633 ¹
352 1615 429 1654 Sed
449 1616 497 1653 ad
515 1614 769 1653 ordinandum
797 1626 867 1650 nos
885 1613 923 1650 in
942 1614 1089 1650 bonum
1114 1613 1409 1660 supernaturale,

94 1978 97 1987 ¹
113 1989 125 2000 ·
151 1988 188 2012 or.
212 1988 310 2012 maon.

112 2014 327 2090 fflffiffi.

113 2067 206 2117 &a
219 2100 242 2123 ⁷.

351 1668 544 1708 sufficiunt
561 1667 718 1706 virtutes
732 1666 979 1716 theologicae.
996 1667 1097 1713 Ergo
1113 1677 1191 1702 non
1211 1671 1297 1702 sunt
1316 1665 1411 1702 aliae

350 1722 508 1760 virtutes
534 1720 866 1769 ⁴supernaturales,
905 1731 998 1768 quas
1033 1725 1206 1767 oporteat
1233 1718 1271 1755 in
1299 1718 1409 1756 nobis

352 1774 497 1812 causari
525 1786 548 1811 a
575 1775 673 1810 Deo.

406 1828 440 1865 3.
470 1828 703 1873 Parmam„
732 1832 864 1862 natura
891 1836 968 1860 non
997 1823 1084 1860 facit
1107 1835 1176 1872 per
1195 1823 1285 1871 duo,
1306 1825 1410 1872 quod

349 1887 475 1930 potest
502 1880 625 1916 facere
661 1891 730 1927 per
757 1890 895 1914 unum.
926 1884 962 1913 et
989 1877 1109 1913 multo
1138 1876 1264 1913 minus
1292 1878 1408 1913 Deus.

353 1934 429 1970 Sed
457 1934 563 1970 Deus
590 1930 744 1968 inseruit
771 1930 918 1967 animae
947 1936 1098 1966 nostrae
1127 1929 1273 1966 semina
1293 1930 1409 1966 virtu-

318 2005 324 2016 r
351 1994 453 2032 tum,
481 1992 523 2022 ut
551 1984 639 2021 dicit
668 1984 803 2021 Glossa
820 1982 996 2019 Heb.1*.
1028 1983 1129 2030 Ergo
1151 1994 1228 2018 non
1262 1990 1411 2030 oportet

352 2014 457 2087 quod
476 2038 566 2075 alias
581 2037 738 2074 virtutes
756 2036 795 2072 in
814 2036 925 2072 nobis
944 2047 1013 2084 per
1026 2034 1253 2071 infusionem
1269 2043 1407 2072 causet.

406 2092 480 2128 SED
502 2102 647 2128 CONTRA
665 2101 731 2126 EST
750 2089 854 2137 quod
874 2088 1007 2126 dicitur
1026 2089 1113 2136 Sap.
1129 2087 1242 2124 V111*:
1263 2089 1410 2125 Sobrie-

351 2150 463 2181 tatem
491 2149 527 2180 et
552 2142 726 2180 iustitiam
755 2142 870 2187 docet,
894 2141 1135 2190 prudentiam
1163 2146 1200 2177 et
1223 2141 1408 2178 virtutem.

405 2198 629 2233 REsponnno
648 2207 831 2232 mensuum
860 2194 964 2242 quod
984 2201 1134 2242 oportet
1153 2193 1307 2230 effeetus
1328 2206 1408 2230 esse

351 2249 426 2287 suis
464 2248 586 2287 causis
614 2255 651 2285 et
676 2247 868 2296 principiis
904 2246 1224 2295 proportionatos.
1262 2246 1409 2283 Omnes

351 2309 479 2341 autem
506 2301 663 2338 virtutes
691 2307 768 2337 tam
797 2299 1063 2337 intellectuales
1087 2311 1204 2346 quam
1233 2300 1408 2345 morales,

351 2367 448 2404 quae
478 2366 522 2391 ex
542 2353 676 2390 nostris
695 2352 840 2393 actibus
858 2352 1112 2400 acquiruntur,
1133 2353 1345 2399 procedunt
1364 2364 1408 2388 ex

403 2473 432 2507 a)
452 2472 654 2498 inchoatIonem.
665 2485 685 2491 -
702 2471 900 2496 inclinationem
919 2471 1163 2503 ABCEFGHleD.

1467 982 1698 1031 quibusdam
1731 983 1962 1022 naturalibus
1990 983 2180 1032 principiis
2212 983 2250 1020 in
2274 984 2384 1020 nobis
2418 996 2526 1032 prae-

1467 1035 1720 1083 existentibus,
1741 1043 1783 1072 ut
1801 1048 1915 1084 supra
1929 1035 1949 1057 ’¹‘
1969 1036 2109 1072 dictum
2136 1044 2202 1073 est.
2232 1037 2338 1073 Loco
2359 1048 2523 1084 quorum

1465 1088 1691 1125 naturalium
1708 1088 1991 1137 principiorum,
2009 1089 2253 1125 conferuntur
2272 1089 2382 1126 nobis
2402 1101 2424 1126 a
2438 1090 2523 1126 Deo

1464 1140 1620 1177 virtutes
1648 1141 1894 1189 theologicae,
1925 1141 2062 1189 quibus
2092 1141 2311 1179 ordinamur
2337 1142 2386 1179 ad
2405 1142 2523 1179 finem

1465 1194 1806 1243 supernaturalem,
1836 1194 1931 1231 sicut
1958 1206 2071 1242 supra
2098 1193 2118 1215 ²¹⁶
2147 1193 2289 1231 dictum
2318 1202 2383 1231 est.
2413 1195 2524 1232 Unde

1465 1254 1614 1295 oportet
1641 1247 1746 1294 quod
1774 1246 1832 1285 his
1852 1247 1964 1284 etiam
1982 1246 2180 1283 virtutibus
2199 1247 2419 1294 theologicis
2437 1259 2525 1295 pro-

1463 1299 1720 1347 portionaliter
1735 1300 1989 1347 respondeant
2004 1299 2064 1336 alii
2079 1299 2229 1335 habitus
2245 1299 2422 1336 divinitus
2439 1312 2525 1336 cau-

1465 1350 1533 1387 sati
1561 1351 1599 1387 in
1627 1351 1748 1398 nobis,
1779 1352 1842 1400 qui
1862 1352 1915 1388 sic
1934 1364 1974 1388 se
1993 1352 2157 1388 habeant
2176 1352 2224 1388 ad
2242 1352 2400 1388 virtutes
2418 1353 2524 1389 theo-

1464 1403 1616 1451 logicas,
1646 1403 1740 1440 sicut
1767 1416 1806 1440 se
1835 1404 1977 1441 habent
2003 1404 2159 1441 virtutes
2180 1405 2345 1441 morales
2366 1412 2401 1441 et
2420 1405 2524 1442 intel-

1464 1456 1640 1493 lectuales
1669 1456 1717 1493 ad
1746 1456 1929 1505 principia
1957 1456 2139 1494 naturalia
2166 1457 2358 1494 virtutum.

1517 1510 1576 1544 AD
1596 1520 1733 1545 PR1MUM
1752 1520 1850 1545 ERGO
1871 1521 2055 1546 DICENDUM
2074 1509 2180 1557 quod
2200 1510 2348 1558 aliquae
2368 1510 2523 1558 quidem

1464 1560 1621 1597 virtutes
1649 1561 1813 1597 morales
1842 1568 1879 1597 et
1907 1561 2174 1598 intellectuales
2202 1570 2361 1610 possunt
2381 1562 2525 1599 causari

1464 1613 1503 1649 in
1531 1612 1641 1649 nobis
1670 1625 1715 1649 ex
1743 1613 1879 1650 nostris
1904 1613 2064 1650 actibus:
2090 1621 2219 1650 tamen
2238 1614 2321 1650 illae
2340 1627 2419 1651 non
2439 1622 2526 1651 sunt

1464 1665 1771 1714 proportionatae
1785 1666 1984 1702 virtutibus
1999 1666 2231 1714 theologicis.
2249 1668 2297 1703 Et
2310 1667 2396 1704 ideo
2413 1679 2526 1715 opor-

1464 1726 1516 1755 tet
1548 1718 1658 1764 alias,
1695 1718 1745 1755 eis
1777 1718 2104 1768 proportionatas,
2138 1719 2356 1756 immediate
2385 1732 2408 1756 a
2440 1721 2524 1756 Deo

1465 1771 1623 1808 causari.

1518 1826 1576 1860 AD
1605 1835 1794 1861 SECUNDUM
1822 1835 2004 1861 DICENDUM
2029 1825 2134 1873 quod
2152 1824 2309 1861 virtutes
2342 1825 2523 1872 theologi-

1465 1889 1531 1913 cae
1560 1877 1791 1913 sufficienter
1818 1889 1889 1913 nos
1913 1877 2088 1913 ordinant
2107 1877 2145 1913 in
2164 1878 2282 1913 finem
2303 1885 2524 1926 supernatu-

1464 1931 1594 1976 ralem,
1611 1929 1822 1966 secundum
1843 1929 2035 1977 quandam
2056 1929 2338 1966 inchoationem
2356 1935 2384 1976 α,
2406 1942 2524 1978 quan—

1464 1990 1544 2019 tum
1561 1982 1701 2018 scilicet
1715 1982 1764 2018 ad
1782 1982 1907 2030 ipsum
1923 1983 2051 2019 Deum
2067 1982 2297 2019 immediate.
2321 1983 2396 2019 Sed
2412 1995 2524 2032 opor-

1463 2043 1515 2072 tet
1534 2035 1639 2083 quod
1654 2047 1722 2084 per
1736 2035 1827 2072 alias
1841 2035 1998 2071 virtutes
2012 2035 2152 2072 infusas
2166 2035 2383 2084 perficiatur
2397 2035 2524 2072 anima

1465 2088 1561 2125 circa
1591 2087 1680 2124 alias
1709 2100 1784 2135 res,
1814 2087 1852 2132 in
1881 2087 2013 2125 ordine
2042 2095 2170 2125 tamen
2198 2088 2247 2125 ad
2276 2089 2415 2124 Deum.

1516 2143 1574 2177 AD
1599 2152 1757 2178 TERTIUM
1777 2152 1960 2178 mcx-:NDUM
1985 2141 2089 2189 quod
2108 2141 2226 2177 virtus
2255 2141 2405 2177 illorum
2426 2141 2523 2189 prin-

1465 2193 1650 2242 cipiorum
1680 2193 1898 2230 naturaliter
1930 2193 2154 2241 inditorum,
2185 2206 2263 2230 non
2291 2206 2330 2230 se
2361 2194 2525 2231 extendit

1463 2247 1561 2283 ultra
1587 2246 1876 2294 proportionem
1896 2253 2063 2283 naturae.
2090 2247 2138 2283 Et
2156 2247 2244 2284 ideo
2264 2246 2301 2282 in
2323 2246 2455 2283 ordine
2476 2247 2525 2284 ad

1463 2299 1582 2335 finem
1603 2299 1928 2346 supernaturalem
1949 2297 1975 2345 β,
2005 2298 2146 2346 indiget
2168 2300 2285 2336 homo
2305 2299 2438 2347 perfici
2457 2312 2525 2348 per

1464 2352 1535 2388 alia
1563 2351 1748 2399 principia
1775 2351 2028 2400 superaddita.

1515 2469 1542 2503 β)
1553 2471 1794 2502 supernaturalem.
1803 2485 1821 2489 -
1831 2471 1981 2495 natm-alem
1992 2470 2179 2502 ABCFGILpD
2192 2476 2216 2495 et
2226 2478 2250 2500 a,
2266 2472 2414 2496 naturalem
2426 2478 2478 2496 non
2494 2472 2527 2495 Η.
2547 2479 2549 2482 ·

1023 2549 1355 2582 Commentaria
1376 2548 1628 2581 Cardinalis
1649 2548 1850 2580 Caietam

381 2641 402 2662 n
425 2631 556 2662 articulo
580 2630 676 2665 tertio.
695 2629 837 2660 eiusdem
859 2629 1053 2670 quaestionis
1076 2628 1408 2668 sexagesimaetertiae‚

382 2675 517 2706 dubium
540 2684 577 2705 ex
599 2674 705 2710 Scoto,
722 2674 755 2703 in
772 2673 812 2703 111
829 2673 928 2710 Sent„
946 2673 1015 2704 dist.
1031 2682 1123 2703 xxxvr
1136 2672 1163 2708 *,
1188 2672 1331 2708 occurrit,
1353 2682 1406 2702 ne-

350 2725 442 2759 gante
465 2719 521 2749 has
535 2718 664 2748 virtutes
687 2717 822 2748 morales
845 2717 980 2753 infusas;
1001 2727 1066 2747 non
1085 2723 1191 2747 tamen
1207 2717 1346 2747 solvente
1363 2726 1409 2746 ra-

350 2763 472 2794 tionem
495 2773 519 2793 s.
537 2762 692 2792 Thomae.
717 2762 864 2792 Movetur
886 2767 1002 2797 autem,
1030 2760 1104 2801 quia
1120 2770 1238 2800 ponere
1253 2760 1336 2801 ipsas
1352 2770 1410 2791 nec

351 2813 478 2847 oportet
501 2816 538 2836 ex
559 2812 647 2846 parte
669 2804 757 2841 finis,
781 2805 935 2846 quoniam
962 2804 1033 2834 finis
1056 2804 1300 2844 supernaturalis
1324 2803 1409 2835 suffi—

351 2851 467 2882 cienter
488 2850 621 2880 habetur
641 2849 674 2879 in
697 2849 803 2879 anima
825 2858 880 2888 per
902 2848 1031 2879 virtutes
1054 2848 1264 2888 theologicas:
1288 2858 1345 2879 nec
1374 2858 1410 2878 ex

350 2901 438 2935 parte
460 2893 558 2930 modi,
582 2893 633 2924 vel
655 2893 768 2928 medii,
792 2892 867 2933 quia
884 2892 961 2923 fides
977 2893 1113 2923 modum
1129 2892 1181 2922 dat
1196 2892 1347 2932 operandi
1363 2892 1408 2922 in-

350 2938 516 2970 ferioribus
539 2938 572 2968 in
595 2937 705 2968 ordine
728 2937 768 2967 ad
790 2937 905 2973 Deum,
930 2943 960 2967 et
983 2936 1093 2967 caritas
1112 2936 1236 2967 ordinat
1249 2936 1288 2966 ad
1302 2936 1410 2977 ipsum

351 2981 469 3014 omnia.

405 3026 453 3056 Ex
474 3031 561 3066 parte
583 3034 714 3066 quoque
738 3024 861 3060 obiecti,
879 3030 986 3064 posset
1002 3034 1038 3054 ex
1053 3024 1123 3063 ipso
1140 3023 1234 3054 Scoto
1254 3023 1352 3064 argui,
1374 3034 1410 3054 ex

349 3080 442 3100 xxxiv
456 3069 655 3100 distinetione
674 3068 815 3098 eiusdem
830 3067 939 3103 Tertii,
957 3067 1011 3098 ubi
1026 3067 1192 3107 impugnat
1211 3067 1305 3098 dona.
1326 3067 1410 3105 Quia

350 3120 488 3155 quatuor
509 3112 640 3143 virtutes
662 3112 843 3148 cardinales,
863 3118 894 3142 et
908 3118 969 3142 tres
988 3111 1191 3151 theologicae,
1210 3111 1235 3141 si
1251 3110 1410 3151 perfectis-

350 3158 430 3188 sime
452 3157 635 3193 habeantur,
659 3155 848 3187 sufficienter
870 3154 1035 3196 perficiunt
1051 3155 1190 3186 animam
1206 3162 1347 3185 nostram
1363 3165 1411 3186 re-

350 3207 460 3242 spectu
484 3200 589 3231 omnis
613 3199 727 3231 obiecti
750 3199 933 3240 pertinentis
954 3200 994 3229 ad
1017 3206 1138 3239 partem
1154 3199 1323 3239 practicam
1345 3199 1409 3239 agi-

350 3245 479 3277 bilium:
500 3251 536 3276 ut
550 3244 640 3275 facile
652 3250 698 3275 est
713 3244 866 3275 deducere
882 3250 948 3274 tarn
962 3243 1000 3273 de
1013 3243 1138 3274 obiecto
1150 3243 1293 3279 naturali,
1311 3253 1409 3284 quam

350 3288 596 3330 supernaturali;
621 3294 687 3318 tam
710 3287 748 3318 de
766 3286 828 3318 fine
844 3287 969 3323 ultimo,
986 3297 1083 3328 quam
1107 3287 1145 3317 de
1167 3286 1215 3316 his
1238 3297 1319 3327 quae
1337 3294 1410 3318 sunt

350 3333 390 3364 ad
412 3332 520 3363 finem.
544 3331 758 3372 Theologicae
781 3341 919 3372 namque
933 3331 1062 3362 virtutes
1078 3330 1175 3361 finem
1190 3337 1408 3370 supernatura-

349 3377 414 3408 lem
429 3376 618 3407 sufficienter
635 3374 820 3416 respiciunt;
837 3381 868 3406 et
883 3375 923 3405 ad
936 3375 1043 3415 ipsum
1059 3375 1205 3405 ordinant
1219 3381 1306 3405 actus
1322 3385 1408 3412 suos,

350 3427 381 3452 et
403 3421 536 3452 aliarum
558 3420 722 3451 virtutum.
1120 3435 1123 3438 Δ

406 3465 442 3496 11.
463 3464 524 3496 Sed
547 3471 583 3495 ut
606 3463 755 3494 omnibus
778 3463 896 3504 liqueat
918 3463 1006 3503 quod
1028 3463 1101 3494 istas
1119 3463 1248 3494 virtutes
1274 3463 1407 3494 morales

349 3507 469 3539 infusas
499 3514 626 3549 oportet
647 3508 680 3538 in
704 3507 809 3537 anima
832 3516 950 3547 ponere
980 3514 1101 3547 praeter
1127 3507 1337 3547 theologicas,
1370 3517 1406 3537 ex

493 3568 603 3593 Sume
621 3567 722 3592 Tnaor..
741 3567 773 3593 D.
786 3567 900 3592 Tnoms
919 3566 950 3591 T.
973 3567 1013 3591 111.

1465 2628 1573 2659 multis
1589 2628 1742 2668 capitibus
1759 2629 1945 2659 ostenditur.
1969 2629 2087 2665 Primo,
2108 2639 2144 2659 ex
2166 2624 2410 2669 supernaturalis
2426 2630 2526 2670 perfe-

1465 2672 1577 2702 ctionis
1602 2673 1849 2712 complemento.
1874 2673 2044 2703 inchoatur
2067 2673 2152 2704 enim
2176 2673 2208 2703 in
2232 2674 2324 2703 nobis
2342 2681 2526 2714 supernatu-

1463 2716 1534 2746 ralis
1558 2716 1708 2756 perfectio
1738 2726 1796 2756 per
1818 2717 1950 2756 gratiam
1974 2724 2004 2747 et
2026 2717 2155 2748 virtutes
2179 2717 2388 2757 theologicas:
2414 2725 2444 2748 et
2467 2718 2526 2748 nisi

1465 2767 1733 2800 consequerentur
1758 2760 1888 2791 virtutes
1916 2761 2050 2791 morales
2078 2762 2346 2801 supernaturales,
2375 2761 2526 2802 perfectio

1465 2804 1710 2844 supernaturalis
1733 2805 1924 2844 incompleta
1947 2811 2133 2840 remaneret;
2160 2805 2240 2835 sicut
2262 2805 2287 2835 si
2307 2805 2455 2844 perfectio
2472 2816 2526 2836 na-

1464 2848 1572 2879 turalis
1595 2848 1723 2879 haberet
1745 2854 1870 2879 tantu'm
1893 2849 2010 2888 primas
2033 2849 2170 2885 virtutes,
2189 2849 2268 2879 circa
2283 2848 2380 2879 finem
2400 2850 2524 2886 scilicet,

1465 2899 1495 2923 et
1514 2902 1579 2922 non
1597 2902 1647 2922 eas
1671 2902 1752 2933 quae
1777 2899 1850 2923 sunt
1873 2893 1910 2922 ad
1931 2892 2038 2923 finem.
2054 2910 2075 2916 -
2092 2893 2248 2928 Secundo,
2266 2903 2303 2923 ex
2319 2893 2526 2933 proportione

1465 2935 1591 2967 effectus
1608 2937 1647 2966 ad
1662 2946 1799 2967 causam.
1817 2936 1953 2976 Oportet
1969 2937 2053 2966 enim
2070 2937 2171 2967 causis
2186 2937 2379 2967 naturalibus
2399 2937 2525 2968 effectus

1465 2980 1637 3016 naturales,
1667 2987 1698 3011 et
1725 2980 2014 3021 supernaturalibus
2043 2981 2294 3021 supernaturales
2324 2982 2523 3021 respondere.

1464 3024 1549 3063 Ergo
1573 3024 1734 3064 principiis
1758 3023 2056 3064 supernaturalibus,
2081 3025 2186 3065 qualia
2202 3032 2276 3055 sunt
2290 3025 2420 3056 virtutes
2436 3025 2524 3056 theo-

1463 3068 1598 3108 logicae,
1622 3075 1750 3107 oportet
1777 3068 1932 3108 assignare
1958 3068 2084 3099 effectus
2113 3069 2386 3108 supematurales‚
2415 3069 2524 3109 quales

1465 3119 1539 3142 sunt
1561 3111 1710 3142 morales:
1735 3112 1816 3143 sicut
1838 3111 2032 3143 naturalibus
2047 3113 2213 3143 naturales.
2237 3113 2278 3143 Et
2293 3113 2369 3143 haec
2384 3120 2431 3143 est
2446 3113 2524 3143 ratio

1463 3155 1593 3186 litterae.
1618 3156 1658 3186 Et
1681 3166 1718 3186 ex
1741 3155 1799 3186 hac
1822 3156 1942 3186 ratione
1962 3156 2058 3186 habes
2073 3156 2161 3197 quod
2176 3156 2251 3187 huic
2265 3157 2420 3197 principio
2436 3158 2525 3197 quod

1465 3206 1510 3230 est
1526 3199 1643 3236 caritas,
1660 3210 1727 3230 non
1743 3207 1789 3230 est
1803 3200 2063 3240 proportionatus
2079 3207 2166 3231 actus
2182 3201 2406 3241 temperantiae
2421 3201 2525 3241 acqui-

1464 3243 1549 3279 sitae,
1574 3244 1628 3273 sed
1651 3243 1782 3274 infusae.
1807 3261 1828 3267 —
1852 3243 1971 3280 Tertio,
1989 3254 2025 3274 ex
2047 3251 2134 3284 parte
2158 3245 2283 3275 obiecti.
2307 3245 2391 3282 Quia
2407 3245 2524 3275 modus

1463 3287 1632 3327 impositus
1646 3287 1679 3317 in
1691 3287 1890 3328 passionibus
1903 3294 1934 3318 et
1949 3288 2186 3328 operationibus
2199 3289 2375 3318 secundum
2386 3288 2524 3318 divinam

1463 3331 1614 3371 regulam,
1640 3338 1670 3362 et
1692 3331 1860 3371 impositus
1884 3332 2059 3362 secundum
2076 3332 2250 3362 humanam
2269 3332 2434 3368 rationem,
2451 3339 2525 3363 sunt

1464 3375 1585 3406 obiecta
1608 3375 1781 3406 formaliter
1808 3375 1970 3407 distincta:
1996 3383 2026 3406 et
2049 3383 2220 3416 utrumque
2245 3383 2370 3416 oportet
2392 3376 2522 3406 habere:

1463 3426 1494 3450 et
1516 3419 1657 3459 primum
1673 3420 1714 3450 ad
1726 3419 1856 3456 infusas,
1873 3420 2049 3450 secundum
2066 3421 2104 3450 ad
2120 3420 2286 3460 acquisitas
2302 3420 2438 3450 morales
2454 3430 2522 3460 spe-

1463 3470 1534 3494 ctat.
1559 3464 1600 3494 Et
1622 3463 1698 3494 haec
1721 3464 1800 3494 ratio
1817 3464 1954 3504 tangitur
1977 3464 2009 3493 in
2034 3464 2176 3504 sequenti
2194 3464 2335 3495 articulo.
2353 3481 2374 3486 -
2390 3464 2522 3501 Quarto,

1463 3517 1499 3538 ex
1523 3507 1632 3538 ordine
1656 3508 1695 3538 ad
1718 3507 1824 3538 finem.
1850 3508 1934 3545 Quia
1956 3508 2078 3538 infusae
2099 3508 2246 3539 ordinant
2268 3509 2307 3538 ad
2330 3508 2428 3538 vitam
2447 3508 2522 3538 divi-

2348 3567 2379 3592 52

2554 1045 2562 1053 ·
2577 1044 2628 1065 Art.
2643 1050 2663 1069 ις
2679 1050 2717 1072 qu.
2730 1050 2761 1072 1.1‚

2553 1073 2594 1092 art.
2610 1076 2627 1091 1.

2552 1206 2562 1216 ⁸
2572 1205 2619 1233 Qu.
2628 1211 2684 1232 2111,
2695 1209 2736 1228 art.
2745 1211 2762 1227 ι.
