2852 4152
393 217 462 252 106

1032 215 1296 261 QUAESTIO
1327 215 1426 260 x1v,
1456 213 1751 250 ARTICULUS
1781 214 1830 258 11,
1863 214 1909 249 111

1056 305 1387 338 Commentaria
1409 304 1659 337 Oardjnalis
1681 304 1880 336 Caietam

415 393 434 413 N
453 382 636 423 quaestione
649 382 881 423 decimaquarta
892 381 970 411 nihil
983 380 1116 411 occurrit
1131 380 1330 410 scribendum
1343 387 1443 418 usque
1469 377 1471 403 Ι
1497 377 1583 407 enim
1598 378 1666 417 ipsa
1688 376 1851 417 inquisitio
1875 376 1993 417 absque
2015 377 2132 408 iudicio
2157 378 2327 408 consilium
2350 383 2404 414 est,
2426 376 2485 407 nisi
2508 375 2556 406 in-

388 395 455 457 Iad
470 426 620 467 quintum
636 426 811 462 articulum,
830 425 889 455 nisi
906 425 1032 455 reddere
1048 430 1182 454 attentos
1200 423 1342 457 lectores,
1359 427 1395 451 ut
1408 421 1441 450 in
1499 421 1654 451 choative:
1670 427 1706 451 ut
1729 419 1893 450 manifeste
1917 426 2003 460 patet
2025 430 2062 451 ex
2085 422 2290 462 responsione
2314 421 2354 452 ad
2378 420 2555 451 secundum

384 471 488 510 primo
510 470 640 501 articulo
657 469 857 500 meminerint
875 468 963 509 quod
980 467 1149 498 consilium
1168 465 1321 505 significat
1335 464 1440 504 inqui-

384 514 531 546 sitionem
544 514 744 554 completam,
758 513 838 543 idest
853 521 954 552 usque
970 511 1008 541 ad
1023 510 1177 541 iudicium
1192 508 1351 539 inclusive.
1365 508 1439 538 Non

1497 470 1527 494 et
1542 464 1679 500 tertium,
1705 471 1735 494 et
1758 473 1794 494 ex
1817 473 1878 494 usu
1900 463 2063 504 loquendi.

1146 651 1461 693 ARTICULUS
1491 649 1788 691 SECUNDUS

632 740 785 770 UTRUM
810 737 1044 768 CONS1L1UM
1068 721 1133 767 siT
1158 737 1214 766 DE
1238 737 1350 772 FINE,
1376 736 1459 767 VEL
1483 735 1629 765 SOLUM
1653 734 1710 763 DE
1734 733 1802 764 Hls
1826 734 1944 770 QUAE
1968 734 2080 765 SUNT
2104 735 2161 765 AD
2186 736 2318 766 FlNEM

997 806 1027 830 111
1048 806 1130 834 Sent„
1151 806 1208 830 dist.
1227 814 1299 835 xxxv,
1319 813 1364 837 qu.
1382 813 1409 836 11,
1428 810 1474 829 art.
1493 812 1518 835 4,
1538 806 1584 836 qu·
1600 811 1620 834 1;
1640 803 1671 827 111
1692 802 1786 831 Ethic„
1806 802 1864 828 lect.
1879 809 1934 827 vm.

410 903 471 945 22:⁴5*
497 914 538 937 a:
571 907 575 911 Α
592 899 613 923 D
629 897 817 922 SECUNDUM
832 896 885 921 Sic
902 896 1140 921 PROCEDITUR.
1160 884 1320 921 Videtur
1333 883 1439 931 quod

403 932 790 1005 'gjwconsilium
825 949 903 973 non
937 938 1060 973 solum
1094 936 1139 973 sit
1172 937 1218 973 de
1251 937 1307 973 his
1341 948 1438 984 quae

396 996 509 1041 '5572
536 996 566 1041 (f,
591 998 676 1026 sunt
695 990 744 1026 ad
762 990 891 1036 finem,
913 990 980 1026 sed
1001 989 1113 1026 etiam
1135 989 1182 1026 de
1200 990 1289 1025 fine.
1312 989 1439 1035 Quae-

395 1022 412 1052 ᾗ
435 1020 532 1079 §⁴³59
546 1035 756 1090 &cumque
787 1042 887 1079 enirn
918 1042 1192 1079 dubitationem
1216 1042 1369 1087 habent,
1391 1042 1437 1077 de

379 1097 436 1132 his
465 1096 589 1144 potest
620 1095 766 1144 inquiri.
798 1095 875 1132 Sed
904 1095 1000 1131 circa
1035 1094 1241 1143 operabilia
1268 1095 1438 1130 humana

380 1148 558 1195 contingit
578 1161 659 1185 esse
689 1148 961 1185 dubitationem
982 1149 1028 1184 de
1048 1147 1137 1192 fine,
1160 1154 1195 1182 et
1214 1159 1293 1183 non
1312 1147 1437 1182 solum

380 1202 426 1238 de
455 1201 510 1237 his
539 1213 637 1249 quae
666 1209 752 1237 sunt
771 1201 819 1237 ad
839 1201 969 1237 finem.
1001 1200 1101 1236 Cum
1121 1199 1229 1246 igitur
1247 1198 1436 1246 inquisitio

380 1255 476 1291 circa
497 1254 702 1302 operabilia
731 1254 775 1290 sit
805 1253 1015 1299 consilium,
1044 1252 1195 1289 videtur
1222 1251 1328 1301 quod
1348 1264 1437 1288 con-

314 1311 321 1318 “
378 1307 503 1344 silium
531 1307 650 1355 possit
677 1319 758 1343 esse
789 1306 836 1342 de
864 1306 952 1342 fine.

139 1479 220 1526 s.²†⁸l}:
237 1483 296 1525 3303·

139 1584 147 1592 ·
162 1582 299 1609 Nemesins,
320 1582 349 1603 de

138 1608 193 1630 Nat.
203 1609 274 1630 Hom.

432 1372 466 1396 2.
497 1361 732 1405 PRAETEREA,
761 1358 918 1396 materia
946 1357 1090 1394 consilii
1125 1365 1212 1394 sunt
1249 1356 1436 1406 operatio-

378 1425 444 1449 nes
458 1413 660 1449 humanae.
682 1411 759 1448 Sed
778 1411 968 1460 quaedam
990 1410 1230 1459 operationes
1245 1410 1435 1446 humanae

340 1488 349 1491 —
378 1472 463 1502 sunt
481 1465 590 1511 fines,
619 1472 660 1501 ut
680 1464 812 1501 dicitur
831 1464 869 1501 in
890 1465 903 1500 1
923 1463 1043 1501 Ethic.
1063 1462 1083 1485 ’¹‘
1111 1463 1213 1511 Ergo
1235 1462 1434 1499 consilium

376 1526 500 1567 potest
528 1530 610 1554 esse
639 1516 698 1554 de'
715 1518 804 1554 fine.

430 1572 504 1608 SED
537 1582 683 1607 CONTRA
714 1582 780 1607 EST
817 1569 920 1618 quod
955 1568 1160 1616 Gregorius
1198 1569 1397 1616 Nyssenus
1415 1567 1436 1589 ’¹‘

138 1615 347 1662 xxx1v·al-¹1'b5³3{
377 1624 476 1671 dicit,
505 1624 610 1672 quod
638 1635 713 1660 non
741 1623 786 1659 de
801 1624 899 1670 fine,
927 1622 993 1659 sed
1018 1622 1064 1658 de
1090 1622 1147 1658 his
1170 1633 1266 1670 quae
1283 1626 1371 1657 sunt
1386 1621 1438 1657 ad

137 1668 179 1689 cap
203 1668 216 1682 v

364 1678 500 1725 finem,
531 1682 585 1713 est
610 1675 816 1713 consilium.

1492 889 1619 918 autem
1657 893 1736 917 non
1774 880 1871 917 cadit
1905 881 1976 917 sub
2005 881 2246 929 quaestione,
2275 883 2343 919 sed
2369 883 2552 932 principia

1493 941 1643 982 oportet
1677 945 1894 982 supponere
1929 933 1967 970 in
2005 933 2112 970 omni
2149 933 2400 983 inquisitione.
2439 936 2550 973 Unde

1492 999 1581 1023 cum
1610 986 1807 1022 consilium
1837 986 1883 1022 sit
1911 984 2093 1034 quaestio,
2125 986 2172 1022 de
2191 987 2268 1023 fine
2287 999 2366 1024 non
2386 996 2441 1025 est
2461 1001 2550 1026 con-

1491 1039 1628 1084 silium,
1657 1038 1725 1074 sed
1754 1039 1879 1074 solum
1909 1038 1956 1075 de
1983 1039 2040 1075 his
2065 1050 2162 1087 quae
2192 1047 2279 1076 sunt
2306 1040 2355 1077 ad
2382 1041 2549 1079 finem.-

1491 1092 1643 1128 Tamen
1663 1090 1843 1137 contingit
1870 1090 1909 1127 id
1937 1092 2043 1138 quod
2071 1098 2126 1128 est
2154 1091 2240 1128 finis
2259 1101 2432 1141 respectu
2456 1106 2550 1142 quo-

1490 1144 1663 1190 rundam,
1694 1143 1860 1180 ordinari
1888 1144 1936 1180 ad
1965 1143 2081 1180 alium
2101 1144 2237 1180 finem:
2267 1144 2362 1181 sicut
2381 1146 2552 1183 etiamid

1490 1198 1596 1244 quod
1625 1203 1681 1233 est
1706 1195 1935 1245 principium
1966 1196 2077 1233 unius
2116 1197 2465 1245 demonstrationis,
2496 1206 2553 1235 est

1491 1249 1684 1286 conclusio
1714 1249 1875 1289 alterius.
1915 1250 1963 1286 Et
1990 1249 2077 1286 ideo
2106 1250 2143 1286 id
2172 1250 2277 1297 quod
2306 1250 2484 1299 accipitur
2511 1259 2552 1288 ut

1489 1302 1575 1339 finis
1595 1302 1633 1339 in
1652 1314 1729 1338 una
1749 1301 1999 1350 inquisitione,
2020 1309 2145 1350 potest
2156 1302 2282 1351 *accipi
2304 1311 2345 1340 ut
2363 1303 2412 1340 ad
2430 1304 2550 1341 finem

1489 1355 1528 1392 in
1555 1355 1628 1392 alia
1653 1354 1907 1404 inquisitione.
1937 1355 1987 1391 Et
2013 1354 2067 1391 sic
2097 1355 2143 1392 de
2173 1367 2218 1391 eo
2249 1355 2319 1392 erit
2338 1356 2548 1395 consilium.

1541 1410 1600 1445 AD
1629 1420 1765 1445 PRIMUM
1793 1419 1891 1444 ERGO
1911 1419 2094 1445 DicENDuM
2123 1408 2227 1457 quod
2255 1408 2294 1446 id
2322 1409 2427 1458 quod
2454 1409 2550 1446 aeci-

1487 1460 1588 1509 pitur
1615 1468 1655 1497 ut
1674 1460 1773 1508 finis,
1795 1468 1850 1497 est
1867 1460 1944 1497 iam
1966 1460 2269 1497 determinatum.
2300 1461 2411 1499 Unde
2430 1473 2549 1511 quan-

1489 1514 1554 1551 diu
1581 1514 1741 1550 habetur
1768 1522 1809 1550 ut
1829 1513 1999 1560 dubium,
2019 1525 2098 1550 non
2116 1513 2278 1550 habetur
2304 1522 2346 1550 ut
2370 1514 2472 1552 finis.
2500 1515 2551 1552 Et

1487 1567 1576 1604 ideo
1605 1566 1636 1603 si
1663 1566 1711 1603 de
1740 1579 1787 1603 eo
1817 1565 2015 1603 consilium
2043 1566 2216 1612 habetur,
2241 1579 2321 1603 non
2341 1566 2408 1603 erit
2427 1567 2550 1605 consi-

1488 1620 1580 1656 lium
1610 1619 1657 1656 de
1685 1619 1774 1666 fine,
1805 1619 1872 1656 sed
1901 1620 1948 1656 de
1978 1631 2024 1655 eo
2053 1618 2158 1668 quod
2187 1626 2243 1655 est
2270 1620 2317 1656 ad
2345 1619 2477 1657 finem.

1542 1674 1601 1709 AD
1630 1684 1820 1709 SECUNDUM
1841 1683 2023 1709 DICENDUM
2053 1671 2158 1721 quod
2187 1671 2235 1708 de
2264 1672 2551 1720 operationibus

429 1731 667 1778 REsPONDEo.
682 1740 865 1766 DICENDUM
890 1727 996 1775 quod
1014 1727 1101 1764 finis
1122 1727 1159 1763 in
1179 1725 1435 1775 operabilibus
1491 1733 1547 1762 est
1575 1725 1787 1772 consilium,
1816 1724 2043 1773 inquantum
2067 1724 2290 1761 ordinantur
2307 1725 2358 1762 ad
2384 1725 2551 1774 aliquem

375 1783 490 1826 habet
509 1782 693 1819 rationem
713 1780 900 1831 principii:
927 1793 972 1817 eo
993 1780 1096 1829 quod
1117 1779 1279 1816 rationes
1300 1790 1435 1815 eorum
1491 1778 1620 1815 finem.
1649 1778 1760 1815 Unde
1789 1777 1820 1814 si
1847 1777 1974 1826 aliqua
2002 1777 2172 1826 operatio
2198 1778 2368 1815 humana
2386 1777 2434 1815 sit
2451 1778 2550 1826 finis,

375 1848 473 1884 quae
494 1842 580 1871 sunt
599 1835 648 1871 ad
664 1835 794 1881 finem,
812 1846 858 1870 ex
871 1833 949 1870 fine
969 1841 1181 1870 sumuntur.
1202 1831 1435 1880 Principium
1491 1831 1539 1868 de
1568 1843 1624 1877 ea,
1654 1830 1880 1878 inquantum
1907 1830 2140 1877 huiusmodi,
2165 1842 2244 1867 non
2265 1838 2320 1868 est
2339 1830 2550 1868 consilium.

1180 1981 1496 2024 ARTICULUS
1525 1981 1754 2023 TERTIUS
1772 2028 1787 2039 ἱ

749 2071 904 2102 UTRUM
929 2068 1164 2102 CONSILIUM
1188 2070 1254 2100 SIT
1279 2069 1425 2100 SOLUM
1448 2069 1506 2099 DE
1530 2068 1599 2099 HIS
1623 2068 1742 2106 QUAE
1765 2070 1795 2098 A
1817 2068 1942 2099 NOBIS
1965 2069 2178 2100 AGUNTUR

1319 2144 1351 2168 III
1371 2143 1466 2174 Ethic.¹
1486 2144 1543 2168 lect.
1562 2151 1608 2169 vu.

462 2248 469 2263 ,
510 2259 534 2272 ,s
587 2240 609 2263 D
637 2238 796 2263 TERTmM
815 2238 868 2263 sm
889 2236 1127 2262 Paocam‘rua.
1147 2225 1307 2262 Videtur
1331 2224 1435 2273 quod

1545 2224 1619 2259 SED
1649 2234 1794 2260 CONTRA
1827 2235 1892 2259 Esr
1920 2223 2026 2271 quod
2064 2223 2270 2271 Gregorius
2305 2224 2505 2271 Nyssenus
2531 2224 2553 2246 '⁸'

494 2269 565 2331 Ὗ
588 2279 786 2317 consilium
822 2291 900 2316 non
929 2278 975 2315 sit
1011 2278 1136 2315 solum
1166 2278 1214 2314 de
1246 2277 1304 2314 his
1337 2289 1434 2325 quae
1492 2276 1599 2313 dicit:
1634 2276 1887 2312 Consiliamur
1913 2276 1959 2312 de
1986 2276 2042 2312 his
2075 2287 2172 2324 quae
2203 2281 2291 2312 sunt
2316 2274 2332 2305 β
2360 2276 2397 2312 in
2427 2277 2550 2323 nobis,

376 2441 473 2478 inter
498 2440 638 2477 multos
665 2445 790 2487 potest
816 2437 900 2475 fieri
928 2436 1042 2474 etiam
1079 2436 1126 2473 de
1156 2437 1269 2473 rebus
1296 2436 1436 2473 immo-

377 2493 526 2541 bilibus,
547 2504 646 2542 quae
674 2503 752 2528 non
780 2491 877 2527 fiunt
904 2503 926 2527 a
954 2489 1077 2536 nobis,
1099 2497 1190 2538 puta
1218 2490 1265 2526 de
1295 2489 1436 2526 naturis

377 2559 514 2584 rerum.
548 2547 650 2593 Ergo
684 2543 884 2580 consilium
926 2555 1005 2580 non
1042 2542 1167 2578 solum
1205 2550 1260 2579 est
1297 2542 1344 2578 de
1379 2542 1437 2579 his

377 2612 475 2648 quae
504 2606 664 2646 aguntur
692 2609 714 2634 a
741 2596 863 2634 nobis.

431 2664 466 2689 2.
500 2653 740 2697 PRAETEREA,
771 2649 948 2686 homines
976 2648 1167 2685 interdurn
1197 2647 1398 2684 consilium
1420 2652 1437 2668 ²

379 2712 564 2754 quaerunt
592 2705 639 2741 de
667 2703 725 2740 his
746 2715 843 2751 quae
871 2709 959 2738 sunt
986 2702 1067 2749 lege
1095 2708 1251 2738 statuta:
1278 2700 1382 2737 unde
1403 2707 1439 2736 et

378 2757 628 2795 iurisconsulti
657 2757 841 2793 dicuntur.
872 2756 922 2791 Et
939 2762 1069 2791 tamen
1085 2765 1219 2790 eorum
1237 2753 1302 2801 qui
1323 2765 1438 2801 quae-

379 2819 464 2848 runt
487 2809 705 2847 huiusmodi
733 2808 943 2853 consilium,
978 2819 1056 2844 non
1081 2815 1137 2844 est
1168 2807 1268 2854 leges
1301 2806 1436 2842 facere.

379 2865 480 2911 Ergo
523 2863 723 2900 consilium
760 2874 838 2899 non
876 2861 1001 2898 solum
1031 2868 1086 2897 est
1115 2861 1162 2897 de
1191 2859 1248 2896 his
1286 2871 1384 2907 quae
1416 2871 1437 2895 a

379 2917 488 2953 nobis
518 2924 688 2964 aguntur.

435 2970 468 3006 3.
489 2970 726 3014 PRAETEREA,
751 2966 926 3004 dicuntur
955 2965 1069 3002 etiarn
1106 2964 1262 3013 quidam
1291 2965 1438 3000 consul-

380 3021 540 3058 tationes
568 3022 691 3058 facere
720 3020 767 3057 de
803 3019 935 3056 futuris
965 3018 1181 3064 eventibus3
1212 3017 1276 3066 qui
1309 3025 1439 3054 tamen

381 3087 459 3111 non
479 3081 564 3110 sunt
583 3074 621 3110 in
640 3080 824 3122 potestate
854 3079 993 3108 nostra.
1015 3071 1117 3119 Ergo
1139 3070 1339 3108 consilium
1360 3082 1438 3107 non

381 3128 506 3164 solum
537 3134 591 3163 est
619 3127 666 3163 de
694 3125 751 3162 his
784 3137 882 3173 quae
910 3137 933 3161 a
961 3123 1071 3161 nobis
1100 3125 1206 3161 fiunt.

434 3191 470 3226 4.
491 3181 723 3223 PRAETEREA,
745 3178 775 3214 si
799 3177 998 3214 consilium
1029 3185 1126 3214 esset
1145 3177 1270 3214 solum
1300 3176 1348 3213 de
1379 3175 1439 3212 his

382 3245 479 3280 quae
509 3245 531 3269 a
559 3231 669 3268 nobis
697 3231 812 3277 fiunt,
843 3231 966 3267 nullus
1001 3230 1260 3266 consiliaretur
1297 3230 1343 3266 de
1380 3228 1439 3264 his

383 3298 481 3333 quae
509 3292 594 3322 sunt
617 3297 687 3333 per
714 3283 829 3320 alium
850 3282 1007 3330 agenda.
1030 3283 1105 3320 Sed
1133 3284 1208 3319 hoc
1235 3289 1338 3330 patet
1358 3293 1439 3318 esse

383 3339 530 3375 falsum.
560 3339 661 3385 Ergo
697 3336 896 3373 consilium
934 3347 1012 3372 non
1049 3336 1173 3372 solum
1208 3342 1264 3371 est
1297 3334 1346 3372 de
1382 3334 1439 3370 his

385 3403 482 3439 quae
511 3403 533 3427 a
561 3390 671 3427 nobis
699 3390 806 3426 fiunt.

439 3494 464 3524 α)
484 3494 629 3518 consilium.
648 3507 666 3512 -
684 3493 795 3518 consilia
815 3493 859 3516 Pa.

439 3527 463 3559 β)
483 3532 552 3553 sunt.
571 3529 674 3560 —fiunt
694 3529 740 3553 Pa.

1489 2334 1525 2365 et
1543 2339 1617 2376 per
1645 2340 1712 2364 nos
1729 2329 1824 2375 fieri
1843 2334 2011 2375 possunt.

1545 2382 1769 2418 RESPONDEO
1797 2392 1982 2418 D1CENDUM
2019 2381 2124 2429 quod
2160 2380 2360 2417 consilium
2397 2380 2551 2430 proprie

1490 2433 1670 2482 importat
1698 2433 1939 2470 collationem
1967 2433 2063 2470 inter
2084 2434 2211 2482 plures
2229 2433 2412 2470 habitam.
2433 2434 2551 2480 Quod

1492 2493 1529 2523 et
1547 2487 1673 2535 ipsum
1692 2498 1836 2523 nomen
1857 2486 2046 2534 designat:
2076 2485 2210 2522 dicitur
2228 2485 2331 2523 enim
2352 2486 2551 2524 consilium

1492 2539 1602 2587 quasi
1639 2539 1867 2585 considium,
1907 2551 1954 2575 eo
1992 2538 2098 2588 quod
2132 2539 2239 2576 multi
2272 2539 2470 2576 consident
2504 2539 2553 2576 ad

1492 2593 1604 2629 simul
1641 2591 1929 2629 conferendum.
1964 2592 2032 2628 Est
2069 2598 2198 2628 autern
2233 2592 2559 2629 considerandum·

1493 2645 1597 2694 quod
1634 2645 1673 2682 in
1708 2644 1993 2693 particularibus
2031 2644 2355 2692 contingentibus,
2393 2644 2442 2681 ad
2477 2645 2554 2681 h'oc

1493 2698 1599 2747 quod
1626 2698 1767 2746 aliquid
1795 2705 1941 2734 certum
1971 2705 2238 2745 cognoscatur,
2268 2698 2393 2746 plures
2423 2697 2555 2734 condi«

1492 2752 1615 2788 tiones
1655 2763 1723 2787 seu
1761 2750 2056 2787 circumstantias
2094 2750 2335 2787 considerare
2375 2757 2551 2799 oportet,

1493 2816 1589 2852 quas
1617 2804 1664 2840 ab
1693 2815 1771 2840 uno
1801 2815 1879 2841 non
1907 2803 2015 2840 facile
2043 2810 2100 2840 est
2127 2802 2357 2840 considerari
2377 2807 2405 2850 Ὺ,
2435 2803 2503 2840 sed
2530 2814 2553 2839 a

1492 2857 1662 2906 pluribus
1699 2856 1836 2893 certius
1868 2855 2146 2904 percipiuntur,
2185 2856 2278 2893 dum
2315 2855 2420 2904 quod
2453 2867 2552 2892 unus

1494 2910 1721 2956 considerat,
1756 2908 1815 2945 alii
1848 2921 1927 2946 non
1960 2908 2139 2946 occurrit:
2168 2909 2206 2946 in
2239 2907 2460 2945 necessariis
2488 2920 2553 2945 au-

1493 2970 1569 3000 tem
1599 2969 1635 2999 et
1661 2961 1937 2999 universalibus
1965 2970 2020 2999 est
2048 2961 2254 2999 absolutior
2282 2969 2318 2997 et
2346 2961 2554 3010 simplicior

1494 3015 1761 3063 consideratio,
1786 3015 1835 3051 ita
1859 3014 1963 3064 quod
1992 3014 2110 3062 magis
2139 3014 2187 3051 ad
2214 3013 2435 3051 huiusmodi
2464 3026 2553 3052 con-

1494 3068 1762 3106 siderationem
1802 3080 1901 3104 unus
1938 3079 2007 3116 per
2043 3079 2083 3104 se
2121 3067 2294 3104 sufficere
2334 3074 2468 3116 potest.
2504 3067 2554 3104 Et

1494 3122 1581 3159 ideo
1609 3120 1800 3170 inquisitio
1835 3120 1979 3157 consilii
2012 3119 2164 3169 proprie
2197 3119 2358 3168 pertinet
2386 3120 2434 3157 ad
2462 3130 2552 3156 con-

1493 3174 1672 3222 tingentia
1704 3173 1914 3222 singularia.
1951 3172 2126 3221 Cognitio
2161 3180 2287 3209 autern
2316 3171 2483 3209 veritatis
2513 3171 2553 3208 in

1494 3228 1630 3264 talibus
1658 3239 1736 3264 non
1763 3226 1879 3263 habet
1906 3225 2046 3274 aliquid
2074 3237 2270 3272 magnum,
2290 3232 2332 3262 ut
2358 3237 2427 3274 per
2448 3236 2488 3261 se
2507 3223 2554 3260 sit

1494 3279 1716 3329 appetibilis,
1746 3279 1841 3316 sicut
1869 3278 2032 3326 cognitio
2060 3278 2331 3315 universalium
2359 3285 2396 3314 et
2422 3289 2552 3314 neces-

1495 3333 1700 3370 sariorum:
1721 3332 1789 3370 sed
1807 3331 1996 3380 appetitur
2019 3331 2229 3368 secundum
2249 3330 2354 3380 quod
2378 3337 2434 3366 est
2455 3329 2552 3366 utilis

1495 3386 1543 3423 ad
1573 3386 1847 3435 operationem,
1878 3383 1966 3433 quia
1988 3384 2153 3421 actiones
2177 3391 2264 3421 sunt
2291 3383 2388 3420 circa
2411 3381 2552 3419 contin-

1547 3498 1572 3523 γ)
1592 3491 1767 3515 considerari.
1785 3504 1801 3508 —
1820 3489 1990 3514 considerare
2010 3488 2256 3512 ABDEFGHIKLa.

2579 2231 2743 2280 {vs-iam
2762 2231 2793 2254 α’

2580 2290 2661 2311 xxxxv,
2671 2285 2703 2307 αι.
2710 2263 2791 2312 ιῖιῗῧζ

2581 2315 2632 2339 cap.
2646 2317 2670 2333 v.
