2852 4152
109 598 119 607 ·
134 597 190 624 Cap.
205 602 234 618 vx.

239 2633 315 2655 n.6.-

104 2636 114 2646 ⁸
123 2635 179 2682 (ζεῖ-ρ.
188 2641 232 2660 xiv,

105 2662 129 2683 S.
162 2661 183 2682 h.
199 2661 249 2682 lect.
268 2666 313 2681 xlv.

104 2908 177 2958 ιτς.
187 2917 241 2948 ieci.
255 2916 295 2947 vii.
305 2937 316 2941 -

105 2955 140 2977 Cf.
152 2955 192 2975 lib.
202 2953 252 2979 vn,
264 2959 314 3000 Ἥ,

105 2988 143 3002 xiv
162 2987 175 3002 n
202 2980 227 3001 6·
243 2986 262 3001 s,
310 2995 314 3000 .

105 2997 156 3029 lect.
172 2997 218 3028 xilv.

348 212 420 246 242

345 332 521 381 gaudeat.
556 333 604 368 Et
635 332 888 381 Philosophus
922 333 1029 379 dicit,
1064 333 1101 369 in
1132 334 1182 369 IX
1210 333 1328 369 Ethic.
1359 331 1398 377 ⁹¹⁶,

347 385 452 433 quod
473 398 491 421 e
513 397 699 422 converso
728 386 849 422 malus
876 386 975 422 dolet
1000 387 1045 422 de
1063 397 1106 421 eo
1128 386 1229 432 quod
1245 384 1400 420 delecta-

347 443 403 473 tus
431 443 492 474 est.
528 439 629 485 Ergo
664 438 859 475 delectatio
890 446 925 474 et
954 438 1063 474 dolor
1091 449 1168 473 non
1197 444 1283 472 sunt
1311 447 1400 472 con-

345 497 469 527 traria.

400 544 474 579 SED
502 555 646 580 CONTRA
670 555 735 579 EST
754 543 857 590 quod
881 541 1111 588 Augustinus
1133 539 1230 586 dicit,
1252 540 1340 576 XIV
1355 540 1400 575 de

351 596 429 632 Ciu.
461 597 534 632 Dei
558 596 595 643 ²¹⁵,
625 595 729 643 quod
759 594 894 631 laetitia
922 593 1170 630 estvoluntas
1197 593 1234 628 in
1268 604 1398 628 eorum

346 649 585 685 consensione
605 660 701 696 quae
718 648 911 684 volumus:
940 646 1084 682 tristitia
1103 651 1228 681 autem
1257 650 1310 681 est
1334 656 1397 682 νο-

346 700 468 737 luntas
495 702 531 737 in
560 701 783 737 dissensione
819 700 867 735 ab
894 699 950 735 his
977 710 1074 746 quae
1095 698 1288 734 nolumus.
1322 698 1398 734 Sed

346 753 556 790 consentire
582 761 617 789 et
640 751 833 790 dissentire
863 758 948 787 sunt
973 750 1168 787 contraria.
1194 751 1295 798 Ergo
1324 751 1398 787 lae-

345 805 421 842 titia
451 814 486 842 et
513 805 654 842 tristitia
682 811 768 841 sunt
796 803 991 840 contraria.

397 859 620 895 REspoNosso
657 868 839 893 Diei-:unum
867 856 990 904 quod,
1021 855 1116 892 sicut
1143 855 1398 904 Philosophus

220 917 231 931 ²
249 922 316 964 ‚'c''-
345 911 431 947 dicit
450 912 483 947 X
498 911 711 957 Metaphys.
728 909 758 952 ³¹⁸,
776 908 1018 945 contrarietas
1039 916 1093 945 est
1113 908 1322 945 differentia
1341 921 1397 944 se-

345 964 510 999 cundum
530 963 704 998 formam.
727 962 867 998 Forma
887 969 1027 1007 autem,
1050 973 1117 998 seu
1137 961 1293 1009 species,
1314 973 1398 1009 pas-

344 1016 458 1052 sionis
483 1023 518 1052 et
546 1023 672 1051 motus
701 1014 860 1051 sumitur
879 1027 923 1050 ex
953 1014 1102 1050 obiecto
1131 1015 1192 1051 vel
1221 1014 1395 1050 termino.

343 1069 465 1114 Unde,
488 1080 576 1104 cum
605 1067 753 1104 obiecta
781 1067 1036 1104 delectationis
1065 1074 1101 1103 et
1128 1066 1305 1111 tristitiae,
1330 1078 1396 1102 seu

344 1121 496 1167 doloris,
518 1121 590 1157 sint
619 1120 814 1166 contraria,
836 1119 975 1156 scilieet
994 1120 1139 1156 bonum
1164 1131 1343 1167 praesens
1363 1125 1398 1154 et

343 1175 487 1210 malum
514 1185 714 1222 praesens;
735 1173 901 1221 sequitur
920 1173 1024 1220 quod
1045 1172 1154 1208 dolor
1182 1179 1217 1208 et
1239 1171 1398 1208 delecta-

342 1227 394 1263 tio
424 1226 495 1263 sint
523 1226 719 1263 contraria.

395 1281 454 1315 AD
482 1291 617 1316 PRIMUM
646 1290 743 1315 ERGO
772 1289 954 1315 DICENDUM
974 1276 1079 1324 quod
1105 1275 1195 1313 nihil
1223 1276 1399 1324 prohibet

342 1345 463 1369 unum
485 1331 758 1368 contrariorum
789 1343 869 1367 esse
892 1342 1045 1366 causam
1074 1329 1223 1366 alterius
1250 1341 1320 1377 per
1338 1342 1398 1366 ac-

343 1385 482 1422 cidens.
505 1385 567 1421 Sic
595 1391 720 1421 autem
750 1383 892 1419 tristitia
928 1389 1051 1430 potest
1081 1395 1161 1419 esse
1191 1394 1305 1419 causa
1334 1382 1398 1418 de-

341 1438 559 1474 lectationis.
581 1438 667 1474 Uno
688 1436 842 1484 quidem
863 1436 994 1482 modo,
1011 1435 1236 1484 inquantum
1255 1435 1397 1471 tristitia

343 1491 390 1527 de
419 1491 586 1527 absentia
614 1489 769 1526 alicuius
797 1489 871 1535 rei,
902 1489 963 1525 vel
992 1489 1039 1525 de
1067 1487 1280 1536 praesentia
1309 1500 1397 1524 con-

341 1543 453 1590 trarii,
473 1543 736 1580 vehementius
766 1541 910 1590 quaerit
937 1541 977 1578 id
1004 1541 1041 1578 in
1068 1553 1144 1589 quo
1175 1541 1396 1578 delectetur:

343 1597 437 1633 sicut
472 1597 598 1633 sitiens
632 1594 896 1633 vehementius
931 1593 1076 1643 quaerit
1110 1593 1396 1630 delectationem

341 1657 466 1698 potus,
486 1657 527 1686 ut
555 1649 767 1686 remedium
798 1655 928 1684 contra
948 1647 1133 1684 tristitiam
1162 1659 1278 1694 quam
1306 1647 1399 1694 pati-

342 1710 412 1739 tur.
433 1702 519 1739 Alio
548 1702 679 1749 modo,
706 1702 930 1749 inquantum
961 1712 1004 1736 ex
1032 1711 1173 1747 magno
1212 1699 1397 1736 desiderio

1007 202 1271 248 QUAESTIO
1302 202 1460 249 XXXV,
1489 202 1783 238 ARTICULUS
1813 202 1863 238 lV

109 288 319 364 ἓξόδξῐιξιᾉξςὲξτ
346 280 456 316 tentia
485 279 524 316 *τ
558 281 712 327 Semper
739 281 932 328 poenitens
966 281 1106 326 doleat,
1136 287 1170 317 et
1197 281 1242 317 de
1273 280 1401 316 dolore

150 348 162 363 a
181 347 319 367 ‚1v,n.1o.-

129 384 135 390 .
183 384 189 390 .
208 368 305 388 lect.1v.

1457 279 1714 316 delectationis
1734 279 1902 326 alicuius,
1923 292 2001 316 non
2029 289 2175 318 recusat
2195 281 2327 329 aliquis
2353 278 2513 318 tristitias

1455 332 1633 379 perferre,
1653 339 1694 368 ut
1721 333 1768 368 ad
1797 331 1897 368 illam
1927 332 2213 370 delectationem
2237 334 2443 382 perveniat.
2466 334 2515 370 Et

1455 391 1616 431 utroque
1646 383 1764 420 modo
1788 384 1908 420 luctus
1937 397 2115 433 praesens
2135 387 2183 423 ad
2213 386 2512 423 consolationem

1455 435 1601 472 futurae
1639 435 1737 471 vitae
1771 436 1952 483 perducit.
1984 438 2083 484 Quia
2111 451 2155 475 ex
2189 439 2263 475 hoc
2297 439 2379 486 ipso
2408 439 2513 486 quod

1454 489 1573 524 homo
1602 488 1703 534 luget
1730 500 1799 535 pro
1828 489 2011 536 peccatis,
2041 492 2101 527 vel
2129 503 2199 539 pro
2229 491 2406 527 dilatione
2434 491 2512 538 glo-

1455 541 1544 586 riae,
1574 547 1740 576 meretur
1768 541 2068 579 consolationem
2097 551 2302 580 aeternam.
2334 542 2512 579 Similiter

1456 592 1568 628 etiam
1588 599 1754 628 meretur
1773 604 1859 629 eam
1877 594 2010 642 aliquis
2031 607 2076 632 ex
2094 596 2168 632 hoc
2183 596 2298 643 quod,
2320 595 2369 631 ad
2387 595 2510 643 ipsam

1456 645 1786 703 consequendam,
1816 657 1894 682 non
1923 647 2054 694 refugit
2081 648 2230 684 labores
2260 655 2295 684 et
2322 647 2510 695 angustias

1453 705 1608 746 propter
1635 709 1758 745 ipsam
1786 698 1980 735 sustinere.

1507 753 1565 787 AD
1594 762 1782 787 SECUNDUM
1810 762 1992 787 DICENDUM
2013 752 2123 800 quod'
2145 753 2253 789 dolor
2279 752 2358 800 ipse
2386 757 2511 800 potest

1455 815 1536 839 esse
1566 802 1793 840 delectabilis
1812 815 1881 851 per
1907 802 2099 839 accidens:
2122 803 2345 852 inquantum
2374 804 2511 840 scilicet

1453 857 1568 892 habet
1590 855 1806 892 adiunctam
1826 855 2129 902 admirationem,
2149 864 2190 892 ut
2208 857 2246 892 in
2270 856 2508 905 spectaculis;

1453 910 1515 945 vel
1543 909 1768 956 inquantum
1800 908 1887 944 facit
1923 908 2225 945 recordationem
2259 909 2311 945 rei
2338 916 2508 956 amatae,

1455 969 1490 997 et
1518 961 1604 997 facit
1631 961 1826 1008 percipere
1850 973 2023 997 amorem
2053 961 2145 1004 eius,
2167 961 2214 997 de
2243 961 2347 997 cuius
2374 961 2509 997 absen-

1452 1013 1503 1049 tia
1532 1013 1689 1050 doletur.
1720 1013 1842 1059 Unde,
1873 1025 1960 1049 cum
1990 1025 2099 1049 amor
2133 1012 2179 1049 sit
2207 1012 2443 1059 delectabilis,
2475 1021 2510 1050 et

1455 1066 1563 1102 dolor
1600 1073 1636 1101 et
1664 1065 1794 1101 omnia
1828 1078 1924 1113 quae
1954 1078 1998 1101 ex
2035 1078 2166 1102 amore
2205 1073 2507 1113 consequuntur,

1453 1118 1676 1166 inquantum
1695 1118 1735 1154 in
1763 1118 1816 1154 eis
1835 1118 1991 1167 sentitur
2009 1130 2128 1164 amor,
2150 1125 2237 1154 sunt
2264 1117 2507 1154 delectabilia.

1453 1172 1502 1207 Et
1529 1178 1684 1219 propter
1705 1171 1780 1206 hoc
1799 1170 1912 1207 etiarn
1941 1171 2091 1207 dolores
2111 1171 2149 1206 in
2173 1170 2394 1219 spectaculis
2421 1181 2509 1218 pos-

1453 1231 1540 1260 sunt
1559 1236 1640 1260 esse
1669 1223 1929 1260 delectabiles:
1954 1223 2178 1271 inquantum
2207 1223 2245 1259 in
2274 1223 2327 1259 eis
2355 1222 2510 1259 sentitur

1453 1276 1586 1325 aliquis
1606 1288 1715 1312 amor
1735 1283 1939 1324 conceptus
1964 1276 2013 1312 ad
2037 1275 2119 1312 illos
2143 1275 2207 1324 qui
2231 1275 2268 1311 in
2288 1274 2509 1324 spectaculis

1454 1336 1812 1366 commemorantur.

1505 1384 1564 1418 An
1591 1393 1750 1418 TERTIUM
1782 1381 2096 1430 mcanouuqquod
2128 1381 2307 1417 voluntas
2345 1386 2381 1416 et
2415 1379 2508 1416 ratio

1453 1447 1567 1483 supra
1582 1447 1670 1471 suos
1686 1441 1790 1470 actus
1805 1434 2058 1480 reflectuntur,
2075 1433 2298 1481 inquantum
2318 1432 2388 1480 ipsi
2404 1439 2508 1468 actus

1451 1487 1653 1524 voluntatis
1678 1494 1714 1523 et
1733 1487 1884 1523 rationis
1909 1486 2142 1535 accipiuntur
2160 1486 2230 1522 sub
2251 1485 2394 1521 ratione
2417 1484 2508 1521 boni

1452 1541 1513 1577 vel
1542 1540 1643 1577 mali.
1674 1541 1722 1576 Et
1748 1541 1822 1576 hoc
1850 1539 1967 1575 modo
1996 1538 2141 1575 tristitia
2168 1545 2292 1586 potest
2320 1549 2401 1574 esse
2428 1549 2508 1573 ma-

1452 1593 1545 1629 teria
1574 1592 1850 1638 delectationis,
1877 1592 1938 1627 vel
1967 1603 1988 1627 e
2009 1602 2216 1636 converso,
2246 1602 2324 1626 non
2351 1601 2420 1637 per
2448 1601 2508 1636 se,

1454 1646 1520 1682 sed
1554 1657 1623 1692 per
1656 1644 1852 1681 accidens:
1881 1644 2106 1691 inquantum
2135 1642 2275 1678 scilicet
2306 1649 2510 1690 utrumque

1454 1698 1633 1745 accipitur
1660 1697 1699 1733 in
1727 1697 1871 1733 ratione
1900 1695 1991 1732 boni
2017 1696 2080 1732 vel
2108 1694 2208 1736 mali,

1454 1791 1558 1799 ΜΜ

1119 1850 1435 1892 ARTICULUS
1465 1849 1735 1901 QUARTUS

726 1941 882 1973 UTRUM
906 1940 1037 1971 OMNIS
1061 1939 1278 1970 TRISTITIA
1302 1938 1410 1969 OMNI
1435 1937 1759 1968 DELECTATIONI
1785 1936 2126 1968 CONTRARIETUR

641 2018 707 2042 Part.
726 2017 766 2047 111,
785 2024 829 2049 qu.
848 2023 913 2044 xxm.
933 2019 978 2040 art.
998 2014 1022 2046 8,
1043 2014 1074 2038 ad
1094 2021 1108 2038 2
1119 2022 1126 2046 3
1146 2021 1189 2046 qu.
1209 2021 1305 2044 Lxmv,
1325 2018 1372 2037 art.
1391 2020 1415 2045 9,
1436 2013 1468 2036 ad
1488 2019 1502 2036 2
1509 2019 1516 2042 ;
1536 2012 1570 2036 1v
1588 2012 1672 2040 Sent„
1692 2012 1750 2036 dist.
1769 2019 1818 2042 xiv,
1838 2019 1882 2044 qu.
1901 2019 1919 2042 1,
1939 2016 1985 2035 art.
2003 2018 2029 2043 4,
2048 2012 2094 2044 qu*
2116 2018 2139 2035 2.

394 2142 402 2149 .
489 2126 502 2136 s
549 2109 572 2134 D
593 2107 763 2139 QUARTUM
784 2107 836 2131 51c
856 2105 1094 2131 PROCEDITUR.
1115 2092 1273 2130 Videtur
1292 2091 1396 2141 quod

468 2150 532 2192 ’”τ“““
551 2149 675 2186 omnis
695 2147 838 2185 tristitia
867 2146 971 2184 omni
994 2145 1231 2183 delectationi
1252 2153 1397 2181 contra-

490 2193 494 2200 *
527 2202 673 2243 rietur.
693 2201 796 2238 Sicut
812 2200 911 2237 enim
932 2199 1068 2236 albedo
1086 2207 1121 2235 et
1140 2198 1295 2246 nigredo
1312 2205 1398 2234 sunt

343 2317 378 2346 et
405 2308 547 2345 tristitia
576 2315 662 2344 sunt
682 2306 890 2343 contrariae
918 2304 1062 2353 species
1082 2304 1232 2340 animae
1255 2303 1399 2351 passio-

342 2374 446 2399 num.
470 2360 546 2397 Sed
570 2361 706 2397 albedo
728 2367 764 2395 et
787 2359 943 2406 nigredo
963 2357 1224 2394 universaliter
1243 2356 1312 2392 sibi
1332 2368 1399 2404 op-

341 2421 544 2463 ponuntur.
566 2415 667 2461 Ergo
696 2413 809 2449 etiam
839 2410 1033 2448 delectatio
1064 2417 1099 2446 et
1125 2408 1278 2446 tristitia.

398 2479 432 2504 2.
463 2468 702 2512 PRAETEREA,
733 2464 942 2502 medicinae
971 2476 1039 2511 per
1072 2462 1254 2499 contraria
1290 2462 1398 2498 fiunt.

344 2520 420 2557 Sed
431 2519 619 2567 quaelibet
635 2517 831 2555 delectatio
849 2524 902 2553 est
917 2515 1106 2553 medicina
1123 2522 1253 2551 contra
1267 2526 1400 2562 quam-

342 2573 432 2610 libet
458 2572 653 2618 tristitiam,
679 2578 719 2607 ut
743 2577 845 2618 patet
872 2581 940 2618 per
964 2568 1251 2616 Philosophum,
1273 2567 1309 2603 in
1331 2567 1398 2602 Vll

342 2626 460 2663 Ethic.
479 2626 498 2645 *
514 2626 614 2672 Ergo
640 2623 829 2672 quaelibet
850 2621 1045 2659 delectatio
1067 2620 1218 2657 cuilibet
1236 2619 1401 2656 tristitiae

343 2678 600 2716 contrariatur.

399 2733 432 2768 3.
453 2732 684 2775 Pium-mizi,
712 2727 898 2765 contraria
927 2734 1012 2763 sunt
1041 2739 1138 2775 quae
1167 2738 1206 2762 se
1236 2725 1399 2762 invicem

343 2784 563 2832 impediunt.
587 2782 662 2819 Sed
692 2781 880 2830 quaelibet
907 2779 1049 2816 tristitia
1079 2778 1236 2828 impedit
1268 2790 1401 2826 quam-

342 2838 433 2874 libet
461 2836 769 2873 delectationem:
790 2841 831 2870 ut
849 2841 951 2882 patet
978 2845 1047 2881 per
1066 2832 1155 2869 illud
1184 2831 1288 2880 quod
1313 2830 1401 2867 dici-

289 2906 315 2928 5·
343 2899 402 2927 tur
429 2891 464 2926 X
482 2890 600 2926 Ethic.
621 2888 641 2910 ’¹‘
660 2889 761 2935 Ergo
790 2886 979 2935 quaelibet
1004 2885 1145 2922 tristitia
1170 2884 1318 2920 cuilibet
1337 2884 1400 2920 de-

343 2942 530 2980 lectationi
559 2941 803 2978 contrariatur
832 2945 860 2975 ².
1250 2965 1253 2968 ,

398 2997 470 3032 SED
491 3005 644 3040 CONTRA,
663 2992 937 3030 contrariorum
954 3003 1031 3027 non
1054 2998 1108 3026 est
1124 2989 1258 3026 eadem
1276 3001 1400 3026 causa.

347 3048 423 3085 Sed
447 3049 494 3084 ab
521 3047 658 3083 eodem
686 3046 817 3083 habitu
836 3043 1008 3094 procedit
1031 3043 1137 3091 quod
1160 3041 1292 3090 aliquis
1311 3054 1400 3089 gau-

346 3101 431 3138 deat
450 3101 495 3137 de
524 3113 614 3146 uno,
637 3108 672 3136 et
698 3099 862 3135 tristetur
882 3098 928 3134 de
949 3096 1144 3146 opposito:
1176 3107 1220 3131 ex
1250 3096 1400 3132 caritate

345 3154 446 3190 enim
477 3153 655 3200 contingit
673 3152 840 3201 gaudere
868 3163 952 3186 cum
971 3148 1230 3199 gaudentibus,
1248 3151 1284 3184 et
1301 3148 1401 3196 flere

345 3219 429 3243 cum
448 3207 647 3255 flentibus,
678 3213 718 3241 ut
755 3204 887 3241 dicitur
913 3205 1024 3240 Rom.
1054 3213 1101 3239 xu
1129 3201 1159 3237 ³¹⁸.
1190 3202 1292 3249 Ergo
1322 3213 1399 3237 non

346 3259 470 3296 omnis
498 3258 640 3295 tristitia
668 3257 773 3293 omni
803 3255 1039 3293 delectationi
1068 3253 1323 3291 contrariatur.

399 3314 622 3349 RESPONDEO
650 3321 832 3347 DICENDUM
861 3309 985 3358 quod,
1017 3308 1110 3344 sicut
1139 3307 1272 3344 dicitur
1299 3306 1336 3343 in
1364 3307 1398 3344 X

1450 2091 1626 2127 formam.
1649 2091 1789 2127 Forma
1809 2097 1936 2126 autem
1957 2097 2012 2126 est
2040 2097 2076 2126 et
2095 2089 2288 2137 generalis,
2310 2097 2346 2126 et
2369 2089 2510 2138 specia-

1451 2144 1505 2180 lis.
1522 2143 1634 2180 Unde
1655 2143 1833 2191 contingit
1848 2155 1930 2179 esse
1952 2142 2076 2190 aliqua
2096 2142 2281 2179 contraria
2301 2143 2512 2180 secundum

1451 2197 1613 2233 formam
1642 2196 1798 2244 generis,
1821 2195 1915 2232 sicut
1933 2196 2052 2232 virtus
2081 2203 2116 2232 et
2134 2195 2289 2241 vitium;
2320 2202 2355 2231 et
2378 2207 2510 2232 secun-

1453 2250 1544 2286 dum
1574 2249 1736 2285 formam
1765 2249 1916 2296 speciei,
1937 2248 2032 2284 sicut
2059 2248 2194 2284 iustitia
2223 2255 2259 2284 et
2286 2247 2473 2286 iniustitia.

1505 2302 1572 2338 Est
1591 2309 1717 2338 autem
1743 2301 2059 2338 considerandum
2084 2300 2189 2348 quod
2213 2299 2402 2349 quaedam
2426 2311 2510 2348 spe-

1452 2354 1648 2391 cificantur
1675 2353 1884 2390 secundum
1914 2353 2055 2389 formas
2084 2353 2286 2400 absolutas,
2307 2351 2401 2388 sicut
2424 2352 2510 2389 sub-

1453 2407 1609 2444 stantiae
1629 2413 1665 2443 et
1685 2406 1897 2455 qualitates:
1919 2405 2108 2453 quaedam
2128 2417 2225 2442 vero
2246 2404 2510 2453 specificantur

1453 2473 1520 2508 per
1549 2459 1874 2508 comparationem
1908 2459 1956 2495 ad
1985 2458 2125 2506 aliquid
2156 2465 2273 2504 extra,
2303 2457 2398 2493 sicut
2425 2469 2510 2505 pas—

1454 2513 1578 2549 siones
1611 2519 1646 2548 et
1678 2519 1805 2548 motus
1843 2510 2024 2559 recipiunt
2059 2510 2225 2558 speciem
2264 2522 2310 2547 ex
2343 2509 2510 2546 terminis

1454 2566 1534 2602 sive
1555 2577 1599 2601 ex
1619 2564 1785 2600 obiectis.
1807 2565 1849 2599 In
1868 2563 1925 2599 his
1950 2575 2038 2610 ergo
2064 2574 2228 2611 quorum
2257 2562 2402 2610 species
2422 2573 2510 2598 con-

1454 2618 1664 2655 siderantur
1692 2616 1902 2653 secundum
1930 2616 2070 2652 formas
2099 2616 2301 2661 absolutas,
2332 2614 2512 2662 contingit

1454 2671 1609 2719 quidem
1637 2669 1780 2718 species
1815 2681 1912 2717 quae
1946 2668 2182 2704 continentur
2214 2668 2284 2704 sub
2319 2667 2511 2704 contrariis

1454 2723 1673 2772 generibuS,
1703 2734 1781 2758 non
1812 2734 1893 2757 esse
1923 2720 2126 2757 contrarias
2155 2722 2367 2757 secundum
2400 2720 2510 2756 ratio-

1454 2789 1543 2813 nem
1573 2775 1731 2824 speciei:
1761 2786 1839 2811 non
1864 2782 1993 2810 tamen
2017 2773 2196 2821 contingit
2220 2774 2323 2822 quod
2346 2773 2513 2810 habeant

1455 2830 1619 2877 aliquam
1636 2827 1854 2864 affinitatem
1869 2827 1930 2863 vel
1946 2825 2250 2863 convenientiam
2267 2825 2313 2862 ad
2332 2825 2508 2862 invicem.

1455 2880 1746 2929 Intemperantia
1761 2880 1862 2916 enim
1880 2887 1915 2916 et
1929 2879 2078 2925 iustitia,
2095 2891 2192 2927 quae
2208 2886 2293 2915 sunt
2308 2879 2345 2914 in
2366 2886 2511 2915 contra-

1454 2935 1516 2972 riis
1540 2934 1751 2982 generibus,
1772 2933 1909 2970 virtute
1929 2932 2067 2969 scilicet
2088 2939 2123 2968 et
2140 2931 2245 2978 vitio,
2266 2943 2345 2968 non
2365 2939 2509 2968 contra-

1455 2988 1596 3024 riantur
1624 2986 1672 3024 ad
1698 2985 1860 3023 invicem
1890 2985 2100 3023 secundum
2129 2984 2314 3021 rationem
2333 2983 2510 3033 propriae

1454 3040 1609 3090 speciei:
1626 3052 1696 3076 nec
1711 3047 1838 3076 tamen
1849 3036 2014 3076 flhabent
2032 3037 2196 3085 aliquam
2214 3037 2434 3074 affinitatem
2448 3037 2509 3074 vel

1455 3092 1757 3131 convenientiam
1786 3093 1833 3128 ad
1862 3091 2038 3128 invicem.
2054 3111 2079 3117 -
2097 3090 2172 3127 Sed
2192 3089 2229 3126 in
2254 3089 2326 3126 'illis
2345 3100 2508 3138 quorum

1454 3146 1597 3196 species
1608 3152 1809 3183 sumuntur
1819 3144 2028 3180 secundum
2039 3142 2299 3180 habitudinem
2310 3143 2358 3180 ad
2368 3141 2509 3193 aliquid

1455 3199 1715 3243 extrinsecum,
1738 3196 1916 3244 contingit
1942 3195 2047 3246 quod
2067 3195 2209 3244 species
2234 3194 2507 3242 contrariorum

1453 3263 1635 3300 generum
1665 3263 1741 3287 non
1762 3251 1884 3287 solum
1909 3261 1986 3286 non
2005 3256 2091 3284 sunt
2121 3248 2328 3286 contrariae
2349 3244 2401 3285 ad*
2416 3244 2508 3286 invi-

1454 3318 1548 3351 cem,
1574 3304 1641 3342 sed
1670 3304 1782 3340 etiam
1811 3303 1952 3340 habent
1979 3300 2172 3350 quandam
2206 3298 2506 3338 convenientiam

152 3384 174 3399 n·
190 3367 256 3404 15⁵?
281 3356 318 3377 ψ’
345 3366 558 3413 Metaphys.
573 3364 603 3411 ²¹⁶,
622 3362 861 3400 contrarietas
882 3369 936 3397 est
957 3360 1165 3398 differentia
1189 3359 1400 3396 secundum
1454 3366 1489 3395 et
1507 3358 1724 3395 affinitatem
1746 3356 1793 3392 ad
1809 3355 1969 3392 invicem
1990 3359 2023 3391 Y:
2046 3367 2091 3391 eo
2111 3354 2215 3402 quod
2236 3354 2370 3391 eodem
2390 3348 2507 3389 inodo

400 3480 426 3511 α)
446 3479 637 3504 contrariatur.
655 3491 672 3496 —-
691 3477 825 3503 contrarie
844 3476 987 3508 opponitur
1006 3476 1057 3500 EF.
1428 3471 1432 3537 1
1510 3473 1536 3506 γ)
1556 3473 1592 3496 ad
1611 3472 1730 3496 invicem.
1748 3485 1766 3490 -
1785 3470 1845 3494 Orn.
1866 3470 1912 3494 Pa.

401 3514 425 3546 β)
445 3517 541 3538 tamen.
559 3528 578 3532 -
597 3514 656 3538 Orn.
677 3513 747 3537 PKa.
