2852 4152
128 830 136 839 ·
151 829 202 851 Art.
217 835 233 851 ι.

126 1092 134 1100 ·
146 1090 202 1118 Cap.
212 1096 259 1115 xm.
270 1096 293 1111 n.
304 1096 333 1117 ¹7,

124 1123 163 1164 ιχςζι.
172 1128 182 1132 -
195 1116 219 1138 S.
227 1116 271 1137 Th.
283 1117 333 1138 lect.

122 1672 131 1681 '¹
141 1671 177 1692 De
185 1671 244 1692 Fide
254 1671 330 1698 Orth„

121 1697 161 1719 lib.
172 1697 200 1724 11,
214 1703 263 1725 cap.
274 1704 331 1719 xxii.

123 2847 132 2855 ·
148 2845 214 2867 Vers.
230 2851 257 2873 ¹5-

376 227 444 251 122

1015 218 1280 264 QUAESTIO
1310 219 1431 266 XVII,
1461 220 1755 258 ARTICULUS
1784 222 1852 268 Vl,
1881 223 1948 259 VII

1175 353 1489 394 ARTICULUS
1519 354 1725 395 SEXTUS

1044 445 1197 476 UTRUM
1220 445 1362 476 ACTUS
1385 446 1588 477 RAT10N1s
1612 447 1862 479 IMPERETUR

1262 522 1304 546 De
1328 522 1431 552 Vir-tut„
1451 530 1496 555 qu.
1517 531 1534 553 ι,
1553 529 1600 549 arr.
1618 531 1643 556 7.

454 630 526 649 ‘92

395 627 463 709 ''C'‘
486 636 555 694 εἷς(
579 621 601 645 1)
623 622 769 699 Ξεκτυὲᾳ
797 622 849 668 sic
877 621 1113 697 PROCEmTup.
1135 609 1292 668 Videtur
1316 610 1420 699 qttiod

394 678 399 693 z
418 675 449 695 ψ
511 675 534 686 --
552 683 556 697 ,-
578 674 622 698 ac
665 675 681 699 s
701 675 741 699 ra
758 675 852 699 10n1s
873 674 950 698 non
999 674 1074 698 OSSl
1103 674 1186 698 esse
1201 674 1251 698 im
1283 675 1347 699 era
1362 675 1418 699 us.

384 718 432 775 ιγ’
441 659 567 767 &⁸42²
578 715 851 752 Inconveniens
867 674 1133 750 enimpvidetur
1154 674 1420 764 quodpaliquid

423 745 483 796 ἐξ
535 762 735 815 &imperet
754 767 825 803 sibi
843 766 924 814 ipsi.
946 767 1023 803 Sed
1042 767 1134 803 ratio
1160 775 1215 804 est
1233 780 1330 816 quae
1349 768 1419 805 im-

363 828 481 869 perat,
503 829 543 857 ut
571 832 684 868 supra
702 819 722 840 '¹‘
750 819 891 856 dictum
921 827 986 856 est.
1007 820 1109 867 Ergo
1133 820 1287 857 rationis
1315 828 1419 858 actus

365 885 442 909 non
471 873 687 921 imperatur.
974 894 980 897 -

418 937 451 962 2.
473 927 711 970 PRAETEREA‚
739 923 776 960 id
805 924 909 972 quod
938 931 992 961 est
1019 936 1088 972 per
1120 925 1343 973 essentiam,
1365 926 1418 963 di-

362 989 516 1014 versum
545 984 601 1013 est
624 977 671 1013 ab
701 989 747 1012 eo
777 977 880 1025 quod
910 984 964 1013 est
982 989 1051 1025 per
1078 977 1416 1026 participationem.

363 1030 440 1066 Sed
458 1029 624 1078 potentia
653 1028 758 1065 cuius
785 1037 888 1066 actus
915 1029 1122 1077 imperatur
1145 1042 1167 1066 a
1187 1030 1341 1076 ratione,
1363 1038 1419 1067 est

362 1082 454 1118 ratio
473 1094 541 1130 per
567 1081 912 1130 participationem,
936 1089 977 1118 ut
1001 1082 1134 1119 dicitur
1161 1082 1199 1118 in
1219 1084 1232 1118 I
1252 1083 1371 1120 Ethic.
1398 1083 1418 1104 ²¹²

362 1135 461 1181 Ergo
490 1134 584 1171 illius
612 1134 800 1183 potentiae
829 1142 933 1171 actus
962 1147 1040 1171 non
1068 1134 1290 1182 imperatur,
1319 1147 1417 1183 quae

362 1194 416 1223 est
445 1187 536 1224 ratio
564 1199 634 1235 per
662 1186 873 1224 essentiam.

416 1240 449 1276 3.
471 1241 702 1287 PRAETEREA,
731 1240 790 1275 ille
819 1247 923 1276 actus
950 1239 1176 1287 imperatur,
1204 1239 1269 1287 qui
1297 1247 1352 1276 est
1378 1240 1416 1277 in

359 1299 544 1340 potestate
573 1299 711 1329 nostra.
733 1292 809 1328 Sed
837 1303 1065 1339 cognoscere
1095 1298 1130 1328 et
1157 1291 1323 1328 iudicare
1350 1305 1416 1329 ve-

361 1357 457 1391 rum,
478 1346 583 1392 quod
612 1352 667 1381 est
694 1352 797 1381 actus
826 1344 990 1391 rationis,
1010 1356 1090 1380 non
1114 1351 1169 1380 est
1197 1357 1350 1393 semper
1376 1345 1415 1382 in

360 1405 542 1445 potestate
572 1404 710 1434 nostra.
740 1398 832 1434 Non
860 1409 949 1444 ergo
978 1404 1083 1433 actus
1111 1397 1264 1434 rationis
1293 1405 1416 1445 potest

361 1462 441 1486 esse
470 1450 685 1498 imperatus.

413 1503 485 1539 SED
515 1514 679 1550 CONTRA,
708 1502 747 1539 id
780 1502 884 1550 quod
915 1501 1032 1538 libero
1061 1502 1213 1539 arbitrio
1247 1502 1414 1550 agimus,

359 1563 488 1592 nostro
508 1555 667 1603 imperio
687 1554 746 1602 agi
764 1562 899 1603 potest.
918 1555 994 1591 Sed
1014 1562 1118 1591 actus
1138 1555 1290 1591 rationis
1311 1567 1415 1592 exer—

360 1615 490 1644 centur
517 1621 585 1656 per
612 1608 773 1644 liberum
803 1607 1016 1644 arbitrium:
1043 1607 1130 1644 dicit
1154 1608 1255 1644 enim
1274 1609 1414 1645 Dama-

360 1673 494 1697 scenus
522 1660 542 1682 ’¹‘
569 1661 673 1709 quod
701 1661 815 1697 libero
844 1660 999 1696 arbitrio
1026 1661 1138 1696 homo
1173 1661 1351 1708 exquirit,
1381 1667 1416 1697 et

358 1719 556 1759 scrutatur,
586 1719 622 1749 et
647 1714 803 1759 iudicat,
833 1718 868 1749 et
893 1713 1062 1760 disponit.
1093 1713 1194 1760 Ergo
1223 1720 1328 1750 actus
1357 1726 1414 1750 ra-

359 1766 468 1803 tionis
497 1774 655 1815 possunt
683 1778 764 1802 esse
792 1765 975 1814 imperati.

411 1820 635 1856 RESPONDEo
654 1830 837 1855 DxcENDUM
857 1818 972 1866 quod,
993 1817 1082 1865 quia
1107 1817 1199 1853 ratio
1225 1829 1338 1866 supra
1357 1830 1413 1854 se-

357 1871 479 1920 ipsam
499 1872 711 1918 reflectitur,
732 1871 826 1907 sicut
845 1871 994 1907 ordinat
1022 1869 1069 1906 de
1090 1870 1234 1906 actibus
1253 1870 1411 1907 aliarum

357 1925 632 1972 potentiarum,
659 1924 709 1960 ita
737 1923 850 1960 etiam
886 1929 1011 1971 potest
1038 1921 1212 1959 ordinare
1252 1922 1298 1958 de
1327 1930 1412 1959 actu

358 1989 438 2014 suo.
460 1977 569 2015 Unde
600 1976 711 2013 etiam
739 1983 843 2012 actus
872 1987 962 2012 suus
988 1981 1113 2023 potest
1142 1986 1223 2010 esse
1251 1974 1411 2023 impera-

356 2037 427 2067 tus.
452 2052 475 2057 -
505 2030 582 2067 Sed
609 2028 881 2066 attendendum
911 2035 966 2064 est
993 2026 1098 2074 quod
1127 2034 1231 2063 actus
1259 2027 1412 2064 rationis

356 2090 481 2132 potest
501 2081 728 2119 considerari
749 2081 954 2130 dupliciter.
971 2080 1058 2117 Uno
1075 2079 1205 2126 modo,
1227 2087 1411 2128 quantum

358 2136 405 2173 ad
426 2135 642 2172 exercitium
671 2141 787 2171 actus.
817 2134 866 2170 Et
885 2133 937 2169 sic
962 2139 1065 2169 actus
1084 2132 1237 2168 rationis
1261 2145 1412 2182 semper

357 2188 533 2238 imperari
560 2195 699 2236 potest:
730 2187 824 2223 sicut
853 2198 939 2222 cum
968 2184 1141 2222 indicitur
1169 2185 1278 2221 alicui
1307 2185 1412 2233 quod

410 2303 436 2335 α)
457 2309 509 2327 nec.
528 2315 547 2320 -
565 2304 677 2326 naturae
696 2301 766 2325 PKa.

1475 611 1652 657 attendat,
1683 619 1720 648 et
1746 612 1890 649 ratione
1917 621 2052 652 utatur.
2079 616 2175 653 Alior
2194 617 2325 665 modo,
2347 611 2531 667 quantum

1475 662 1523 699 ad
1551 663 1760 700 obiectum:
1787 674 1960 714 respectu
1989 667 2106 715 cuius,
2137 669 2213 706 duo
2241 678 2347 707 actus
2376 671 2532 708 rationis

1474 717 1728 753 attenduntur.
1758 717 1888 754 Primo
1922 719 2096 767 quidem,
2122 729 2164 758 ut
2198 722 2398 760 veritatem
2433 724 2531 761 circa

1474 768 1613 817 aliquid
1641 769 1913 817 apprehendat.
1934 771 1983 807 Et
2001 772 2075 808 hoc
2102 785 2180 810 non
2200 782 2256 811 est
2282 775 2321 812 in
2343 783 2530 824 potestate

1473 829 1621 858 nostra:
1650 822 1725 858 hoc
1753 821 1854 858 enim
1884 823 2065 871 contingit
2082 836 2151 872 per
2177 826 2354 864 virtutem
2373 828 2530 866 alicuius

1472 873 1636 921 luminis,
1657 875 1719 911 vel
1743 875 1920 911 naturalis
1947 876 2010 912 vel
2037 880 2339 924 supernaturalis.
2365 881 2415 917 Et
2441 881 2529 918 ideo

1472 934 1656 974 quantum
1687 927 1734 964 ad
1762 928 1848 974 hoc,
1869 935 1974 964 actus
1997 928 2151 965 rationis
2179 942 2258 968 non
2277 940 2333 969 est
2358 933 2397 970 in
2423 941 2530 982 pote-

1472 985 1564 1014 state
1601 986 1749 1025 nostra‚
1778 992 1849 1016 nec
1885 980 2064 1028 imperari
2096 989 2230 1029 potest.
2259 984 2364 1021 Alius
2400 993 2528 1022 autem

1472 1037 1576 1067 actus
1605 1031 1758 1067 rationis
1787 1039 1853 1077 est,
1875 1032 1967 1069 dum
1991 1033 2048 1069 his
2073 1045 2171 1081 quae
2195 1037 2443 1083 apprehendit
2470 1050 2528 1074 as-

1471 1083 1590 1119 sentit.
1621 1083 1661 1119 Si
1689 1083 1799 1130 igitur
1826 1084 1963 1121 fuerint
1994 1085 2080 1122 talia
2107 1088 2361 1136 apprehensa,
2390 1090 2528 1138 quibus

1472 1135 1688 1172 naturaliter
1714 1135 1922 1173 intellectus
1950 1137 2137 1185 assentiat,
2157 1139 2252 1176 sicut
2277 1141 2400 1188 prima
2425 1142 2528 1190 prin-

1471 1187 1585 1235 cipia,
1615 1200 1791 1224 assensus
1824 1189 1955 1226 talium
1983 1191 2046 1227 vel
2078 1191 2268 1229 dissensus
2300 1205 2379 1230 non
2408 1202 2463 1231 est
2489 1195 2528 1232 in

1469 1247 1653 1288 potestate
1682 1248 1821 1287 nostra,
1843 1241 1966 1278 sedin
1993 1242 2126 1280 ordine
2145 1252 2323 1282 naturae:
2354 1253 2390 1282 et
2416 1246 2526 1294 ideo,

1468 1293 1621 1341 proprie
1648 1293 1859 1341 loquendo,
1889 1306 1960 1331 nec
1988 1300 2005 1316 α
2033 1295 2193 1344 imperio
2223 1298 2400 1335 subiacet.
2431 1300 2528 1336 Sunt

1470 1353 1598 1382 autern
1618 1346 1807 1393 quaedam
1827 1348 2076 1395 apprehensa,
2098 1361 2196 1397 quae
2215 1362 2294 1387 non
2313 1351 2410 1388 adeo
2436 1364 2526 1389 con-

1468 1397 1626 1435 vincunt
1647 1398 1890 1446 intellectum,
1911 1399 2003 1446 quin
2026 1401 2146 1448 possit
2167 1402 2347 1440 assentire
2369 1404 2432 1440 vel
2452 1404 2524 1442 dis-

1469 1450 1622 1497 sentire,
1646 1451 1709 1487 vel
1737 1452 1869 1488 saltem
1898 1464 2096 1490 assensum
2130 1456 2192 1491 vel
2221 1455 2434 1493 dissensum
2463 1469 2523 1494 su-

1469 1503 1666 1551 spendere,
1688 1510 1842 1551 propter
1865 1504 2030 1553 aliquam
2055 1518 2230 1543 causam:
2260 1515 2297 1544 et
2323 1507 2363 1544 in
2389 1509 2525 1546 talibus

1468 1568 1644 1592 assensus
1676 1556 1757 1604 ipse
1789 1557 1851 1592 vel
1884 1557 2075 1594 dissensus
2112 1558 2150 1594 in
2178 1566 2363 1607 potestate
2396 1569 2525 1598 nostra

1469 1615 1543 1654 est,
1574 1615 1610 1644 et
1638 1609 1708 1644 sub
1736 1608 1894 1656 imperio
1925 1609 2033 1646 cadit.

1520 1662 1578 1696 AD
1598 1672 1734 1697 PRIMUM
1753 1672 1851 1696 ERGO
1871 1673 2054 1698 DICENDUM
2073 1663 2179 1710 quod
2198 1663 2291 1699 ratio
2311 1664 2386 1700 hoc
2405 1665 2524 1702 modo

1466 1712 1627 1760 imperat
1646 1713 1715 1749 sibi
1734 1712 1816 1760 ipsi,
1832 1712 1927 1750 sicut
1946 1721 1981 1750 et
1999 1715 2176 1751 voluntas
2195 1724 2328 1752 movet
2346 1716 2523 1765 seipsam,

1466 1772 1506 1801 ut
1526 1777 1639 1813 supra
1658 1764 1677 1786 ²¹²
1697 1764 1839 1801 dietum
1859 1773 1932 1802 est:
1958 1766 2182 1814 inquantum
2209 1769 2348 1805 scilicet
2366 1777 2524 1818 utraque

1466 1817 1634 1865 potentia
1658 1817 1861 1854 reflectitur
1879 1831 1994 1867 supra
2021 1831 2134 1856 suum
2155 1828 2293 1868 actum,
2315 1829 2351 1858 et
2378 1834 2424 1858 ex
2443 1820 2523 1860 uno

1467 1870 1505 1907 in
1534 1869 1635 1907 aliud
1662 1870 1789 1907 tendit.

1520 1925 1577 1959 AD
1607 1934 1795 1959 SECUNDUM
1814 1934 1997 1960 chENDUM
2016 1924 2132 1972 quod,
2152 1932 2308 1974 propter
2332 1926 2524 1965 diversita-

1467 1982 1545 2011 tem
1579 1974 1816 2016 obiectorum
1845 1988 1943 2024 quae
1977 1977 2075 2013 actui
2107 1977 2260 2015 rationis
2291 1979 2521 2027 subduntur,

1466 2027 1556 2064 nihil
1575 2027 1752 2076 prohibet
1770 2028 1956 2065 rationem
1976 2029 2139 2077 'seipsam
2159 2030 2404 2080 participare:
2429 2031 2525 2070 sicut

1465 2079 1503 2116 in
1532 2079 1745 2128 cognitione
1774 2081 2061 2118 conclusionum
2090 2082 2333 2132 participatur
2361 2085 2523 2133 cognitio

1465 2132 1749 2181 principiorum.

1518 2186 1577 2222 AD
1605 2197 1763 2222 TERTmM
1791 2194 1892 2235 patet
1921 2187 2119 2236 responsio
2149 2199 2194 2224 ex
2223 2187 2328 2226 dictis
2357 2189 2388 2226 *.

1133 2433 1448 2475 ARTICULUS
1477 2434 1739 2475 SEPTIMUS

854 2526 1008 2557 UTRUM
1032 2525 1173 2556 Aeros
1197 2525 1434 2556 APPETITUS
1458 2525 1663 2557 SENSITIVI
1688 2526 1936 2556 IMPERETUR

684 2606 751 2630 Part.
771 2606 788 2637 1,
808 2613 851 2638 qu.
871 2613 951 2635 mxxi,
972 2609 1018 2630 art.
1040 2604 1069 2635 3;
1089 2604 1161 2633 infra.
1180 2612 1224 2637 qu.
1243 2611 1293 2633 wi,
1312 2609 1358 2628 art.
1377 2611 1403 2635 4,
1422 2604 1453 2628 ad
1474 2603 1503 2633 33
1523 2611 1567 2636 qu.
1586 2611 1655 2633 Lvm,
1675 2609 1721 2629 art.
1742 2611 1770 2635 23
1791 2604 1832 2629 De
1854 2604 1943 2634 Ver-it„
1963 2612 2008 2637 qu.
2026 2613 2081 2636 m,
2101 2610 2148 2630 art.
2167 2612 2197 2637 43

1215 2639 1257 2664 De
1280 2639 1384 2669 Virtut„
1405 2646 1448 2671 qu.
1467 2647 1484 2669 1,
1504 2643 1550 2664 art.
1568 2646 1594 2670 4.

546 2750 550 2753 -
567 2742 588 2766 D
608 2740 786 2766 SEPTIMUM
805 2739 858 2764 sm
879 2739 1117 2764 PROCEDITUR.
1133 2726 1291 2764 Videtur
1305 2726 1410 2776 quod

568 2789 671 2819 actus
699 2780 865 2818 sensitivi
893 2780 1080 2829 appetitus
1113 2792 1192 2816 non
1220 2779 1264 2816 sit
1293 2779 1411 2827 impe-

392 2871 396 2882 λ
418 2851 493 2881 ἡκ,
513 2839 534 2878 (1
568 2842 678 2872 ratus.
700 2834 796 2871 Dicit
822 2833 924 2870 enim
944 2832 1160 2881 Apostolus,
1177 2834 1288 2869 Rom.
1309 2843 1356 2868 vu
1375 2831 1411 2868 *ε

412 2879 658 2925 *W'KNon
686 2887 784 2924 enim
813 2886 914 2935 quod
938 2885 1023 2922 volo
1047 2886 1200 2931 honum,
1215 2886 1286 2921 hoc
1313 2895 1412 2934 ago:

359 2949 395 2978 et
425 2941 561 2977 Glossa
590 2939 742 2989 exponit
772 2940 874 2988 quod
902 2939 1022 2975 homo
1050 2938 1132 2974 vult
1164 2950 1241 2974 non
1275 2949 1413 2974 concu-

358 2994 518 3043 piscere,
549 3001 584 3030 et
611 3001 738 3030 tamen
767 2991 1008 3040 concupiscit.
1040 2990 1116 3028 Sed
1146 2990 1413 3038 concupiscere

360 3054 415 3083 est
443 3053 547 3082 actus
566 3045 751 3094 appetitus
771 3044 948 3082 sensitivi.
974 3045 1075 3091 Ergo
1096 3051 1200 3080 actus
1229 3042 1413 3091 appetitus

360 3097 527 3136 sensitivi
555 3111 634 3135 non
661 3097 833 3134 subditur
859 3097 1019 3146 imperio
1049 3103 1190 3133 nostro.

415 3163 449 3188 2.
469 3151 701 3197 PRAETEREA‚
722 3150 878 3187 materia
898 3148 1103 3198 corporalis
1123 3148 1192 3185 soli
1219 3149 1304 3185 Deo
1323 3148 1414 3185 obe-

360 3204 428 3251 dit,
458 3211 641 3252 quantum
670 3203 718 3240 ad
746 3202 1098 3239 transmutationem
1126 3201 1345 3247 formalem,
1373 3207 1415 3236 ut

404 2753 431 2763 a„
440 2748 447 2761 1
503 2757 510 2763 κ

537 2808 539 2816 s

403 2834 407 2841 .

490 2809 554 2849 *es-

291 3272 332 3286 ετ-
360 3257 398 3294 in
425 3256 555 3293 Primo
574 3256 594 3277 ’¹‘
612 3255 785 3292 habitum
811 3262 876 3291 est.
900 3255 975 3291 Sed
1000 3262 1104 3291 actus
1124 3253 1312 3303 appetitus
1331 3265 1413 3289 sen-

261 3298 334 3340 a’r‘f‘21
361 3309 458 3346 sitivi
485 3309 599 3346 habet
619 3308 811 3357 quandam
839 3307 1040 3344 formalem
1064 3306 1415 3344 transmutationem

363 3361 547 3411 corporis,
577 3360 715 3398 scilicet
744 3360 910 3397 calorem
934 3360 996 3397 vel
1025 3360 1150 3407 frigus.
1181 3360 1282 3406 Ergo
1311 3365 1415 3394 actus

362 3414 548 3464 appetitus
567 3413 733 3451 sensitivi
761 3425 839 3450 non
859 3412 1030 3449 subditur
1053 3412 1210 3460 imperio
1230 3412 1413 3448 humano.

416 3527 443 3561 α)
463 3528 593 3559 aliquis...
604 3531 687 3559 prout
705 3530 753 3552 est.
770 3540 789 3545 —
807 3526 877 3559 quod
895 3526 1024 3558 aliquis
1037 3528 1076 3550 est
1095 3525 1371 3556 ABCEFGIKLpDH.·

1522 2727 1556 2763 3.
1596 2727 1835 2774 Pmrnnm,
1871 2727 2070 2776 proprium
2108 2727 2297 2765 motivum
2340 2729 2526 2778 appetitus

1468 2778 1634 2816 sensitivi
1659 2786 1714 2815 est
1736 2780 2017 2828 apprehensum
2045 2779 2257 2818 secundum
2288 2793 2441 2819 sensum
2464 2783 2527 2820 vel

1467 2831 1788 2879 imaginationem.
1817 2832 1892 2869 Sed
1921 2845 1999 2869 non
2033 2840 2088 2869 est
2114 2833 2153 2870 in
2180 2840 2364 2882 potestate
2398 2842 2526 2872 nostra

1469 2896 1620 2932 semper
1652 2884 1758 2933 quod
1786 2884 1926 2933 aliquid
1958 2886 2290 2935 apprehendamus
2323 2899 2435 2924 sensu
2462 2888 2525 2925 vel

1468 2937 1747 2984 imaginatione.
1775 2938 1877 2985 Ergo
1903 2945 2007 2975 actus
2036 2938 2220 2988 appetitus
2253 2939 2420 2977 sensitivi
2447 2952 2526 2978 non

1469 2989 1637 3026 subiacet
1663 2989 1824 3038 imperio
1853 2998 1994 3028 nostro.

1524 3042 1597 3079 SED
1626 3053 1771 3079 CONTRA
1798 3054 1864 3079 Es‘r
1900 3043 2005 3092 quod
2042 3043 2247 3091 Gregorius
2276 3044 2478 3092 Nyssenus
2504 3044 2525 3068 '⁸'

1473 3094 1572 3141 dicit,
1594 3094 1698 3143 quod
1732 3095 1903 3132 obediens
1939 3096 2078 3132 rationi
2102 3095 2278 3133 dividitur
2305 3097 2342 3133 in
2371 3098 2464 3144 duo,
2486 3097 2524 3134 in

1469 3147 1754 3184 desiderativum
1787 3153 1824 3184 et
1857 3148 2106 3195 irascitivum,
2137 3161 2234 3197 quae
2261 3149 2449 3198 pertinent
2475 3149 2523 3187 ad

1470 3200 1677 3248 appetitum
1707 3199 1940 3237 sensitivum.
1961 3201 2063 3248 Ergo
2092 3207 2197 3237 actus
2225 3201 2412 3250 appetitus
2440 3213 2523 3239 sen-

1470 3252 1568 3289 sitivi
1597 3252 1764 3289 subiacet
1791 3252 1951 3301 imperio
1980 3253 2143 3291 rationis.

1523 3306 1746 3342 Rssspoumzo
1774 3317 1955 3342 DICENDUM
1984 3306 2090 3353 quod
2117 3307 2327 3344 secundum
2357 3307 2432 3343 hoc
2459 3306 2523 3343 ali-

1469 3357 1552 3406 quis
1581 3366 1685 3395 actus
1712 3357 1871 3406 imperio
1908 3366 2037 3395 nostro
2067 3359 2256 3408 subiacet,
2281 3356 2394 3408 prout
2422 3366 2478 3395 est
2505 3364 2522 3380 ‘²

1468 3410 1507 3447 in
1525 3418 1709 3458 potestate
1731 3417 1868 3458 nostra,
1889 3418 1931 3447 ut
1949 3423 2062 3460 supra
2080 3411 2100 3433 ’¹‘
2119 3411 2260 3449 dictum
2280 3418 2346 3448 est.
2367 3411 2417 3447 Et
2435 3410 2521 3448 ideo

2552 1778 2561 1787 ·
2577 1777 2666 1805 (ξιιιι,
2681 1780 2723 1799 nrt.
2738 1783 2761 1806 3.

2519 2186 2523 2191 ‘
2552 2197 2562 2206 ·
2576 2196 2602 2218 In
2616 2201 2723 2224 corpore.

2551 3058 2562 3067 “
2581 3055 2715 3081 Nemeeius.
2733 3056 2762 3078 de

2550 3081 2692 3109 Nat.Hom.,
2709 3088 2736 3104 cn
2754 3098 2761 3105 .

2550 3114 2598 3134 ιη,
2617 3108 2646 3130 nl.
2661 3108 2701 3130 lib.
2715 3089 2760 3136 ne,

2551 3139 2602 3162 οιρ.
2616 3140 2663 3156 vm.

2549 3402 2697 3450 uitae
2711 3408 2762 3431 “⁸—
