2846 4146
120 725 131 766 Ζ
141 724 290 772 scfffiast':
298 729 330 771 31:

119 1331 128 1341 *
136 1330 171 1352 Cf.
180 1333 220 1352 art.
232 1336 247 1356 1,
257 1330 328 1351 Com-

118 1360 188 1378 ment.
204 1362 266 1378 num.
278 1362 312 1377 111.

123 3214 131 3223 ·
142 3211 209 3235 8.Τ1·ι
228 3213 332 3234 lect.1v.-

146 3239 150 3243 '
237 3238 298 3266 vlu,
312 3244 331 3259 c.

359 227 434 273 426

358 304 442 352 quis
469 304 603 341 habet:
632 304 735 353 quod
763 317 841 341 non
868 311 991 352 potest
1019 316 1101 340 esse
1139 303 1217 339 sine
1247 302 1408 338 caritate.

359 356 398 392 Si
427 364 553 393 autem
581 357 655 393 hoc
684 364 853 405 expectet
881 369 926 392 ex
953 356 1095 392 meritis
1115 367 1211 403 quae
1235 354 1409 390 nondum

357 409 480 455 habet,
498 409 564 446 sed
579 410 758 457 proponit
773 410 810 446 in
826 410 990 445 futurum
1007 408 1210 455 acquirere,
1224 406 1290 442 erit
1305 413 1409 441 actus

357 461 617 509 imperfectus:
647 470 683 498 et
701 463 775 498 hoc
793 469 917 510 potest
937 473 1017 497 esse
1047 461 1126 496 sine
1147 458 1308 494 caritate.
1321 478 1344 484 -
1361 458 1410 493 Et

357 513 443 550 ideo
473 514 569 551 fides
598 522 634 551 et
661 527 747 562 spes
774 521 932 563 possunt
952 525 1032 548 esse
1052 511 1131 547 sine
1152 510 1321 546 caritate:
1342 510 1408 546 sed

358 566 436 603 sine
457 567 618 613 caritate,
635 567 786 615 proprie
805 565 1009 613 loquendo,
1029 563 1184 600 virtutes
1204 574 1282 598 non
1301 569 1408 608 sunt;

358 631 448 655 narn
475 620 523 656 ad
547 619 732 656 rationem
751 618 896 655 virtutis
924 616 1081 664 pertinet
1112 622 1251 650 utnon
1282 615 1407 651 solum

359 672 568 708 secundum
596 672 717 720 ipsam
737 670 890 718 aliquod
910 670 1054 705 bonum
1074 679 1279 715 operemur
1293 671 1319 713 Υ,
1340 666 1407 703 sed

359 724 470 760 etiam
499 725 606 769 bene,
637 731 677 759 ut
705 723 838 759 dicitur
865 721 902 757 in
932 722 963 756 II
991 720 1109 756 Ethic.
1131 719 1151 740 ‘¹‘

410 778 468 812 AD
487 788 622 812 PRIMUM
642 786 738 811 ERGO
763 785 945 810 DICENDUM
978 772 1081 821 quod
1099 771 1255 808 virtutes
1283 783 1407 807 mora-

357 829 410 865 les
440 828 652 876 dependent
680 839 701 863 a
729 825 942 874 prudentia:
971 824 1172 872 prudentia
1200 831 1324 860 autern
1354 823 1409 861 in-

356 881 438 917 fusa
452 893 522 917 nec
537 880 719 916 rationem
734 878 954 927 prudentiae
969 877 1110 913 habere
1124 883 1250 925 potest
1264 877 1408 924 absque

1027 225 1291 272 QUAESTIO
1322 224 1440 270 LXV,
1470 222 1765 259 ARTICULUS
1795 222 1846 258 ιν

1465 300 1627 346 caritate,
1647 307 1777 348 utpote
1793 299 1991 337 deficiente
2007 301 2132 338 debita
2146 301 2363 338 habitudine
2384 300 2431 337 ad
2447 299 2520 348 pri-

1464 364 1572 388 mum
1600 352 1850 400 principium,
1880 354 1984 401 quod
2012 361 2067 390 est
2093 354 2248 391 ultimus
2280 353 2377 390 finis.
2408 352 2519 389 Fides

1465 412 1591 440 autem
1613 412 1649 441 et
1668 417 1765 452 spes,
1787 405 1998 441 secundum
2018 407 2189 454 proprias
2211 406 2386 452 rationes,
2407 417 2478 441 nec
2497 417 2520 441 a

1463 457 1663 504 prudentia
1682 469 1753 493 nec
1781 469 1803 493 a
1833 457 1983 496 caritate
2004 459 2230 507 dependent.
2261 459 2310 494 Et
2332 457 2418 494 ideo
2439 457 2518 493 sine

1464 509 1613 545 caritate
1644 521 1725 545 esse
1754 517 1933 558 possunt;
1962 509 2047 547 licet
2066 523 2143 548 non
2172 511 2245 548 sint
2262 511 2419 547 virtutes
2438 509 2518 546 sine

1463 561 1625 607 caritate,
1653 569 1695 597 ut
1723 562 1864 598 dictum
1893 569 1949 598 est
1966 561 1997 599 ³¹².

1515 615 1573 651 Ao
1602 625 1791 651 SECUNDUM
1811 626 1993 651 DICENDUM
2013 616 2117 663 quod
2137 616 2230 652 ratio
2259 615 2320 651 illa
2347 613 2520 663 procedit

1463 666 1509 702 de
1537 666 1614 703 fide
1642 679 1740 714 quae
1768 667 1883 704 habet
1909 668 2116 716 perfectam
2148 668 2334 704 rationem
2361 666 2518 703 virtutis.

1515 721 1574 755 An
1598 730 1757 756 TERTIUM
1776 731 1959 756 montinum
1980 720 2084 768 quod
2103 720 2334 768 Augustinus
2354 718 2520 767 loquitur

1462 770 1514 807 ibi
1543 771 1590 808 de
1619 783 1698 819 spe,
1729 773 1940 809 secundum
1969 773 2072 820 quod
2101 773 2233 820 aliquis
2263 779 2432 820 expectat
2463 771 2519 807 fu-

1463 831 1586 860 turam
1616 824 1887 861 beatitudinem
1915 837 1983 873 per
2010 823 2144 861 merita
2167 837 2264 873 quae
2292 825 2368 861 iarn
2386 824 2517 866 habet:

1465 876 1569 924 quod
1597 888 1676 913 non
1705 884 1760 913 est
1787 877 1867 914 sine
1897 877 2059 914 caritate.

408 993 434 1027 γ)
453 994 561 1026 aliquod
580 994 674 1018 bonum
697 999 844 1024 operemur.
863 1005 880 1010 -
898 991 999 1023 aliquid
1022 994 1146 1022 operetur
1164 991 1192 1019 F,
1216 989 1325 1021 aliquod
1344 989 1455 1022 (aliquis
1473 989 1511 1022 E)
1532 966 1627 1014 bonum
1646 994 1771 1021 operetur
1789 991 1865 1015 ceteri
1884 996 1909 1015 et
1928 998 1953 1015 a.

1025 1069 1355 1102 Commentarta
1377 1067 1627 1100 cardinalis
1648 1068 1848 1101 Caietam

385 1161 404 1181 N
421 1150 550 1181 articulo
566 1156 678 1189 quarto
693 1149 834 1179 eiusdem
852 1148 1044 1189 quaestionis
1060 1146 1407 1187 sexagesimaequintae,

358 1164 508 1225 Iadverte
524 1194 612 1234 quod
635 1193 685 1223 hic
708 1199 753 1223 est
776 1202 879 1222 sermo
904 1193 942 1222 de
965 1191 1172 1222 affirmatione
1191 1197 1221 1221 et
1243 1190 1409 1230 negatione

354 1238 476 1269 virtutis
499 1238 618 1268 ratione
642 1243 748 1272 status,
767 1243 797 1266 et
815 1246 881 1266 non
909 1236 1029 1266 ratione
1061 1235 1225 1265 essentiae:
1254 1233 1409 1274 quoniam

354 1283 463 1312 eadem
486 1291 619 1312 numero
639 1280 771 1321 qualitas
795 1279 966 1310 affirmatur
982 1286 1012 1310 et
1027 1285 1158 1319 negatur
1175 1278 1272 1309 virtus
1299 1287 1409 1308 secun-

354 1327 432 1356 dum
455 1326 574 1356 diversa
589 1331 732 1364 tempora
745 1324 771 1354 *.
794 1324 929 1354 Intendit
944 1333 1018 1363 ergo
1034 1325 1155 1353 Auctor
1177 1322 1266 1362 quod
1288 1321 1365 1352 fides
1380 1327 1410 1351 et

354 1380 424 1410 spes
448 1370 514 1399 sine
539 1369 662 1399 caritate
686 1378 752 1398 non
768 1374 841 1398 sunt
863 1367 1003 1403 virtutes,
1019 1367 1093 1408 quia
1108 1376 1173 1396 non
1190 1373 1263 1396 sunt
1278 1366 1310 1396 in
1327 1372 1408 1396 statu

353 1414 491 1445 virtutis:
508 1423 581 1443 cum
598 1412 722 1443 caritate
738 1419 845 1442 autem
859 1418 933 1442 sunt
946 1411 1086 1447 virtutes,
1103 1410 1177 1451 quia
1193 1410 1311 1440 suntin
1327 1416 1408 1440 statu

353 1458 485 1488 virtutis.
498 1475 518 1480 —
535 1457 640 1494 Quare
655 1463 761 1486 autem
778 1462 808 1486 et
822 1455 989 1496 quomodo
1009 1455 1070 1485 hoc
1089 1454 1215 1490 accidat,
1234 1454 1408 1484 secundum

354 1502 508 1532 rationem
535 1501 568 1531 in
598 1500 700 1531 littera
726 1500 881 1540 positam,
906 1499 996 1530 facile
1027 1505 1156 1539 apparet
1183 1497 1408 1534 recolentibus,

354 1546 460 1586 quoad
483 1545 588 1581 fidem,
610 1545 647 1574 de
663 1544 729 1574 eius
749 1543 900 1579 subiecto,
917 1543 1006 1584 quod
1022 1550 1068 1575 est
1082 1542 1256 1573 intellectus
1276 1552 1342 1572 non
1357 1542 1409 1571 ab-

354 1590 475 1625 solute,
501 1589 554 1619 sed
578 1599 596 1618 a
618 1588 781 1618 voluntate
809 1594 926 1618 motus.
950 1587 997 1617 Ex
1020 1587 1081 1617 hoc
1105 1586 1190 1617 enim
1213 1592 1299 1626 patet
1321 1586 1408 1626 quod

354 1641 440 1664 actus
463 1632 545 1669 fidei,
571 1632 686 1662 scilicet
710 1632 832 1662 credere
851 1632 930 1667 Deo,
949 1641 1023 1661 cum
1046 1641 1111 1660 non
1130 1630 1169 1661 sit
1192 1630 1230 1660 ab
1250 1630 1409 1660 intellectu

355 1677 507 1713 absolute,
533 1676 625 1716 exigit
647 1675 820 1706 necessario
844 1675 1039 1705 intellectum
1057 1681 1184 1705 motum
1207 1685 1224 1704 a
1246 1674 1409 1704 voluntate

355 1722 394 1751 ad
417 1721 512 1752 talem
536 1727 657 1750 actum:
682 1720 769 1750 aliter
784 1729 850 1749 non
874 1726 954 1749 esset
977 1719 1109 1754 credere,
1134 1728 1192 1748 nec
1214 1717 1287 1748 fidei
1311 1725 1408 1748 actus.

354 1768 401 1795 Ac
424 1775 479 1805 per
502 1765 572 1800 hoc,
597 1764 676 1794 bene
696 1764 818 1794 credere
838 1763 930 1802 exigit
945 1763 1139 1793 intellectum
1155 1763 1234 1792 bene
1250 1768 1376 1792 motum
1392 1771 1409 1791 a

354 1809 534 1839 voluntate:
560 1808 648 1848 quod
664 1817 730 1837 esse
746 1817 811 1837 non
831 1813 935 1846 potest
950 1806 1009 1836 nisi
1023 1806 1170 1836 voluntas
1187 1806 1225 1836 sit
1241 1806 1320 1835 bene
1336 1805 1409 1835 affe-

355 1860 403 1883 cta
418 1853 497 1888 Deo,
518 1852 605 1892 quod
629 1858 675 1881 est
693 1861 748 1890 per
764 1851 931 1880 caritatem.
948 1851 989 1880 Et
1005 1850 1047 1880 sic
1062 1849 1138 1879 fides
1154 1856 1200 1879 est
1215 1849 1248 1878 in
1264 1859 1323 1879 suo
1343 1859 1411 1888 per-

354 1897 436 1926 fecto
454 1902 545 1931 statu,
560 1905 595 1925 ex
616 1895 676 1925 hoc
693 1895 781 1934 quod
796 1894 889 1924 habet
908 1894 1084 1924 subiectum
1099 1893 1178 1923 bene
1203 1893 1407 1932 dispositum:

355 1947 384 1971 et
400 1940 443 1970 sic
459 1946 505 1970 est
519 1939 627 1969 virtus.
653 1938 800 1969 Similiter
817 1947 945 1978 quoque
965 1937 1094 1968 acccidit
1107 1937 1140 1966 in
1156 1946 1220 1976 spe.
1246 1937 1409 1974 Quoniam

354 1984 531 2014 subiectum
558 1983 625 2013 eius
653 1989 699 2012 est
721 1982 867 2012 voluntas
898 1981 1006 2011 affecta
1028 1980 1161 2011 meritis:
1187 1986 1218 2010 et
1245 1987 1410 2020 propterea

354 2035 440 2058 actus
465 2027 541 2063 eius,
567 2026 682 2057 scilicet
706 2032 865 2065 expectare
891 2025 1117 2055 beatitudinem
1134 2035 1151 2054 a
1166 2024 1246 2060 Deo,
1263 2024 1356 2064 exigit
1377 2024 1410 2054 in

353 2072 515 2102 voluntate
538 2071 696 2106 meritum,
715 2070 780 2099 sine
799 2079 865 2109 quo
881 2079 947 2099 non
962 2075 1043 2099 esset
1063 2078 1194 2108 sperare.
1220 2068 1281 2098 Sed
1297 2069 1410 2098 habere

353 2116 463 2146 merita
479 2115 630 2154 contingit
646 2113 827 2154 dupliciter:
845 2113 960 2143 scilicet
980 2113 1012 2143 in
1031 2112 1205 2143 intentione
1220 2118 1358 2149 tantum;
1381 2120 1411 2143 et

352 2161 385 2190 in
408 2170 451 2190 re.
475 2159 516 2189 Et
539 2159 564 2188 si
587 2158 716 2199 quidem
732 2157 879 2187 voluntas
898 2164 1000 2197 speret
1016 2157 1123 2187 affecta
1146 2162 1270 2187 tantum
1293 2156 1411 2187 meritis

354 2204 387 2233 in
410 2203 598 2239 intentione,
624 2209 711 2232 actus
734 2201 865 2241 quidem
888 2209 934 2232 est
957 2201 1039 2241 spei,
1065 2200 1119 2231 sed
1142 2199 1360 2240 imperfectus:
1385 2201 1411 2230 si

353 2257 427 2277 vero
452 2253 555 2287 speret
578 2246 685 2276 affecta
708 2245 825 2275 meritis
849 2245 882 2274 in
905 2255 947 2281 re,
964 2252 1040 2275 tunc
1056 2255 1127 2284 spes
1143 2251 1188 2274 est
1211 2243 1243 2273 in
1266 2254 1325 2274 suo
1342 2254 1412 2284 per-

354 2291 436 2322 fecto
453 2297 546 2326 statu,
569 2290 687 2320 habens
711 2289 848 2319 debitam
871 2289 904 2318 in
927 2289 1057 2328 proprio
1075 2288 1215 2318 subiecto
1233 2287 1411 2328 dispositio-

354 2345 438 2365 nem.
462 2335 504 2364 Et
526 2334 569 2364 sic
592 2340 638 2364 est
659 2333 766 2369 virtus,
796 2339 853 2364 etc.

409 2379 445 2409 II.
471 2379 506 2408 In
531 2378 644 2408 eodem
668 2383 780 2417 quarto
805 2376 935 2407 articulo
953 2382 1037 2411 nota,
1058 2374 1189 2410 novitie,
1214 2374 1294 2404 circa
1316 2375 1411 2411 illud,

358 2422 497 2453 Credere
512 2427 558 2452 est
580 2422 678 2452 alicui
694 2422 831 2460 propria
855 2420 1018 2451 voluntate
1041 2420 1207 2455 assentire,
1231 2419 1320 2458 quod
1337 2419 1410 2449 Sco-

355 2473 422 2502 tus,
446 2466 478 2495 in
501 2476 560 2495 xxv
584 2463 782 2495 distinctione
806 2465 847 2494 III
872 2464 976 2501 Sent.‚
1005 2463 1038 2493 in
1062 2462 1245 2503 quaestione
1276 2462 1411 2498 laterali,

355 2510 461 2540 nescio
484 2519 550 2549 quo
574 2509 683 2548 spiritu
706 2508 828 2544 ductus,
853 2517 920 2537 non
942 2507 1011 2537 vult
1032 2506 1226 2536 intellectum
1250 2506 1371 2536 moveri
1394 2516 1412 2536 a

317 2570 320 2573 ·
354 2554 516 2584 voluntate
533 2553 571 2582 ad
588 2552 795 2587 credendum;
821 2551 876 2581 sed
890 2550 1004 2581 sufficit
1028 2560 1098 2580 eam
1121 2559 1186 2579 non
1210 2556 1318 2580 contra
1341 2560 1411 2580 mo-

354 2607 435 2628 vere.
460 2596 557 2627 Affert
576 2596 660 2626 enim
679 2596 766 2635 quod
782 2595 870 2625 aliter
886 2600 1067 2634 sequeretur
1082 2593 1180 2634 quod,
1198 2593 1363 2632 proposito
1379 2593 1412 2623 in

354 2641 513 2672 intellectu
537 2646 618 2670 astra
633 2649 699 2670 esse
715 2639 810 2680 paria,
828 2646 935 2679 posset
957 2638 1103 2668 voluntas
1126 2637 1279 2677 imperare
1303 2637 1413 2668 credu-

353 2686 482 2716 litatem.

410 2729 471 2759 Sed
502 2737 606 2758 revera
636 2727 814 2767 experimur
841 2726 931 2766 quod
959 2725 1082 2756 credere
1111 2731 1156 2755 est
1178 2724 1411 2755 voluntarium:

356 2772 500 2813 quamvis
529 2771 760 2802 aestimationes
784 2776 815 2800 et
837 2769 1048 2800 dubitationes
1076 2769 1116 2798 ad
1139 2769 1269 2799 alteram
1291 2775 1414 2808 partem

356 2817 418 2847 sint
436 2827 454 2847 a
472 2815 726 2856 persuasionibus
751 2820 780 2845 et
804 2813 1001 2854 apparentiiS.
1026 2813 1128 2848 Unde,
1146 2812 1270 2843 obiecto
1294 2812 1413 2842 insuffi-

357 2861 455 2892 ciente
481 2861 522 2890 'ad
550 2859 824 2889 determinandum
851 2857 1058 2888 intellectum*
1074 2857 1113 2886 ad
1135 2856 1264 2886 alteram
1292 2862 1414 2896 partem

358 2904 560 2935 determinate
584 2904 702 2943 absque
725 2901 893 2932 formidine
917 2901 1043 2931 alterius
1066 2900 1172 2940 partis,
1197 2907 1232 2931 ut
1253 2900 1413 2930 obiectum

355 2949 429 2979 fidei
452 2955 512 2984 est;
538 2953 663 2987 oportet
676 2946 840 2977 voluntate
856 2945 1012 2985 supplere,
1036 2944 1196 2974 movendo
1220 2944 1414 2974 intellectum

358 2993 397 3022 ad
420 3001 583 3022 assensum
606 2991 725 3030 absque
748 2989 932 3020 formidine:
958 2988 1099 3028 alioquin
1126 2987 1199 3018 fidei
1222 2995 1309 3018 actus
1332 2998 1413 3019 nun-

358 3046 456 3076 quam
471 3036 536 3071 erit,
553 3041 664 3074 utpote
681 3044 787 3064 carens
806 3032 972 3064 sufficienti
995 3042 1099 3063 causa.
1116 3050 1137 3055 —
1153 3033 1218 3062 Nec
1234 3032 1415 3062 inconvenit

359 3090 396 3110 ex
419 3080 486 3110 sola
504 3079 666 3109 voluntate
689 3078 811 3108 credere
835 3083 916 3107 astra
939 3086 1005 3106 esse
1028 3075 1123 3116 paria.
1148 3075 1235 3106 Sicut
1251 3075 1336 3106 enim
1358 3086 1413 3106 vo-

358 3124 461 3154 luntas
491 3122 675 3153 determinat
701 3121 876 3161 potentiam
902 3120 1087 3151 rationalem
1115 3120 1154 3150 ad
1178 3120 1311 3150 alterurn
1339 3130 1414 3150 con-

359 3167 527 3198 trariorum
551 3166 590 3196 ad
613 3175 693 3206 quae
716 3165 895 3195 neutraliter
918 3174 950 3194 se
974 3164 1076 3200 habet,
1102 3170 1137 3194 ut
1160 3164 1272 3194 dicitur
1287 3164 1330 3194 IX
1343 3165 1414 3194 Me-

360 3211 484 3251 taphys.
501 3208 534 3246 *;
563 3210 607 3240 sic
635 3209 819 3239 determinat
845 3208 1039 3238 intellectum
1067 3208 1106 3237 ad
1136 3208 1264 3238 alteram
1294 3214 1415 3247 partem

361 3254 615 3286 contradictionis
632 3252 826 3283 credendam.
852 3253 891 3282 Et
915 3252 995 3282 sicut
1020 3251 1161 3282 medicus
1185 3262 1222 3282 ex
1245 3252 1315 3282 solo
1340 3251 1415 3282 odio

362 3298 546 3330 determinat
576 3304 674 3327 artem
704 3296 744 3326 ad
771 3295 980 3326 occidendum
1010 3294 1190 3331 infirmum;
1221 3295 1264 3325 ita
1287 3305 1324 3325 ex
1346 3295 1415 3325 solo

361 3353 469 3373 amore
485 3341 616 3372 alicuius
635 3346 930 3381 quantumcumque
946 3339 1090 3375 extranei,
1108 3339 1332 3369 determinatur
1346 3339 1417 3379 quis

362 3387 401 3417 ad
426 3385 616 3417 credendum
639 3385 671 3414 id
695 3384 784 3414 cuius
807 3383 927 3413 nullam
950 3382 1043 3413 habet
1066 3382 1228 3413 rationem.

418 3430 470 3460 III.
491 3430 526 3459 In
550 3429 663 3459 eodem
686 3434 799 3468 quarto
823 3426 953 3456 articulo
970 3426 1102 3456 dubium
1119 3433 1165 3457 est
1180 3427 1219 3457 de
1238 3425 1416 3466 proportio-

363 3474 425 3504 nali
448 3473 651 3513 similitudine
678 3472 710 3501 in
736 3471 837 3501 littera
860 3469 963 3510 posita
984 3470 1064 3500 inter
1088 3469 1184 3500 fidem
1207 3480 1243 3500 ac
1266 3479 1355 3510 spem
1378 3469 1418 3499 ad

365 3518 532 3555 caritatem,
553 3523 582 3547 et
604 3516 732 3546 vi'rtutes
756 3514 890 3544 morales
909 3513 1074 3554 acquisitas
1090 3514 1129 3543 ad
1144 3514 1354 3554 prudentiam.
1378 3514 1418 3544 Et

1462 1145 1541 1177 ratio
1565 1146 1652 1176 dubii
1668 1153 1714 1177 est
1733 1147 1817 1187 quia,
1834 1153 1870 1177 ut
1885 1147 2005 1178 dictum
2025 1153 2071 1178 est
2085 1147 2111 1183 *‚
2136 1147 2186 1177 hic
2201 1153 2248 1177 est
2271 1156 2374 1177 sermo
2398 1147 2437 1176 de
2452 1156 2521 1187 per-

1462 1189 1598 1220 fectione
1621 1197 1652 1221 et
1673 1190 1912 1230 imperfectione
1933 1191 2087 1222 virtutum
2110 1191 2217 1231 quoad
2239 1197 2366 1221 statum.
2390 1190 2437 1221 Ex
2458 1190 2521 1221 hoc

1463 1233 1548 1263 enim
1579 1234 1721 1274 sequitur
1747 1241 1802 1265 aut
1829 1235 1918 1275 quod
1941 1235 2069 1265 virtutes
2100 1235 2236 1265 morales
2266 1234 2336 1264 sine
2355 1233 2522 1274 prudentia

1463 1284 1537 1308 sunt
1558 1277 1686 1308 virtutes
1710 1279 1886 1308 secundum
1902 1278 2078 1314 essentiam,
2094 1278 2166 1308 licet
2181 1288 2247 1308 non
2263 1278 2370 1318 quoad
2393 1284 2520 1314 statum,

1463 1321 1488 1351 si
1512 1321 1685 1352 similitudo
1701 1323 1947 1362 proportionalis
1970 1325 2069 1353 tenet:
2095 1322 2185 1353 cuius
2208 1329 2314 1352 tamen
2335 1321 2521 1361 oppositum

1464 1365 1584 1396 dictum
1601 1373 1655 1402 est,
1673 1366 1750 1396 dum
1768 1366 1887 1397 dictum
1911 1373 1958 1397 est
1971 1366 1989 1385 *
2012 1366 2100 1406 quod
2115 1366 2182 1396 sine
2201 1372 2284 1396 recta
2299 1365 2419 1396 ratione
2435 1365 2521 1395 habi-

1463 1415 1514 1439 tus
1529 1410 1752 1449 temperantiae
1776 1410 1941 1450 dispositio
1961 1417 2086 1440 tantum
2101 1410 2140 1439 ad
2155 1409 2303 1440 virtutem
2324 1419 2391 1439 esse
2406 1415 2519 1449 potest.

1463 1455 1529 1483 Aut
1551 1454 1638 1494 quod
1662 1453 1836 1484 similitudo
1859 1454 1935 1484 haec
1959 1454 2205 1494 proportionalis
2227 1463 2293 1483 non
2316 1459 2430 1484 teneat.

1519 1497 1571 1528 IV.
1595 1497 1645 1527 Ad
1668 1497 1730 1528 hoc
1753 1497 1865 1528 dicitur
1887 1498 1976 1538 quod
1999 1498 2163 1538 dupliciter
2184 1497 2316 1537 intelligi
2338 1503 2443 1537 potest
2459 1497 2520 1538 vir-

1462 1547 1544 1571 tutes
1568 1541 1702 1571 morales
1722 1541 1788 1571 sine
1806 1548 1889 1572 recta
1908 1541 2027 1572 ratione
2046 1551 2122 1572 esse.
2142 1541 2258 1577 Primo,
2279 1548 2315 1571 ut
2338 1541 2399 1571 sint
2422 1540 2521 1581 quali-

1462 1591 1540 1615 tates
1563 1585 1760 1616 habituantes
1782 1585 1863 1615 vires
1886 1585 2008 1615 animae
2032 1585 2071 1615 ad
2090 1591 2271 1624 temperata,
2288 1584 2327 1614 ad
2342 1584 2433 1620 iusta,
2451 1590 2519 1620 etc„

1463 1630 1581 1669 absque
1605 1635 1685 1659 recta
1705 1629 1826 1659 ratione
1841 1629 1985 1659 omnino.
2001 1629 2042 1659 Et
2058 1628 2083 1658 si
2098 1629 2141 1658 sic
2157 1635 2247 1664 esset,
2264 1627 2450 1658 huiusmodi
2464 1626 2520 1657 ha-

1463 1673 1547 1703 bitus
1570 1682 1636 1702 non
1656 1679 1758 1702 essent
1775 1672 1905 1702 virtutes
1921 1672 2028 1712 aliquo
2046 1673 2155 1708 modo,
2173 1672 2227 1701 sed
2243 1671 2465 1711 dispositiones
2481 1671 2521 1702 ad

1462 1717 1607 1747 virtutes:
1632 1717 1706 1756 quia
1729 1716 1850 1746 deesset
1865 1716 1908 1745 eis
1924 1715 2085 1746 essentiale
2109 1715 2311 1755 principium,
2328 1721 2364 1745 ut
2383 1721 2468 1755 patet
2484 1725 2521 1745 ex

1464 1759 1646 1790 definitione
1667 1759 1790 1789 virtutis
1805 1759 1832 1790 *.
1852 1760 1893 1789 Et
1915 1759 1941 1789 si
1964 1759 1997 1789 in
2021 1759 2082 1789 hoc
2106 1769 2199 1797 sensu
2222 1760 2316 1789 verba
2334 1759 2453 1789 litterae
2469 1769 2520 1789 su—

1462 1804 1640 1844 scipiantur,
1658 1810 1733 1834 tunc
1749 1810 1803 1833 aut
1817 1803 1904 1833 velut
1919 1802 2135 1842 exemplariter
2151 1803 2257 1839 allata;
2275 1809 2330 1833 aut
2345 1803 2521 1833 secundum

1464 1847 1702 1878 similitudinem
1717 1847 1895 1887 aliqualem,
1909 1853 1986 1886 puta
1999 1846 2032 1876 in
2048 1847 2110 1877 hoc
2126 1847 2213 1887 quod
2226 1857 2292 1877 non
2307 1853 2381 1877 sunt
2391 1846 2520 1877 virtutes

1463 1891 1645 1931 simpliciter
1669 1891 1723 1921 sed
1745 1891 1963 1921 inchoationes
1982 1891 2144 1927 virtutum,
2170 1891 2356 1931 exponenda
2375 1897 2459 1921 sunt.

1518 1935 1664 1966 Secundo
1680 1934 1811 1974 intelligi
1834 1941 1978 1974 possunt,
1996 1941 2032 1965 ut
2046 1934 2123 1965 tales
2142 1934 2266 1965 habitus
2282 1934 2343 1964 sint
2358 1934 2424 1964 sine
2439 1940 2522 1964 recta

1463 1979 1584 2010 ratione
1595 1978 1740 2019 perfecta,
1753 1989 1834 2019 quae
1850 1985 1896 2009 est
1911 1978 2088 2018 prudentia.
2100 1978 2141 2009 Et
2153 1978 2196 2008 sic
2209 1978 2383 2008 similitudo
2400 1977 2521 2018 optime

1464 2023 1567 2054 currit.
1584 2022 1746 2060 Quoniam
1761 2022 1925 2063 qualitates
1940 2022 2137 2052 habituantes
2153 2022 2233 2052 vires
2252 2022 2375 2052 animae
2390 2022 2430 2052 ad
2444 2028 2522 2052 tem-

1464 2074 1587 2107 perata,
1612 2067 1652 2096 ad
1674 2066 1773 2102 iusta,
1799 2072 1867 2102 etc„
1891 2066 2067 2096 secundum
2090 2073 2208 2096 rectam
2230 2066 2386 2096 rationem
2407 2065 2522 2106 imper-

1464 2111 1578 2141 fectam
1602 2110 1767 2146 extensive,
1788 2117 1864 2150 puta
1884 2110 1959 2150 quia
1982 2110 2084 2140 adhuc
2104 2119 2170 2140 non
2192 2109 2366 2140 habituavit
2386 2110 2425 2140 ad
2441 2115 2522 2140 recte

1465 2154 1722 2195 praecipiendum
1737 2154 1769 2184 in
1784 2153 2075 2194 comparationibus
2095 2154 2289 2184 diversarum
2308 2153 2521 2189 materiarum,

1465 2199 1520 2229 sed
1542 2198 1695 2239 paulatim
1719 2198 1759 2228 ad
1776 2198 1838 2228 hoc
1860 2197 2014 2234 tenditur;
2039 2204 2113 2228 sunt
2126 2197 2256 2228 virtutes
2279 2197 2455 2228 secundum
2474 2207 2521 2228 es-

1465 2243 1608 2278 sentiam,
1632 2242 1687 2272 sed
1709 2252 1775 2272 non
1798 2241 1962 2282 perfectae,
1982 2241 2056 2282 quia
2079 2251 2146 2271 non
2169 2248 2242 2272 sunt
2263 2241 2297 2271 in
2321 2248 2403 2272 statu
2425 2241 2522 2272 virtu-

1464 2287 1516 2323 tis;
1533 2293 1662 2326 propter
1677 2286 1765 2326 quod
1777 2285 1939 2316 diximus*
1949 2295 2000 2316 eas
2016 2295 2082 2315 non
2097 2295 2164 2315 esse
2180 2295 2344 2316 connexas
2357 2285 2398 2316 Et
2411 2295 2522 2316 secun—

1466 2331 1544 2360 dum
1559 2330 1630 2366 hoc,
1643 2329 1723 2360 sicut
1739 2329 1924 2359 huiusmodi
1938 2329 2067 2360 virtutes
2083 2339 2115 2359 se
2129 2329 2246 2359 habent
2261 2330 2300 2359 ad
2311 2329 2521 2369 prudentiam,

1465 2374 1508 2404 ita
1536 2373 1617 2403 fides‘
1637 2379 1667 2403 et
1697 2383 1767 2413 spes
1791 2373 1831 2402 ad
1853 2372 2030 2403 caritatem:
2058 2372 2227 2412 utrobique
2255 2372 2340 2403 enim
2369 2372 2524 2412 contingit

1467 2417 1606 2448 defectus
1629 2423 1726 2447 status
1750 2426 1786 2447 ex
1816 2416 2027 2446 subtractione
2050 2416 2196 2455 principii
2222 2423 2253 2446 et
2282 2416 2523 2456 indispositione

1466 2461 1606 2491 subiecti.
1630 2461 1768 2491 Virtutes
1792 2460 1877 2490 enim
1899 2460 2034 2490 morales
2058 2460 2173 2490 habent
2196 2469 2254 2500 pro
2271 2460 2413 2491 subiecto
2428 2469 2522 2500 appe-

1465 2505 1559 2535 titum
1583 2511 1618 2534 ut
1636 2505 1743 2534 subest
1760 2510 1861 2534 rectae
1883 2504 1997 2534 rationi
2015 2503 2180 2543 perfectae,
2200 2513 2281 2543 quae
2297 2510 2344 2534 est
2358 2503 2524 2543 prudentia

1465 2548 1659 2588 simpliciter:
1676 2554 1706 2578 et
1724 2546 1801 2577 fides
1825 2554 1855 2578 et
1878 2557 1949 2587 spes
1968 2547 2162 2577 intellectum
2182 2553 2309 2577 motum
2325 2557 2343 2577 a
2361 2547 2524 2578 voluntate

1465 2592 1611 2632 perfecta,
1628 2598 1658 2621 et
1680 2592 1878 2621 voluntatem
1900 2590 2040 2621 affectam
2061 2590 2179 2621 meritis
2198 2590 2422 2630 praesentibus,
2442 2600 2524 2632 quo-

1466 2646 1538 2666 rum
1561 2642 1732 2676 utrumque
1756 2635 1823 2665 sola
1847 2634 1971 2665 caritate
1994 2634 2135 2665 habetur.
2150 2652 2171 2657 -
2187 2635 2229 2665 Et
2247 2634 2401 2674 quoniam
2423 2634 2524 2665 littera

1466 2679 1666 2720 prudentiam
1689 2679 1806 2719 pluries
1830 2678 1983 2714 nominat,
2000 2678 2073 2708 ideo
2096 2678 2147 2708 hic
2170 2688 2279 2709 sensus
2302 2678 2464 2718 eligendus
2478 2678 2523 2708 vi-

1467 2724 1566 2754 detur.

1521 2768 1560 2798 V.
1578 2767 1612 2797 In
1627 2766 1741 2796 eodem
1756 2772 1868 2807 quarto
1885 2766 2026 2802 articulo,
2041 2765 2296 2806 inresponsione
2317 2766 2356 2796 ad
2373 2765 2522 2806 primum,

1467 2811 1600 2846 adverte,
1621 2810 1748 2846 novitie,
1769 2810 1857 2850 quod
1876 2812 1997 2840 Auctor
2016 2809 2179 2849 distinguit
2197 2809 2327 2840 virtutes
2346 2809 2379 2840 in
2403 2819 2454 2840 eas
2477 2819 2523 2840 se-

1467 2855 1608 2886 cundum
1627 2854 1770 2894 proprias
1785 2853 1930 2890 rationes,
1946 2859 2022 2894 puta
2037 2853 2119 2890 fidei,
2137 2853 2330 2893 prudentiae,
2347 2860 2522 2894 temperan-

1465 2899 1535 2935 tiae,
1553 2905 1625 2934 etc.;
1646 2905 1676 2928 et
1694 2898 1727 2928 in
1744 2908 1794 2928 eas
1810 2904 1845 2928 ut
1859 2897 1981 2928 virtutis
1995 2897 2149 2937 perfectae
2165 2897 2319 2928 rationem
2336 2897 2461 2928 habent.
2479 2897 2524 2928 Ita

1467 2943 1555 2983 quod
1570 2942 1745 2972 considerat
1759 2941 1856 2972 fidem
1870 2941 2062 2982 inquantum
2077 2940 2167 2978 fides;
2185 2947 2215 2971 et
2230 2951 2355 2972 rursum
2369 2940 2464 2971 fidem
2476 2941 2523 2971 in-

1466 2993 1622 3027 quantum
1647 2992 1693 3016 est
1716 2986 1898 3026 simpliciter
1919 2985 2030 3021 virtus;
2056 2991 2086 3015 et
2109 2985 2152 3015 sic
2176 2985 2214 3015 de
2237 2984 2313 3016 aliis.
2334 2985 2375 3015 Et
2391 2985 2525 3022 intendit

1467 3031 1555 3071 quod
1567 3030 1599 3060 in
1612 3030 1673 3060 hoc
1685 3036 1731 3060 est
1743 3029 1914 3060 differentia
1925 3029 2005 3060 inter
2015 3028 2111 3059 fidem
2125 3028 2263 3059 infusam
2278 3035 2308 3060 et
2322 3029 2525 3068 prudentiam

1467 3074 1614 3110 infusam,
1638 3074 1726 3114 quod
1749 3073 1822 3104 licet
1844 3079 1964 3110 neutra,
1988 3073 2180 3113 inquantum
2202 3072 2310 3109 virtus,
2330 3072 2431 3112 possit
2457 3082 2524 3103 esse

1468 3119 1534 3148 sine
1558 3118 1695 3154 caritate;
1710 3116 1788 3147 fides
1811 3124 1927 3153 tamen,
1943 3117 2134 3158 inquantum
2152 3115 2240 3153 fides,
2257 3126 2323 3146 esse
2339 3122 2443 3156 potest
2458 3116 2524 3147 sine

1467 3162 1529 3198 illa,
1552 3162 1627 3202 quia
1646 3167 1750 3202 potest
1772 3161 1886 3191 habere
1902 3161 1969 3191 sine
1983 3161 2035 3191 illa
2050 3170 2132 3200 opus
2156 3169 2266 3191 suum:
2284 3160 2421 3191 salvatur
2439 3159 2525 3190 enim

1469 3206 1535 3236 sine
1557 3206 1610 3236 illa
1631 3205 1807 3236 intellectus
1828 3211 1936 3235 motus
1959 3215 1977 3234 a
1999 3205 2162 3235 voluntate
2185 3204 2225 3234 ad
2248 3204 2440 3234 credendum
2455 3204 2524 3234 Deo

1469 3250 1645 3280 secundum
1660 3248 1801 3288 regulam
1821 3248 1944 3279 divinae
1967 3248 2176 3284 revelationis,
2194 3248 2267 3279 licet
2288 3257 2355 3278 non
2378 3246 2522 3288 perfecte.

1469 3293 1638 3324 Prudentia
1660 3299 1767 3323 autem
1789 3292 1904 3328 infusa,
1928 3302 1985 3322 nec
2008 3292 2198 3333 inquantum
2221 3291 2396 3332 prudentia,
2421 3297 2526 3331 potest

1470 3348 1536 3368 esse
1565 3337 1630 3367 sine
1664 3336 1806 3368 caritate:
1834 3336 1909 3377 quia
1938 3336 2130 3376 inquantum
2157 3335 2339 3376 prudentia,
2370 3334 2525 3375 dependet

1471 3381 1569 3421 magis
1593 3381 1631 3411 ab
1655 3380 1769 3411 ultimo
1793 3390 1891 3420 quam
1906 3390 1924 3410 a
1941 3379 2057 3410 finibus
2075 3379 2237 3419 proximis,
2262 3379 2342 3410 sicut
2363 3377 2490 3409 scientia
2507 3388 2525 3407 a

1470 3425 1579 3465 primis
1607 3423 1780 3465 principiis;
1805 3430 1835 3454 et
1858 3430 2038 3463 propterea,
2064 3423 2144 3454 sicut
2166 3433 2232 3453 non
2255 3428 2359 3463 potest
2373 3431 2439 3452 esse
2459 3421 2525 3451 sine

1471 3468 1643 3499 moralibus
1665 3467 1786 3504 infusis,
1811 3477 1829 3497 a
1851 3467 1973 3498 fortiori
1996 3477 2062 3497 non
2085 3473 2189 3507 potest
2212 3476 2277 3497 esse
2300 3466 2366 3496 sine
2390 3465 2524 3495 caritate.
2554 3494 2563 3503 ,

1526 3513 1579 3543 VI.
1604 3513 1650 3542 Ex
1674 3511 1837 3552 praedictis
1860 3518 1967 3541 autem
1981 3510 1999 3528 ⁴*
2013 3517 2099 3551 patet
2114 3510 2202 3551 quod
2217 3510 2304 3540 aliter
2319 3519 2352 3539 se
2368 3509 2460 3539 habet
2477 3519 2525 3539 ca·
2553 3526 2575 3541 v.

2546 573 2556 582 ·
2571 571 2596 593 In
2611 576 2716 598 corpore.

2546 1155 2556 1165 '¹
2570 1153 2640 1176 Num.
2655 1159 2671 1175 1.

2547 1369 2558 1380 ·
2571 1369 2623 1391 Art.
2642 1374 2663 1395 1,
2684 1369 2759 1391 Com-

2547 1399 2620 1418 meat.
2638 1401 2702 1417 num.
2724 1401 2757 1417 ιιι.

2547 1761 2619 1810 {ituci}
2629 1761 2757 1810 uiisiitssi'’

2547 1803 2710 1863 aae·2¹,⁵,·.'·³·
2750 1803 2757 1836 ³

2548 2289 2560 2301 ⁸
2581 2290 2634 2311 Art.
2651 2295 2672 2316 ι,
2687 2288 2760 2311 Com—

2549 2319 2622 2338 ment.
2636 2321 2700 2338 num.
2709 2321 2760 2337 xm.

2587 3493 2623 3516 ef.
2644 3498 2708 3515 uum.
2729 3498 2751 3514 tv
2757 3508 2763 3518 .
