2852 4152
157 429 166 437 ‘
181 427 250 449 Num.
262 433 287 448 n.

154 1047 163 1058 ⁸
172 1046 208 1076 Cf.
215 1051 278 1067 num.
287 1051 295 1067 1
303 1045 366 1073 prin-

157 1079 214 1120 Ε’ῗίς.
230 1098 286 1120 ibid.
301 1097 353 1119 fine.

156 1974 164 1981 ¹¹
181 1973 239 2000 Cap.
254 1979 285 1998 xx,
301 1979 322 1994 n.
338 1979 364 1999 23

150 2005 171 2021 s,
185 1999 230 2021 Th.
238 2000 290 2021 lect.
299 2005 344 2020 xix.
353 2010 363 2015 -

152 2026 188 2047 Cf.
203 2026 243 2048 lib.
254 2026 294 2053 IV,
310 2032 362 2074 cap.

152 2058 205 2100 ῗὲἔέ.
215 2052 335 2100 221i1i⁵⁵s
355 2069 360 2074 ·

154 2240 161 2248 ·
179 2238 235 2266 Cap.
251 2244 281 2260 tv.

153 2939 160 2946 ’
171 2935 208 2957 De
216 2935 275 2957 Fide
284 2935 362 2963 Orth„

152 2962 192 2984 lib.
203 2962 231 2988 11,
248 2968 298 2989 cap.
310 2968 348 2983 vu.

396 217 445 252 80

395 295 542 325 voluntas
565 294 750 335 praevolens
772 293 880 325 finem.
905 295 945 325 Et
968 294 1047 325 ratio
1071 294 1166 325 huius
1190 301 1255 330 est,
1281 294 1355 335 quia
1378 294 1456 324 velle

397 350 415 369 a
439 349 470 369 se
500 348 565 369 non
597 339 703 369 solum
726 338 878 379 importat
907 338 1003 374 velle,
1034 339 1089 368 sed
1113 348 1202 378 agere
1228 348 1282 368 seu
1306 346 1454 368 movere:

397 383 486 424 quod
509 383 584 423 quia
607 389 733 423 oportet
755 382 821 413 fieri
845 389 973 423 propter
996 381 1109 418 finem,
1136 381 1319 422 praeexigit‚
1345 387 1457 411 natura

395 427 446 457 vel
469 434 621 467 ternpore,
639 427 816 468 appetitum
831 426 912 462 finis,
930 433 964 457 ut
975 426 1095 457 dictum
1108 433 1153 456 est
1164 425 1189 456 *.
1207 426 1247 455 Et
1264 435 1329 455 non
1349 424 1456 454 adver-

395 477 459 502 tere
481 471 542 502 hoc
566 481 656 502 casus
680 478 726 501 est
741 470 953 511 loquentium.
973 471 1015 501 Et
1037 470 1113 510 quia
1136 469 1216 499 actio
1234 468 1302 508 ipsa
1325 475 1372 498 est
1390 477 1455 497 ma-

395 515 442 555 gis
457 522 586 555 propter
606 515 703 545 finem
719 525 816 555 quam
841 515 1010 550 obiectum,
1024 521 1054 544 et
1070 513 1180 543 volitio
1197 522 1295 552 quam
1309 512 1455 547 volitum,

396 566 432 591 ut
454 566 540 600 patet
562 569 636 590 cum
660 569 732 590 amo
756 559 880 594 Deum;
902 558 992 588 divus
1015 558 1174 592 Thomas,
1198 555 1254 596 qui
1277 566 1373 596 supra
1395 555 1455 586 hoc

396 603 484 644 quod
508 613 602 643 agens
626 602 689 643 agit
712 609 840 642 propter
862 601 972 637 finem,
993 599 1184 636 aedificabat,
1209 599 1454 640 applicationem

395 647 567 678 voluntatis
599 648 638 677 ad
669 647 843 677 volendum
873 645 904 675 in
929 644 1049 675 ratione
1079 643 1170 674 voliti
1202 650 1332 685 propter
1359 643 1456 677 finem

397 691 628 731 contemplatus
652 690 787 721 maxime
811 696 874 725 est;
899 696 930 719 et
953 699 989 718 ex
1013 698 1048 718 ea
1072 688 1116 718 sic
1139 694 1276 728 accepta,
1292 687 1455 719 veritatem

393 735 514 766 invenit
537 742 631 775 atque
655 734 772 765 docuit.
789 733 881 764 Unde
905 732 1050 773 quamvis
1073 732 1210 763 volitum
1233 739 1269 763 ut
1294 732 1455 763 obiectum

395 779 507 810 habeat
530 779 676 810 directius
699 778 854 809 rationem
878 777 984 813 voliti,
1009 787 1106 817 quam
1129 777 1266 807 volitum
1290 784 1325 808 ut
1348 783 1454 812 actus;

394 823 611 854 voluntarium
639 829 744 853 tamen
775 829 810 852 ut
838 827 925 851 actus
957 821 1051 851 habet
1075 820 1175 861 magis
1201 820 1357 851 rationem
1388 821 1455 851 eius

395 867 483 907 quod
500 874 545 897 est
569 877 634 897 esse
651 872 779 906 propter
794 864 900 901 finem,
918 875 1015 905 quam
1035 865 1196 896 obiectum
1211 871 1308 895 actus.
1325 865 1366 895 Et
1381 875 1454 905 pro—

394 918 500 950 pterea
522 911 584 941 hoc
607 911 639 940 in
663 910 745 945 loco,
764 909 817 939 ubi
841 915 906 939 tota
930 909 976 939 vis
996 908 1138 940 consistit
1160 908 1192 939 in
1217 909 1278 939 hoc
1301 909 1388 950 quod
1410 915 1456 939 est

395 964 460 985 esse
475 954 609 984 volitum
634 960 763 993 propter
780 952 887 989 finem,
904 953 985 984 actio
1004 953 1082 993 ipsa,
1098 962 1155 993 per
1170 953 1305 983 modum
1324 952 1455 983 actionis

395 998 534 1034 exercita,
556 998 696 1038 primum
713 1003 797 1027 tenet
812 997 932 1028 locum.
949 1015 970 1020 -
987 997 1027 1028 Et
1050 1007 1106 1038 per
1127 997 1204 1027 haec
1221 1003 1306 1037 patet
1324 1006 1454 1037 respon-

395 1042 441 1072 sio
465 1042 504 1071 ad
528 1041 684 1072 rationem
707 1041 792 1072 Scoti
808 1039 832 1072 *.

449 1086 486 1116 V.
506 1086 557 1116 Ad
573 1085 604 1115 id
620 1095 695 1116 vero
713 1086 801 1126 quod
818 1092 927 1116 contra
944 1085 1181 1116 conclusionem
1203 1084 1349 1115 obiicitur
1367 1084 1393 1119 *‚
1411 1083 1454 1113 fa-

394 1129 509 1160 cillime
528 1130 746 1170 respondetur,
764 1129 909 1170 negando
930 1130 1100 1169 sequelam.
1118 1128 1272 1166 Quamvis
1292 1127 1377 1158 enim
1393 1127 1456 1167 pri-

394 1184 466 1204 mus
485 1181 573 1204 actus
589 1174 760 1205 voluntatis
785 1174 823 1204 sit
839 1184 875 1204 ex
898 1173 1046 1204 instinctu
1067 1174 1140 1204 dato
1160 1173 1198 1202 ab
1215 1171 1369 1209 exteriori,
1389 1181 1455 1201 non

394 1218 529 1255 obiecto,
556 1218 610 1249 sed
634 1228 727 1249 causa
751 1218 889 1249 effectiva
913 1218 1000 1253 Deo;
1025 1217 1094 1257 ipsa
1116 1224 1222 1247 tamen
1250 1215 1314 1246 iam
1338 1225 1374 1246 ex
1398 1216 1456 1246 hac

1107 215 1372 262 QUAESTIO
1404 216 1471 262 IX,
1501 215 1796 251 ARTICULUS
1825 215 1858 250 V

1510 293 1580 324 finis
1607 294 1760 324 volitione
1793 293 1928 333 seipsam
1959 300 2067 325 movet
2089 295 2130 327 ad
2151 295 2326 326 volendum
2350 294 2409 327 alia
2440 302 2568 336 propter

1509 337 1615 368 finem.
1634 338 1732 374 Quod
1756 337 1854 367 brutis
1870 347 1936 368 non
1961 338 2123 371 convenit:
2145 339 2299 380 quoniam
2318 339 2358 369 ad
2373 338 2481 371 omnia
2498 349 2568 369 mo-

1508 388 1622 412 ventur
1638 382 1675 411 ab
1692 381 1851 412 instinctu.
1864 381 1920 412 Est
1934 380 2030 422 igitur
2040 382 2187 415 Auctoris
2204 383 2355 413 sententia
2372 383 2470 424 quod,
2488 383 2569 413 sicut

1509 434 1659 464 generans
1692 435 1784 464 grave
1813 425 1867 456 dat
1889 425 1974 464 gravi
2003 426 2178 457 naturalem
2207 426 2384 467 appetitum
2406 433 2514 457 motus
2539 434 2569 457 et

1508 468 1571 498 loci
1591 469 1751 504 deorsum,
1767 475 1798 499 et
1813 475 1988 509 propterea,
2008 477 2147 501 cessante
2165 470 2405 511 impedimento,
2421 480 2516 510 grave
2531 480 2569 501 ex

1509 512 1650 552 appetitu
1673 519 1802 552 accepto
1826 519 1974 545 movetur
1988 513 2138 546 deorsum
2161 521 2191 546 et
2206 515 2339 555 quiescit
2360 514 2418 551 ibi;
2441 514 2484 547 ita
2508 514 2568 546 Ge-

1509 556 1593 587 nitor
1615 556 1786 587 voluntatis
1803 556 1856 587 dat
1879 556 1907 588 ei
1925 557 2099 589 naturalem
2117 558 2355 591 inclinationem
2377 558 2410 590 in
2433 559 2566 594 bonum,

1509 599 1551 630 ita
1575 600 1672 640 quod,
1698 599 1863 640 proposito
1887 611 1943 640 per
1965 600 2158 632 intellectum
2182 602 2269 633 bono
2293 603 2411 643 absque
2434 601 2567 642 impedi—

1509 651 1628 679 mento,
1646 643 1793 674 voluntas
1816 644 1917 677 tendit
1929 645 1962 675 in
1985 645 2064 677 illud
2084 652 2154 677 actu
2179 646 2282 677 elicito
2306 646 2362 688 qui
2381 652 2428 676 est
2445 645 2567 677 volitio.

1509 687 1549 718 Et
1575 687 1626 718 hic
1654 694 1742 718 actus
1765 688 1878 720 dicitur
1908 698 1976 719 esse
2001 689 2039 720 ab
2068 689 2211 720 exteriori
2234 697 2363 730 agente,
2388 699 2424 720 ea
2447 689 2568 720 ratione

1509 741 1572 772 qua
1595 738 1702 762 motus
1725 732 1826 772 gravis
1848 742 1866 762 a
1884 739 2054 772 generante
2073 733 2194 765 dicitur.
2211 734 2254 764 Et
2274 734 2406 765 merito:
2431 734 2506 775 quia
2529 733 2569 763 ad

1508 777 1593 807 hunc
1609 782 1714 807 actum
1730 776 1877 808 voluntas
1891 786 1958 808 non
1974 778 2132 812 concurrit
2146 785 2182 810 ut
2199 785 2330 818 propter
2344 777 2443 811 finem
2460 787 2567 818 egens,

1509 821 1564 851 sed
1587 827 1622 851 ut
1645 821 1684 850 ad
1712 819 1808 851 finem
1832 821 1963 851 tendens
1992 830 2029 851 ex
2053 820 2223 854 directione
2250 822 2421 864 superioris
2448 821 2569 862 agentis

1509 864 1682 895 ordinantis
1711 864 1814 904 ipsam
1843 863 1876 894 in
1899 864 1970 894 hoc.
1992 864 2033 894 Et
2056 871 2221 904 propterea
2244 866 2296 896 hic
2319 872 2416 903 actus,
2432 865 2504 896 licet
2528 866 2567 896 sit

1507 909 1597 945 velle,
1615 915 1645 939 et
1667 908 1848 945 voluntatis,
1865 915 1895 938 et
1919 919 1936 938 a
1961 907 2124 938 voluntate
2148 915 2184 939 ut
2202 909 2343 941 eliciente
2366 916 2482 946 actum,
2502 919 2568 940 non

1508 959 1614 983 tamen
1638 959 1684 983 est
1705 952 1920 990 voluntarius,
1945 952 2019 992 quia
2036 962 2101 982 non
2126 958 2172 983 est
2194 962 2211 982 a
2226 953 2388 984 voluntate
2412 960 2448 984 ut
2470 953 2569 993 appli-

1509 1003 1598 1027 cante
1622 1006 1654 1026 se
1677 997 1717 1026 ad
1740 997 1930 1032 volendum;
1953 996 2008 1026 sed
2031 996 2196 1032 naturalis,
2221 997 2296 1037 quia
2318 997 2418 1028 Dator
2440 1004 2569 1028 naturae

1509 1040 1646 1080 applicat
1675 1040 1778 1079 ipsam
1810 1039 1967 1070 mediante
1995 1040 2199 1070 inclinatione
2222 1041 2293 1072 data
2316 1041 2356 1071 ad
2384 1041 2569 1072 volendum.

1509 1084 1644 1123 Oportet
1667 1083 1763 1120 enim,
1785 1091 1820 1114 ut
1842 1083 1875 1114 in
1897 1084 2000 1115 littera
2023 1084 2146 1120 dicitur,
2171 1084 2237 1114 dari
2259 1094 2444 1124 processum
2466 1084 2499 1114 in
2521 1085 2570 1114 in-

1509 1127 1641 1157 finitum·
1657 1127 1690 1157 in
1713 1127 1913 1165 voluntariis,
1942 1127 2002 1158 nisi
2026 1127 2209 1158 deveniatur
2232 1128 2272 1158 ad
2293 1136 2397 1169 unum
2425 1137 2491 1159 non
2513 1137 2571 1158 vo-

1508 1171 1699 1208 luntarium,
1732 1172 1787 1202 sed
1815 1171 1992 1202 naturalem
2021 1178 2128 1203 actum
2155 1172 2345 1211 voluntatis,
2373 1172 2407 1203 in
2436 1181 2502 1212 quo
2532 1171 2572 1202 sit

1509 1221 1617 1246 status.

1180 1367 1495 1411 ARTICULUS
1524 1367 1780 1420 QUINTUS

883 1460 1039 1493 UTRUM
1062 1459 1295 1492 VOLUNTAS
1319 1459 1564 1493 MOVEATUR
1587 1462 1616 1490 A
1639 1459 1842 1491 CORPORE
1867 1459 2076 1491 CAELEsn

617 1542 686 1567 Part.
698 1541 716 1572 1,
737 1549 781 1574 qu.
795 1548 850 1571 ew,
867 1545 912 1566 art.
925 1547 957 1572 43
976 1541 1008 1565 11·
1028 1540 1079 1571 11··,
1095 1547 1140 1573 qu.
1151 1547 1208 1569 xcv.
1227 1544 1273 1564 art.
1286 1538 1314 1569 5;
1334 1539 1354 1564 11
1369 1539 1450 1568 Sent„
1471 1538 1529 1564 dist.
1541 1546 1582 1568 xv,
1595 1546 1640 1571 qu.
1654 1546 1676 1569 1,
1695 1543 1741 1563 art.
1753 1538 1785 1569 -3;
1806 1539 1839 1563 111
1860 1539 1937 1564 Cont.
1955 1540 2043 1568 Gent„
2057 1546 2113 1571 caP.
2124 1544 2217 1570 xxxxv,
2231 1545 2344 1566 uxxvn:
2415 1558 2417 1560 -

534 1578 576 1603 De
593 1577 681 1608 Verit„
701 1584 747 1609 qu.
760 1585 785 1607 v,
805 1581 852 1601 art.
866 1584 909 1607 1⁰3
929 1576 971 1601 De
988 1576 1072 1605 Μαιο,
1093 1583 1137 1608 qu.
1150 1582 1190 1605 νη
1212 1575 1356 1607 Compend.
1374 1574 1471 1604 Tloeol„
1490 1582 1546 1606 cap.
1559 1581 1651 1602 cxxvn.
1670 1581 1779 1605 cxmn3
1799 1574 1829 1598 In
1849 1573 1957 1604 Matth„
1978 1581 2036 1607 cap.
2049 1581 2069 1599 11
2076 1580 2084 1604 ς
2103 1573 2113 1599 Ι
2133 1573 2366 1604 Per-iherm.‚'lect.
2379 1580 2436 1604 xnr3

1155 1611 1186 1636 111
1206 1610 1238 1635 de
1255 1610 1362 1639 Anima,
1382 1610 1441 1635 lect.
1455 1609 1545 1641 1v;⁴111
1565 1608 1660 1639 Ethic„
1680 1609 1739 1634 lect.
1750 1616 1805 1634 xm.

421 1731 439 1756 ἶ(
461 1717 484 1755 ,ι
510 1713 553 1749 „513
602 1713 624 1737 n
655 1711 815 1742 QUINTUM
835 1711 888 1736 sm
907 1710 1145 1736 Pnocnmrun.
1175 1698 1333 1735 Videtur
1351 1697 1456 1746 quod

442 1750 778 1806 '3²'J3volur1tas
798 1752 967 1789 humana
987 1765 1008 1789 a
1024 1764 1183 1801 corpore
1204 1751 1353 1788 caelesti
1372 1762 1455 1787 mo-

392 1921 541 1950 motum
569 1913 814 1959 uniformem,
836 1911 900 1960 qui
921 1920 976 1948 est
1003 1918 1130 1948 motus
1159 1910 1269 1958 caeli,
1297 1918 1339 1947 ut
1366 1923 1453 1959 pro—

391 1967 500 2003 batur
536 1966 622 2002 VIII
660 1965 808 2012 physic.
836 1964 856 1987 ’²‘
891 1963 968 2001 Sed
1007 1971 1135 2000 motus
1172 1963 1331 2000 humani
1367 1970 1454 2000 sunt

389 2019 482 2056 varii
513 2026 548 2055 et
575 2017 838 2063 multiformes,
869 2016 1089 2066 incipientes
1115 2024 1322 2067 postquam
1350 2015 1454 2066 prius

389 2085 468 2110 non
483 2072 641 2112 fuerant.
659 2071 759 2119 Ergo
776 2070 1006 2109 reducuntur
1020 2069 1058 2106 in
1071 2076 1222 2121 motum
1230 2069 1332 2108 *caeli
1360 2068 1455 2109 sicut

389 2125 428 2164 in
452 2137 620 2171 causam,
641 2124 706 2173 qui
726 2130 781 2160 est
799 2123 998 2160 uniformis
1022 2123 1235 2162 secundum
1265 2130 1453 2163 naturam.

443 2190 478 2215 2.
508 2179 741 2224 PRAETEREA,
762 2176 976 2213 secundum
994 2176 1262 2223 Augustinum,
1282 2175 1319 2212 in
1340 2176 1390 2212 111
1409 2176 1470 2216 de¹

393 2233 429 2268 T
425 2232 496 2268 rin.
517 2231 548 2278 ³¹⁸,
578 2242 739 2278 corpora
768 2229 950 2276 inferiora
969 2234 1167 2266 moventur
1187 2240 1261 2276 per
1291 2239 1454 2276 corpora

387 2284 596 2333 superiora.
627 2283 705 2320 Sed
733 2290 860 2319 motus
888 2281 1053 2322 humani>
1074 2281 1253 2330 corporis,
1283 2281 1347 2330 qui
1366 2293 1454 2318 cau-

389 2345 519 2376 santur
534 2342 550 2358 ‘2
571 2350 593 2376 a
606 2337 816 2382 voluntate,
832 2347 911 2375 non
925 2341 1081 2385 possent
1099 2334 1228 2372 reduci
1247 2334 1286 2375 in
1303 2341 1453 2373 motum

391 2390 485 2431 caeli
512 2390 606 2430 sicut
623 2390 663 2429 in
682 2401 852 2435 causam,
879 2388 950 2426 nisi
978 2388 1092 2426 etiam
1111 2388 1287 2425 voluntas
1306 2400 1329 2425 a
1348 2388 1454 2427 caelo

390 2451 622 2481 moveretur.
651 2444 752 2490 Ergo
782 2442 930 2479 caetum
960 2448 1091 2480 movet
1117 2441 1353 2478 voluntatem
1385 2441 1455 2478 hu·-

389 2509 557 2534 manam.

446 2551 479 2587 3.
514 2550 755 2594 PRAETEREA,
789 2560 866 2607 per⁴
891 2546 1201 2584 observationem
1236 2546 1454 2583 caelestium

391 2614 595 2652 corporum
633 2602 810 2650 astrologi
847 2599 1037 2650 quaedam
1065 2612 1157 2637 vera
1190 2599 1456 2648 praenuntiant

391 2657 438 2693 de
467 2655 645 2695 humanis
673 2654 818 2692 actibus
846 2653 991 2701 futuris,
1011 2653 1076 2702 qui
1102 2661 1189 2693 sunt
1207 2665 1229 2691 a
1246 2654 1452 2691 voluntate.

392 2709 510 2756 Quod
529 2721 607 2746 non
628 2715 736 2754 esset,
766 2707 796 2744 si
826 2719 988 2756 corpora
1017 2706 1191 2743 caelestia
1217 2707 1453 2743 voluntatem

389 2762 556 2799 hominis
585 2773 744 2798 movere
773 2773 851 2797 non
878 2767 1046 2810 possent.
1078 2760 1259 2797 Movetur
1278 2771 1366 2808 ergo
1385 2771 1454 2796 vo—

390 2816 511 2854 luntas
539 2816 708 2852 humana
736 2826 758 2851 a
787 2813 935 2851 caelesti
964 2824 1134 2861 corpore.

444 2869 518 2906 SED
548 2880 693 2906 CONTRA
721 2879 786 2904 EST
815 2867 920 2916 quod
947 2867 1209 2905 Damascenus
1238 2865 1336 2912 dicit,
1362 2865 1401 2903 in
1422 2866 1452 2902 II

390 2922 487 2959 libro
499 2921 531 2967 *,
553 2921 657 2969 quod
678 2933 839 2968 corpora
854 2919 1026 2959 caelestia
1041 2931 1115 2957 non
1134 2924 1222 2956 sunt
1233 2930 1372 2956 causae
1389 2931 1455 2956 no-

389 2981 553 3012 strorum
581 2980 744 3017 actuum.
775 2975 913 3011 Essent
932 2980 1071 3019 autem,
1093 2972 1123 3008 si
1142 2972 1331 3018 voluntas,
1357 2984 1453 3020 quae

391 3036 445 3066 est
473 3029 731 3065 humanorum
757 3035 910 3064 actuum
930 3025 1168 3075 principium,
1189 3037 1211 3061 a
1232 3025 1454 3073 corporibus

391 3081 615 3121 caelestibus
643 3088 873 3118 moveretur.
899 3079 991 3116 Non
1011 3089 1100 3126 ergo
1120 3085 1300 3116 movetur
1317 3079 1454 3116 volun-

389 3142 445 3173 tas
474 3147 496 3171 a
525 3133 746 3182 corporibus
775 3132 1010 3171 caelestibus

445 3188 670 3224 Responmzo
697 3198 880 3224 mCENDUM
909 3185 1013 3234 quod
1042 3197 1088 3222 eo
1118 3183 1237 3222 modo
1272 3196 1349 3232 quo
1383 3196 1452 3222 vo·

390 3242 512 3278 luntas
541 3247 718 3276 movetur
746 3240 793 3276 ab
824 3238 996 3275 exteriori
1016 3237 1178 3284 obiecto,
1208 3236 1451 3280 manifestum

1494 1697 1687 1734 ·lestibus:
1724 1697 1949 1745 inquantum
1987 1695 2126 1733 scilicet
2167 1708 2329 1745 corpora
2366 1692 2580 1733 exteriora*

1509 1762 1606 1799 quae
1622 1749 1748 1787 sensui
1761 1749 1958 1801 proposita
1973 1756 2133 1787 movent
2146 1750 2393 1804 voluntatem,
2409 1757 2445 1786 et
2459 1747 2534 1800 etiJ³'
2568 1752 2580 1798 j

1508 1802 1589 1853 ipsa
1613 1815 1754 1852 organa
1781 1803 2038 1854 potentiarum
2066 1802 2343 1852 sensitivamm,
2373 1795 2580 1852 subiacent

1509 1855 1676 1895 motibus
1696 1856 1916 1894 caelestium
1936 1868 2153 1904 corporum.
2499 1881 2523 1895 ψ.
2540 1886 2542 1888 .
2576 1886 2579 1894 Α

1562 1909 1640 1947 Sed
1664 1921 1709 1946 eo
1730 1910 1851 1946 modo
1870 1921 1948 1957 quo
1968 1910 2146 1946 voluntas
2164 1916 2356 1969 movetur,
2382 1915 2580 1959 quanmrw

1508 1961 1557 1999 ad
1577 1962 1794 1999 exercitium
1821 1969 1938 2010 actus,
1961 1963 2010 1999 ab
2029 1962 2156 2010 aliquo
2173 1959 2395 1998 ‘exteriori'
2483 2009 2485 2012 Α
2519 1967 2579 2008 te,J

1508 2014 1634 2052 adhuc
1652 2014 1809 2065 quidam
1828 2023 2038 2064 posuerunt
2057 2025 2219 2065 corpora
2238 2013 2412 2060 caelestia
2431 2012 2580 2072 directe}

1507 2067 1723 2119 imprimere
1743 2067 1782 2106 in
1795 2068 2033 2120 voluntatem
2051 2068 2308 2107 humanam.-.
2320 2056 2497 2116 ¹sinisii&
2515 2062 2581 2117 est,

1507 2120 1752 2170 impossibile.
1795 2121 1972 2163 Voluntas
1995 2121 2201 2168 τεῐιὶῐιὶ,,υῒι,
2217 2118 2422 2171 dicii-'¹³11·÷.ir1=l
2443 2120 2583 2162 Illzdffi

1506 2174 1649 2211 Anima
1662 2174 1692 2222 ²¹⁶,
1713 2179 1768 2211 est
1785 2174 1822 2211 in
1851 2174 2007 2211 ratione.
2036 2173 2376 2211 Ratieautemest
2399 2165 2570 2223 potentia

1508 2226 1659 2264 animae
1678 2231 1756 2264 no'n
1776 2225 1922 2275 alligata
1942 2224 2086 2277 organo
2107 2225 2304 2280 corporth
2325 2221 2436 2277 Unde
2457 2221 2579 2264 felin&

1507 2279 1635 2328 quitur
1657 2279 1762 2330 quod
1775 2279 1953 2317 voluntas
1971 2274 2204 2337 sit'pote'ntia
2225 2288 2383 2321 ommno
2396 2283 2419 2333 ,ff
2430 2273 2577 2334 im‘ssn'a'ss‘,

1506 2332 1644 2380 terialis
1663 2339 1701 2373 et
1718 2333 1961 2383 incorporea.v
1977 2332 2222 2381 Manifestum
2242 2331 2446 2379 est-{uitemv
2464 2329 2578 2381 quod,

1507 2386 1652 2433 nullum
1673 2398 1812 2435 corpus
1840 2397 1952 2434 agere
1977 2388 2103 2434 potest
2119 2385 2159 2424 in
2177 2384 2576 2433 remiincoxpoream„

1507 2438 1579 2476 sed
1593 2439 1720 2487 potius
1735 2444 1982 2476 econverso:
2001 2450 2047 2475 eo
2066 2437 2181 2486 quod⁴
2192 2437 2571 2488 res=inoerp9veae2eit

1507 2492 1775 2529 immateriales
1790 2499 1878 2529 sunt
1891 2489 2136 2533 formalioris⁸
2152 2489 2484 2532 etiunive'rsalioxis
2493 2490 2569 2528 vir·

1507 2544 1594 2582 tutis
1610 2556 1726 2600 quam
1746 2555 2010 2597 quaecumque
2030 2555 2090 2590 res
2110 2543 2336 2595 corporales,
2365 2542 2478 2596 Unde
2498 2543 2576 2595 im:-

1507 2597 1685 2647 possibile
1701 2605 1756 2636 est
1770 2597 1876 2647 quod
1891 2599 2030 2646 corpus
2045 2594 2206 2639 caeleste
2217 2587 2576 2646 imprimatdirecte

1507 2652 1546 2689 in
1574 2651 1803 2689 intellectum
1831 2658 1895 2691 aut
1922 2651 2175 2690 voluntatem„
2190 2670 2214 2680 ψ
2235 2649 2286 2687 Et
2310 2656 2465 2698 propter
2491 2649 2568 2688 hoc

1507 2704 1738 2750 Aristoteles,
1754 2704 1792 2741 in
1806 2704 1902 2741 libro
1916 2703 1963 2740 de
1975 2703 2116 2753 Anima
2124 2702 2156 2750 ⁸²,
2167 2701 2396 2753 ‘opinionem
2410 2707 2423 2723 ⁸
2442 2701 2569 2739 dioen-

1506 2758 1602 2796 tium
1631 2757 1737 2808 quod
1755 2757 1839 2794 talis
1856 2762 1910 2793 est
1925 2756 2099 2793 voluntas
2117 2756 2155 2793 in
2174 2755 2399 2802 hominibus,
2419 2754 2574 2804 qualem

1508 2812 1544 2848 in
1573 2811 1671 2848 diem
1704 2810 1806 2861 ducit
1833 2810 1948 2847 Pater
1972 2809 2135 2852 deorum,
2149 2805 2447 2862 'virorumque‘
2471 2804 2569 2856 (sci-

1506 2864 1592 2902 licet
1611 2863 1762 2913 Iupiter,
1782 2874 1851 2912 per
1879 2875 1994 2911 quem
2013 2870 2135 2900 totum
2156 2862 2306 2909 caelum
2333 2858 2570 2910 intelligunt),

1507 2917 1673 2956 attribuit
1693 2916 1747 2955 eis
1764 2915 1830 2964 qui
1847 2916 2044 2965 ponebant
2069 2915 2398 2954 intellectumnon
2417 2913 2570 2953 differre

1508 2984 1530 3007 a
1558 2983 1682 3008 sensu.
1714 2970 1860 3006 Omnes
1889 2969 1991 3007 enim
2019 2968 2120 3018 vires
2145 2967 2360 3019 sensitiviae,
2382 2966 2572 3005 cumssint

1507 3031 1612 3061 acms
1640 3034 1870 3072 organorum
1899 3020 2174 3072 corporalium,
2194 3026 2267 3073 per
2289 3018 2474 3059 accidens
2484 3027 2571 3066 mor*

1506 3077 1589 3114 veri
1616 3083 1777 3126 possunt
1799 3075 1821 3113 a
1841 3074 2063 3113 caelestibus
2092 3073 2328 3125 corporibus,
2356 3071 2472 3113 motis
2498 3072 2568 3114 sci-

1506 3130 1592 3169 licet
1619 3129 1841 3178 corporibus
1869 3139 2036 3177 quorum
2064 3134 2151 3164 sunt
2177 3134 2294 3164 actus.

1561 3184 1638 3222 Sed
1666 3182 1756 3231 quia
1784 3181 1926 3220 dictum
1954 3187 2010 3218 est
2028 3179 2048 3202 ’⁸‘
2075 3180 2179 3228 quod
2207 3178 2396 3228 appetitus
2422 3166 2566 3216 intelle-
2593 3191 2603 3200 ·

1508 3236 1629 3274 ctivus
1657 3234 1947 3284 quodammodo
1984 3241 2162 3270 movetur
2198 3233 2246 3269 ab
2283 3231 2452 3281 appetitu
2480 3241 2565 3268 sen.-

392 3302 446 3331 est
466 3293 571 3343 quod
588 3293 764 3332 voluntas
782 3299 907 3341 potest
927 3291 1074 3328 moveri
1090 3303 1112 3327 a
1128 3289 1351 3339 corporibus
1367 3301 1450 3327 cae·
1477 3282 1480 3335 Ι
1506 3289 1617 3326 sitivo
1633 3318 1642 3335 ,
1676 3288 1856 3326 indirecte
1894 3286 2106 3324 redundant
2138 3284 2151 3311 ζ
2175 3292 2311 3342 >motus
2347 3283 2563 3323 caelestium

445 3418 471 3448 α)
482 3420 655 3445 causantur.-
663 3419 791 3442 causatur
800 3415 837 3439 Ρα
843 3428 869 3439 .-
877 3415 926 3438 Pro
932 3417 1051 3446 possent.
1059 3417 1174 3446 possunt
1184 3413 1224 3438 CF
1227 3413 1294 3441 HIK.
1300 3415 1392 3444 posset
1402 3411 1450 3436 Pa.

445 3451 470 3485 β)
490 3452 630 3477 exteriori.
647 3466 665 3469 -
687 3450 819 3483 superiori
838 3450 947 3474 codices.

443 3488 469 3520 γ)
489 3488 604 3512 omnino.
622 3501 641 3505 -
659 3486 719 3511 Om.
738 3485 848 3510 DEFGI.

444 3522 467 3554 δ)
482 3523 658 3556 formalioris.
677 3535 695 3540 -
708 3521 882 3554 formaliores
901 3519 1010 3544 codices.
1029 3533 1047 3538 -
1068 3519 1117 3543 Pro
1137 3517 1343 3545 universalioris
1362 3517 1450 3542 melio-

391 3559 429 3584 ris
448 3559 487 3589 Fl,
507 3557 621 3582 utilioris
638 3557 670 3582 Κ.

1557 3412 1578 3443 ε)
1599 3411 1758 3442 opinionem.
1776 3423 1795 3429 ·-
1813 3409 1928 3434 recitans
1953 3408 2103 3440 opinionem
2122 3409 2168 3433 Pa.
2184 3421 2203 3428 -
2221 3407 2272 3432 Pro
2290 3406 2318 3432 in
2343 3406 2412 3431 diem
2432 3405 2517 3434 ducit,
2537 3405 2564 3430 in

1505 3446 1547 3471 die
1566 3446 1639 3472 ducit
1658 3446 1731 3475 EsH,
1751 3445 1776 3470 in
1802 3445 1844 3469 die
1864 3444 1937 3469 dedit
1957 3445 2006 3472 sB,
2025 3444 2051 3468 in
2072 3443 2115 3468 die
2134 3443 2226 3469 dicunt
2244 3442 2334 3471 ceteri,
2354 3441 2380 3467 in
2401 3440 2443 3467 die
2462 3440 2566 3465 inducit

1505 3481 1546 3507 ed.
1562 3489 1587 3510 a,
1608 3482 1633 3506 in
1653 3481 1690 3506 eis
1709 3480 1810 3505 inducit
1829 3479 1860 3509 P;
1881 3487 1928 3512 pro
1947 3479 2124 3511 virorumque,
2145 3478 2263 3503 virorum
2282 3474 2528 3514 ACQFGIKLpBH.

1557 3516 1580 3551 ζ)
1602 3515 1800 3541 νεάιιηάαηΐμ-
1818 3515 1952 3539 redundat
1971 3515 2080 3539 codices.

2598 2179 2680 2229 ἐΡτἛῑ
2690 2185 2810 2228 3¹:01&

2694 2287 2711 2313 Υ

2596 2716 2606 2726 ’
2625 2714 2679 2739 Lib.
2690 2714 2724 2737 111
2755 2720 2782 2736 οι
2799 2729 2808 2737 .

2595 2747 2627 2768 ιιι,
2641 2747 2665 2764 n.
2676 2747 2693 2764 ι.
2705 2752 2716 2758 -
2726 2730 2752 2764 S.
2760 2720 2807 2763 Tg.

2597 2768 2648 2790 leet.
2659 2774 2691 2790 tv.

2595 2805 2709 2852 *Homeri
2718 2829 2806 2859 Odyss-

2596 2856 2636 2878 lib.
2646 2855 2732 2884 XVIII,
2746 2862 2807 2879 ven.

2597 2888 2638 2912 135,
2654 2881 2700 2910 ¹36.
