2852 4152
1020 245 1285 292 QUAESTIO
1315 246 1384 291 xi,
1415 217 1708 281 ARTICULUS
1739 245 1789 281 lv

318 334 378 363 tur
396 325 467 362 nisi
495 325 532 361 in
560 324 637 360 fine
658 323 733 359 iam
753 324 894 360 habito.
929 325 1030 372 Ergo
1060 324 1196 372 fruitio,
1224 323 1376 372 proprie

318 377 525 427 loquendo,
554 388 632 412 non
662 383 716 412 est
743 376 812 412 nisi
840 377 925 413 finis
953 377 1081 414 habiti.

373 431 407 468 3.
427 431 659 477 PRAETEREA,
680 428 752 465 frui
771 436 826 465 est
846 442 981 477 capere
1001 430 1176 466 fructum.
1204 428 1280 465 Sed
1300 441 1377 466 non

319 482 463 532 capitur
495 483 657 529 fructus,
686 481 756 518 nisi
790 482 943 530 quando
976 482 1052 519 iam
1087 481 1172 518 finis
1204 481 1375 518 habetur.

318 537 421 583 Ergo
448 534 572 572 fruitio
600 546 680 570 non
708 541 763 570 est
791 534 861 571 nisi
889 534 975 571 finis
1003 534 1130 571 habiti.

373 589 447 625 SED
468 598 623 633 CONTRA,
645 587 737 634 frui
758 593 812 623 est
827 599 959 623 amore
978 588 1173 624 inhaerere
1191 586 1306 623 alicui
1323 588 1379 623 rei

82 646 291 668 'DeD⁰c²·C¹¹r¹'⁸¹·
313 646 469 689 propter
494 640 673 687 seipsam,
702 647 743 676 ut
770 640 1003 687 Augustinus
1032 640 1120 676 dicit
1137 640 1168 676 *.
1199 640 1275 676 Sed
1302 640 1378 676 hoc

81 673 121 695 lib.
134 673 153 700 1,
168 678 219 700 cap.
234 679 264 694 iv.

78 960 91 972 ⁴⁸
103 960 133 981 D.
150 965 194 987 ²7¹·
209 959 260 987 656.

317 700 442 742 potest
469 692 552 729 fieri
590 691 704 728 etiam
739 693 786 729 de
816 704 855 728 re
884 705 962 729 non
996 692 1134 729 habita.
1170 693 1271 739 Ergo
1306 692 1376 728 frui

317 752 442 795 potest
470 756 553 781 esse
583 744 695 781 etiarn
724 745 811 781 finis
839 757 917 781 non
945 745 1073 782 habiti.

371 799 595 834 Responmzo
624 809 807 834 DICENDUM
836 798 939 846 quod
968 798 1039 835 frui
1065 798 1245 846 importat
1272 809 1375 833 com-

317 850 553 899 parationem
588 851 780 898 quandam
807 851 1012 887 voluntatis
1046 851 1094 887 ad
1126 849 1304 886 ultimum
1332 850 1376 886 fi-

318 915 419 950 nem,
449 902 661 940 secundum
690 903 796 950 quod
814 904 990 940 voluntas
1010 904 1125 940 habet
1144 902 1286 950 aliquid
1304 914 1374 950 pro

316 955 449 993 ultimo
465 955 542 992 fine
556 955 586 992 ²⁸.
604 956 776 992 Habetur
790 963 917 992 autem
932 956 1017 993 finis
1033 961 1050 976 α
1066 954 1277 1003 dupliciter:
1297 967 1374 991 uno

315 1008 447 1056 modo,
462 1008 643 1056 perfecte3
665 1016 702 1045 et
715 1009 789 1045 alio
809 1009 940 1056 modo,
957 1008 1186 1057 imperfecte.
1207 1007 1376 1044 Perfecte

317 1061 485 1110 quidem,
506 1061 659 1110 quando
679 1061 840 1098 habetur
858 1073 937 1098 non
957 1061 1081 1097 solum
1100 1060 1139 1097 in
1157 1060 1375 1108 intentione,

317 1114 385 1151 sed
405 1114 517 1151 etiam
536 1114 573 1150 in
594 1127 650 1151 re:
670 1114 890 1163 imperfecte
910 1122 1050 1161 autem,
1080 1113 1232 1162 quando
1261 1113 1378 1149 habe-

317 1174 377 1203 tur
395 1167 433 1203 in
453 1166 659 1204 intentione
679 1174 837 1204 tantum.
863 1167 931 1203 Est
951 1178 1039 1214 ergo
1059 1166 1224 1214 perfecta
1252 1165 1375 1202 fruitio

316 1219 402 1256 finis
421 1219 498 1256 iam
517 1219 632 1256 habiti
653 1219 809 1256 realiter.
837 1219 914 1256 Sed
939 1219 1159 1267 imperfecta
1185 1225 1239 1254 est
1265 1218 1376 1254 etiam

316 1272 402 1308 finis
422 1284 499 1309 non
519 1272 634 1308 habiti
655 1271 812 1320 realiter,
842 1271 910 1307 sed
934 1271 973 1307 in
992 1270 1197 1307 intentione
1217 1277 1374 1306 tantum.

369 1401 397 1436 α)
410 1401 486 1441 finis.
499 1414 524 1434 ς
541 1401 650 1426 ultimus
661 1400 730 1434 finis
748 1400 794 1424 Pa.

2439 246 2487 292 93

1484 326 1542 360 AD
1563 335 1699 360 PRIMUM
1727 334 1824 359 ERGO
1853 334 2035 359 mcENDUM
2064 323 2167 371 quod
2188 324 2418 371 Augustinus
2433 325 2488 361 lo-

1433 376 1558 425 quitur
1585 376 1632 413 de
1661 375 1836 412 fruitione
1863 375 2040 423 perfecta.

1484 431 1542 466 AD
1570 440 1759 466 SECUNDUM
1787 439 1969 465 mCENDUM
2003 427 2107 477 quod
2144 428 2250 476 quies
2283 429 2486 466 voluntatis

1431 481 1627 530 dupliciter
1654 481 1872 530 impeditur:
1892 493 1970 517 uno
1994 480 2125 527 modo,
2149 492 2193 516 ex
2212 488 2317 528 parte
2338 481 2486 528 obiecti,

1431 534 1519 583 quia
1547 534 1685 571 scilicet
1711 546 1790 571 non
1819 541 1874 570 est
1901 533 2056 570 ultimus
2084 533 2182 580 finis,
2212 533 2280 570 sed
2309 533 2357 570 ad
2386 533 2487 571 aliud

1431 587 1641 632 ordinatur;
1671 587 1744 623 alio
1773 587 1904 633 modo,
1935 598 1979 622 ex
2002 593 2108 634 parte
2128 586 2336 634 appetentis
2355 587 2485 633 finem,

1431 640 1495 687 qui
1524 639 1696 676 nondum
1725 639 1940 688 adipiscitur
1967 640 2098 675 finem.
2130 638 2334 675 Obiectum
2359 647 2485 675 autern

1431 700 1486 728 est
1514 693 1618 740 quod
1648 693 1710 729 dat
1738 692 1904 740 speciem
1939 691 2058 728 actui:
2089 691 2156 728 sed
2185 692 2231 728 ab
2261 699 2394 739 agente
2424 691 2488 728 de-

1430 745 1571 792 pendet
1598 745 1737 781 modus
1756 745 1903 792 agendi,
1932 752 1973 781 ut
1993 744 2039 781 sit
2055 744 2243 793 perfectus
2260 744 2322 780 vel
2348 743 2487 793 imper-

1430 798 1560 844 fectus,
1599 797 1811 834 secundum
1841 797 2098 834 conditionem
2126 796 2279 845 agentis.
2314 797 2363 833 Et
2398 797 2485 834 ideo

1431 850 1509 886 eius
1544 850 1648 897 quod
1677 862 1756 886 non
1784 857 1839 886 est
1866 850 2019 887 ultimus
2043 849 2144 897 finis,
2175 849 2298 886 fruitio
2329 857 2384 886 est
2417 849 2487 886 irn-

1430 902 1593 951 propria,
1624 902 1730 951 quasi
1759 902 1939 939 deficiens
1959 916 1980 939 a
2004 903 2129 951 specie
2158 901 2353 939 fruitionis.
2384 902 2485 940 Finis

1430 962 1558 992 autem
1586 955 1708 991 ultimi
1736 967 1814 991 non
1841 955 1970 1002 habiti,
2001 963 2056 992 est
2083 955 2207 992 fruitio
2231 954 2385 1004 propria
2404 955 2486 1004 qui-

1432 1008 1532 1055 dem,
1563 1008 1629 1044 sed
1658 1007 1895 1056 imperfecta,
1924 1015 2078 1057 propter
2106 1008 2370 1057 imperfectum
2403 1020 2487 1045 mo-

1431 1060 1523 1097 dum
1552 1060 1718 1097 habendi
1744 1060 1920 1096 ultimum
1948 1061 2078 1097 finem.

1482 1115 1541 1149 AD
1569 1124 1728 1149 TERTIUM
1747 1125 1931 1150 DlCENDUM
1959 1114 2063 1161 quod
2088 1113 2207 1150 finem
2228 1113 2399 1162 accipere
2424 1114 2486 1150 vel

1429 1165 1570 1202 habere
1608 1165 1742 1202 dicitur
1783 1165 1943 1214 aliquis,
1987 1177 2065 1202 non
2107 1166 2230 1202 solum
2274 1166 2484 1203 secundum

1431 1230 1532 1265 rem,
1563 1218 1629 1255 sed
1663 1218 1777 1255 etiam
1810 1218 2020 1255 secundum
2048 1218 2315 1267 intentionem,
2354 1226 2394 1255 ut
2428 1218 2480 1255 di-

1433 1277 1534 1307 ctum
1564 1278 1619 1307 est
1637 1270 1667 1307 *.

2513 1275 2563 1296 ‘In
2578 1281 2605 1296 co

2608 1281 2685 1302 rpore.
