2852 4152
1025 269 1289 316 QUAESTIO
1319 269 1441 316 Xvn,
1470 270 1763 306 AnticuLus
1790 270 1825 306 v

346 347 434 384 ideo
458 357 723 395 quaecumque
752 354 837 383 sunt
863 360 982 384 unum
1003 347 1213 384 secundum
1232 347 1402 383 substan-

346 400 451 446 tiam,
481 406 566 435 sunt
593 411 714 435 unum
743 399 971 448 simpliciter,
997 408 1033 437 et
1051 401 1169 436 multa
1188 399 1400 435 secundum

347 452 450 501 quid.
482 451 586 488 Sicut
613 458 735 488 totum
756 452 793 488 in
813 464 948 499 genere
978 452 1219 498 substantiae,
1245 463 1402 499 compo-

348 505 460 542 situm
487 516 531 540 ex
551 503 628 540 suis
654 504 824 552 partibus
843 506 904 541 vel
928 504 1167 552 integralibus
1188 503 1251 540 vel
1276 515 1402 539 essen-

347 557 507 604 tialibus,
533 564 588 592 est
613 568 735 592 unum
755 556 985 604 simpliciter:
1007 570 1095 594 nam
1119 564 1240 593 totum
1262 563 1316 592 est
1336 568 1401 592 ens

349 618 386 661 et
413 608 619 646 substantia
654 608 888 656 simpliciter,
916 618 1041 657 partes
1068 622 1161 646 vero
1190 616 1276 646 sunt
1304 608 1402 644 entia

350 670 386 699 et
412 660 642 700 substantiae
677 661 717 697 in
747 668 837 698 toto.
875 662 985 707 Quae
1012 674 1105 698 vero
1134 669 1220 698 sunt
1254 661 1403 698 diversa

349 715 560 752 seeundum
588 713 848 760 substantiam,
865 721 902 750 et
919 727 1040 751 unum
1069 715 1278 751 secundum
1308 713 1402 750 acci-

350 768 456 814 dens,
477 773 563 804 sunt
582 766 733 803 diversa
751 766 979 815 simpliciter,
995 775 1032 804 et
1049 779 1171 803 unum
1190 766 1401 803 secundum

350 819 461 868 quid:
490 819 585 856 sicut
612 819 720 856 multi
748 819 922 856 homines
950 827 1037 856 sunt
1054 832 1152 856 unus
1169 819 1346 868 populus,
1368 825 1403 854 et

349 871 457 909 multi
483 871 626 920 lapides
655 879 742 908 sunt
768 884 867 909 unus
895 885 1069 917 acervusx,
1090 883 1186 920 quae
1207 878 1263 907 est
1280 870 1403 907 unitas

350 924 648 973 compositionis,
674 932 737 961 aut
757 925 909 962 ordinis.
940 925 1117 962 Similiter
1145 923 1256 960 etiam
1286 923 1404 959 multa

350 977 564 1024 individua,
593 990 691 1025 quae
726 986 812 1014 sunt
844 989 964 1014 unum
993 988 1130 1024 genere
1156 976 1218 1013 vel
1255 975 1402 1024 specie,

350 1037 438 1067 sunt
464 1030 681 1078 simpliciter
708 1031 837 1076 multa,
859 1037 896 1066 et
914 1029 1123 1066 secundum
1143 1028 1235 1077 quid
1261 1040 1402 1064 unum:

350 1095 440 1120 nam
470 1095 551 1120 esse
570 1095 690 1119 unum
710 1095 849 1130 genere
867 1083 929 1120 vel
948 1082 1086 1130 specie,
1108 1089 1163 1121 est
1182 1093 1263 1117 esse
1282 1092 1403 1118 unum

350 1135 563 1172 secundum
590 1135 788 1172 rationem.
814 1164 820 1169 .

404 1188 511 1226 Sicut
537 1196 665 1225 autem
694 1187 732 1224 in
760 1199 898 1235 genere
925 1199 1053 1223 rerum
1081 1186 1318 1232 naturalium,
1343 1184 1405 1221 ali-

351 1241 458 1289 quod
485 1248 606 1278 totum
636 1240 877 1289 componitur
905 1251 950 1276 ex
977 1238 1133 1275 materia
1157 1246 1194 1275 et
1211 1239 1346 1284 forma,
1365 1245 1406 1273 ut

351 1293 471 1330 homo
505 1306 549 1330 ex
581 1293 709 1330 anima
738 1300 774 1329 et
801 1304 980 1340 corpore,
1010 1291 1075 1338 qui
1104 1298 1159 1327 est
1189 1302 1311 1327 unum
1339 1301 1405 1326 ens

351 1346 532 1393 naturale,
560 1345 645 1382 licet
671 1346 811 1381 habeat
838 1344 1114 1381 multitudinem
1141 1344 1326 1392 partium;
1355 1343 1405 1379 ita

353 1398 466 1446 etiam
484 1397 686 1435 inactibus
707 1397 900 1443 humanis,
930 1403 1034 1432 actus
1062 1395 1245 1432 inferioris
1273 1402 1406 1444 poten-

351 1446 424 1486 tiae
452 1449 693 1486 materialiter
725 1461 767 1486 se
798 1449 912 1486 habet
944 1448 992 1485 ad
1026 1455 1153 1484 actum
1181 1447 1404 1497 superioris,

2432 284 2495 309 121

1455 347 1678 395 inquantum
1708 347 1859 383 inferior
1877 348 2043 395 potentia
2069 349 2141 396 agit
2168 349 2204 385 in
2230 349 2366 386 virtute
2395 363 2504 399 supe-

1453 412 1559 436 rioris
1596 400 1786 437 moventis
1822 400 1963 447 ipsam:
1998 400 2051 436 sic
2079 401 2179 437 enim
2215 409 2250 437 et
2284 410 2387 438 actus
2420 415 2502 439 mo-

1454 452 1576 488 ventis
1608 452 1719 500 primi
1752 452 1959 488 formaliter
1992 465 2032 488 se
2064 454 2178 489 habet
2212 454 2260 490 ad
2292 462 2416 490 actum
2449 455 2503 491 in-

1456 505 1662 541 strumenti.
1692 505 1802 541 Unde
1837 512 1939 552 patet
1966 505 2071 552 quod
2103 505 2303 553 imperium
2333 514 2369 542 et
2400 515 2503 543 actus

1455 556 1659 604 imperatus
1688 565 1774 594 sunt
1801 569 1900 593 unus
1920 565 2023 593 actus
2041 558 2243 604 humanus,
2273 558 2367 594 sicut
2385 560 2503 605 quod-

1457 609 1544 644 dam
1564 616 1684 645 toturn
1705 617 1759 646 est
1777 622 1897 646 unum
1918 608 1943 656 β,
1973 610 2040 646 sed
2063 617 2118 646 est
2145 611 2354 646 secundum
2381 619 2504 658 partes

1456 661 1584 697 multa.

1509 715 1567 748 AD
1595 725 1730 750 PmMUM
1762 725 1859 750 ERGO
1883 726 2065 751 DICENDUM
2094 714 2207 762 quod,
2229 714 2258 750 si
2288 723 2411 752 essent
2436 728 2503 764 po-

1457 765 1591 800 tentiae
1621 765 1792 802 diversae
1821 766 1869 802 ad
1897 767 2061 803 invicem
2081 779 2158 803 non
2179 766 2382 814 ordinatae,
2403 776 2505 804 actus

1458 829 1587 853 earum
1610 825 1733 854 essent
1751 818 1965 866 simpliciter
1989 819 2138 856 diversi.
2164 819 2240 856 Sed
2260 820 2411 867 quando
2430 833 2505 857 una

1457 870 1622 918 potentia
1651 878 1706 906 est
1733 882 1894 907 movens
1922 874 2098 919 alteram,
2126 880 2216 908 tunc
2244 879 2347 908 actus
2376 884 2505 909 earum

1458 930 1544 958 sunt
1563 922 1850 970 quodammodo
1871 936 1983 960 unus:
2010 937 2099 961 nam
2124 925 2219 960 idem
2239 930 2292 960 est
2307 930 2411 961 actus
2429 937 2506 961 mo-

1457 975 1574 1011 ventis
1601 980 1638 1010 et
1662 975 1762 1021 moti,
1790 983 1832 1011 ut
1860 976 1992 1012 dicitur
2018 977 2055 1013 in
2084 978 2132 1013 III
2160 977 2308 1024 Physic.
2328 976 2348 998 ²¹⁶

1511 1029 1569 1063 AD
1597 1039 1785 1064 SECUNDUM
1804 1040 1984 1065 DtCENDUM
2009 1029 2112 1078 quod
2141 1042 2186 1065 ex
2213 1030 2287 1066 hoc
2310 1030 2414 1077 quod
2437 1030 2505 1066 irn-

1458 1079 1606 1127 perium
1643 1087 1678 1116 et
1709 1087 1813 1116 actus
1841 1080 2043 1128 imperatus
2075 1090 2233 1129 possunt
2264 1082 2311 1118 ab
2343 1082 2505 1119 invicem

1459 1131 1636 1180 separari,
1655 1132 1815 1168 habetur
1842 1133 1946 1180 quod
1965 1141 2051 1169 sunt
2073 1134 2189 1170 multa
2207 1134 2384 1181 partibus.
2405 1136 2506 1171 Nam

1458 1192 1582 1233 partes
1602 1184 1766 1221 hominis
1784 1193 1942 1233 possunt
1963 1186 2011 1222 ab
2030 1186 2192 1223 invicem
2213 1187 2387 1234 separari,
2408 1200 2504 1236 quae

1459 1245 1588 1274 tamen
1616 1244 1702 1273 sunt
1728 1249 1848 1273 unum
1877 1245 1968 1274 toto.

1511 1292 1569 1326 AD
1597 1301 1754 1326 TERTiuM
1783 1301 1964 1327 mcsNDUM
2001 1291 2104 1338 quod
2141 1290 2231 1326 nihil
2262 1291 2438 1338 prohibet
2469 1292 2506 1328 in

1459 1341 1516 1378 his
1537 1354 1633 1390 quae
1653 1350 1739 1378 sunt
1758 1344 1875 1379 multa
1897 1343 2064 1391 partibus
2089 1350 2125 1379 et
2141 1355 2261 1379 unum
2280 1350 2371 1390 toto,
2386 1356 2506 1380 unum

1461 1406 1542 1431 esse
1574 1394 1676 1443 prius
1710 1395 1793 1431 alio.
1832 1395 1935 1432 Sicut
1969 1395 2095 1432 anima
2132 1395 2416 1444 quodammodo
2454 1404 2509 1432 est

1460 1446 1563 1495 prius
1592 1459 1761 1495 corpore,
1792 1456 1828 1483 et
1856 1460 1920 1484 cor
1948 1456 2002 1484 est
2028 1448 2130 1496 prius
2159 1448 2237 1485 aliis
2261 1449 2452 1485 membris.

404 1560 430 1594 β)
446 1564 491 1587 est
509 1568 600 1586 unum.
615 1575 635 1580 -
653 1561 714 1586 Om.
727 1561 950 1586 ABCDGHIKLa.
967 1577 986 1581 —
1004 1562 1055 1587 Pro
1073 1563 1127 1593 sed,
1147 1563 1217 1595 quod
1235 1564 1280 1588 sD.

1139 1700 1452 1742 ARTICULUS
1482 1699 1736 1751 QUINTUS

991 1789 1146 1819 UTRUM
1169 1788 1310 1819 ACTUS
1329 1788 1607 1819 VOLUNTATIS
1631 1788 1882 1818 IMPERETUR·

1306 1863 1315 1887 1
1335 1863 1429 1892 Ethic„
1448 1864 1507 1887 lect.
1523 1871 1564 1888 xx.

385 1968 412 2001 ,³2
418 1970 447 2008 ῡᾷ

487 1975 538 2004 ‘aa'
561 1963 583 1989 D
604 1962 765 1993 QUINTUM
784 1963 836 1988 sm
855 1962 1093 1988 PROCEDITUR.
1119 1950 1277 1988 Videtur
1301 1951 1405 1999 quod

384 2004 467 2058 ἰξῷ,
481 1995 541 2065 ζμ
563 2011 667 2040 actus
681 2003 885 2041 voluntatis
908 2016 987 2040 non
1006 2003 1051 2039 sit
1068 2003 1286 2051 imperatus.
1307 2003 1406 2040 Dicit

370 2060 392 2101 Ἰμ
410 2053 490 2102 ’ἐξ
505 2051 550 2097 ‘ks
564 2056 666 2093 enim
680 2056 922 2104 Augustinus,
938 2055 977 2092 in
990 2056 1077 2092 VIII
1094 2056 1257 2104 Consess.
1273 2055 1309 2091 *z
1329 2057 1406 2092 Im-

381 2106 384 2110 ’
409 2085 506 2143 ζ’ἔθ’)
521 2102 553 2145 K
572 2114 671 2145 erat
683 2109 831 2145 animus
855 2114 895 2144 ut
917 2108 1005 2145 velit
1020 2108 1180 2153 animus,
1196 2120 1264 2144 nec
1282 2114 1405 2144 tamen

347 2162 453 2210 facit.
478 2162 584 2199 Velle
603 2168 729 2197 autern
752 2169 807 2197 est
825 2169 928 2197 actus
946 2161 1161 2197 voluntatis.
1181 2161 1282 2208 Ergo
1303 2168 1407 2197 actus

353 2214 557 2252 voluntatis
584 2226 663 2250 non
690 2213 909 2262 imperatur.

408 2279 443 2304 2.
474 2269 713 2312 PRAETEREA,
744 2266 778 2302 ei
807 2266 985 2303 convenit
1011 2266 1199 2314 imperari,
1231 2266 1290 2302 cui
1319 2278 1408 2302 con-

352 2322 458 2360 venit
477 2319 680 2367 imperium
699 2318 914 2366 intelligere.
941 2318 1017 2354 Sed
1035 2318 1237 2354 voluntatis
1257 2331 1335 2354 non
1356 2324 1410 2354 est

355 2373 558 2421 intelligere
577 2371 797 2419 imperium:
823 2370 946 2407 differt
970 2371 1070 2407 enim
1089 2372 1265 2407 voluntas
1288 2371 1335 2406 ab
1355 2370 1410 2406 in-

355 2427 520 2478 tellectu,
551 2424 656 2465 cuius
685 2431 740 2464 est
767 2423 982 2472 intelligere.
1013 2424 1115 2472 Ergo
1144 2430 1248 2460 actus
1276 2423 1412 2459 volun-

355 2483 440 2523 tatis
467 2496 545 2522 non
573 2483 790 2535 imperatur.

413 2540 447 2576 3.
476 2538 711 2587 PRAETEREA,
745 2539 776 2576 si
808 2537 939 2585 aliquis
974 2541 1078 2586 actus
1109 2531 1312 2569 voluntatis
1344 2530 1412 2567 im-

357 2597 530 2641 pes-atur,
560 2593 640 2642 pari
668 2593 811 2630 ratione
841 2601 976 2627 omnes
1004 2587 1246 2638 imperantur.
1277 2584 1352 2623 Sed
1383 2584 1412 2625 Si

360 2653 495 2684 omnes
523 2654 627 2683 actus
654 2644 858 2683 voluntatis
896 2643 1147 2691 imperantur,
1177 2655 1330 2679 necesse
1360 2650 1414 2678 est

359 2700 399 2737 in
413 2699 601 2737 infinitum
616 2697 841 2748 procedere:
865 2696 952 2745 quia
971 2703 1076 2732 actus
1089 2695 1291 2732 voluntatis
1310 2707 1415 2743 prae-

363 2753 461 2790 cedit
488 2760 615 2790 actum
642 2749 861 2800 imperantis
889 2748 1051 2795 rationis,
1072 2755 1113 2785 ut
1132 2748 1272 2785 dictum
1301 2755 1356 2785 est
1373 2747 1413 2793 *ς

361 2799 428 2855 qui
454 2804 658 2843 voluntatis
695 2811 798 2840 actus
835 2801 865 2839 si
897 2802 1032 2853 iterum
1070 2801 1296 2850 imperatur,
1325 2801 1416 2837 illud

222 2867 239 2884 ‘²
362 2859 496 2896 iterum
526 2857 728 2907 imperium
756 2855 958 2906 praecedet
978 2854 1071 2891 alius
1087 2859 1105 2875 α
1123 2854 1276 2891 rationis
1299 2861 1415 2901 actus,

364 2920 401 2950 et
429 2911 480 2949 sic
508 2911 547 2949 in
574 2910 774 2947 infinitum.
804 2909 891 2945 Hoc
909 2914 1036 2944 autem
1057 2914 1111 2944 est
1130 2906 1415 2954 inconveniens,

365 2965 469 3014 quod
495 2959 724 3014 procedatur
757 2961 796 2998 in
826 2960 1027 3013 infinitum.
1065 2960 1158 2997 Non
1190 2971 1277 3007 ergo
1313 2967 1417 2996 actus

363 3017 567 3056 voluntatis
595 3015 811 3064 imperatur.

420 3072 494 3108 SED
523 3081 682 3115 CONTRA,
713 3080 828 3104 omne
861 3067 965 3116 quod
994 3073 1048 3103 est
1074 3065 1112 3102 in
1140 3071 1324 3114 potestate
1351 3077 1419 3102 no-

367 3132 462 3172 stra,
490 3123 658 3160 subiacet
684 3120 844 3170 imperio
873 3127 1014 3156 nostro.
1050 3118 1126 3155 Sed
1154 3125 1259 3154 actus
1284 3117 1420 3155 volun-

367 3177 450 3214 tatis
466 3183 552 3213 sunt
566 3174 731 3212 maxime
750 3173 788 3210 in
802 3179 987 3222 potestate
1006 3178 1154 3208 nostra:
1175 3174 1264 3207 n'am
1284 3182 1419 3207 omnes

369 3238 473 3267 actus
493 3227 610 3266 nostri
636 3227 822 3264 intantum
842 3225 1016 3262 dicuntur
1033 3224 1071 3261 in
1090 3230 1274 3273 potestate
1293 3231 1421 3260 nostra

370 3295 464 3329 esse,
494 3281 717 3329 inquantum
743 3278 943 3316 voluntarii
971 3285 1067 3315 sunt.
1096 3277 1197 3324 Ergo
1227 3283 1330 3312 aetus
1351 3289 1421 3313 vo-

368 3334 517 3372 luntatis
546 3334 780 3382 imperantur
806 3343 829 3368 a
855 3331 977 3368 nobis.

423 3390 647 3425 RESPONDEO
674 3383 857 3422 DICENDUM
885 3383 1000 3433 quod,
1030 3382 1124 3420 sicut
1151 3381 1293 3418 dictum
1318 3388 1372 3418 est
1388 3381 1420 3428 ²¹⁶,

370 3440 572 3490 imperium
592 3438 682 3475 nihil
700 3437 801 3474 aliud
821 3443 876 3474 est
894 3448 1012 3484 quam
1031 3443 1135 3472 actus
1155 3433 1305 3471 rationis
1325 3433 1422 3471 ordi-

123 2757 134 2776 ‘'¹
148 2766 199 2787 Art.
214 2769 230 2786 1.

124 3390 138 3402 '¹
150 3390 212 3414 Ibid.

1460 1950 1595 1997 nantis,
1613 1962 1700 1986 cum
1715 1950 1881 1998 quadam
1895 1950 2077 1998 motione,
2092 1950 2230 1999 aliquid
2246 1951 2293 1987 ad
2308 1951 2509 1998 agendum.

1461 2003 1704 2039 Manifestum
1732 2010 1787 2038 est
1805 2010 1931 2039 autem
1960 2003 2063 2051 quod
2087 2003 2179 2039 ratio
2198 2010 2323 2052 potest
2339 2003 2508 2040 ordinare

1462 2055 1508 2092 de
1537 2062 1623 2091 actu
1648 2055 1851 2091 voluntatis
1879 2054 1915 2091 *ε
1944 2055 2039 2092 sicut
2066 2055 2167 2092 enim
2195 2063 2318 2104 potest
2345 2055 2508 2092 iudicare

1462 2107 1566 2156 quod
1593 2108 1738 2144 bonum
1758 2107 1803 2144 sit
1821 2107 1960 2154 aliquid
1979 2108 2086 2154 velle,
2107 2108 2156 2144 ita
2184 2115 2308 2156 potest
2336 2108 2508 2145 ordinare

1460 2160 1683 2208 imperando
1713 2160 1817 2208 quod
1845 2160 1962 2196 homo
1985 2160 2086 2197 velit.
2114 2161 2172 2196 Ex
2190 2173 2266 2209 quo
2286 2168 2387 2209 patet
2406 2161 2509 2209 quod

1462 2220 1566 2249 actus
1594 2212 1794 2249 voluntatis
1821 2220 1945 2261 potest
1972 2225 2053 2249 esse
2081 2212 2286 2261 imperatus
2304 2213 2335 2249 ³³⁶.

1515 2267 1573 2301 AD
1594 2277 1730 2301 PRIMUM
1754 2276 1851 2301 ERGO
1876 2277 2057 2302 DlCENDUM
2082 2266 2197 2312 quod,
2219 2266 2313 2302 sicut
2340 2265 2511 2313 Augusti-

1463 2329 1534 2353 nus
1563 2316 1703 2353 ibidem
1732 2317 1838 2363 dicit,
1872 2317 2037 2364 animus,
2068 2318 2220 2366 quando
2251 2319 2412 2366 perfecte
2444 2318 2512 2354 irn-

1463 2378 1570 2418 perat
1598 2369 1667 2406 sibi
1695 2377 1735 2405 ut
1761 2370 1865 2417 velit,
1895 2377 1984 2406 tunc
2007 2371 2084 2406 iam
2102 2371 2202 2407 vult:
2232 2370 2299 2407 sed
2327 2371 2431 2418 quod
2451 2371 2513 2407 ali-

1465 2422 1618 2471 quando
1647 2422 1804 2470 imperet
1839 2429 1873 2459 et
1907 2436 1984 2460 non
2010 2423 2121 2469 velit,
2149 2416 2223 2460 hoc
2256 2423 2432 2470 contingit
2469 2436 2513 2460 ex

1464 2476 1538 2512 hoc
1557 2475 1660 2524 quod
1688 2487 1766 2513 non
1784 2477 1948 2525 perfecte
1970 2477 2140 2524 imperat.
2165 2477 2429 2524 Imperfectum
2449 2489 2512 2512 au-

1465 2537 1541 2567 tem
1570 2529 1772 2581 imperium
1801 2529 1979 2578 contingit
2007 2541 2051 2565 ex
2078 2529 2171 2576 hoc,
2207 2529 2310 2577 quod
2343 2529 2434 2565 ratio
2469 2541 2513 2565 ex

1467 2583 1624 2624 diversis
1658 2585 1825 2634 partibus
1862 2591 2038 2621 movetur
2074 2583 2121 2620 ad
2153 2582 2415 2631 imperandum
2452 2582 2514 2618 vel

1467 2653 1546 2678 non
1564 2638 1848 2688 imperandum:
1869 2637 1969 2673 unde
1989 2637 2143 2672 fluctuat
2160 2635 2254 2672 inter
2273 2635 2361 2682 duo,
2383 2641 2418 2670 et
2437 2646 2514 2671 non

1467 2694 1630 2743 perfecte
1658 2692 1829 2740 imperat.

1520 2748 1578 2783 AD
1607 2755 1794 2782 SECUNDUM
1821 2755 2002 2780 DICENDUM
2021 2743 2135 2791 quod,
2156 2741 2249 2778 sicut
2272 2741 2310 2777 in
2338 2740 2516 2776 membris

1470 2798 1726 2848 corporalibus
1738 2795 1931 2845 quodlibet
1945 2796 2161 2832 membrum
2172 2801 2347 2842 operatur
2357 2805 2433 2829 non
2448 2793 2517 2829 sibi

1471 2852 1550 2899 soli,
1572 2851 1639 2888 sed
1657 2850 1724 2887 toti
1745 2849 1903 2898 corpori,
1923 2856 1964 2885 ut
1977 2847 1993 2877 β
2007 2849 2137 2884 oculus
2155 2847 2258 2884 videt
2271 2846 2336 2882 toti
2352 2845 2514 2893 corpori;

1470 2905 1519 2942 ita
1540 2905 1649 2941 etiam
1679 2911 1733 2940 est
1755 2903 1793 2939 in
1811 2901 1986 2951 potentiis
2013 2900 2172 2937 animae.
2194 2900 2295 2935 Nam
2312 2898 2517 2934 intellectus

1471 2957 1635 3005 intelligit
1662 2969 1740 2993 non
1768 2956 1891 2992 solum
1919 2954 1999 3000 sibi,
2025 2953 2091 2989 sed
2120 2951 2295 2988 omnibus
2322 2950 2516 2999 potentiis;

1473 3019 1509 3047 et
1525 3011 1700 3047 voluntas
1719 3008 1799 3045 vult
1822 3019 1899 3043 non
1919 3007 2042 3043 solum
2062 3005 2141 3051 sibi,
2172 3005 2237 3040 sed
2257 3002 2432 3039 omnibus
2451 3015 2518 3051 po-

1471 3063 1605 3100 tentiis.
1627 3063 1675 3098 Et
1693 3061 1779 3098 ideo
1798 3061 1915 3096 homo
1944 3059 2104 3106 imperat
2132 3057 2200 3093 sibi
2218 3056 2288 3105 ipsi
2308 3062 2432 3092 actum
2451 3067 2519 3091 vo—

1473 3115 1638 3160 luntatis,
1668 3114 1891 3161 inquantum
1920 3118 1974 3147 est
2001 3110 2207 3157 intelligens
2236 3116 2271 3145 et
2297 3108 2442 3144 volens.

1525 3170 1583 3205 AD
1611 3178 1769 3203 TERTmM
1796 3175 1978 3201 D1CENDUM
2001 3162 2116 3212 quod,
2137 3174 2224 3199 curn
2251 3160 2451 3209 imperium
2476 3159 2520 3196 sit

1474 3229 1578 3258 actus
1606 3218 1777 3265 rationis,
1811 3217 1870 3253 ille
1907 3224 2010 3253 actus
2047 3215 2269 3264 imperatur,
2298 3213 2361 3262 qui
2389 3212 2520 3249 rationi

1474 3273 1654 3311 subditur.
1682 3271 1832 3308 Primus
1861 3276 1987 3305 autern
2013 3266 2215 3305 voluntatis
2238 3273 2341 3302 actus
2360 3277 2438 3301 non
2467 3271 2521 3300 est

1476 3339 1520 3364 ex
1548 3324 1699 3363 rationis
1728 3322 1974 3369 ordinatione,
2004 3321 2069 3358 sed
2098 3332 2143 3356 ex
2162 3319 2334 3356 instinctu
2353 3325 2518 3362 naturae,

1475 3387 1538 3416 aut
1555 3384 1570 3407 Υ
1599 3375 1799 3426 superioris
1819 3386 1967 3420 causae,
1986 3381 2028 3410 ut
2046 3385 2159 3421 supra
2176 3371 2196 3393 '¹‘
2224 3371 2362 3408 dictum
2383 3377 2447 3406 est.
2472 3369 2521 3404 Et

1474 3433 1559 3470 ideo
1588 3443 1666 3467 non
1694 3434 1842 3477 oportet
1873 3426 1976 3476 quod
2003 3426 2041 3462 in
2072 3424 2257 3461 infinitum
2286 3422 2519 3471 procedatur.

424 3555 450 3586 α)
471 3554 548 3578 alius.
565 3566 585 3572 -
603 3552 698 3584 aliquis
718 3551 794 3575 Ρα.-
812 3551 862 3574 Pro
881 3550 1001 3578 rationis,
1021 3549 1164 3574 voluntatis
1183 3549 1226 3573 sB.

425 3589 449 3622 β)
470 3593 506 3613 ut.
526 3603 542 3607 -
561 3589 598 3612 ita
619 3591 647 3611 ut
666 3585 865 3617 ABCDGILpH.

513 3642 620 3665 Sunium:
640 3639 740 3663 Timor„
759 3639 790 3662 D.
805 3638 917 3661 ΤΗοὶιΑΕ
936 3637 966 3661 Τ,
986 3637 1024 3661 111.

1447 3546 1451 3610 Ι

1529 3547 1554 3579 γ)
1575 3549 1699 3574 naturae,
1718 3546 1774 3568 aut.
1793 3557 1811 3562 -
1830 3543 1889 3566 Om.
1905 3537 2167 3569 ABCEFGHIKLpD.

2352 3620 2382 3645 1ss

2532 983 2741 1031 :ewa

2532 1042 2555 1057 V·

2536 2064 2546 2074 ¹
2561 2063 2588 2085 D.
2603 2069 2648 2091 77¹.

2540 2218 2549 2226 ·
2563 2217 2590 2237 D.
2605 2222 2651 2243 725.

2551 3400 2558 3407 ¹
2576 3397 2623 3424 Qu.
2638 3404 2670 3423 tx,
2681 3400 2723 3418 nrt.
2731 3402 2756 3423 4.
