2846 4146
995 253 1260 299 QUAESTIO
1290 255 1392 302 LXI,
1421 255 1715 292 ARTICULUS
1743 256 1778 292 V

68 337 278 386 aff’mmb'm
304 328 556 377 passionibus
577 329 688 366 Unde
706 330 877 368 Plotinus
898 331 985 368 dicit
1002 332 1023 353 ²⁸
1042 331 1146 381 quod
1167 333 1362 381 passiones

67 1888 83 1899 ⁶
94 1868 179 1911 Aac-'1-

299 381 476 430 politicae
502 381 654 418 virtutes
681 382 862 429 molliunt,
882 383 978 421 idest
996 385 1043 421 ad
1063 384 1233 422 medium
1252 385 1361 422 redu-

307 440 416 480 cunt;
430 433 627 479 secundae,
648 433 787 471 scilicet
803 436 1053 483 purgatoriae,
1073 438 1272 485 auferunt;
1291 444 1362 474 ter-

306 486 396 531 tiae,
424 498 522 535 quae
550 493 637 523 sunt
669 487 815 535 purgati
844 488 980 535 animi,
1009 490 1296 532 obliviscuntum·
1323 491 1360 527 in

307 538 470 586 quartis,
501 538 641 575 scilicet
676 541 953 588 exemplaribus
972 539 1001 588 ⁰,
1031 543 1138 590 nefas
1165 548 1219 579 est
1244 543 1362 579 nomi—

307 591 404 628 nari.
425 611 448 618 -
470 591 659 638 Quamvis
688 591 760 628 dici
784 593 902 640 possit
929 595 1033 641 quod
1052 594 1215 642 loquitur
1232 595 1293 631 hic
1313 595 1360 632 de

305 642 546 692 passionibus
583 644 794 681 secundum
831 646 936 694 quod
973 646 1183 693 significant
1216 647 1361 695 aliquos

307 695 541 733 inordinatos
570 703 709 733 motus.

359 749 419 785 At>
433 759 596 785 TERTIUM
615 760 798 787 mcENDUM
818 750 922 798 quod
942 750 1114 787 deserere
1143 763 1201 788 res
1229 752 1361 788 huma-

307 811 375 836 nas
401 799 469 836 ubi
496 801 696 838 necessitas
725 801 943 851 imponitur,
968 803 1146 839 vitiosum
1167 810 1241 840 est:
1272 804 1362 841 alias

308 858 363 888 est
388 851 611 890 virtuosum.
641 854 750 891 Unde
773 867 908 903 parum
936 867 1050 903 supra
1083 855 1230 892 Tullius
1257 852 1363 904 prae-

306 903 437 941 mittit:
460 905 536 941 His
542 907 710 953 forsitan
731 907 1005 944 concedendum
1025 913 1078 944 est
1095 908 1363 955 rempublicam

308 968 382 993 non
407 959 689 1005 capessentibus,
710 960 776 1008 qui
792 959 987 996 excellenti
1003 959 1153 1009 ingenio
1173 960 1364 997 doctrinae

305 1020 346 1045 se
372 1009 572 1054 dederunt;
599 1017 634 1048 et
659 1012 716 1048 his
743 1013 809 1060 qui
833 1018 901 1048 aut
930 1011 1150 1048 valetudinis
1177 1013 1364 1050 imbecilli-

307 1066 391 1107 tate,
420 1068 487 1098 aut
512 1063 639 1111 aliqua
666 1065 841 1114 graviori
867 1076 981 1101 causa
1010 1064 1184 1112 impediti,
1212 1077 1236 1101 a
1256 1077 1364 1113 repu-

307 1113 403 1150 blica
429 1123 675 1161 recesserunt;
703 1129 788 1154 cum
817 1117 894 1153 eius
921 1117 1239 1154 administrandae
1260 1124 1363 1166 pote-

2394 257 2467 304 399

1413 339 1543 370 statem
1576 334 1659 371 aliis
1691 333 1911 384 laudemque
1939 336 2189 373 concederent.
2229 336 2344 383 Quod
2378 348 2468 373 con-

1414 394 1524 423 sonat
1539 386 1572 423 ei
1591 386 1696 435 quod
1715 388 1947 435 Augustinus
1968 387 2064 435 dicit,
2080 390 2170 425 XIX
2185 389 2230 425 de
2249 389 2327 426 Civ.
2345 389 2419 426 Dei
2429 389 2464 426 *ε

1419 439 1541 476 Otium
1559 445 1729 491 sanctum
1749 441 1896 488 quaerit
1912 441 2048 477 caritas
2066 441 2249 484 veritatis,·
2277 442 2466 491 negotium

1414 491 1549 528 iustum
1567 492 1718 540 suscipit
1730 493 1925 529 necessitas
1938 493 2113 530 caritatis.
2137 493 2259 534 Quam
2278 494 2467 530 sarcinam

1413 544 1447 580 si
1477 544 1600 581 nullus
1632 545 1806 592 imponit,
1834 545 2098 593 percipiendae
2130 551 2240 593 atque
2273 546 2468 582 intuendae

1413 596 1625 633 vacandum
1644 602 1698 633 est
1714 598 1862 634 veritati
1869 611 1882 634 .·
1908 598 1942 634 si
1967 603 2090 634 autem
2119 598 2331 645 imponitur,
2355 599 2467 634 susci-

1409 649 1547 696 pienda
1575 655 1646 695 est,
1668 655 1825 697 propter
1851 650 2015 687 caritatis
2043 650 2303 686 necessitatem.

1467 702 1524 737 AD
1554 712 1725 743 QUARTUM
1753 714 1935 740 mcaNDUM
1955 703 2060 750 quod
2087 703 2167 739 sola
2187 702 2321 739 iustitia
2341 702 2467 749 legalis

1416 753 1553 789 directe
1583 754 1731 802 respicit
1749 755 1894 791 bonum
1923 767 2149 791 commune:
2179 755 2246 791 sed
2265 767 2333 803 per
2351 754 2468 802 impe-

1416 805 1514 841 rium
1543 817 1677 842 omnes
1705 806 1794 843 alias
1821 807 1978 851 virtutes
2010 807 2058 844 ad
2087 808 2232 844 bonum
2262 818 2466 843 commune

1415 857 1536 903 trahit,
1556 865 1598 894 ut
1616 858 1653 894 in
1668 859 1703 894 V
1716 859 1835 896 Ethic.
1850 859 1870 881 '¹‘
1890 859 1976 896 dicit
1994 859 2259 908 Philosophus.
2279 860 2348 896 Est
2366 859 2466 895 enim

1416 909 1733 946 considerandum
1762 912 1866 958 quod
1895 913 1941 949 ad
1960 912 2128 960 politicas
2147 912 2314 958 virtutes,
2335 923 2467 955 secun-

1417 962 1508 998 dum
1530 962 1631 1010 quod
1662 962 1722 999 hic
1748 963 1931 1011 dicuntur,
1952 965 2110 1012 pertinet
2129 977 2207 1001 non
2226 965 2349 1001 solum
2368 965 2466 1000 bene

1417 1014 1566 1062 operari
1594 1015 1642 1051 ad
1671 1027 1887 1061 commune,
1918 1017 1984 1053 sed
2004 1017 2115 1053 etiam
2134 1017 2232 1053 bene
2253 1016 2400 1065 operari
2419 1017 2467 1053 ad

1416 1074 1541 1115 partes
1561 1067 1788 1113 communis,
1810 1068 1947 1105 scilicet
1966 1069 2012 1105 ad
2029 1070 2200 1116 domum,
2220 1069 2282 1105 vel
2301 1069 2467 1117 aliquam

1418 1119 1645 1166 singularem
1675 1131 1890 1167 personam.

358 1261 383 1296 θ)
402 1263 428 1288 in
448 1264 558 1296 quartis,
578 1264 676 1289 scilicet
694 1263 899 1296 exemplaribus.
917 1278 935 1282 —
953 1267 1064 1296 quartas
1083 1264 1181 1289 scilicet
1200 1265 1367 1296 exemplares
1387 1266 1426 1289 ed.
1446 1272 1479 1294 ας
1498 1266 1523 1290 in
1544 1273 1596 1291 om.
1617 1266 1726 1291 codices.

977 1358 1307 1391 Commentariis.
1328 1359 1577 1392 cardinalis
1598 1361 1798 1393 Caietani

337 1438 522 1488 uaeorpo'r‘e‘
538 1434 661 1478 articuli
690 1446 793 1486 quinti
821 1446 961 1476 eiusdem
989 1446 1182 1486 quaestionis
1214 1445 1363 1485 sexagesi-

309 1459 547 1532 Imaeprimae,
574 1490 699 1520 adverte
722 1490 811 1530 quod
834 1489 991 1520 distinctio
1013 1489 1167 1519 virtutum
1193 1488 1364 1519 moralium

270 1573 274 1577 ·
306 1535 340 1566 in
362 1534 530 1576 politicas,
544 1533 739 1575 purgatorias
763 1539 794 1564 et
816 1533 940 1573 purgati
963 1532 1075 1568 animi,
1095 1542 1161 1562 non
1184 1538 1231 1562 est
1257 1532 1364 1562 distin-

307 1579 371 1611 ctio
392 1579 547 1610 virtutum
569 1578 746 1609 secundum
768 1577 949 1613 essentiam;
974 1577 1028 1607 sed
1044 1576 1220 1607 secundum
1236 1582 1362 1612 statum,

307 1629 340 1654 et
360 1629 448 1654 actus
470 1622 707 1663 perfectionem.
732 1621 846 1652 Illimet
874 1630 1012 1662 namque
1034 1620 1159 1651 habitus
1182 1620 1238 1661 qui
1265 1620 1363 1649 modo

307 1673 382 1698 sunt
397 1666 527 1698 virtutes
542 1665 699 1707 politicae,
718 1665 793 1706 quia
808 1664 970 1705 passiones
989 1665 1028 1694 ad
1043 1664 1186 1694 medium
1199 1664 1363 1699 reducunt,

307 1709 478 1752 proficiunt
500 1710 657 1741 intantum
681 1715 716 1740 ut
739 1709 900 1749 passiones
923 1708 1078 1744 auferant;
1103 1716 1134 1739 et
1156 1717 1258 1748 usque
1283 1708 1362 1738 adeo

308 1755 491 1790 ascendunt,
515 1761 552 1785 ut
573 1753 758 1794 passionum
782 1753 1028 1789 obliviscantur}
1045 1758 1081 1783 ut
1102 1752 1135 1782 in
1158 1751 1364 1793 responsione

307 1799 349 1830 ad
362 1798 540 1830 secundum
555 1807 592 1828 ex
607 1797 734 1828 Plotino
750 1797 855 1829 habes.
865 1814 886 1820 -
898 1797 991 1827 Potes
1006 1796 1101 1827 etiam
1115 1796 1269 1836 inspicere
1284 1796 1366 1827 hanc

307 1852 375 1874 esse
397 1849 539 1873 mentem
560 1841 719 1878 Auctoris,
735 1851 772 1871 ex
790 1841 852 1871 hoc
874 1841 963 1881 quod
981 1840 1110 1871 virtutes
1129 1840 1254 1880 purgati
1267 1839 1367 1871 animi

307 1886 383 1918 dicit
405 1895 472 1917 esse
495 1886 670 1919 beatorum.
695 1885 829 1916 Constat
851 1885 937 1915 enim
959 1894 996 1915 ex
1019 1894 1073 1924 qu.
1090 1895 1171 1914 van
1189 1884 1206 1903 *
1223 1883 1364 1920 inferius,

308 1930 398 1971 quod
421 1924 551 1961 eaedem
572 1929 702 1959 virtutes
725 1929 860 1959 morales
883 1935 1082 1969 perseverant
1103 1927 1137 1958 in
1156 1928 1264 1968 patria,
1280 1927 1366 1958 diffe-

307 1981 410 2005 rentes
433 1971 609 2005 secundum
632 1979 730 2004 status
753 1972 979 2012 perfectionem
1002 1979 1032 2002 et
1055 1979 1152 2003 actus.
1169 1990 1189 1995 -
1203 1973 1366 2003 Memento

307 2025 415 2049 tamen
437 2017 526 2059 quod
548 2017 600 2048 hic
622 2027 688 2047 non
712 2016 871 2047 distinctas
894 2016 950 2046 has
969 2016 1145 2047 secundum
1166 2016 1334 2047 essentiam
1348 2026 1366 2046 a

307 2061 482 2093 moralibus
505 2061 648 2097 dicimus,
673 2059 972 2101 comprehendendo
996 2060 1054 2090 sub
1074 2059 1246 2091 moralibus
1260 2060 1367 2101 acqui-

309 2106 383 2137 sitas
407 2112 438 2137 et
463 2105 584 2136 infusas
610 2104 755 2135 morales.
787 2104 990 2144 Purgaton'ae
1017 2114 1155 2145 namque
1184 2110 1215 2135 et
1242 2103 1367 2146 purgati

309 2149 407 2181 animi
429 2149 564 2180 morales
587 2148 709 2179 infusae
724 2155 799 2179 sunt
813 2148 989 2178 secundum
1013 2149 1196 2179 essentiam:
1220 2148 1367 2189 politicae

309 2200 417 2225 autem
440 2193 575 2224 morales
597 2192 782 2234 acquisitae,
810 2191 986 2223 secundum
1007 2192 1187 2229 veritatem,
1201 2192 1367 2233 'quidquid

309 2237 453 2269 Plotinus
477 2236 632 2278 putaverit
654 2236 688 2266 in
710 2235 841 2266 homine
864 2235 981 2267 divino.

365 2281 403 2312 11.
427 2282 464 2312 In
485 2280 690 2321 responsione
714 2280 754 2310 ad
776 2280 916 2320 primum
935 2280 1077 2310 eiusdem
1096 2280 1227 2317 articuli,
1244 2280 1368 2310 adverte

310 2326 399 2367 quod
422 2325 550 2361 Scotus‚
573 2325 608 2355 in
630 2324 671 2354 111
694 2324 798 2361 Sem„
823 2323 892 2354 dist.
912 2333 1021 2360 xxxm,
1046 2324 1216 2354 somniavit
1237 2323 1368 2354 virtutes

310 2369 446 2401 morales
468 2378 550 2410 quae
573 2374 647 2398 sunt
669 2367 749 2398 circa
767 2367 947 2407 passiones,
972 2377 1065 2407 posse
1089 2368 1165 2408 poni
1189 2368 1222 2398 in
1251 2365 1369 2407 angelis

310 2420 342 2444 et
363 2413 397 2446 in
418 2413 504 2448 Deo,
529 2411 584 2443 tali
607 2411 737 2442 ratione.
761 2411 902 2451 Angelus
924 2411 958 2441 in
980 2411 1068 2451 puris
1091 2412 1286 2443 naturalibus
1309 2422 1368 2451 po-

309 2463 370 2488 test
392 2456 472 2487 velle
494 2455 572 2486 mihi
602 2456 725 2486 bonum
754 2455 996 2495 temperantiae:
1029 2465 1103 2495 ergo
1135 2455 1168 2485 in
1198 2465 1236 2486 eo
1265 2462 1369 2495 potest

311 2509 378 2532 esse
399 2500 498 2531 virtus
516 2499 750 2539 temperantiae.
770 2499 811 2529 Et
826 2499 937 2529 eadem
959 2499 1079 2529 ratione
1094 2499 1127 2529 in
1142 2500 1222 2535 Deo,
1247 2499 1370 2529 sublata

311 2544 402 2576 omni
426 2543 675 2584 imperfectione.
699 2560 720 2566 -
743 2542 940 2573 Antecedens
963 2543 1127 2582 probatur:
1155 2543 1229 2583 quia
1256 2542 1369 2572 volun-

310 2595 358 2620 tas
381 2587 484 2627 angeli
506 2597 572 2618 non
595 2593 641 2617 est
656 2586 848 2626 imperfecta,
867 2586 910 2616 ita
932 2593 968 2616 ut
984 2592 1128 2626 oporteat
1145 2586 1248 2626 ipsam
1267 2595 1369 2616 carere

311 2632 371 2663 hac
393 2632 478 2662 bona
500 2631 654 2661 volitione
677 2639 733 2660 seu
761 2629 922 2660 electione.
946 2647 967 2652 —
991 2629 1227 2670 Consequentia
1255 2630 1368 2669 proba-

311 2683 376 2706 tur:
402 2674 478 2716 quia
506 2674 575 2705 talis
606 2673 715 2704 electio
746 2680 792 2704 est
822 2680 909 2704 actus
939 2673 1172 2713 temperantiae.
1204 2674 1366 2704 Probatur.

313 2719 383 2759 Ego
413 2718 522 2749 habitu
552 2716 776 2758 temperantiae
806 2716 888 2756 eligo
921 2716 999 2746 mihi
1031 2717 1091 2748 tale
1121 2717 1259 2747 bonum:
1294 2727 1367 2757 ergo

313 2762 456 2794 eiusdem
478 2761 608 2792 rationis
631 2760 741 2791 habitu
764 2767 868 2801 potest
891 2760 970 2790 mihi
986 2761 1117 2801 quilibet
1134 2761 1214 2791 velle
1236 2761 1297 2791 tale
1313 2761 1368 2791 bo-

314 2816 411 2843 num,
442 2805 517 2846 quia
543 2815 598 2846 per
628 2805 706 2835 mihi
728 2811 758 2835 et
781 2805 836 2835 tibi
865 2813 930 2834 non
953 2804 1090 2835 variatur
1117 2804 1196 2835 ratio
1228 2804 1369 2835 formalis

313 2850 449 2881 habitus.

369 2894 539 2930 Praeterea,
560 2893 699 2932 angelus,
717 2898 913 2932 praesentato
930 2891 987 2922 sibi
1003 2902 1059 2932 per
1073 2892 1267 2922 intellectum
1283 2892 1369 2922 obie-

315 2944 366 2969 cto
389 2936 623 2978 temperantiae,
646 2942 752 2976 potest
774 2942 856 2966 recte
874 2935 986 2975 eligere
1009 2935 1088 2976 quid
1110 2935 1168 2966 sibi
1191 2935 1370 2966 faciendum

315 2987 405 3018 esset,
429 2980 455 3011 si
479 2979 682 3012 convenirent
705 2979 762 3010 sibi
786 2979 1007 3009 delectationes
1029 2986 1140 3009 tactus.
1164 2979 1249 3019 Ergo
1267 2986 1372 3020 potest

314 3026 348 3056 in
363 3035 402 3056 eo
419 3034 486 3055 esse
496 3023 622 3055 habitus
635 3022 899 3064 temperantiae.-
909 3023 1075 3053 Probatur:
1093 3023 1168 3063 quia
1179 3032 1216 3053 ex
1227 3022 1371 3064 frequen-

314 3069 386 3100 tatis
408 3067 594 3099 huiusmodi
617 3067 823 3098 electionibus
845 3066 881 3097 fit
902 3066 1117 3107 temperantia.

374 3113 426 3151 111.
450 3112 500 3143 Ad
523 3111 664 3152 primum
679 3111 806 3146 horum,
823 3110 965 3150 neganda
981 3117 1026 3141 est
1042 3110 1178 3151 sequela.
1195 3111 1236 3141 Et
1251 3110 1290 3140 ad
1305 3110 1372 3140 eius

316 3156 554 3197 probationem,
578 3155 760 3195 negandum
782 3160 843 3185 est-
858 3161 1074 3194 assumptum:
1098 3154 1173 3194 quia
1195 3160 1282 3184 actus
1305 3163 1371 3194 quo

316 3200 395 3231 mihi
410 3199 524 3240 aliquis
537 3198 606 3230 vult
620 3199 744 3229 bonum
758 3198 992 3238 temperantiae,
1008 3207 1075 3228 non
1090 3204 1135 3228 est
1150 3204 1238 3228 actus
1252 3204 1371 3237 tempe-

315 3243 443 3280 rantiae,
456 3243 511 3274 sed
525 3242 690 3274 amicitiae.
702 3242 743 3273 Et
759 3252 833 3272 cum
846 3242 1006 3282 probatur,
1023 3241 1107 3279 Quia
1122 3251 1181 3281 ego
1197 3241 1278 3281 eligo
1294 3241 1373 3271 mihi

317 3288 379 3318 hoc
397 3288 521 3318 bonum
535 3296 591 3327 per
605 3285 854 3326 temperantiam,
871 3286 955 3326 Ergo
970 3291 1001 3316 et
1016 3285 1148 3326 quilibet
1163 3285 1250 3321 mihi,
1268 3291 1340 3316 etc.:
1354 3303 1373 3307 -

317 3338 348 3362 et
371 3331 556 3362 antecedens
580 3337 684 3370 potest
707 3329 826 3370 negari;
851 3336 881 3360 et
905 3329 1130 3370 consequentia
1153 3328 1230 3359 nihil
1249 3328 1374 3369 penitus

316 3375 411 3406 valet.
435 3375 632 3406 Antecedens
655 3373 785 3415 quidem
809 3372 921 3410 deficit,
946 3373 1020 3414 quia
1041 3373 1127 3403 aliud
1140 3379 1186 3403 est
1201 3372 1280 3402 velle
1296 3372 1374 3402 mihi

310 3419 442 3452 ,bonum
463 3418 701 3459 temperantiae:
726 3423 756 3448 et
779 3417 864 3448 aliud
886 3416 966 3447 velle
989 3416 1067 3447 mihi
1090 3417 1122 3447 in
1146 3422 1216 3447 actu
1241 3416 1373 3446 exercito

317 3463 442 3493 bonum
466 3462 626 3493 obiectum
654 3461 895 3502 temperantiae,
919 3460 1000 3491 idest
1022 3460 1164 3491 medium
1187 3460 1219 3490 in
1243 3460 1374 3490 delecta-

317 3506 457 3537 tionibus
480 3513 590 3538 tactus.
614 3505 758 3536 Primum
781 3505 867 3535 enim
890 3505 1032 3535 desidero
1054 3504 1131 3534 mihi
1154 3503 1248 3534 etiam
1263 3504 1374 3534 intem-

317 3556 458 3591 peratus:
475 3550 660 3586 secundum,
681 3559 746 3580 non
763 3549 912 3589 primurn,
930 3549 1023 3579 habet
1047 3555 1133 3578 actus
1152 3547 1375 3588 temperantiae

1415 1456 1473 1486 pro
1489 1447 1627 1484 obiecto;
1644 1450 1818 1479 secundum
1834 1458 1952 1481 exercet
1966 1451 2072 1491 ipsum
2087 1453 2308 1492 temperantiae
2322 1460 2438 1484 actum.
2449 1471 2470 1477 —

1416 1490 1508 1520 Unde
1531 1497 1622 1530 potes
1646 1492 1844 1532 distinguere,
1862 1501 1896 1524 ut
1911 1495 1961 1524 vel
1975 1495 2018 1524 sic
2034 1495 2207 1535 intelligant
2222 1497 2361 1527 moralia.
2381 1497 2470 1528 Velle

1415 1533 1539 1563 bonum
1562 1536 1796 1574 temperantiae,
1820 1544 1924 1576 potest
1946 1538 2077 1577 intelligi
2093 1539 2273 1578 dupliciter:
2297 1540 2411 1580 primo,
2435 1548 2472 1572 ut

1417 1583 1463 1606 est
1485 1583 1572 1607 actus
1595 1579 1745 1609 exercitus
1768 1581 2007 1620 temperantiae;
2032 1583 2181 1618 secundo,
2201 1589 2237 1613 ut
2252 1590 2298 1613 est
2313 1591 2400 1614 actus
2414 1594 2470 1614 vo-

1416 1620 1544 1651 luntatis
1561 1621 1678 1652 habens
1693 1633 1751 1662 pro
1768 1623 1890 1654 obiecto
1911 1631 2016 1655 actum
2031 1626 2254 1664 temperantiae
2277 1634 2312 1657 ut
2325 1627 2470 1659 volitum.

1417 1663 1450 1694 Si
1473 1664 1577 1704 primo
1601 1666 1699 1696 modo
1724 1666 1868 1702 sumitur,
1892 1667 1935 1698 sic
1959 1675 2158 1708 assumptum
2181 1676 2227 1699 est
2248 1679 2367 1706 verum,
2383 1672 2472 1711 quod

1418 1717 1476 1748 ego
1500 1708 1578 1738 mihi
1593 1709 1668 1739 volo
1685 1709 1746 1740 hoc
1769 1710 1890 1740 bonum
1913 1721 1969 1751 per
1990 1711 2133 1742 habiturn
2155 1714 2387 1752 temperantiae.
2412 1714 2473 1744 Sed

1417 1752 1546 1792 sequela
1568 1752 1646 1782 nihil
1670 1753 1794 1793 penitus
1817 1754 1907 1785 valet.
1932 1755 2015 1792 Quia
2030 1755 2154 1786 habitus
2169 1757 2391 1796 temperantiae
2407 1767 2473 1788 non

1417 1795 1477 1826 nisi
1501 1796 1540 1826 ad
1563 1796 1731 1827 habentem
1758 1807 1790 1827 se
1814 1798 1963 1828 extendit:
1987 1805 2057 1829 tum
2085 1799 2159 1839 quia
2182 1806 2228 1830 est
2251 1800 2413 1836 elecfivus,
2439 1811 2474 1831 ac

1417 1849 1473 1880 per
1497 1839 1558 1870 hoc
1578 1850 1691 1871 eorum
1709 1848 1833 1872 tantum
1855 1851 1937 1882 quae
1952 1842 1985 1872 in
2001 1849 2107 1873 nostra
2125 1850 2199 1874 sunt
2212 1850 2380 1883 potestate;
2404 1851 2474 1875 tum

1418 1883 1494 1924 quia
1517 1884 1640 1915 bonum
1662 1885 1764 1915 reddit
1786 1885 1969 1924 habentem,
1990 1893 2020 1916 et
2042 1896 2124 1926 opus
2153 1887 2219 1917 eius
2246 1888 2383 1924 bonum,
2407 1898 2474 1918 non

1418 1926 1562 1965 alterius;
1586 1934 1656 1959 tum
1679 1928 1754 1969 quia
1777 1935 1823 1959 est
1846 1929 1975 1969 agibilis,
2000 1940 2065 1970 quo
2090 1940 2148 1960 nos
2172 1931 2474 1962 sumus‘formaliter

1418 1971 1507 2012 boni,
1529 1977 1560 2003 et
1581 1981 1648 2002 non
1672 1979 1718 2003 est
1741 1973 1821 2003 sicut
1837 1983 1884 2003 ars
1900 1972 2097 2004 bonificativa
2114 1974 2256 2005 factibilis
2271 1982 2354 2006 extra
2368 1986 2436 2006 nos.
2453 1993 2474 1998 -

1419 2015 1514 2048 Unde
1536 2025 1611 2046 cum
1633 2015 1747 2047 dicitur
1769 2017 1858 2057 quod
1881 2027 1936 2057 per
1954 2018 2031 2048 mihi
2050 2025 2079 2048 et
2095 2018 2150 2048 tibi
2165 2028 2230 2048 non
2245 2019 2380 2050 variatur
2395 2019 2472 2050 ratio

1419 2059 1562 2091 formalis
1589 2060 1730 2096 habitus,
1754 2061 1962 2100 respondetur
1984 2061 2072 2101 quod
2100 2061 2214 2092 falsum
2238 2069 2297 2093 est:
2323 2063 2397 2103 quia
2419 2073 2475 2103 per

1421 2103 1500 2134 mihi
1520 2110 1551 2134 et
1565 2103 1629 2141 tibi,
1649 2103 1730 2134 idest
1748 2105 1780 2134 in
1796 2114 1846 2135 me
1862 2111 1892 2135 et
1907 2110 1999 2135 extra
2016 2115 2075 2142 me,
2091 2105 2226 2136 variatur
2240 2106 2318 2137 ratio
2334 2106 2475 2136 formalis

1420 2154 1452 2178 et
1473 2147 1615 2188 generica
1638 2147 1774 2179 habitus.
1797 2148 1889 2179 Unde
1912 2149 2041 2179 virtutes
2063 2149 2197 2179 morales
2217 2150 2255 2180 ab
2278 2150 2395 2180 artibus
2414 2151 2474 2180 dis-

1420 2191 1607 2232 tinguuntur
1622 2201 1744 2231 genere,
1761 2192 1836 2232 quia
1854 2192 1925 2223 illae
1941 2199 2015 2223 sunt
2037 2193 2103 2223 eius
2127 2193 2215 2233 quod
2228 2193 2261 2223 in
2277 2203 2338 2230 me,
2355 2200 2385 2224 et
2399 2194 2475 2224 istae

1421 2236 1488 2272 eius
1512 2236 1600 2276 quod
1624 2243 1717 2272 extra,
1748 2242 1784 2266 ut
1806 2242 1891 2276 patet
1913 2236 1945 2266 in
1968 2237 2010 2267 VI
2033 2237 2135 2267 Ethic.
2151 2237 2168 2256 *
2186 2237 2226 2267 Et
2248 2237 2354 2273 miror,
2374 2237 2474 2268 immo

1421 2288 1549 2320 stupeo,
1574 2280 1740 2320 quomodo
1764 2279 1795 2309 in
1819 2286 1958 2310 mentem
1981 2280 2076 2310 huius
2100 2281 2184 2311 docti
2206 2281 2263 2310 viri
2286 2282 2393 2312 cadere
2418 2291 2474 2321 po-

1421 2324 1481 2354 tuit
1503 2323 1561 2354 ista
1584 2323 1776 2363 propositio:
1802 2333 1876 2354 cum
1899 2331 2020 2355 constet
2042 2325 2131 2364 quod
2153 2324 2357 2364 intemperata
2377 2332 2476 2355 mater

1421 2367 1489 2398 vult
1505 2374 1535 2397 et
1550 2374 1682 2398 conatur
1699 2367 1798 2397 filiam
1813 2368 1925 2398 habere
1945 2375 2070 2404 castam,
2088 2378 2152 2398 non
2167 2378 2223 2408 per
2237 2369 2381 2399 habitum
2396 2376 2475 2399 tem-

1422 2411 1594 2451 perantiae,
1619 2418 1655 2442 ut
1677 2417 1775 2452 patet;
1799 2421 1857 2442 nec
1880 2421 1936 2452 per
1958 2418 2062 2442 actum
2086 2412 2318 2452 temperantiae,
2342 2412 2416 2453 quia
2439 2423 2476 2443 ex

1422 2455 1625 2496 frequentatis
1648 2455 1833 2485 huiusmodi
1849 2455 2053 2486 volitionibus
2069 2462 2099 2486 et
2115 2456 2278 2486 conatibus
2294 2466 2365 2496 erga
2378 2455 2476 2486 filiam

1422 2506 1556 2535 tantum,
1576 2509 1742 2539 nunquam
1764 2499 1831 2538 ipsa
1854 2506 1953 2529 mater
1975 2498 2028 2529 fiet
2052 2505 2142 2529 casta.

1478 2542 1510 2572 Si
1533 2552 1607 2572 vero
1631 2542 1770 2572 secundo
1794 2543 1892 2572 modo
1917 2542 2160 2577 sumatur,·iam
2184 2552 2220 2572 ex
2244 2542 2331 2573 dictis
2355 2549 2476 2573 constat

1422 2586 1510 2625 quod
1526 2586 1569 2615 sic
1585 2585 1664 2615 velle
1679 2586 1801 2615 bonum
1824 2585 2055 2625 temperantiae,
2076 2586 2140 2616 sive
2162 2586 2195 2615 in
2219 2596 2251 2616 se
2274 2586 2338 2616 sive
2353 2585 2385 2615 in
2401 2586 2473 2622 alio,

1422 2639 1488 2659 non
1511 2636 1558 2659 est
1580 2635 1667 2659 actus
1686 2629 1923 2668 temperantiae;
1948 2629 2002 2659 sed
2025 2630 2140 2659 amoris
2160 2629 2308 2660 naturalis
2332 2630 2370 2659 ad
2387 2639 2428 2665 se,
2446 2636 2476 2660 et

1422 2672 1575 2703 amicitiae
1599 2673 1638 2702 ad
1660 2673 1802 2703 alterum.

1477 2717 1529 2747 IV.
1554 2716 1605 2746 Ad
1627 2715 1830 2746 secundum*
1845 2716 1957 2747 dicitur
1980 2717 2068 2757 quod
2090 2717 2227 2747 velleitas
2249 2716 2301 2746 illa
2324 2727 2387 2757 qua
2405 2717 2476 2757 quis

1423 2760 1572 2790 deliberat
1595 2769 1627 2790 se
1650 2759 1693 2790 sic
1717 2760 1890 2790 electurum
1913 2767 1943 2790 et
1966 2759 2122 2791 facturum
2146 2760 2171 2790 si
2194 2760 2251 2790 sibi
2281 2760 2473 2796 conveniret,

1423 2804 1479 2834 etsi
1497 2803 1535 2834 sit
1551 2810 1637 2834 actus
1653 2805 1757 2834 bonus
1772 2804 1822 2834 vel
1835 2804 1938 2834 malus
1954 2804 2121 2840 moraliter,
2139 2810 2169 2834 et
2183 2804 2222 2833 ad
2238 2804 2373 2843 speciem
2393 2804 2476 2834 illius

1424 2847 1537 2879 obiecti
1560 2847 1731 2887 pertinens;
1748 2857 1814 2877 non
1830 2854 1876 2878 est
1891 2854 1996 2878 tamen
2012 2854 2098 2878 actus
2117 2847 2200 2877 illius
2219 2847 2356 2883 habitus;
2374 2857 2476 2888 neque

1424 2891 1589 2931 perfectus,
1606 2891 1661 2932 qui
1676 2891 1796 2922 elicitur
1818 2892 1856 2921 ab
1875 2891 1993 2927 habitu,
2011 2901 2112 2931 neque
2127 2891 2337 2931 imperfectus,
2356 2891 2410 2931 qui
2425 2901 2476 2931 ge-

1425 2942 1511 2966 nerat
1534 2935 1678 2965 habitum
1701 2935 1928 2975 frequentatus;
1950 2942 1984 2965 ut
2000 2942 2084 2974 patet
2099 2935 2138 2964 de
2152 2934 2260 2965 habitu
2277 2934 2477 2974 magnificen-

1425 2979 1495 3010 tiae.
1526 2979 1680 3015 Quamvis
1708 2979 1792 3009 enim
1820 2988 1940 3018 pauper
1970 2978 2147 3018 frequenter
2175 2978 2321 3008 deliberet
2343 2989 2375 3009 se
2398 2978 2477 3008 velle

1425 3021 1590 3062 magnifica
1609 3022 1708 3053 facere
1731 3022 1756 3052 si
1780 3029 1895 3062 posset,
1912 3031 2076 3062 nunquam
2091 3029 2196 3052 tamen
2215 3028 2324 3062 postea
2341 3022 2397 3052 erit
2412 3032 2477 3052 ma-

1425 3065 1557 3106 gnificus
1581 3065 1694 3095 nisi'in
1719 3066 1867 3106 potentia,
1892 3065 2036 3106 quamvis
2059 3065 2248 3106 propinqua,
2269 3072 2304 3096 ut
2319 3065 2431 3096 dicitur
2444 3065 2477 3095 in

1426 3111 1469 3140 IV
1491 3110 1593 3140 Ethic.
1609 3107 1625 3124 *
1644 3110 1685 3139 Et
1707 3109 1785 3140 ratio
1809 3109 1982 3149 assignatur
2005 3119 2040 3139 ex
2060 3109 2086 3139 11
2109 3109 2212 3140 Ethic.
2228 3109 2275 3139 **:
2296 3109 2369 3150 quia
2388 3109 2478 3139 fabri-

1427 3154 1527 3184 cando
1540 3153 1627 3189 fabri,
1641 3153 1825 3183 abstinendo
1841 3153 2038 3188 abstinentes,
2053 3152 2145 3183 fortia
2157 3153 2318 3193 operando
2331 3153 2436 3189 fortes,
2449 3159 2480 3183 et
2506 3167 2526 3175 ·-

1426 3196 1640 3228 universaliter
1662 3196 1749 3237 ipsos
1772 3203 1858 3227 actus
1881 3196 2034 3227 virtutum
2049 3197 2230 3233 exercendo,
2248 3203 2278 3227 et
2293 3206 2358 3226 non
2374 3197 2479 3226 solum

1426 3240 1573 3277 volendo,
1589 3240 1720 3271 virtuosi
1735 3239 1900 3276 efficimur;
1918 3240 1968 3270 cui
1985 3247 2091 3271 autem
2110 3240 2196 3270 deest
2214 3240 2342 3270 materia
2357 3239 2479 3270 virtutis

1427 3284 1568 3320 alicuius,
1594 3293 1658 3314 non
1681 3290 1785 3324 potest
1807 3294 1839 3314 se
1863 3294 2001 3314 exercere
2019 3284 2052 3314 in
2069 3290 2139 3314 actu
2155 3284 2238 3314 illius
2254 3283 2384 3318 virtutis,
2409 3283 2480 3313 licet

1428 3328 1527 3368 possit
1544 3327 1690 3368 appetere
1705 3327 1886 3358 exercitium
1901 3327 1988 3358 illud.
2013 3328 2054 3358 Et
2069 3334 2242 3368 propterea,
2263 3327 2342 3357 sicut
2358 3327 2477 3366 magni-

1428 3371 1550 3403 ficentia
1566 3381 1631 3402 non
1644 3378 1808 3411 generatur
1822 3371 1855 3401 in
1870 3381 1909 3402 eo
1925 3371 1981 3412 qui
1996 3381 2128 3411 magnos
2144 3377 2290 3411 sumptus
2312 3380 2378 3400 non
2397 3380 2478 3400 exer-

1429 3422 1486 3452 cet,
1503 3415 1648 3456 quamvis
1662 3415 1755 3446 vellet
1771 3415 1795 3445 si
1811 3421 1934 3455 posset;
1958 3415 2000 3445 ita
2015 3414 2219 3454 temperantia
2235 3424 2301 3444 non
2315 3420 2480 3453 generatur

1429 3460 1460 3489 in
1486 3469 1524 3489 eo
1542 3459 1596 3499 qui
1617 3459 1884 3499 concupiscentias
1908 3458 2136 3489 delectabilium
2158 3464 2257 3488 tactus
2280 3467 2345 3487 non
2369 3457 2479 3487 mode-

1429 3509 1522 3539 ratur,
1535 3502 1678 3543 quamvis
1695 3503 1788 3533 vellet
1800 3503 1824 3532 si
1837 3509 1952 3542 posset.
1963 3520 1982 3525 -
1993 3503 2032 3533 Et
2044 3501 2186 3542 quamvis
2202 3501 2385 3531 huiusmodi
2401 3500 2479 3530 velle

1431 3547 1456 3577 si
1479 3554 1595 3587 posset,
1620 3546 1652 3576 in
1676 3546 1766 3577 nobis
1785 3547 1824 3576 ad
1845 3547 1974 3576 eandem
1996 3545 2133 3586 speciem
2148 3545 2312 3575 reducatur
2328 3545 2367 3574 ad
2383 3554 2479 3584 quatu

2495 399 2504 407 ·
2519 397 2575 425 cap.
2591 404 2640 419 xix.

2494 870 2504 881 ⁴·
2510 869 2565 891 Loc.
2572 869 2610 891 cit.
2616 870 2639 892 iu
2645 876 2702 898 arg„

2494 901 2518 917 n.
2533 902 2564 922 ¹4·

2503 2246 2511 2254 '
2531 2245 2587 2271 cap.
2608 2251 2638 2271 iv,
2658 2251 2679 2266 v.
2701 2255 2712 2261 -

2502 2271 2583 2319 ¹sz'l'h.
2603 2272 2653 2293 lect.
2674 2277 2708 2298 ιιι,

2504 2726 2513 2734 ·
2528 2724 2564 2746 cf.
2578 2730 2642 2746 num.
2657 2730 2682 2746 ιι.

2506 3114 2587 3161 §.C-iffi.
2592 3119 2657 3162 ¹¹10&
2666 3120 2712 3161 ¹311?

2545 3165 2577 3187 Ca
2595 3181 2600 3186 .
2622 3172 2638 3192 1,
2653 3172 2675 3187 n.
2698 3173 2715 3192 4

2505 3197 2569 3239 seqe
2591 3191 2644 3214 .Th.
2660 3193 2713 3214 lect.
