2846 4146
100 635 109 645 ⁶
123 634 190 656 Vers.
205 639 227 661 7.

98 846 110 857 ⁴¹
124 845 189 867 Vers.
205 851 224 870 2,
238 851 259 873 3.

98 1266 109 1276 ¹
122 1263 191 1286 Vera.
204 1269 241 1291 ²9·

98 1371 110 1380 ·
123 1369 189 1391 Ven.
204 1374 234 1391 12.

96 1736 108 1746 ·
123 1734 190 1758 Van.
203 1741 224 1762 a,
237 1741 259 1764 3.

93 2155 110 2202 ‘⁶
121 2154 171 2182 Qu.
181 2159 214 2181 ix,
229 2157 270 2176 nrt.
281 2161 305 2181 4,

93 2247 305 2275 *Bibit-Eadem„

92 2274 304 2303 nuvae-pan,

92 2307 119 2324 n.
133 2306 162 2324 πο
177 2307 229 2329 ης.

989 238 1254 283 QUAESTIO
1284 238 1466 284 LXVIII,
1495 238 1789 275 ARTICULUS
1819 240 1833 274 I

337 314 447 359 dona,
463 314 648 351 'dixerunt
676 314 779 361 quod
808 314 960 351 virtutes
985 315 1204 351 ordinantur
1223 315 1271 351 ad
1290 316 1388 351 bene

337 366 585 415 operandum,
615 365 716 402 dona
742 379 835 403 vero
865 367 914 403 ad
941 367 1189 404 resistendum
1218 367 1389 403 tentatio-

335 419 458 456 nibus.
475 440 499 446 -
515 418 592 455 Sed
610 430 680 455 nec
699 418 768 455 ista
788 419 973 456 distinctio
990 419 1135 456 sufficit.
1158 419 1256 466 Quia
1276 419 1387 456 etiam

335 471 490 507 virtut'es
501 470 765 508 tentationibus
776 472 962 518 resistunt,
973 472 1236 514 inducentibus
1247 472 1294 508 ad
1304 484 1389 519 pec-

336 531 429 570 cata,
446 535 544 571 quae
565 523 836 560 contrariantur
850 524 1065 560 virtutibus:
1083 524 1388 572 unumquodque

337 575 439 612 enim
459 576 593 612 resistit
611 575 825 612 naturaliter
840 589 910 613 suo
931 577 1128 613 contrario.
1151 576 1266 622 Quod
1280 588 1388 624 prae-

336 628 445 676 cipue
458 635 562 676 patet
577 628 623 664 de
639 628 800 675 caritate,
818 629 863 664 de
879 641 954 676 qua
968 629 1101 666 dicitur
1121 629 1260 664 Cantic.
1277 627 1392 672 vu1*:‚

334 681 468 729 Aquae
493 680 632 717 multae
658 692 731 716 non
751 686 928 728 poterunt
944 682 1164 730 extinguere
1183 680 1386 716 caritatem.

387 732 461 769 Alii
479 745 585 779 vero,
607 732 886 770 considerantes
906 734 1010 780 quod
1029 733 1098 770 ista
1118 734 1218 769 dona
1236 732 1388 769 tradun-

335 793 394 822 tur
420 785 459 821 in
478 785 668 833 Scriptura
689 786 898 822 secundum
932 786 1037 834 quod
1055 786 1206 822 fuerunt
1224 785 1263 821 in
1282 784 1388 820 Chri-

337 845 406 884 sto,
427 845 467 873 ut
485 844 587 886 patet
607 838 722 874 Isaiae
737 849 771 874 X1
786 837 822 883 *3
844 838 1016 874 dixerunt
1034 837 1139 885 quod
1153 837 1309 873 virtutes
1330 849 1390 872 or-

337 889 512 927 dinantur
526 890 742 938 simpliciter
756 890 803 927 ad
815 891 911 926 bene
927 890 1183 938 operandum;
1206 889 1272 925 sed
1288 889 1389 924 dona

336 942 556 980 ordinantur
583 943 633 980 ad
659 943 734 979 hoc
751 950 793 978 ut
814 954 883 990 per
903 954 946 978 ea
980 942 1264 979 conformemur
1284 941 1389 977 Chri-

336 1002 409 1041 sto,
438 995 640 1044 praecipue
670 1002 852 1043 quantum
881 994 929 1030 ad
959 1006 1003 1030 ea
1030 1006 1127 1042 quae
1154 1006 1288 1042 passus
1317 1001 1387 1039 est,

337 1047 423 1096 qula
451 1047 489 1084 in
515 1048 692 1096 passione
721 1047 799 1083 eius
827 1046 1030 1094 praecipue
1048 1046 1268 1083 huiusmodi
1289 1046 1390 1082 dona

335 1100 660 1148 resplenduerunt.
681 1121 705 1127 -
724 1100 800 1136 Sed
819 1100 894 1135 hoc
913 1100 1023 1135 etiam
1044 1111 1122 1135 non
1139 1099 1289 1135 videtur
1308 1110 1389 1134 esse

335 1152 537 1190 sufficiens.
568 1152 668 1199 Quia
694 1151 774 1199 ipse
802 1151 994 1188 Dominus
1018 1151 1220 1199 praecipue
1240 1163 1310 1186 nos
1337 1150 1391 1186 in-

337 1205 439 1242 ducit
466 1205 514 1242 ad
543 1205 599 1241 sui
628 1203 929 1241 conformitatem
965 1204 1175 1240 secundum
1204 1203 1390 1239 humilita-

335 1265 412 1295 tem
432 1265 467 1294 et
485 1256 828 1302 mansuetudinem,
849 1257 981 1292 Matth.
1002 1268 1037 1292 xl
1055 1255 1090 1291 *ε
1115 1255 1254 1292 Discite
1276 1267 1299 1291 a
1319 1267 1390 1300 me,

336 1311 424 1358 quia
442 1310 539 1346 mitis
556 1322 639 1346 sum
658 1314 695 1345 et
709 1308 858 1345 humilis
877 1309 1008 1352 corde‚·
1036 1315 1078 1358 et·
1091 1307 1301 1344 secundum
1331 1320 1390 1343 ca-

336 1362 495 1408 ritatem,
522 1369 565 1398 ut
592 1363 695 1398 Ioan.
715 1372 764 1396 xv
782 1360 817 1396 ³⁸:
837 1360 1014 1409 Diligatis
1034 1360 1203 1405 invicem,
1223 1360 1318 1395 sicut
1339 1360 1391 1395 di-

335 1414 435 1463 132⁹&ss
436 1425 515 1456 pm.
544 1414 598 1450 Εἴ
614 1414 687 1450 hae
707 1412 821 1448 etiam
839 1412 996 1448 virtutes
1028 1412 1230 1459 praecipue
1250 1412 1287 1447 in
1307 1423 1392 1459 pas-

278 1478 281 1479 ’
336 1464 444 1504 sione
472 1465 610 1502 Christi
637 1465 864 1502 refulserunt
881 1461 906 1500 δ.

388 1520 438 1556 Et
464 1511 629 1555 ideo-ad
656 1513 963 1563 'distinguendum
996 1515 1097 1552 dona
1125 1527 1147 1550 a
1174 1514 1390 1561 virtutibus,

336 1572 522 1608 debemus
549 1570 656 1619 sequi
684 1569 845 1606 modum
877 1568 1058 1616 loquendi
1092 1566 1323 1615 Scripturae,
1353 1567 1391 1603 in

336 1636 412 1673 qua
431 1624 542 1660 nobis
560 1623 758 1660 traduntur
781 1633 858 1657 non
877 1621 1033 1669 quidem
1053 1620 1124 1656 sub
1144 1620 1298 1656 nomine
1323 1619 1389 1656 do-

335 1688 486 1724 norum,
502 1676 569 1713 sed
583 1675 702 1723 magis
722 1674 792 1711 sub
807 1673 962 1710 nomine
983 1673 1199 1721 spirituum:
1223 1672 1274 1708 sic
1289 1672 1391 1708 enim

335 1729 470 1768 dicitur
497 1728 614 1766 Isaiae
641 1740 676 1765 XI
694 1727 730 1763 *ε
756 1726 975 1775 Requiescet
995 1737 1107 1774 super
1131 1737 1216 1762 eum
1243 1725 1393 1773 spiritus

333 1782 536 1830 sapientiae
553 1787 589 1818 et
606 1780 817 1825 intellectus,
837 1786 906 1821 etc.
928 1779 986 1815 Ex
1005 1778 1142 1826 quibus
1161 1777 1289 1815 verbis
1312 1790 1392 1814 ma-

334 1835 467 1872 nifeste
496 1834 606 1871 datur
632 1831 783 1879 intelligi
820 1831 924 1880 quod
951 1831 1019 1867 ista
1052 1830 1198 1879 septem
1235 1843 1391 1867 enume-

334 1895 463 1925 rantur
479 1886 541 1934 ibi,
563 1885 773 1923 secundum
793 1884 903 1932 quod
917 1890 1003 1920 sunt
1021 1883 1059 1919 in
1078 1883 1188 1920 nobis
1208 1883 1256 1919 ab
1278 1883 1391 1931 inspi—

335 1940 479 1981 ratione
494 1938 633 1976 divina.
650 1937 846 1985 Inspiratio
862 1944 990 1973 autem
1002 1936 1186 1983 significat
1196 1936 1389 1983 quandam

334 1992 545 2030 motionem
573 1992 622 2028 ab
643 1989 824 2027 exteriori.
845 1990 912 2025 Est
940 1989 1043 2025 enim
1069 1988 1389 2025 considerandum

333 2045 439 2095 quod
466 2045 506 2082 in
532 2043 688 2081 homine
717 2050 773 2079 est
801 2042 937 2090 duplex
955 2040 1182 2089 principium
1206 2053 1389 2078 movens:

332 2110 454 2135 unum
483 2097 638 2146 quidem
665 2095 832 2141 interius,
862 2094 966 2142 quod
996 2101 1051 2130 est
1070 2093 1183 2139 ratio;
1205 2093 1305 2130 aliud
1325 2106 1390 2130 au-

333 2158 411 2187 tem
440 2149 618 2195 exterius,
648 2147 752 2196 quod
781 2154 836 2183 est
863 2148 980 2193 Deus,
1009 2153 1051 2182 ut
1078 2158 1190 2194 supra
1208 2145 1228 2167 ’¹‘
1248 2146 1389 2183 dictum

333 2211 405 2250 est;
421 2210 458 2239 et
472 2202 584 2238 etiam
599 2201 854 2249 Philosophus
873 2200 947 2236 hoc
967 2198 1064 2246 dicit,
1076 2198 1114 2235 in
1130 2211 1211 2247 cap.
1223 2199 1268 2235 de
1281 2201 1391 2235 Bona

331 2257 502 2292 Fortuna
520 2254 551 2291 ²²⁶.

339 2340 341 2342 ,
387 2307 631 2345 Manifestum
659 2313 715 2342 est
742 2312 869 2342 autem
898 2303 1002 2352 quod
1031 2315 1146 2340 omne
1175 2303 1279 2351 quod
1307 2316 1390 2340 mo-

331 2368 452 2407 vetur,
469 2370 623 2396 necesse
645 2366 700 2395 est
716 2356 1047 2406 proportionatum
1066 2368 1148 2392 esse
1167 2355 1324 2392 motori:
1355 2363 1391 2392 et

331 2414 426 2450 haec
455 2420 510 2449 est
536 2410 716 2460 perfectio
745 2409 896 2446 mobilis
914 2409 1138 2457 inquantum
1162 2415 1216 2444 est
1234 2408 1388 2455 mobile,

333 2465 527 2514 dispositio
558 2475 634 2511 qua
662 2462 873 2511 disponitur
895 2461 944 2498 ad
962 2462 1038 2497 hoc
1057 2460 1161 2508 quod
1182 2461 1278 2497 bene
1307 2473 1389 2497 mo-

331 2526 466 2555 veatur
489 2530 511 2553 a
535 2529 604 2553 suo
633 2523 794 2552 motore.
825 2515 977 2560 Quanto
1007 2513 1117 2560 igitur
1145 2525 1307 2549 movens
1336 2521 1391 2550 est

333 2571 451 2617 altior,
480 2577 583 2606 tanto
613 2580 767 2605 necesse
797 2573 852 2603 est
878 2567 987 2613 quod.
1011 2565 1153 2602 mobile
1177 2565 1390 2613 perfectiori

334 2622 580 2671 dispositione
596 2621 629 2657 ei
644 2619 966 2668 proportionetur:
987 2618 1082 2654 sicut
1094 2617 1270 2654 videmus
1285 2618 1391 2665 quod

331 2675 532 2725 perfectius
561 2680 710 2722 oportet
734 2684 815 2709 esse
835 2671 1061 2719 discipulum
1085 2670 1320 2718 dispositum,
1342 2670 1390 2707 ad

332 2729 407 2765 hoc
436 2727 541 2776 quod
569 2726 739 2763 altiorem
763 2723 974 2761 doctrinam
1003 2722 1125 2771 capiat
1144 2735 1166 2758 a
1186 2723 1344 2759 docente
1365 2728 1388 2759 Ε.

2415 249 2494 287 447

1442 323 1496 351 est
1523 315 1671 352 moveri
1694 327 1763 363 per
1790 316 1974 352 rationem
2002 316 2040 352 in
2068 316 2125 352 his
2146 328 2243 364 quae
2262 315 2414 352 interius
2431 316 2495 352 vel

1442 367 1601 404 exterius
1620 367 1702 415 agit.
1733 367 1893 415 Oportet
1912 368 2021 415 igitur
2038 367 2160 404 inesse
2180 367 2326 404 homini
2345 368 2495 404 altiores

1439 419 1700 467 perfectiones,
1721 419 1931 456 secundum
1952 431 2045 467 quas
2065 420 2110 455 sit
2129 419 2329 467 dispositus
2353 420 2401 456 ad
2419 421 2495 456 hoc

1441 472 1545 520 quod
1565 471 1741 508 divinitus
1759 479 1970 508 moveatur.
1992 472 2040 507 Et
2057 471 2148 508 istae
2163 471 2412 519 perfectiones
2425 484 2495 508 vo-

1441 532 1572 560 cantur
1590 524 1707 561 dona:
1727 536 1805 560 non
1833 524 1957 560 solum
1977 523 2065 571 quia
2083 523 2328 560 infunduntur
2347 536 2368 559 a
2387 525 2493 568 Deo;

1441 578 1506 613 sed
1526 576 1614 624 quia
1633 576 1843 613 secundum
1864 588 1909 612 ea
1927 577 2046 612 homo
2068 575 2278 623 disponitur
2295 582 2336 611 ut
2356 575 2494 611 efficia-

1440 635 1500 664 tur
1507 636 1684 676 prompte
1698 628 1848 664 mobilis
1863 629 1910 664 ab
1926 627 2169 676 inspiratione
2186 627 2326 674 divina,
2337 627 2431 663 sicut
2442 627 2495 663 di-

1441 680 1534 716 citur
1553 680 1669 717 Isaiae
1684 693 1705 717 L
1720 680 1756 716 *ε
1777 681 1962 720 Dominus
1980 681 2127 728 aperuit
2144 680 2237 716 mihi
2252 691 2404 722 aurem;
2423 690 2494 728 ego

1440 738 1564 768 autem
1583 745 1657 769 non
1677 733 1902 778 contradico,
1918 738 2123 769 retrorsum
2142 744 2215 769 non
2235 732 2322 768 abii.
2343 732 2392 767 Et
2411 730 2496 766 Phi-

1440 786 1621 832 losophus
1650 785 1763 821 etiam
1793 785 1890 831 dicit,
1915 785 1954 821 in
1974 797 2055 833 cap.
2075 785 2120 821 de
2137 786 2247 820 Bona
2270 785 2440 820 Fortuna
2462 784 2494 829 *,

1442 838 1543 884 quod
1571 837 1629 873 his
1658 836 1721 884 qui
1749 845 1952 873 moventur
1978 849 2046 885 per
2065 837 2280 873 instinctum
2309 835 2493 881 divinum,

1441 901 1519 925 non
1548 889 1698 936 expedit
1725 889 1908 925 consiliari
1927 889 2136 926 secundum
2157 889 2343 925 rationem
2361 888 2496 924 huma-

1442 953 1543 987 nam,
1565 941 1630 977 sed
1650 941 1753 988 quod
1782 948 1987 989 sequantur
2013 941 2230 978 interiorem
2258 940 2493 976 instinctum:

1442 993 1531 1041 quia
1556 1000 1759 1030 moventur
1778 1006 1799 1029 a
1819 993 1963 1029 meliori
1982 993 2165 1041 principio
2185 1005 2301 1041 quam
2329 992 2374 1028 sit
2402 991 2495 1028 ratio

1441 1047 1620 1082 humana.
1642 1067 1665 1072 -
1686 1046 1733 1081 Et
1751 1045 1825 1081 hoc
1845 1053 1900 1081 est
1919 1046 2023 1093 quod
2051 1045 2205 1093 quidam
2233 1045 2372 1091 dicunt,
2393 1044 2497 1091 quod

1442 1098 1543 1135 dona
1560 1097 1761 1146 perficiunt
1786 1097 1983 1134 hominem
2004 1098 2052 1134 ad
2071 1098 2221 1134 altiores
2250 1104 2352 1133 actus
2381 1108 2496 1145 quam

1442 1158 1514 1186 Sint
1541 1158 1645 1186 actus
1671 1157 1865 1186 v1rtutum.

1495 1204 1553 1238 AD
1573 1214 1709 1239 PRIMUM
1728 1213 1825 1238 ERGO
1845 1213 2028 1238 DICENDUM
2043 1201 2148 1248 quod
2162 1200 2381 1237 huiusmodi
2397 1200 2498 1236 dona

1443 1254 1687 1291 nominantur
1715 1254 1944 1302 quandoque
1971 1253 2139 1300 virtutes,
2162 1254 2372 1290 secundum
2393 1264 2498 1288 com-

1444 1319 1600 1343 munem
1627 1306 1813 1343 rationem
1839 1306 1997 1343 virtutis.
2028 1306 2180 1342 Habent
2207 1314 2335 1342 tamen
2356 1304 2498 1352 aliquid

1443 1359 1728 1407 supereminens
1749 1357 1760 1383 ζ
1789 1358 1921 1394 rationi
1947 1358 2142 1394 communi
2159 1358 2317 1404 virtutis,
2338 1357 2497 1404 inquan-

1443 1419 1524 1447 tum
1553 1418 1640 1447 sunt
1667 1410 1857 1457 quaedam
1887 1410 2038 1447 divinae
2063 1410 2231 1457 virtutes,
2260 1409 2498 1458 perficientes

1442 1463 1639 1499 hominem
1667 1463 1889 1510 inquantum
1919 1470 1973 1498 est
1997 1475 2019 1498 a
2038 1464 2122 1499 Deo
2151 1460 2289 1499 motus.
2318 1462 2430 1499 Unde
2464 1468 2500 1498 et

1444 1515 1710 1563 Philosophus,
1731 1514 1769 1550 in
1787 1515 1856 1550 VII
1870 1515 1990 1550 Ethic.
2006 1514 2036 1560 ²¹⁶,
2066 1527 2180 1562 supra
2198 1514 2374 1551 virtutem
2395 1526 2499 1550 com·
2584 1522 2606 1563 ξ)-
2628 1532 2642 1563 '.
2666 1532 2671 1537 ·
2695 1532 2700 1542 υ

1444 1579 1603 1603 munem
1635 1566 1742 1614 ponit
1775 1566 1968 1613 quandam
2005 1566 2184 1603 virtutem
2218 1567 2409 1603 heroicam
2436 1566 2499 1602 vel

1444 1620 1627 1664 divinam,
1657 1620 1868 1655 secundum
1897 1630 2013 1666 quarn
2044 1619 2218 1655 dicuntur
2245 1618 2358 1665 aliqui
2386 1618 2503 1654 divini

1442 1683 1526 1708 mrz.

1497 1725 1556 1760 AD
1584 1735 1773 1760 SECUNDUM
1801 1734 1983 1760 DICENDUM
2012 1722 2116 1770 quod
2143 1721 2245 1768 vitia,
2275 1721 2500 1769 inquantum

1444 1784 1532 1813 sunt
1559 1784 1689 1812 contra
1716 1776 1862 1812 bonum
1892 1775 2057 1821 rationis,
2089 1774 2363 1811 contrariantur
2384 1774 2500 1810 virtu-

1443 1830 1563 1866 tibus:
1593 1829 1818 1876 inquantum
1838 1835 1965 1864 autem
1991 1834 2077 1864 sunt
2106 1834 2236 1863 contra
2255 1826 2425 1864 divinum
2446 1826 2501 1863 in-

1444 1882 1632 1928 stinctum,
1654 1880 1928 1917 contrariantur
1954 1880 2074 1917 donis.
2105 1880 2210 1916 Idem
2232 1879 2334 1915 enim
2354 1887 2500 1916 contra-

1444 1934 1560 1971 riatur
1586 1935 1670 1970 Deo
1701 1940 1736 1969 et
1764 1932 1917 1980 rationi,
1947 1932 2051 1969 cuius
2080 1933 2210 1968 lumen
2238 1944 2260 1968 a
2288 1933 2373 1968 Deo
2404 1931 2500 1968 deri-

1442 1994 1563 2024 vatur.

1496 2041 1555 2076 AD
1578 2048 1737 2075 TERTmM
1764 2049 1948 2075 DICENDUM
1967 2037 2071 2086 quod
2101 2036 2268 2073 definitio
2297 2036 2358 2073 illa
2391 2036 2500 2074 datur

1444 2093 1491 2129 de
1509 2091 1647 2128 virtute
1667 2090 1876 2128 secundum
1896 2101 2141 2126 communem
2161 2089 2323 2126 modum
2342 2089 2498 2126 virtutis.

1444 2144 1554 2181 Unde
1582 2144 1612 2180 si
1639 2144 1817 2180 volumus
1837 2142 2098 2180 definitionem
2118 2141 2338 2189 restringere
2359 2142 2407 2178 ad
2424 2141 2499 2178 vir-

1443 2204 1540 2234 tutes
1568 2203 1682 2245 prout
1708 2195 1984 2243 distinguuntur
2003 2207 2024 2230 a
2043 2194 2164 2241 donis,
2200 2194 2370 2231 dicemus
2396 2194 2499 2242 quod

1444 2251 1518 2286 hoc
1546 2249 1651 2297 quod
1672 2248 1815 2295 dicitur,
1840 2259 1914 2296 qua
1934 2252 2031 2283 recte
2049 2247 2197 2292 vivitur,
2217 2246 2499 2294 intelligendum

1445 2310 1500 2339 est
1520 2302 1566 2339 de
1587 2300 1807 2338 rectitudine
1834 2300 1934 2336 vitae
1963 2311 2061 2347 quae
2089 2299 2268 2347 accipitur
2291 2300 2500 2336 secundum

1444 2355 1612 2402 regulam
1633 2352 1797 2389 rationis.
1816 2373 1839 2379 -
1861 2351 2035 2388 Similiter
2054 2359 2182 2388 autem
2210 2352 2368 2395 donum,
2388 2359 2502 2400 prout

1444 2406 1680 2454 distinguitur
1707 2417 1729 2442 a
1755 2404 1891 2442 virtute
1919 2404 2053 2451 infusa,
2082 2411 2206 2452 potest
2235 2404 2305 2440 dici
2332 2404 2371 2441 id
2398 2404 2500 2452 quod

1444 2462 1553 2497 datur
1572 2472 1594 2495 a
1608 2460 1692 2495 Deo
1708 2458 1746 2494 in
1766 2457 1896 2493 ordine
1911 2456 1960 2493 ad
1976 2456 2185 2492 motionem
2205 2456 2339 2504 ipsius;
2362 2457 2467 2505 quod
2482 2462 2500 2483 η

1444 2512 1582 2549 scilicet
1609 2510 1695 2547 facit
1722 2509 1921 2546 hominem
1949 2509 2046 2544 bene
2075 2516 2300 2557 sequentem>
2322 2521 2412 2545 suos
2445 2509 2500 2545 in-

1444 2565 1608 2601 stinctus.
2084 2558 2095 2571 ¹

1497 2618 1555 2653 AD
1575 2626 1747 2658 QUARTUM
1766 2625 1949 2651 DICENDUM
1968 2613 2073 2661 quod
2094 2612 2276 2661 sapientia
2295 2613 2428 2650 dicitur
2446 2613 2501 2649 in-

1444 2668 1661 2706 tellectualis
1695 2667 1834 2712 virtus,
1864 2665 2074 2702 secundum
2112 2665 2216 2712 quod
2252 2665 2423 2713 procedit
2456 2678 2501 2701 ex

1445 2720 1584 2768 iudicio
1609 2719 1781 2757 rationis:
1812 2718 1945 2755 dicitur
1964 2725 2090 2754 autem
2111 2718 2268 2764 donum,
2290 2718 2499 2755 secundum

334 2781 579 2818 Manifestum
618 2786 673 2815 est
707 2785 834 2814 autem
872 2776 976 2823 quod
1007 2775 1163 2812 virtutes
1199 2776 1390 2812 humanae
1446 2774 1551 2823 quod
1584 2780 1762 2821 operatur
1796 2783 1841 2807 ex
1874 2770 2048 2807 instinctu
2077 2770 2217 2807 divino.
2255 2771 2303 2806 Et
2334 2770 2502 2807 similiter

331 2833 533 2882 perficiunt
559 2831 757 2868 hominem
785 2829 995 2866 secundum
1019 2828 1124 2876 quod
1142 2829 1262 2864 homo
1282 2835 1391 2864 natus
1447 2827 1650 2883 dicendum
1681 2832 1736 2861 est
1763 2824 1810 2861 de
1839 2823 1930 2860 aliis.
2300 2835 2307 2840 s

385 2945 411 2980 δ)
430 2945 599 2979 refulserunt.
613 2958 631 2962 -
649 2943 869 2975 resplenduerunt
889 2942 935 2967 Pa.

387 2981 409 3015 ε)
430 2981 547 3006 docente.
560 2993 579 2998 —
598 2980 705 3004 doctore
723 2979 769 3002 Pa.

1494 2941 1520 2973 ζ)
1539 2939 1744 2971 supereminens.
1758 2951 1778 2957 -
1795 2936 1981 2969 superveniens
2000 2937 2047 2960 Pa.

1495 2975 1522 3009 η)
1542 2975 1621 3007 quod.
1635 2988 1653 2992 —
1672 2973 1734 3005 quia
1754 2973 1800 2997 Pa.

1006 3053 1334 3086 Commentario.
1357 3052 1605 3085 Cardinalis
1627 3051 1826 3086 Caietam

365 3148 385 3168 N
409 3136 513 3177 primo
532 3135 663 3166 arficulo
679 3133 871 3175 quaestionis
891 3133 1237 3173 sexagesimaeoetavae,
1255 3131 1389 3161 dubium

338 3150 502 3212 Ioccurrit
524 3180 562 3210 de
587 3178 784 3209 distinctione
808 3178 968 3207 donorum
987 3187 1004 3206 a
1017 3176 1193 3206 virtutibus.
1219 3176 1341 3211 Scotus‚
1357 3175 1390 3204 in

336 3226 377 3256 111
401 3225 500 3262 Sem„
524 3223 594 3254 dist.
617 3233 718 3259 xxxw,
742 3222 909 3262 impugnat
936 3220 1175 3255 conclusionem
1198 3226 1229 3250 et
1252 3219 1318 3249 eius
1341 3229 1389 3248 ra-

335 3270 466 3305 tionem,
489 3268 608 3303 volens,
633 3267 700 3297 sine
723 3265 892 3296 assertione
915 3271 1031 3300 tamen,
1048 3265 1132 3294 dona
1148 3273 1213 3293 non
1230 3273 1296 3293 esse
1312 3262 1390 3292 alios

335 3313 460 3344 habitus
472 3322 570 3353 quam
582 3311 706 3341 habitus
715 3310 876 3341 virtutum.
893 3309 934 3339 Et
950 3315 1057 3339 contra
1073 3307 1311 3339 conclusionem
1322 3306 1391 3347 qui-

337 3358 410 3387 dem
433 3356 543 3396 arguit,
568 3355 642 3396 quia
665 3354 709 3384 illi
731 3353 855 3384 habitus
879 3359 1003 3383 tantum
1026 3351 1165 3392 ponendi
1188 3358 1261 3382 sunt
1279 3351 1312 3380 in
1327 3350 1392 3380 via-

337 3408 419 3437 tore,
444 3400 559 3441 quibus
582 3397 740 3440 perficitur
771 3397 849 3428 circa
877 3407 973 3427 omne
1004 3396 1165 3427 obiectum
1192 3405 1258 3436 quo
1286 3393 1393 3434 perfici

338 3451 442 3484 potest
463 3444 496 3474 in
519 3443 578 3474 via.
603 3443 698 3473 Tales
721 3448 828 3472 autem
851 3447 925 3471 sunt
943 3441 1028 3471 solae
1042 3440 1171 3470 virtutes
1187 3437 1392 3477 theologicae,

1498 3130 1617 3161 Contra
1642 3128 1798 3159 rationem
1820 3137 1912 3163 vero,
1942 3127 2112 3167 tripliciter.
2137 3127 2264 3166 Primo,
2289 3127 2363 3167 quia
2386 3127 2502 3157 falsum

1443 3173 1611 3214 supponit:
1636 3172 1752 3203 scilicet
1773 3171 1863 3213 quod
1885 3170 1962 3201 ratio
1978 3177 2105 3201 moveat
2122 3171 2327 3207 voluntatem,
2350 3171 2393 3201 ita
2414 3171 2502 3211 quod

1442 3219 1540 3248 virtus
1564 3227 1628 3247 non
1653 3216 1692 3246 sit
1715 3215 1774 3246 nisi
1798 3215 1962 3255 dispositio
1986 3215 2113 3245 mobilis
2136 3215 2168 3245 in
2191 3215 2363 3245 voluntate.

1497 3261 1654 3296 Secundo,
1678 3259 1753 3300 quia
1776 3259 1933 3289 distinctio
1957 3259 2189 3289 beatitudinum
2212 3269 2230 3288 a
2253 3259 2344 3288 donis
2360 3265 2390 3288 et
2405 3258 2501 3288 virtu-

1444 3306 1538 3341 tibus,
1563 3314 1629 3335 non
1652 3311 1699 3334 est
1721 3303 1774 3333 sic.

1497 3349 1617 3384 Tertio,
1642 3347 1716 3388 quia
1738 3357 1794 3387 per
1816 3346 1902 3376 idem
1925 3346 2044 3386 aliquid
2067 3352 2113 3376 est
2135 3345 2414 3386 proportionatum
2432 3355 2502 3375 mo-

1445 3392 1530 3423 venti
1552 3392 1666 3432 primo,
1691 3397 1721 3421 et
1743 3390 1892 3421 secundo.
1916 3391 1963 3421 Ac
1979 3399 2034 3430 per
2060 3389 2132 3426 hoc,
2159 3390 2185 3420 si
2206 3399 2262 3430 per
2282 3389 2426 3420 habitum
2441 3388 2502 3419 vir-

1446 3437 1521 3468 tutis
1550 3435 1808 3476 proportionatur
1831 3434 1971 3474 potentia
1999 3433 2056 3463 sibi
2075 3433 2151 3473 ipsi,
2179 3443 2236 3472 per
2258 3433 2394 3463 eundem
2417 3431 2502 3462 suffi-

337 3488 560 3519 intellectuales
584 3493 614 3517 et
637 3486 781 3516 morales.
805 3486 889 3525 Ergo
912 3491 1032 3525 praeter
1055 3484 1141 3520 istos,
1166 3493 1231 3513 non
1255 3488 1327 3512 sunt
1342 3481 1393 3512 alii
1449 3481 1563 3511 cientes
1575 3479 1834 3520 proportionatur
1850 3477 1978 3518 Spiritui
1996 3478 2120 3508 Sancto.
2138 3477 2178 3507 Et
2193 3483 2421 3517 consequenter
2436 3486 2502 3506 non

339 3531 462 3563 habitus
485 3531 648 3563 necessarii
670 3530 703 3560 in
725 3530 784 3560 via.

1450 3530 1576 3564 oportet
1599 3533 1716 3564 ponere
1740 3523 1818 3553 alios
1845 3522 1969 3552 habitus
1993 3527 2122 3561 propter
2143 3521 2321 3551 motionem
2344 3531 2361 3551 a
2385 3520 2503 3561 Spiritu

2522 687 2531 696 '¹
2545 686 2610 708 Vers.
2626 693 2646 714 5.

2523 785 2532 794 ·
2542 784 2596 806 Loc.
2608 785 2655 811 cit.⁷
2666 791 2690 807 n.
2698 791 2733 806 22.
