2846 4146
119 2649 127 2658 ·
143 2648 199 2676 Cap.
214 2654 252 2669 xv.
269 2659 278 2664 -
289 2648 324 2670 Cf.

117 2681 157 2702 qu.
162 2681 200 2702 nv,
205 2678 246 2696 art.
254 2680 269 2702 1,
278 2680 325 2702 arg.

362 216 438 252 402

1050 208 1315 255 QUAESTIO
1346 209 1464 253 LXII,
1495 206 1790 244 ARTICULUS
1819 207 1850 243 11

1037 321 1366 354 Commentario.
1389 319 1639 352 cardinalis
1660 320 1861 352 Caietam

364 428 410 489 IN
425 418 528 458 primo
542 417 672 448 articulo
685 418 878 459 quaestionis
891 417 1264 457 sexagesimaesecundae,
1279 415 1418 446 notanda

392 467 465 492 sunt
488 462 562 492 duo.
587 461 704 498 Primo,
729 462 862 502 qualitas
886 461 1028 492 rationis:
1054 461 1142 501 quod
1161 460 1277 490 scilicet
1291 459 1369 490 ratio
1384 459 1423 488 in-

359 504 460 535 littera
482 505 595 544 posita,
613 505 754 545 procedit
773 516 809 536 ex
832 506 926 536 altera
945 504 1162 545 propositione
1182 503 1306 539 credita,
1324 510 1355 533 et
1373 502 1416 532 al-

359 555 425 579 tera
448 549 531 580 scita.
557 549 703 580 Creditur
726 549 810 580 enim
834 549 921 589 quod
945 548 1043 578 simus
1068 547 1202 578 ordinati
1223 547 1262 576 ad
1286 546 1417 577 beatitu-

360 592 467 622 dinem
490 593 769 633 supernaturalem.
798 593 900 623 Scitur
923 599 1028 622 autem
1058 591 1147 631 quod
1170 591 1209 620 ad
1236 590 1416 630 proportio-

360 643 447 666 natas
460 637 658 676 operationes
673 646 728 676 per
742 642 843 667 totam
858 636 955 666 vitam
971 634 1025 664 fini
1040 634 1277 674 supernaturali,
1292 640 1418 674 oportet

360 680 598 720 proportionata
626 680 777 720 principia
804 689 933 719 quoque
958 678 1205 718 supernaturalia
1228 679 1344 708 adesse.
1377 678 1417 708 Et

360 723 435 764 quia
458 724 620 754 conclusio
644 723 785 763 sequitur
808 722 991 753 debiliorem
1014 728 1144 762 partem,
1164 722 1237 752 ideo
1253 721 1415 752 conclusio

360 777 425 797 non
456 774 501 798 est
529 767 710 807 simpliciter
737 766 822 797 scita.
850 767 891 797 Et
913 772 1079 806 propterea
1108 768 1230 796 Auctor
1255 766 1288 796 in
1316 765 1417 796 littera

359 810 434 841 dicit
455 811 543 851 quod
567 811 660 841 etiam
684 812 725 840 ob
755 810 816 841 hoc
844 809 920 840 istae
944 809 1072 840 virtutes
1103 809 1251 840 dicuntur
1273 809 1415 845 divinae,

359 854 434 894 quia
457 864 493 884 ex
516 855 582 884 sola
607 854 710 884 divina
734 853 874 884 doctrina
897 853 1047 884 sciuntur.

414 898 569 934 Secundo,
590 898 722 938 qualitas
746 898 859 927 harum
881 897 1045 928 virtutum.
1070 896 1155 927 Cum
1180 897 1264 927 enim
1288 896 1359 927 finis
1382 897 1416 926 in

359 941 569 981 operabilibus
593 941 632 972 sit
655 941 859 981 principium;
884 948 914 971 et
930 941 1101 977 beatitudo,
1118 950 1174 982 per
1189 941 1251 971 hoc
1265 941 1353 981 quod
1371 948 1416 971 est

358 984 427 1014 finis
451 985 597 1021 ultimus,
622 985 661 1015 sit
683 985 823 1024 primum
852 985 1057 1025 principium:
1084 991 1210 1026 oportet
1235 994 1415 1024 supponere

358 1028 445 1068 quod
468 1028 569 1068 prima
593 1029 745 1068 principia
768 1029 911 1068 proxima
934 1029 1092 1059 bonarum
1111 1028 1345 1069 operationum,
1363 1028 1415 1058 ha-

357 1072 431 1102 bent
454 1072 680 1103 beatitudinem
703 1082 761 1112 pro
786 1073 923 1109 obiecto;
949 1073 1029 1103 sicut
1052 1080 1181 1113 apparet
1203 1072 1235 1102 in
1259 1071 1351 1102 nobis
1371 1081 1416 1102 re—

358 1122 465 1155 spectu
490 1116 642 1147 felicitatis
666 1116 825 1147 naturalis.
855 1117 890 1146 In
913 1123 999 1156 parte
1023 1126 1161 1157 namque
1190 1115 1428 1155 apprehensiva.

357 1159 509 1190 habemus
533 1160 676 1190 habitum
699 1160 938 1200 principiorum,
960 1170 1025 1200 quo
1050 1160 1186 1191 inditum
1209 1166 1255 1190 est
1270 1166 1306 1190 ut
1321 1159 1416 1190 beati-

357 1203 435 1233 tudo
465 1204 503 1234 sit
531 1204 719 1244 appetenda,
745 1214 840 1234 omne
868 1205 991 1234 bonum
1021 1204 1293 1245 prosequendum,
1319 1213 1415 1233 omne

1472 416 1595 447 malum
1621 416 1824 457 fugiendum,
1848 423 1879 447 et
1901 417 1927 447 si
1949 426 2015 458 qua
2034 425 2110 450 sunt
2131 419 2317 449 huiusmodi
2344 419 2529 450 beatitudini

1473 469 1605 490 annexa:
1629 460 1662 490 in
1685 467 1771 500 parte
1795 466 1902 491 autern
1925 461 2102 501 appetitiva'
2117 462 2269 492 habemus
2293 463 2470 492 naturalem
2484 462 2530 492 in-

1473 503 1676 534 clinationem
1698 504 1731 534 in
1756 504 1878 535 bonurn
1901 505 2077 544 proprium,
2101 515 2182 546 quae
2201 506 2273 546 plus
2289 512 2335 536 est
2358 515 2456 546 quam
2471 506 2530 536 vir—

1472 554 1533 578 tus.
1558 547 1651 578 Unde
1675 557 1871 588 consequens
1895 554 1942 579 est
1970 555 2006 579 ut
2028 549 2068 579 ad
2090 549 2317 580 beatitudinem
2345 555 2530 589 supernatu-

1472 591 1569 621 ralem
1592 591 1870 631 proportionaliter
1892 591 2075 623 ordinamur
2096 593 2128 623 in
2152 600 2286 633 utraque
2308 599 2406 632 parte.
2431 593 2472 623 Et
2487 593 2531 623 sic

1472 635 1573 675 prima
1596 634 1748 675 principia
1771 641 1926 665 rectarum
1942 636 2164 676 operationum
2180 637 2220 666 ad
2234 636 2420 667 huiusmodi
2435 636 2530 667 felici-

1471 686 1568 709 tatem
1592 678 1768 709 ordinantia
1791 685 1827 709 ut
1850 678 1877 708 ei
1901 687 2162 716 commensurata,
2184 681 2222 710 de
2245 680 2315 720 ipso
2339 680 2453 710 ultimo
2467 679 2530 710 fine

1470 723 1553 758 Deo,
1578 723 1632 753 sed
1655 728 1691 752 ut
1714 722 1838 753 obiecto
1867 723 2112 762 supernaturalis
2139 723 2358 760 beatitudinis,
2383 730 2475 754 erunt
2497 724 2530 755 in

1470 767 1630 797 intellectu
1647 773 1678 797 et
1693 766 1726 796 in
1742 765 1897 806 appetitu;
1914 766 1957 797 ita
1970 766 2160 803 inchoantia,
2173 777 2228 807 per
2243 768 2379 798 modum
2394 767 2529 804 habitus,

1471 811 1577 841 Deum
1599 810 1642 841 sic
1666 818 1831 851 sumptum
1854 810 1887 840 in
1911 817 2016 841 mente
2040 817 2156 846 nostra,
2173 811 2253 842 sicut
2268 811 2422 853 principia
2439 818 2530 843 natu-

1471 855 1547 884 ralia
1577 854 1739 885 stabiliunt
1762 854 1794 884 in
1818 864 1854 884 ea
1877 853 1974 884 finem
2005 853 2190 885 naturalem.
2214 854 2255 885 Et
2281 855 2344 885 hoc
2372 862 2419 886 est
2441 855 2530 896 quod

1470 898 1503 928 in
1525 898 1626 929 littera
1652 898 1780 934 dicitur,
1805 898 1892 938 quod
1922 907 1979 938 per
2000 898 2058 929 ista
2081 897 2234 937 principia
2266 908 2348 939 quae
2375 905 2530 929 vocantur

1470 942 1600 972 virtutes
1623 941 1830 981 theologicae,
1854 941 1896 972 ita
1921 941 2106 972 ordinamur
2122 942 2161 971 ad
2179 941 2407 972 beatitudinem
2422 952 2530 982 super-

1470 985 1661 1021 naturalem,
1691 985 1771 1015 sicut
1794 995 1850 1024 per
1873 985 2026 1025 principia
2056 984 2209 1015 naturalia
2231 985 2271 1015 ad
2293 984 2390 1016 finem
2414 996 2528 1016 conna-

1470 1030 1614 1060 turalem.
1650 1029 1731 1059 Sunt
1761 1038 1836 1068 ergo
1869 1029 1944 1059 istae
1974 1029 2103 1059 virtutes
2133 1028 2172 1058 de
2201 1027 2280 1065 fine,
2308 1035 2461 1070 tanquam
2490 1030 2529 1060 de

1471 1073 1596 1103 obiecto
1621 1072 1760 1113 proprio,
1792 1072 1840 1102 De
1869 1072 2037 1103 virtutibus
2067 1078 2175 1103 autem
2206 1082 2287 1112 quae
2315 1079 2390 1103 sunt
2417 1073 2455 1103 de
2480 1073 2529 1103 his

1471 1127 1553 1157 quae
1573 1124 1647 1147 sunt
1670 1117 1709 1146 ad
1731 1115 1828 1146 finem
1852 1116 2133 1156 supernaturalem,
2155 1115 2245 1156 quasi
2260 1116 2528 1156 proportionatae,

1470 1159 1578 1190 infra*
1602 1160 1659 1191 erit
1681 1168 1802 1190 sermo:
1826 1166 1900 1190 sunt
1923 1159 2008 1190 enim
2032 1160 2160 1190 virtutes
2183 1159 2318 1190 morales
2338 1159 2470 1196 infusae,
2495 1166 2531 1191 ut

1470 1204 1597 1245 patebit.

1118 1379 1436 1421 ARTICULUS
1466 1379 1764 1421 SECUNDUS

450 1470 605 1501 UTRUM
627 1469 842 1501 VIRTUTES
866 1470 1179 1502 THEOLootcAE
1202 1470 1557 1502 DlSTlNGUANTUR
1578 1471 1634 1502 AB
1657 1466 2085 1502 INTELLECTUALIBUS
2107 1471 2164 1502 ET
2187 1470 2433 1502 MORALOEUS

611 1549 642 1574 111
661 1549 743 1579 Sent„
763 1550 821 1574 dist.
840 1557 908 1580 xxm,
929 1557 973 1582 qu.
992 1557 1010 1579 ι,
1030 1555 1076 1575 art.
1095 1557 1121 1581 4,
1141 1551 1187 1582 qu*
1209 1549 1233 1580 3,
1253 1550 1285 1574 ad
1303 1557 1334 1581 4,
1356 1550 1397 1575 De
1420 1550 1509 1579 Verit„
1529 1558 1574 1583 qu.
1593 1557 1643 1580 nv,
1662 1555 1709 1575 art.
1729 1550 1752 1579 3.
1772 1551 1803 1575 ad
1821 1558 1851 1584 9;
1872 1550 1912 1575 De
1936 1549 2041 1579 Virtut„
2061 1558 2105 1583 qu.
2124 1558 2141 1579 r,
2161 1555 2208 1575 art.
2230 1557 2270 1576 12.

441 1654 447 1667 ι
485 1658 543 1702 ¹¹⁵5<
566 1649 589 1674 D
605 1649 793 1674 SECUNDUM
809 1649 861 1674 SIC
876 1649 1114 1675 moenum-un.
1132 1638 1291 1674 Videtur
1311 1638 1414 1686 quod
1439 1637 1443 1690 Ι
1469 1638 1609 1675 malem
1631 1638 1881 1674 differentiam
1902 1638 2152 1675 obiectorum.
2173 1637 2381 1675 Obiectum
2399 1645 2529 1675 autem

381 1668 548 1749 {3¹⁵⁸}le
566 1690 722 1727 virtutes
757 1690 993 1738 theologicae
1027 1703 1104 1727 non
1140 1690 1418 1737 distinguantur

373 1725 589 1800 ’ᾖῑνςῂϊρα
607 1742 815 1779 moralibus
843 1750 880 1779 et
907 1743 1230 1780 intellectualibus.
1252 1743 1417 1780 Virtutes

412 1770 510 1829 45⁴3)
525 1786 669 1831 Kenim
698 1795 945 1842 theologicae,
966 1795 996 1832 si
1021 1803 1107 1832 sunt
1133 1795 1171 1832 in
1199 1795 1327 1832 anima
1346 1796 1415 1832 hu-

356 1860 482 1894 mana,
504 1855 654 1895 oportet
679 1848 785 1896 quod
813 1847 1011 1896 perficiant
1038 1847 1160 1896 ipsam
1188 1849 1250 1884 vel
1282 1854 1420 1884 secun-'

356 1901 448 1938 dum
476 1907 622 1948 partem
652 1900 931 1946 intellectivam,
952 1901 1014 1936 vel
1038 1901 1248 1937 secundum
1267 1908 1414 1949 partem

355 1952 612 2002 appetitivam.
635 1952 712 1989 Sed
739 1953 896 1990 virtutes
916 1965 1014 2001 quae
1042 1953 1244 2001 perficiunt
1266 1961 1414 2001 partem

354 2005 632 2052 intellectivam,
654 2001 828 2042 dicuntur
851 2005 1135 2043 intellectuales:
1165 2006 1321 2043 virtutes
1350 2018 1414 2043 au-

354 2066 432 2096 tem
443 2067 549 2106 quae
564 2058 766 2106 perficiunt
782 2065 928 2107 partem
948 2058 1207 2107 appetitivam,
1224 2067 1311 2110 sunt
1330 2071 1414 2095 mo-

354 2112 460 2148 rales.
483 2112 585 2158 Ergo
605 2111 761 2148 virtutes
779 2110 1014 2158 theologicae
1039 2123 1117 2148 non
1137 2111 1415 2159 distinguuntur

355 2177 376 2201 a
403 2164 604 2201 virtutibus
631 2164 839 2200 moralibus
869 2171 904 2200 et
932 2163 1253 2201 intellectualibus

408 2219 642 2264 PRAETEREA,
668 2217 824 2253 virtutes
848 2217 1082 2264 theologicae
1113 2217 1287 2254 dicuntur
1315 2229 1413 2266 quae

356 2270 532 2307 ordinant
559 2282 630 2306 nos
668 2269 716 2306 ad
745 2271 884 2306 Deum.
913 2269 991 2306 Sed
1018 2269 1114 2306 inter
1147 2269 1414 2307 intellectuales

353 2323 511 2359 virtutes
546 2329 602 2359 est
629 2322 754 2369 aliqua
783 2333 883 2369 quae
911 2322 1060 2359 ordinat
1088 2334 1159 2359 nos
1187 2322 1237 2359 ad
1264 2323 1412 2359 Deum:

356 2375 494 2412 scilicet
521 2374 714 2423 sapientia,
735 2386 833 2422 quae
861 2381 917 2410 est
935 2374 982 2411 de
1007 2374 1156 2422 divinis,
1176 2383 1307 2423 utpote
1328 2387 1414 2411 cau—

356 2440 438 2465 sam
467 2427 686 2464 altissimam
717 2427 970 2464 considerans.
994 2427 1096 2474 Ergo
1124 2428 1281 2465 virtutes
1309 2428 1415 2464 theo·-

355 2481 498 2528 logicae
526 2480 574 2516 ab
610 2479 921 2517 intellectualibus
948 2479 1149 2518 virtutibus
1177 2493 1255 2518 non
1288 2480 1413 2517 distin-

355 2541 530 2581 guuntur.

411 2587 444 2623 3.
466 2587 698 2631 PRAETEREA,
719 2584 961 2632 Augustinus,
988 2585 1026 2621 in
1055 2585 1150 2622 libro
1174 2586 1220 2621 de
1238 2586 1415 2622 Moribus

355 2639 495 2676 Eccles.
514 2638 551 2685 *,
572 2638 785 2675 manifestat
810 2637 850 2674 in
879 2645 1040 2685 quatuor
1066 2637 1267 2675 virtutibus
1296 2638 1414 2675 cardi-

356 2691 502 2728 nalibus
531 2692 636 2739 quod
665 2698 751 2728 sunt
779 2691 872 2727 ordo
900 2691 1053 2727 amoris.
1080 2691 1157 2728 Sed
1185 2703 1294 2728 amor
1314 2696 1331 2712 ²
1360 2699 1416 2728 est

357 2744 501 2791 can'tas,
523 2756 620 2793 quae
648 2743 802 2792 ponitur
819 2743 938 2780 virtus
966 2743 1189 2791 theologica.
1211 2744 1313 2791 Ergo
1341 2744 1414 2781 vir-

356 2805 452 2834 tutes
481 2798 645 2835 morales
673 2809 751 2833 non
781 2796 1058 2844 distinguuntur
1085 2808 1108 2833 a
1135 2796 1367 2844 theologicis.

410 2851 484 2887 SED
513 2861 678 2895 CONTRA,
708 2849 745 2886 id
774 2849 878 2898 quod
908 2857 963 2886 est
990 2861 1105 2898 supra
1142 2857 1318 2887 naturam
1346 2851 1415 2887 ho-

357 2903 479 2949 minis,
500 2902 735 2950 distinguitur
754 2903 801 2938 ab
831 2914 878 2939 eo
899 2903 1003 2951 quod
1032 2910 1087 2939 est
1115 2903 1326 2939 secundum
1349 2915 1415 2940 na-

1469 1691 1770 1738 theologicarum
1801 1690 1983 1727 virtutum
2017 1697 2072 1726 est
2109 1689 2189 1738 ipse
2221 1691 2342 1736 Deus,
2372 1690 2437 1738 qui
2473 1698 2530 1727 est

1468 1743 1623 1780 ultimus
1651 1754 1778 1779 rerum
1807 1742 1906 1788 finis,
1926 1749 2040 1790 prout
2059 1748 2210 1780 nostrae
2230 1742 2383 1781 rationis
2402 1743 2531 1790 cognia

1469 1796 1612 1832 tionem
1632 1793 1645 1816 δ
1675 1795 1832 1832 excedit.
1869 1795 2074 1832 Obiectum
2107 1802 2235 1832 autem
2263 1795 2444 1832 virtutum
2472 1795 2530 1833 inu

1467 1848 1737 1885 tellectualium
1771 1855 1806 1884 et
1843 1848 2047 1885 moralium
2076 1856 2131 1884 est
2159 1847 2299 1896 aliquid
2327 1848 2431 1897 quod
2458 1849 2531 1886 hue

1467 1913 1583 1938 mana
1610 1900 1756 1937 ratione
1783 1900 2057 1949 comprehendi
2075 1907 2212 1949 potest.
2241 1901 2353 1938 Unde
2370 1900 2531 1941 virtutes

1467 1953 1703 2001 theologicae
1737 1953 1862 2002 specie
1897 1953 2175 2001 distinguuntur
2201 1966 2224 1990 a
2251 1953 2458 1991 moralibus
2493 1961 2529 1990 et

1466 2006 1789 2044 intellectualibus
2513 2023 2533 2055 3.

1521 2061 1580 2096 An
1600 2070 1736 2097 PRlMUM
1755 2070 1853 2096 eaeo
1874 2070 2057 2096 DICENDUM
2077 2058 2183 2107 quod
2201 2058 2358 2097 virtutes
2386 2058 2530 2096 intelle-

1469 2112 1609 2149 ctuales
1639 2120 1674 2148 et
1702 2112 1867 2149 morales
1891 2111 2090 2160 perficiunt
2109 2111 2339 2152 intellectum
2359 2119 2395 2149 et
2413 2123 2529 2160 appe,-

1467 2165 1575 2202 titum
1610 2164 1777 2203 hominis
1809 2165 2021 2202 secundum
2053 2163 2342 2213 proportionem
2370 2171 2532 2203 naturae

1467 2219 1680 2255 humanae:
1710 2217 1778 2255 sed
1806 2217 2040 2265 theologicae
2060 2221 2072 2238 ⁸
2100 2216 2440 2266 supernaturaliter.
2496 2235 2506 2255 -;
2523 2239 2534 2254 Δ

1520 2273 1579 2308 An
1607 2281 1797 2308 SECUNDUM
1825 2281 2008 2307 menapum
2037 2269 2142 2318 quod
2170 2269 2352 2318 sapientia
2379 2275 2534 2318 quaeso

1468 2322 1703 2370 Philosopho
1722 2322 1742 2344 ’¹‘
1769 2323 1922 2370 ponitur
1954 2321 2213 2358 intellectualis
2240 2321 2375 2368 virtus,
2406 2321 2532 2360 consi—5

1469 2375 1574 2412 derat
1603 2375 1732 2412 divina
1762 2374 1975 2412 secundum
2004 2374 2109 2422 quod
2137 2381 2224 2413 sunt
2240 2373 2527 2422 investigabilia

1469 2428 1612 2465 ratione
1645 2428 1824 2465 humana.
1855 2427 1933 2464 Sed
1960 2426 2172 2474 theologica
2198 2426 2317 2465 fvirtus
2345 2434 2400 2464 est
2428 2426 2529 2465 circa

1469 2493 1514 2517 ea
1536 2480 1748 2519 secundum
1769 2480 1874 2528 quod
1893 2479 2078 2517 rationem
2097 2480 2308 2517 humanam
2329 2479 2531 2517 excedunt.

1521 2535 1580 2570 An
1594 2544 1754 2570 reanum
1769 2543 1952 2570 DICENDUM
1967 2532 2084 2580 quod,
2099 2532 2183 2569 licet
2197 2531 2331 2571 caritas
2344 2531 2531 2579 sitamou

1468 2598 1547 2623 non
1583 2593 1712 2622 tamen
1750 2584 1874 2622 omnis
1906 2596 2015 2622 arnor
2044 2591 2100 2623 est
2126 2584 2271 2623 caritas.
2306 2584 2408 2622 Cum
2436 2590 2534 2632 ergo}

1469 2639 1604 2676 dicitur
1632 2637 1736 2687 quod
1761 2637 1885 2675 omnis
1903 2637 2022 2674 virtus
2043 2644 2098 2675 est
2117 2637 2213 2676 ordo
2233 2637 2384 2684 amoris,
2403 2642 2533 2685 potest

1467 2691 1618 2739 intelligi
1645 2691 1707 2727 vel
1737 2690 1783 2726 de
1812 2702 1942 2728 amore
1972 2689 2227 2729 communiter
2253 2689 2374 2735 dicto;
2398 2690 2461 2728 vel
2477 2689 2533 2729 de

1468 2756 1600 2781 amore
1629 2743 1801 2780 caritatis.
1832 2743 1872 2779 Si
1901 2743 1949 2780 de
1977 2755 2110 2781 amore
2128 2742 2384 2781 communiter
2412 2742 2526 2790 dicto,

1468 2798 1521 2834 sic
1549 2796 1682 2834 dicitur
1710 2796 1900 2844 quaelibet
1917 2796 2036 2833 virtus
2064 2807 2146 2833 esse
2174 2795 2270 2834 ordo
2299 2794 2453 2842 amoris,
2471 2794 2529 2833 ini-

1469 2857 1654 2899 quantum
1683 2849 1730 2886 ad
1759 2848 1968 2898 quamlibet
1996 2847 2242 2887 cardinalium
2269 2847 2450 2886 virtutum
2469 2859 2527 2886 re-

1467 2903 1625 2952 quiritur
1640 2901 1812 2939 ordinata
1832 2901 2003 2941 affectio:
2025 2900 2150 2939 omnis
2168 2907 2297 2939 autem
2316 2899 2527 2939 affectionis

2557 1159 2567 1168 ⁶
2583 1158 2630 1186 Qu.
2648 1163 2706 1186 seq„
2725 1161 2768 1181 nn.

2557 2332 2568 2342 ·
2575 2330 2663 2359 mua,
2674 2331 2717 2354 nb.
2726 2330 2768 2360 vr,

2581 2363 2707 2406 ”ditat
2721 2363 2767 2407 1¹23:

216 2960 230 2993 β
355 2963 478 2992 turam
511 2955 676 2992 hominis
705 2954 730 2991 β.
762 2955 838 2992 Sed
865 2955 1022 2992 virtutes
1059 2955 1293 3003 theologicae
1328 2964 1415 2993 sunt
1468 2956 1573 2994 radii<
1602 2963 1638 2992 et
1664 2955 1891 3004 principium
1919 2962 1976 2992 est
2004 2965 2124 3001 amor,
2144 2961 2185 2991 ut
2203 2965 2317 3002 supra
2334 2952 2354 2974 ’¹‘
2383 2953 2533 2994 dictum>

215 3018 231 3042 Υ
331 3058 334 3061 ¹
356 3021 469 3057 super
497 3015 669 3045 naturam
689 3007 875 3045 hominis:
898 3007 957 3044 cui
977 3008 1189 3045 secundum
1209 3015 1382 3046 naturam
1398 3014 1413 3037 Ὺ
1469 3017 1533 3046 est.
1552 3030 1575 3037 -
1592 3008 1631 3045 Si
1648 3016 1775 3045 autem
1795 3006 2018 3055 intelligatur
2037 3007 2085 3045 de
2104 3018 2235 3045 amore
2255 3005 2426 3053 caritatis,
2447 3017 2533 3046 non«.
2551 3012 2658 3067 ‚gt-⁸2²,
2683 3019 2698 3061 ξ
2716 3019 2763 3040 ²¹⁴2

1469 3062 1577 3099 datur
1604 3073 1672 3110 per
1699 3062 1774 3099 hoc
1801 3060 1953 3108 intelligi
1981 3059 2086 3108 quod
2110 3058 2300 3108 quaelibet
2318 3058 2390 3096 alia
2406 3057 2526 3099 virtus

1469 3114 1715 3152 essentialiter
1731 3113 1778 3152 sit
1797 3113 1950 3150 caritas:
1972 3112 2041 3150 sed
2059 3111 2165 3160 quod
2183 3123 2319 3149 omnes
2339 3110 2434 3148 aliae
2450 3110 2532 3149 vira:

1466 3175 1563 3204 tutes
1591 3166 1801 3215 aliqualiter
1828 3178 1851 3203 a
1879 3165 2030 3204 caritate
2059 3165 2309 3214 dependeant,
2333 3171 2376 3201 ut
2392 3162 2533 3201 infra*
2552 3171 2561 3181 ¹
2581 3169 2630 3198 Qu-

1466 3220 1618 3269 patebit.

358 3061 590 3098 conveniunt
608 3061 765 3098 virtutes
785 3061 1051 3098 intellectuales
1067 3068 1104 3098 et
1117 3062 1292 3108 morales,
1309 3069 1350 3098 ut
1370 3072 1414 3098 ex

357 3113 608 3162 supradictis*
621 3121 734 3162 patet.
752 3114 853 3161 Ergo
871 3113 1149 3161 distinguuntur
1167 3114 1215 3150 ab
1235 3113 1411 3152 invicem.

409 3168 632 3204 RESPONDEO
653 3178 835 3203 DiCENDuM
851 3166 967 3215 quod,
989 3166 1083 3204 sicut
1102 3178 1214 3216 supra
1229 3166 1250 3188 '¹‘
1269 3166 1411 3205 dictum

357 3227 428 3267 est,
458 3219 607 3256 habitus
641 3219 765 3268 specie
795 3219 1070 3267 distinguuntur
1098 3219 1310 3257 secundum
1338 3221 1412 3258 for-

118 3121 129 3132 *
143 3121 191 3148 Qu.
206 3127 270 3149 cvm,
285 3125 327 3144 art.

117 3154 187 3207 ἔρῃ.
198 3185 242 3207 mv,
253 3183 294 3202 art.
304 3186 325 3207 2,

118 3205 147 3228 ad
162 3211 178 3227 1.

410 3352 437 3386 α)
458 3351 512 3376 Sed
530 3358 614 3375 amor.
629 3365 647 3370 —
665 3351 748 3375 Amor
766 3354 854 3375 autem
875 3351 987 3375 codices.

409 3387 434 3421 β)
454 3387 575 3412 hominis.
589 3401 608 3405 -
627 3387 687 3410 Om.
707 3385 817 3410 codices.

408 3422 434 3456 γ)
456 3426 589 3446 naturam.
602 3435 621 3441 —
639 3429 713 3446 suam
734 3424 858 3445 naturam
879 3421 988 3445 codices.

1522 3351 1546 3384 δ)
1567 3351 1679 3376 rationis
1697 3351 1884 3384 cognitionem.
1897 3365 1915 3369 -
1934 3350 2095 3382 cognitionis
2114 3349 2244 3375 rationem
2264 3349 2381 3379 Anuli..
2394 3347 2525 3380 cognitio-

1470 3387 1510 3411 nis
1522 3387 1607 3419 finem
1627 3387 1656 3416 E,
1676 3386 1854 3419 cognitionem
1874 3386 1902 3410 F.

1521 3422 1543 3454 ε)
1562 3422 1608 3447 sed
1627 3422 1798 3454 theologicae.
1811 3435 1830 3440 -
1848 3421 2011 3454 theologicae
2030 3423 2118 3444 autem
2138 3419 2249 3444 codices.
