2852 4152
75 599 87 611 ⁸
100 598 127 620 In
140 603 247 626 corpore.

9 2639 12 2643 ’
74 2647 86 2658 ”
104 2645 141 2668 Cf.
162 2635 269 2668 OEaeeron.
280 2662 286 2672 ,

75 2698 105 2720 ba
117 2714 131 2725 .,
147 2698 171 2720 in
176 2671 287 2726 affligig-

77 2672 158 2694 T'.

956 246 1221 292 QUAESTIO
1251 245 1350 291 XIV,
1380 245 1674 281 ARTICULUS
1705 245 1766 291 IV,
1795 245 1829 280 V

310 324 436 372 gentia
473 323 684 371 singularia.
724 324 773 359 Et
805 323 891 360 ideo
930 324 1132 361 dicendum
1170 331 1225 360 est
1261 323 1364 371 quod

309 376 462 426 proprie
497 376 695 413 consilium
728 383 784 411 est
813 377 909 413 circa
943 389 988 414 ea
1021 389 1119 424 quae
1155 383 1316 424 aguntur
1345 388 1367 412 a

311 428 434 466 nobis.

363 483 423 518 An
451 492 588 517 pmmum
616 492 713 517 ERGo
742 493 925 518 mcENDuM
949 482 1053 530 quod
1082 481 1279 518 consilium
1299 480 1366 516 im-

312 540 437 583 portat
465 533 705 570 collationem
733 546 811 570 non
840 546 1134 582 quamcumque,
1164 533 1231 570 sed
1258 534 1367 570 colla-

294 604 302 614 f
313 586 457 623 tionem
486 586 533 623 de
562 586 675 622 rebus
704 586 869 633 agendis,
900 587 1045 623 ratione
1073 587 1149 623 iam
1168 586 1188 607 '¹‘
1216 586 1325 623 dieta.

366 641 425 675 An
453 650 643 675 SECUNDUM
670 650 854 675 DICENDUM
873 640 977 687 quod
1004 639 1042 676 id
1075 639 1179 688 quod
1204 646 1259 675 est
1286 639 1367 686 lege

313 691 494 740 positum,
515 691 692 738 quamvis
711 704 788 728 non
809 691 854 728 sit
882 704 927 728 ex
947 692 1165 740 operatione
1186 703 1368 739 quaeren-

313 744 359 781 tis
388 743 600 790 consilium,
620 751 750 780 tamen
778 752 834 781 est
854 744 1077 781 directivum
1102 744 1182 781 eius
1211 746 1259 782 ad
1279 756 1368 792 ope-

314 797 498 834 randum:
528 797 617 845 quia
636 797 705 833 ista
725 805 780 834 est
798 810 875 834 una
894 797 987 834 ratio
1012 797 1153 846 aliquid
1172 796 1367 845 operandi,

313 850 536 886 mandatum
565 850 665 896 legis.

366 903 426 939 An
453 913 613 939 TERTuJM
641 914 825 940 DICENDUM
853 903 959 950 quod
979 902 1178 939 consilium
1207 913 1286 938 non
1309 913 1369 937 so-

314 955 394 992 lum
423 963 479 991 est
508 955 555 992 de
584 955 641 992 his
670 968 768 1004 quae
797 962 976 1003 aguntur,
1006 955 1074 991 sed
1102 954 1149 991 de
1185 954 1242 990 his
1271 965 1367 1002 quae

2399 255 2467 290 107

1421 322 1640 359 ordinantur
1667 323 1716 359 ad
1753 322 2000 370 operationes.
2030 323 2079 358 Et
2106 329 2258 370 propter
2284 323 2358 358 hoc
2383 334 2470 358 con-

1420 375 1568 412 sultatio
1598 374 1731 411 dicitur
1757 374 1840 411 fieri
1858 376 1906 412 de
1925 374 2056 411 futuris
2085 374 2294 422 eventibus,
2313 374 2468 422 inquan-

1421 434 1502 464 tum
1529 428 1646 464 homo
1666 439 1735 475 per
1762 427 1906 463 futuros
1931 434 2088 463 eventus
2108 427 2277 474 cognitos
2306 427 2471 474 dirigitur

1422 481 1470 517 ad
1499 480 1639 529 aliquid
1666 479 1880 516 faciendum
1911 480 1973 516 vel
2002 479 2210 516 vitandum.

1474 534 1532 569 AD
1562 544 1733 575 QUARTUM
1760 544 1942 569 DICENDUM
1971 532 2074 580 quod
2104 531 2150 568 de
2179 531 2339 567 aliorum
2367 531 2470 567 factis

1423 586 1619 622 eonsilium
1652 585 1887 633 quaerimus,
1921 584 2145 633 inquantum
2173 591 2260 620 sunt
2286 584 2470 631 quodam-

1423 638 1540 675 modo
1559 650 1679 674 unum
1699 638 1915 674 nobiscum:
1935 638 1997 674 vel
2015 649 2083 686 per
2100 636 2283 673 unionem
2302 635 2470 682 affectus,

1423 691 1516 727 sicut
1534 691 1679 727 amicus
1698 690 1875 727 sollicitus
1895 697 1950 727 est
1969 690 2016 726 de
2034 690 2092 726 his
2111 701 2209 737 quae
2230 688 2280 725 ad
2305 688 2470 724 amicum

1423 750 1611 791 spectant,
1642 743 1735 779 sicut
1762 743 1809 779 de
1837 743 1933 788 suis;
1961 743 2023 779 vel
2050 754 2119 790 per
2150 741 2311 778 modum
2339 740 2472 777 instru-

1423 796 1560 843 menti,
1597 807 1687 832 nam
1725 807 1839 843 agens
1879 795 2083 844 principale
2121 801 2157 830 et
2192 793 2472 831 instrumentale

1423 856 1509 885 sunt
1537 847 1644 896 quasi
1663 860 1740 884 una
1769 860 1892 895 causa,
1923 860 2010 884 curn
2037 859 2158 884 unum
2178 854 2262 894 agat
2289 857 2358 894 per
2385 846 2473 882 alte-

1423 913 1528 946 rum;
1550 909 1586 937 et
1604 900 1656 937 sic
1677 900 1854 937 dominus
1881 900 2094 937 consiliatur
2121 899 2168 936 de
2196 899 2253 935 his
2273 910 2369 947 quae
2390 905 2475 934 sunt

1423 953 1570 1001 agenda
1601 965 1669 1002 per
1697 965 1862 990 servum.

1088 1115 1402 1157 ARTICULUS
1433 1112 1703 1166 QUARTUS

713 1208 868 1239 UTRUM
892 1208 1125 1238 CONSILIUM
1149 1207 1215 1238 SIT
1238 1207 1294 1236 DE
1319 1205 1507 1237 OMNJBUS
1531 1206 1648 1242 QUAE
1667 1208 1696 1235 A
1719 1205 1842 1236 Noss1s
1866 1205 2077 1235 AGUNTUR

931 1286 961 1310 111
982 1286 1064 1314 Sent„
1084 1286 1143 1310 dist.
1162 1293 1232 1316 xxxV,
1251 1293 1295 1317 qu.
1314 1293 1341 1314 11,
1361 1289 1407 1310 art.
1426 1292 1451 1316 4,
1472 1286 1518 1317 qu·
1537 1292 1558 1315 13
1578 1284 1610 1308 III
1629 1284 1723 1313 Ethic„
1742 1284 1801 1308 lect.
1814 1291 1857 1308 vn.

404 1393 411 1405 ι
467 1397 505 1434 3<
528 1385 551 1410 ι)
571 1384 743 1414 QUARTUM
761 1384 814 1408 sm
834 1383 1072 1408 PROCEmTUR.
1091 1370 1249 1407 Videtur
1268 1370 1372 1418 quod

437 1406 465 1423 vv1

457 1426 465 1437 ‚-

269 1462 274 1463 ⁷
311 1453 333 1461 Α,
375 1451 391 1457 Ξ
409 1438 434 1475 31-
451 1426 509 1475 sd*
529 1425 728 1462 consilium
745 1424 791 1460 sit
810 1424 858 1460 de
879 1423 1058 1460 omnibus
1086 1435 1183 1471 quae
1199 1430 1286 1459 sunt
1303 1434 1373 1470 per

334 1464 456 1536 ,fstfi
466 1465 599 1520 'f'nos
627 1476 786 1524 agenda.
807 1476 951 1513 Electio
981 1477 1082 1513 enim
1111 1482 1166 1511 est
1192 1475 1372 1523 appetitus

337 1510 472 1571 Ᾰᾷἳῖῗ)
487 1526 521 1571 N
537 1529 813 1575 raeconsiliati,
823 1537 863 1566 ut
877 1529 1019 1566 dictum
1036 1535 1090 1565 est
1099 1528 1130 1564 ³¹⁶.
1149 1529 1225 1565 Sed
1242 1527 1372 1564 electio

316 1592 372 1622 est
392 1584 446 1622 -de
475 1583 655 1621 omnibus
688 1594 786 1631 quae
813 1594 882 1630 per
909 1594 980 1618 nos
1008 1589 1180 1629 aguntur.
1206 1581 1306 1627 Ergo
1337 1587 1373 1616 et

315 1637 527 1674 consilium.

369 1701 405 1727 2.
425 1691 658 1735 PRAETEREA,
676 1686 874 1724 consilium
893 1687 1072 1735 importat
1090 1685 1370 1734 inquisitionem

315 1742 481 1779 rationis.
510 1741 586 1779 Sed
606 1741 644 1777 in
666 1739 844 1777 omnibus
872 1752 968 1788 quae
989 1752 1068 1776 non
1095 1751 1164 1787 per
1183 1739 1371 1786 impetum

313 1794 500 1844 passionis
529 1794 687 1842 agimus,
707 1792 952 1841 procedimus
981 1805 1027 1828 ex
1044 1791 1285 1840 inquisitione
1314 1803 1371 1827 ra-

314 1847 438 1885 tionis.
471 1848 573 1895 Ergo
604 1846 651 1883 de
679 1845 859 1882 omnibus
883 1857 981 1894 quae
1010 1852 1170 1892 aguntur
1198 1857 1220 1880 a
1248 1844 1370 1891 nobis,

314 1907 371 1938 est
398 1900 610 1938 consilium.

370 1955 404 1990 3.
425 1954 658 1997 PRAETEREA,
679 1950 935 1999 Philosophus
955 1949 1053 1997 dicit,
1075 1949 1113 1985 in
1133 1951 1182 1985 ΙΙΙ
1202 1949 1321 1986 Ethic.
1338 1949 1369 1996 ²⁸,

278 2003 284 2010 ’
314 2006 420 2054 quod
447 2007 481 2043 si
500 2017 573 2053 per
593 2004 710 2053 plura
729 2003 872 2052 aliquid
887 2003 982 2051 fieri
992 2007 1122 2051 potest,
1144 2002 1296 2039 consilio
1317 2002 1371 2038 in-

314 2059 476 2107 quiritur
501 2069 574 2106 per
609 2056 709 2105 quod
731 2055 921 2104 facillime
948 2060 965 2076 ²
993 2061 1029 2091 et
1058 2050 1194 2102 optime
1215 2056 1313 2102 fiat‚·
1340 2055 1374 2091 si

315 2116 440 2148 autem
453 2123 527 2160 per
546 2121 674 2155 unum,
691 2109 849 2157 qualiter
862 2120 934 2157 per
952 2107 1043 2144 illud
1049 2109 1136 2155 fiat.
1158 2107 1235 2144 Sed
1255 2119 1371 2143 omne

315 2164 422 2211 quod
448 2164 502 2210 fit,
536 2163 579 2199 fit
605 2174 675 2211 per
701 2173 822 2198 unum
850 2162 913 2198 vel
940 2173 1008 2209 per
1035 2161 1163 2196 multa.
1193 2161 1294 2207 Ergo
1324 2160 1371 2197 de

316 2216 495 2253 omnibus
528 2227 627 2263 quae
655 2214 752 2251 fiunt
780 2227 802 2251 a
831 2213 953 2260 nobis,
974 2220 1029 2249 est
1057 2212 1267 2249 consilium.

370 2269 444 2305 SED
473 2279 620 2305 CONTRA
656 2278 722 2303 EST
749 2267 854 2316 quod
892 2265 1097 2313 Gregorius
1126 2265 1325 2312 Nyssenus
1351 2264 1372 2286 '¹‘

237 2344 243 2351 ·
278 2317 286 2356 ἶ
315 2320 415 2368 dicit,
437 2321 542 2370 quod
561 2320 606 2357 de
624 2319 681 2356 his
709 2331 805 2368 quae
823 2319 1026 2355 secundum
1054 2317 1287 2365 disciplinam
1315 2317 1375 2354 vel

313 2379 433 2411 artem
456 2377 548 2410 'sunt
577 2373 762 2421 operibus,
783 2383 857 2408 non
887 2377 940 2407 est
966 2370 1171 2407 consilium.

366 2428 592 2464 REspounEo
613 2437 796 2462 DICENDUM
824 2424 930 2472 quod
950 2423 1147 2460 consilium
1178 2430 1234 2458 est
1252 2422 1373 2470 inqui-

313 2479 397 2516 sitio
434 2479 646 2528 quaedam,
675 2486 717 2514 ut
745 2477 887 2514 dictum
917 2485 972 2513 est
990 2476 1020 2512 ³¹⁸.
1051 2477 1109 2512 De
1147 2475 1216 2511 illis
1244 2483 1373 2511 autem

314 2532 504 2582 inquirere
524 2532 702 2577 solemus,
723 2542 822 2578 quae
841 2530 879 2566 in
899 2529 1057 2566 dubium
1076 2528 1250 2564 veniunt:
1271 2527 1372 2564 unde

314 2592 351 2622 et
379 2585 471 2622 ratio
491 2583 719 2632 inquisitiva,
741 2594 837 2631 quae
858 2581 992 2619 dicitur
1019 2586 1298 2630 argumentum,
1320 2588 1374 2616 est

314 2639 372 2675 rei
405 2637 540 2674 dubiae
558 2637 711 2685 faciens
727 2635 849 2683 fidem
877 2633 908 2670 ²¹⁶.
930 2634 1048 2680 Quod
1075 2641 1204 2670 autem
1233 2632 1372 2680 aliquid

314 2689 354 2727 in
381 2689 637 2738 operabilibus
675 2687 852 2724 humanis
890 2699 968 2723 non
996 2686 1041 2723 sit
1074 2685 1297 2733 dubitabile,
1328 2697 1373 2721 ex

314 2743 466 2779 duobus
494 2741 683 2789 contingit.
703 2741 789 2778 Uno
819 2739 955 2786 modo,
985 2739 1073 2787 quia
1099 2750 1169 2787 per
1197 2737 1372 2774 determi-

314 2802 421 2832 natas
439 2794 522 2831 vias
541 2793 758 2842 proceditur
786 2793 835 2829 ad
854 2792 1123 2829 determinatos
1142 2791 1257 2827 fines:
1279 2790 1373 2826 sicut

1426 1370 1603 1417 contingit
1629 1371 1667 1406 in
1686 1371 1827 1407 artibus
1859 1383 1956 1419 quae
1984 1371 2124 1407 habent
2143 1377 2262 1406 certas
2287 1369 2368 1406 vias
2388 1381 2477 1417 ope-

1426 1422 1552 1467 randig
1591 1422 1683 1458 sicut
1719 1423 1875 1471 scriptor
1910 1435 1988 1459 non
2026 1422 2242 1459 consiliatur
2278 1421 2475 1470 quomodo

1426 1473 1563 1510 debeat
1590 1475 1738 1511 trahere
1766 1475 1922 1522 litteras,
1953 1476 2026 1511 hoc
2055 1475 2156 1512 enirn
2185 1475 2476 1511 determinatum

1427 1533 1482 1562 est
1509 1538 1577 1574 per
1605 1534 1736 1563 artem.
1756 1527 1842 1563 Alio
1872 1527 2002 1574 modo,
2023 1528 2112 1574 quia
2134 1540 2212 1564 non
2240 1528 2400 1563 multum
2421 1539 2476 1563 re-

1427 1579 1496 1614 fert
1522 1585 1650 1614 utrum
1675 1579 1727 1615 sic
1758 1580 1820 1616 vel
1847 1579 1900 1615 sic
1927 1580 2014 1615 fiat:
2045 1587 2080 1615 et
2098 1580 2166 1615 ista
2194 1587 2279 1616 sunt
2306 1580 2476 1625 minima,

1427 1643 1526 1678 quae
1541 1643 1677 1679 parum
1698 1632 1880 1668 adiuvant
1894 1632 1954 1668 vel
1982 1632 2193 1679 impediunt
2207 1640 2377 1680 respectu
2392 1632 2477 1668 finis

1428 1683 1705 1731 consequendi3
1736 1684 1839 1732 quod
1858 1692 1986 1720 autem
2013 1696 2148 1732 parum
2169 1692 2234 1731 est,
2256 1685 2362 1733 quasi
2389 1684 2478 1720 nihil

1427 1737 1561 1785 accipit
1581 1736 1687 1772 ratio.
1709 1738 1758 1773 Et
1776 1737 1863 1773 ideo
1884 1737 1931 1773 de
1957 1737 2106 1773 duobus
2126 1749 2204 1773 non
2225 1737 2477 1782 consiliamur,

1427 1789 1603 1838 quamvis
1622 1789 1842 1826 ordinentur
1861 1789 1908 1826 ad
1936 1789 2067 1837 finem,
2087 1797 2128 1826 ut
2155 1789 2407 1838 Philosophus
2427 1789 2479 1825 di-

1428 1842 1474 1878 cit
1492 1841 1532 1878 *z
1553 1841 1692 1878 scilicet
1711 1842 1757 1878 de
1786 1842 1899 1878 rebus
1917 1842 2059 1890 parvis;
2082 1850 2117 1878 et
2137 1843 2183 1879 de
2202 1842 2259 1878 his
2279 1854 2375 1890 quae
2395 1849 2481 1878 sunt
2509 1849 2517 1857 ·
2530 1846 2715 1893 Ethic.,1ib.1l1‚

2509 1879 2651 1921 {³¹’†1}¹¹’1e¹2·t
2663 1879 2716 1920 ¹211·

1428 1894 1675 1931 determinata
1693 1895 1851 1942 qualiter
1869 1895 1951 1931 fieri
1975 1894 2125 1941 debent,
2146 1895 2241 1931 sicut
2260 1902 2314 1931 est
2333 1895 2371 1931 in
2391 1907 2480 1943 ope-

1426 1947 1529 1983 ribus
1549 1945 1564 1976 β
1591 1947 1739 1993 artium,
1764 1953 1918 1995 praeter
1936 1948 2116 1995 quasdam
2144 1948 2419 1993 coniecturales,
2440 1955 2481 1983 ut

1427 1999 1630 2047 Gregorius
1660 2001 1856 2047 Nyssenus
1874 2000 1894 2021 ²⁸
1926 2000 2025 2047 dicit,
2059 2006 2100 2036 ut
2118 2006 2212 2048 puta
2240 2000 2478 2045 medicinalis,

1426 2053 1665 2101 negotiativa,
1686 2058 1721 2089 et
1742 2053 1963 2089 huiusmodi.

1479 2107 1537 2141 AD
1555 2117 1691 2142 PRlMUM
1711 2117 1808 2142 ERGO
1827 2117 2010 2142 DICENDUM
2030 2105 2134 2153 quod
2154 2105 2284 2142 electio
2298 2118 2478 2154 praesup-

1425 2158 1533 2206 ponit
1548 2158 1744 2194 consilium
1758 2158 1902 2194 ratione
1917 2157 2043 2195 iudicii
2055 2158 2118 2194 vel
2133 2158 2350 2195 sententiae.
2366 2159 2478 2195 Unde

1426 2210 1580 2258 quando
1609 2210 1789 2247 iudicium
1808 2211 1870 2246 vel
1893 2210 2076 2246 sententia
2105 2210 2303 2246 manifesta
2322 2218 2376 2246 est
2395 2211 2478 2247 abs-

1427 2275 1500 2310 que
1520 2263 1772 2311 inquisitione,
1795 2275 1872 2299 non
1897 2262 2096 2311 requiritur
2116 2262 2257 2299 consilii
2275 2262 2475 2311 inquisitio.

1479 2317 1537 2351 AD
1558 2326 1746 2352 SECUNDUM
1766 2327 1948 2352 DICENDUM
1967 2315 2072 2363 quod
2092 2315 2183 2351 ratio
2212 2315 2250 2351 in
2269 2315 2381 2351 rebus
2400 2327 2479 2351 ma-

1426 2367 1566 2404 nifestis
1594 2380 1672 2404 non
1700 2367 1862 2416 inquirit,
1892 2368 1959 2405 sed
1987 2367 2111 2404 statim
2139 2367 2288 2404 iudicat.
2317 2368 2366 2404 Et
2392 2367 2479 2404 ideo

1426 2433 1504 2457 non
1534 2428 1683 2469 oportet
1710 2420 1748 2457 in
1777 2420 1954 2457 omnibus
1990 2433 2088 2468 quae
2122 2420 2264 2457 ratione
2299 2428 2478 2468 aguntur,

1427 2485 1508 2510 esse
1537 2473 1818 2522 inquisitionem
1848 2473 2002 2509 consilii.

1478 2528 1537 2562 AD
1566 2537 1724 2563 TERTtUM
1744 2537 1927 2562 DICENDUM
1946 2525 2051 2573 quod
2078 2525 2231 2573 quando
2252 2524 2392 2573 aliquid
2410 2537 2480 2573 per

1426 2591 1546 2615 unum
1573 2586 1698 2627 potest
1716 2578 1810 2625 fieri,
1832 2579 1899 2615 sed
1927 2577 2083 2615 diversis
2103 2577 2239 2624 modis,
2258 2584 2384 2625 potest
2412 2577 2479 2614 du-

1426 2631 1647 2668 bitationem
1675 2631 1827 2677 habere,
1848 2631 1943 2667 sicut
1962 2638 1998 2667 et
2025 2631 2177 2679 quando
2204 2630 2247 2666 fit
2264 2642 2333 2678 per
2350 2630 2477 2678 plura:

1426 2691 1462 2720 et
1490 2684 1577 2720 ideo
1607 2695 1703 2731 opus
1733 2691 1787 2720 est
1816 2683 1983 2720 consilio.
2013 2683 2091 2720 Sed
2119 2682 2272 2730 quando
2306 2683 2478 2719 determi-

1425 2743 1535 2773 natur
1562 2748 1641 2772 non
1669 2737 1793 2772 solum
1822 2748 1893 2783 res,
1923 2735 1991 2773 sed
2018 2735 2170 2782 modus,
2199 2743 2290 2772 tunc
2318 2748 2395 2772 non
2424 2743 2479 2772 est

1426 2801 1523 2837 opus
1553 2788 1721 2840 consilio.
1832 2794 1836 2797 ’

367 2899 394 2932 α)
408 2899 547 2934 facillime.
565 2912 584 2917 -
596 2898 756 2931 facillimum
775 2897 972 2925 ABCDEGIKa,
986 2896 1096 2929 facilius
1115 2896 1144 2920 L.

1480 2893 1504 2926 β)
1525 2893 1655 2925 operibus.
1672 2908 1690 2912 —
1708 2893 1905 2925 operationibus
1924 2893 1969 2917 Pa.

1098 3041 1413 3083 ARTICULUS
1444 3040 1698 3092 QUINTUS
1716 3046 1720 3049 ’

805 3132 960 3163 UTRUM
985 3131 1218 3162 CONSILIUM
1240 3129 1474 3161 PROCEDAT
1498 3129 1659 3160 ORDINE
1683 3127 1988 3159 RESOLUTORIO

1249 3200 1280 3224 111
1300 3198 1393 3229 Ethic„
1414 3200 1470 3224 lect.
1490 3207 1544 3224 vm.
1808 3198 1822 3202 ”

344 3309 353 3327 ³
378 3312 406 3337 »ι
425 3311 482 3343 νᾳ·

454 3357 463 3365 ,

329 3403 332 3407 .
363 3389 376 3406 ω
460 3382 492 3411 lt'
504 3395 511 3401 -

331 3430 340 3443 t
349 3435 352 3446 ι
375 3438 378 3443 ,
429 3429 450 3445 5
470 3402 491 3442 (ἱ

525 3344 723 3382 consilium
742 3355 821 3380 non
846 3342 1029 3392 procedat
1048 3341 1166 3378 modo
1187 3341 1368 3377 resoluto-

367 3557 393 3589 α)
412 3556 559 3581 consilium.
575 3568 593 3573 -
610 3554 748 3585 compositi
766 3553 904 3578 consilium
923 3553 968 3576 Pa.

516 3291 546 3329 ‘D
575 3303 736 3334 QUINTUM
756 3302 809 3328 sm
829 3301 1067 3327 PROCEDITUR.
1087 3288 1245 3325 Videtur
1263 3288 1368 3336 quod
1424 3299 1502 3323 non
1521 3287 1732 3335 procedunt
1746 3285 1865 3322 modo
1885 3283 2120 3331 resolutorio,
2137 3284 2204 3320 sed
2223 3283 2342 3331 magis
2358 3283 2474 3320 modo

1425 3339 1696 3388 compositivo,
1717 3337 1855 3375 scilicet
1874 3338 1920 3374 de
1940 3336 2168 3386 simplicibus
2183 3337 2231 3373 ad
2252 3336 2472 3384 composita.

347 3404 366 3443 γ
389 3415 441 3433 ν»
526 3398 592 3435 rio.
615 3396 826 3434 Consilium
856 3395 957 3432 enim
987 3401 1042 3431 est
1069 3395 1115 3431 de
1144 3393 1201 3430 his
1230 3405 1328 3442 quae
1348 3406 1370 3430 a
1424 3393 1525 3440 Ergo
1556 3391 1753 3428 consilium
1774 3396 1791 3412 α
1818 3402 1896 3428 non
1916 3402 2067 3439 semper
2093 3389 2262 3438 procedit
2282 3388 2399 3425 modo
2419 3399 2475 3425 re-

331 3446 351 3458 *
369 3427 635 3488 Qnobis
663 3456 834 3497 aguntur.
857 3448 934 3486 Sed
953 3447 1190 3496 operationes
1218 3453 1369 3483 nostrae
1424 3444 1615 3482 solutorio.

2509 2001 2517 2008 '
2529 1998 2658 2024 Nemesius,
2671 1997 2716 2019 loc.

2509 2026 2546 2047 cit.
2564 2037 2575 2041 -
2594 2024 2629 2046 Cf.
2643 2023 2715 2053 Arist.

2516 2058 2554 2073 oc.
2569 2056 2629 2073 nunc
2644 2056 2663 2071 ci
2676 2065 2682 2071 .
