2846 4146
97 858 159 906 :aa
165 863 197 886 ⁴¹
198 863 260 884 ··=¹¹
271 857 309 879 ¹¹·-

1041 232 1306 279 QUAEsrio
1336 233 1420 279 Lx,
1439 232 1744 269 ·ART1euLus
1774 234 1787 268 1

2427 232 2499 268 385

939 438 1347 515 QUAEsTm
1385 437 1917 497 SEXAGESIMA

591 564 674 603 DE
706 563 1134 605 DISTINCTIONE
1167 565 1487 607 VIRTUTUM
1519 564 1846 606 MORALIUM
1879 566 1964 606 AD
1998 564 2248 605 INVICEM

1127 688 1161 712 IN
1192 687 1352 719 QUINQUE
1378 688 1579 713 ARTICULOS
1607 689 1722 714 DIVISA

419 803 527 833 Emnr.
558 795 877 833 considerandum
907 804 962 833 est
987 796 1034 833 de
1058 794 1296 834 distinctione
1319 796 1394 833 vir-

420 855 544 893 tutum
573 848 776 885 moralium
805 849 855 886 ad
882 848 1049 885 invicem
1069 848 1101 885 ²².
1307 867 1311 870 ·

336 903 386 940 Et
414 901 513 939 circa
540 901 615 937 hoc
642 908 876 949 quaeruntur
903 900 1084 948 quinque.

389 953 541 991 Primo:
570 960 699 989 utrum
727 953 773 989 sit
800 960 948 989 tantum
977 964 1054 988 una
1080 952 1198 988 virtus
1227 951 1394 988 moralis.

392 1007 592 1044 Secundo:
620 1013 748 1042 utrum
778 1004 1053 1052 distinguantur
1079 1005 1236 1041 virtutes
1271 1015 1396 1042 mora-

443 1059 497 1095 les
517 1069 616 1107 quae
635 1065 722 1095 sunt
745 1057 843 1094 circa
863 1056 1114 1106 operationes,
1143 1057 1190 1094 ab
1210 1056 1268 1094 his
1297 1069 1395 1105 quae

445 1119 532 1149 sunt
560 1110 658 1148 circa
685 1110 896 1160 passiones.

1503 801 1656 837 Tertio:
1687 809 1813 838 utrum
1843 802 1940 839 circa
1978 802 2220 851 operationes
2248 803 2293 839 sit
2323 815 2400 840 una
2426 811 2505 840 tan-

1554 869 1636 897 tum
1665 863 1819 898 moralis
1845 863 1976 900 virtus.

1504 919 1668 966 Quarto:
1702 929 1828 958 utrum
1867 924 1966 960 circa
2004 924 2170 961 diversas
2207 923 2405 973 passiones
2434 924 2507 962 sint

1556 981 1731 1019 diversae
1760 985 1924 1020 morales
1951 985 2120 1022 virtutes.

1503 1043 1670 1090 Quinto:
1698 1050 1825 1080 utrum
1852 1045 2008 1082 virtutes
2037 1047 2200 1083 morales
2235 1047 2507 1095 distinguantur

1558 1104 1771 1142 secundum
1801 1104 1948 1142 diversa
1978 1106 2125 1144 obiecta
2152 1107 2386 1156 passionum.

1143 1215 1459 1260 ARTICULUS
1492 1217 1696 1258 PRIMUS

944 1309 1100 1341 UTRUM
1123 1309 1190 1341 sn-
1213 1309 1303 1340 UNA
1325 1309 1512 1339 TANTUM
1536 1308 1692 1339 vaus
1715 1308 1905 1339 MORALIS

1107 1388 1140 1412 111
1158 1388 1242 1417 sent„
1262 1388 1320 1412 dist.
1339 1393 1428 1418 xxxm,
1448 1394 1491 1419 qu.
1507 1394 1532 1416 1.

372 1498 431 1533 ,2⁴5
454 1495 525 1536 hm<
550 1487 574 1513 D
601 1487 738 1512 mimum
765 1486 820 1512 src
848 1486 1087 1512 PnocEDrrtJR.
1106 1475 1266 1511 Videtur
1289 1474 1396 1522 quod

368 1527 598 1582 msit
633 1540 710 1565 una
747 1534 892 1564 tantum
929 1527 1084 1564 moralis
1120 1527 1250 1564 virtus.
1291 1527 1397 1563 Sicut

343 1579 403 1627 'lv‘
406 1598 476 1624 v„
488 1567 517 1621 f
552 1581 654 1619 enirn
673 1580 713 1618 in
732 1580 876 1618 actibus
900 1579 1108 1617 moralibus
1128 1578 1284 1617 directio
1313 1591 1397 1628 per-

347 1630 491 1669 ‚Ass—‘³52
507 1627 644 1678 &tinet
671 1634 719 1672 ad
747 1631 949 1680 rationem,
977 1645 1076 1682 quae
1101 1640 1156 1670 est
1183 1631 1396 1670 subiectum

294 1718 295 1721 ,
340 1686 647 1730 intellectualium
679 1686 882 1731 virtutum;
921 1686 972 1723 ita
1009 1684 1200 1723 inclinatio
1237 1685 1399 1734 pertinet

101 2426 112 2438 ⁶
128 2425 179 2455 Qu.
193 2433 215 2455 1,
228 2429 272 2450 m.
291 2433 312 2456 3.

101 2748 110 2758 ¹
119 2746 167 2774 Qu.
177 2751 223 2774 ιη,
234 2749 277 2768 nrt.
288 2751 313 2768 2.-

171 2908 261 2932 ..Ι-ῐῐὶ
271 2906 313 2926 sst-

101 2918 314 2959 εςῖζιιιικιιιι-ι.

104 3012 178 3040 'Qu-
192 3017 256 3040 cvm,
271 3015 314 3034 art.

103 3044 120 3067 1,
133 3044 155 3066 ²,
168 3044 192 3067 3.

88 3180 94 3183 ,
105 3170 115 3180 '
128 3169 158 3192 D.
171 3170 221 3199 693.

106 3223 116 3233 ·
126 3221 174 3250 Qu.
184 3227 230 3250 ω,
242 3225 285 3244 ιη.
295 3227 316 3244 2.

340 1740 391 1777 ad
425 1739 506 1776 vim
538 1739 804 1788 appetitivam,
841 1750 940 1787 quae
978 1746 1034 1775 est
1066 1738 1280 1775 subiectum
1316 1749 1399 1774 mo-

340 1791 474 1829 ralium
510 1792 705 1829 virtutum.
745 1791 822 1829 Sed
853 1803 930 1828 una
960 1798 1015 1828 est
1041 1790 1296 1828 intellectualis
1324 1790 1399 1828 vir-

339 1852 400 1883 tus
438 1843 601 1892 dirigens
637 1843 676 1882 in
713 1844 893 1882 omnibus
929 1844 1138 1882 moralibus
1175 1843 1319 1881 actibus
1358 1849 1396 1890 ²,

340 1897 480 1935 scilicet
513 1897 727 1946 prudentia.
760 1897 863 1945 Ergo
898 1896 1012 1934 etiam
1049 1907 1127 1934 una
1158 1904 1304 1934 tantum
1344 1903 1399 1934 est

340 1949 495 1988 moralis
526 1950 646 1988 virtus
681 1950 865 1987 inclinans
901 1949 941 1987 in
974 1950 1154 1989 omnibus
1190 1949 1398 1986 moralibus

342 2002 499 2040 actibus.

395 2065 429 2093 2.
450 2056 683 2102 Parim-em,
703 2055 853 2092 habitus
872 2067 951 2092 non
971 2055 1248 2103 distinguuntur
1267 2065 1399 2091 secun-

342 2107 434 2145 dum
463 2106 670 2145 materialia
698 2107 857 2155 obiecta,
879 2108 947 2145 sed
975 2107 1187 2145 secundum
1220 2107 1399 2145 formales

341 2160 506 2198 rationes
534 2160 784 2198 obiectorum.
811 2160 998 2198 Formalis
1026 2168 1155 2198 autem
1184 2160 1277 2198 ratio
1306 2160 1398 2197 boni

341 2213 391 2251 ad
419 2213 525 2262 quod
548 2213 742 2251 ordinatur
768 2214 886 2251 virtus
905 2213 1071 2261 moralis,
1092 2221 1150 2250 est
1175 2223 1309 2261 unum,
1329 2213 1398 2250 sci-

339 2266 426 2303 licet
454 2265 593 2303 modus
621 2266 787 2303 rationis.
809 2267 911 2314 Ergo
938 2266 1088 2304 videtur
1116 2266 1222 2314 quod
1250 2266 1296 2303 sit
1322 2276 1400 2303 una

343 2325 491 2356 tantum
520 2319 674 2356 moralis
700 2319 831 2356 virtus.

395 2373 430 2408 3.
450 2372 682 2418 PRAETEREA,
699 2371 858 2410 moralia
878 2371 1063 2420 recipiunt
1081 2371 1247 2421 speciem
1266 2384 1289 2408 a
1307 2371 1397 2418 fine,

339 2431 381 2461 ut
407 2435 523 2473 supra
549 2422 569 2446 ²¹⁵
598 2423 742 2462 dictum
771 2432 836 2461 est.
859 2424 935 2462 Sed
963 2423 1051 2462 finis
1079 2424 1254 2462 omnium
1281 2423 1398 2462 virtu-

339 2484 422 2515 tum
448 2476 652 2514 moralium
681 2476 897 2515 communis
926 2485 983 2514 est
1009 2489 1126 2525 unus,
1155 2477 1295 2513 scilicet
1321 2477 1400 2513 feli·

341 2529 452 2575 citas;
481 2529 624 2578 proprii
661 2537 789 2566 autern
827 2537 863 2566 et
889 2529 1095 2578 propinqui
1132 2536 1218 2566 sunt
1250 2529 1397 2565 infiniti.

341 2582 434 2618 Non
461 2588 548 2618 sunt
575 2588 703 2619 autem
727 2581 894 2619 infinitae
921 2581 1079 2618 virtutes
1097 2581 1274 2617 morales.
1296 2581 1398 2629 Ergo

341 2633 492 2671 videtur
519 2634 623 2681 quod
652 2633 698 2670 sit
724 2646 800 2670 una
828 2640 987 2671 tantum.

395 2687 470 2723 SED
490 2697 637 2723 CONTRA
664 2698 730 2723 EST
749 2686 855 2735 quod
881 2698 980 2723 unus
1000 2685 1150 2722 habitus
1178 2697 1257 2722 non
1275 2693 1400 2733 potest

343 2751 424 2776 esse
452 2738 491 2776 in
520 2738 678 2776 diversis
706 2738 894 2787 potentiis,
915 2746 955 2775 ut
983 2750 1097 2787 supra
1115 2737 1135 2759 '¹‘
1159 2738 1302 2775 dictum
1331 2745 1398 2775 est.

343 2792 420 2829 Sed
448 2791 661 2828 subiectum
689 2791 870 2829 virtutum
899 2791 1101 2828 moralium
1131 2798 1186 2827 est
1219 2802 1306 2839 pars
1335 2802 1400 2839 ap-

341 2842 497 2893 petitiva
525 2844 688 2891 animae,
708 2855 804 2892 quae
823 2856 893 2893 per
911 2842 1080 2881 diversas
1107 2843 1294 2892 potentias
1324 2842 1398 2880 dis-

342 2897 540 2945 tinguitur,
567 2903 609 2933 ut
640 2896 678 2933 in
706 2897 836 2934 Primo
864 2896 885 2918 '¹‘
918 2896 1061 2934 dictum
1090 2902 1155 2933 est.
1190 2896 1292 2944 Ergo
1321 2908 1399 2934 non

342 2957 469 2999 potest
496 2962 577 2987 esse
605 2962 683 2986 una
709 2957 856 2986 tantum
882 2949 1001 2986 virtus
1029 2948 1194 2986 moralis.

396 3004 621 3040 Responnso
641 3014 826 3039 mensuum
846 3002 964 3050 quod,
985 3001 1079 3038 sicut
1093 3012 1208 3049 supra
1221 3000 1241 3022 ²¹⁴
1256 3000 1399 3038 dictum

345 3062 411 3102 est,
431 3055 589 3092 virtutes
617 3055 780 3091 morales
809 3062 894 3091 sunt
922 3054 1071 3091 habitus
1100 3053 1254 3102 quidam
1283 3064 1397 3102 appe-

343 3108 470 3145 titivae
498 3107 625 3156 partis.
647 3107 808 3144 Habitus
837 3114 964 3144 autern
994 3105 1118 3155 specie
1138 3105 1316 3143 differunt
1344 3118 1400 3143 se-

345 3160 514 3198 cundum
543 3160 724 3209 speciales
762 3159 989 3197 differentias
1027 3158 1263 3197 obiectorum
1290 3158 1330 3206 ¹⁸,
1359 3166 1401 3195 ut

344 3226 458 3262 supra
484 3213 504 3235 '¹‘
528 3212 670 3250 dictum
699 3220 766 3250 est.
787 3212 942 3261 Species
970 3219 1098 3249 autem
1117 3211 1256 3248 obiecti
1283 3224 1402 3261 appe-

344 3266 465 3314 tibilis,
486 3266 581 3304 sicut
609 3273 644 3303 et
663 3265 859 3302 cuiuslibet
883 3265 947 3312 rei,
968 3264 1170 3302 attenditur
1189 3264 1400 3301 secundum

344 3320 509 3356 formam
539 3318 771 3367 specificam,
791 3329 889 3367 quae
910 3325 965 3354 est
992 3318 1040 3354 ab
1069 3324 1214 3365 agente.
1244 3317 1312 3354 Est
1335 3327 1400 3354 au-

344 3380 422 3409 tern
461 3371 781 3410 considerandum
814 3370 921 3419 quod
957 3368 1114 3407 materia
1149 3368 1324 3418 patientis
1359 3380 1400 3406 se

345 3425 460 3463 habet
488 3423 536 3462 ad
565 3437 680 3473 agens
710 3423 915 3473 dupliciter.
946 3422 1189 3474 Quandoque
1219 3419 1320 3459 enim
1344 3434 1400 3459 re-

400 3537 427 3572 α)
446 3538 555 3563 actibus.
569 3550 588 3557 -
605 3538 666 3562 Om.
686 3532 919 3562 ABCDEGHIKL.

488 3590 597 3614 Summa
615 3589 715 3613 Tmzor.
736 3589 766 3613 D.
785 3588 899 3613 Tamus.
917 3588 949 3612 T.
969 3588 1008 3612 111.

1551 1391 1596 1413 art.
1615 1395 1636 1416 1,
1656 1388 1702 1419 qu·
1723 1394 1743 1411 1.

1453 1474 1541 1523 cipit
1555 1474 1721 1511 formam
1737 1475 1879 1522 agentis
1899 1476 2110 1513 secundum
2126 1477 2288 1514 eandem
2309 1478 2508 1526 rationem,

1451 1535 1566 1576 prout
1594 1534 1650 1563 est
1672 1527 1710 1563 in
1739 1535 1890 1574 agente:
1919 1528 2015 1565 sicut
2043 1536 2097 1565 est
2124 1529 2163 1566 in
2192 1529 2369 1567 omnibus
2395 1542 2508 1578 agen-

1452 1579 1552 1616 tibus
1580 1579 1766 1616 univocis.
1788 1581 1837 1616 Et
1864 1579 1916 1616 sic
1945 1593 2099 1618 necesse
2125 1590 2181 1618 est
2200 1582 2321 1629 quod,
2343 1582 2373 1619 si
2393 1595 2508 1631 agens

1453 1639 1510 1669 est
1536 1644 1657 1669 unum
1687 1632 1824 1681 specie,
1846 1634 1950 1681 quod
1979 1633 2137 1670 materia
2165 1634 2319 1682 recipiat
2345 1636 2509 1673 formam

1453 1685 1564 1722 unius
1593 1684 1750 1733 speciei:
1779 1685 1875 1722 sicut
1902 1686 1950 1722 ab
1978 1686 2064 1734 igne
2092 1698 2171 1723 non
2199 1694 2399 1734 generatur
2429 1688 2511 1724 uni-

1451 1748 1550 1775 voce
1579 1738 1649 1775 nisi
1676 1737 1817 1786 aliquid
1845 1738 2007 1775 existens
2035 1739 2072 1776 in
2101 1739 2227 1787 specie
2254 1740 2360 1787 ignis.
2381 1761 2404 1767 -
2434 1740 2511 1777 Ali-

1454 1790 1608 1840 quando
1636 1802 1731 1827 vero
1760 1791 1919 1828 materia
1947 1791 2077 1840 recipit
2105 1793 2270 1829 formam
2299 1793 2346 1829 ab
2375 1801 2508 1840 agente

1453 1856 1532 1881 non
1561 1843 1773 1880 secundum
1811 1845 1974 1881 eandem
2008 1844 2215 1892 rationem,
2245 1852 2358 1893 prout
2391 1854 2446 1882 est
2473 1846 2511 1882 in

1454 1904 1606 1944 agente:
1633 1896 1729 1933 sicut
1755 1903 1858 1945 patet
1875 1896 1913 1933 i'n
1937 1897 2203 1944 generantibus
2227 1909 2305 1935 non
2324 1898 2510 1945 univocis,

1453 1957 1495 1986 ut
1522 1950 1662 1986 animal
1691 1957 1891 1997 generatur
1917 1961 1940 1986 a
1967 1951 2059 1987 sole.
2081 1951 2130 1987 Et
2156 1957 2246 1987 tunc
2278 1951 2425 1987 formae
2454 1962 2510 1988 re-

1455 2010 1586 2051 ceptae
1614 2001 1652 2038 in
1689 2002 1846 2038 materia
1874 2003 1922 2039 ab
1961 2002 2100 2039 eodem
2129 2010 2283 2051 agente,
2313 2015 2391 2040 non
2426 2011 2512 2040 sunt

1453 2056 1564 2092 unius
1593 2054 1753 2103 speciei,
1783 2052 1851 2091 sed
1879 2054 2180 2092 diversificantur
2214 2055 2426 2093 secundum
2454 2053 2509 2093 di-

1453 2120 1606 2145 versam
1643 2107 1932 2156 proportionem
1958 2108 2138 2145 materiae
2172 2109 2220 2146 ad
2253 2107 2513 2157 recipiendum

1454 2161 1640 2198 influxum
1675 2161 1838 2208 agentis:
1867 2160 1963 2197 sicut
1997 2161 2174 2198 videmus
2211 2162 2316 2209 quod
2353 2162 2401 2198 ab
2435 2174 2513 2198 una

1455 2214 1602 2251 actione
1631 2213 1720 2250 solis
1748 2221 1975 2261 generantur
2002 2226 2070 2262 per
2088 2214 2401 2262 putrefactionem
2430 2214 2508 2251 ani-

1456 2267 1569 2303 malia
1589 2265 1826 2312 diversarum
1846 2266 2072 2315 specierum,
2090 2266 2300 2304 secundum
2320 2266 2511 2303 diversam

1454 2318 1743 2369 proportionem
1771 2319 1962 2356 materiae.

1508 2371 1752 2410 Manifestum
1774 2378 1829 2408 est
1848 2378 1974 2408 autem
2003 2370 2109 2420 quod
2127 2370 2166 2408 in
2185 2371 2393 2409 moralibus
2418 2371 2511 2408 ratio

1455 2432 1511 2462 est
1539 2425 1634 2462 sicut
1662 2424 1854 2473 imperans
1883 2432 1920 2461 et
1947 2434 2132 2470 movens3
2161 2424 2220 2461 vis
2248 2431 2376 2461 autem
2397 2435 2512 2472 appe—

1454 2477 1559 2514 titiva
1591 2484 1648 2514 est
1679 2477 1774 2513 sicut
1807 2477 1993 2525 imperata
2031 2484 2068 2512 et
2104 2483 2220 2513 mota.
2257 2477 2350 2513 Non
2383 2484 2511 2513 autern

1454 2529 1641 2577 appetitus
1670 2529 1801 2577 recipit
1819 2528 2111 2577 impressionem
2131 2529 2283 2565 rationis
2303 2529 2411 2577 quasi
2429 2528 2511 2565 uni—

1453 2592 1569 2618 voce:
1600 2580 1688 2629 quia
1715 2593 1794 2617 non
1821 2580 1864 2617 fit
1890 2580 2069 2618 rationale
2096 2593 2165 2629 per
2193 2580 2415 2627 essentiam,
2445 2580 2513 2618 sed

1453 2638 1522 2682 per'
1547 2631 1886 2682 participationem,
1913 2641 1954 2670 ut
1972 2632 2105 2670 dicitur
2122 2633 2161 2670 in
2181 2633 2195 2669 1
2214 2633 2333 2670 Ethic.
2353 2633 2374 2655 ’Β
2401 2632 2513 2671 Unde

1454 2685 1669 2734 appetibilia
1702 2686 1911 2724 secundum
1947 2683 2157 2722 motionem
2195 2686 2350 2722 rationis
2379 2686 2513 2723 consti-

1453 2746 1608 2775 tuuntur
1644 2738 1682 2775 in
1717 2738 1874 2776 diversis
1908 2738 2127 2787 speciebus,
2163 2739 2373 2775 secundum
2407 2739 2512 2787 quod

1455 2791 1711 2829 diversimode
1739 2803 1780 2827 se
1808 2791 1951 2827 habent
1982 2791 2030 2828 ad
2066 2791 2262 2828 rationem.
2301 2791 2350 2827 Et
2378 2791 2428 2827 ita
2456 2802 2512 2828 se-

1454 2844 1581 2892 quitur
1609 2842 1714 2891 quod
1732 2843 1888 2880 virtutes
1912 2843 2077 2880 morales
2095 2843 2169 2880 sint
2187 2843 2359 2880 diversae
2379 2855 2511 2880 secun-

1455 2897 1548 2934 dum
1577 2896 1756 2946 speciem,
1786 2903 1822 2932 et
1849 2908 1927 2933 non
1955 2908 2032 2932 una
2059 2903 2218 2932 tantum.

1506 2951 1565 2986 AD
1593 2961 1729 2986 ramum
1757 2960 1855 2985 ERGO
1884 2958 2067 2985 DlCENDUM
2100 2948 2205 2996 quod
2234 2948 2427 2985 obiectum
2455 2961 2512 2985 ra-

1454 3001 1566 3038 tionis
1594 3009 1650 3037 est
1675 3013 1813 3038 verum
1832 3001 1862 3038 ³².
1893 3002 1961 3037 Est
1987 3008 2116 3037 autern
2145 3001 2280 3037 eadem
2309 3001 2404 3037 ratio
2431 3001 2513 3038 veri

1454 3053 1492 3090 in
1513 3053 1692 3090 omnibus
1711 3053 1930 3100 moralibus,
1952 3064 2049 3102 quae
2065 3060 2152 3090 sunt
2167 3053 2418 3101 contingentia
2437 3053 2511 3101 agi-

1454 3105 1554 3143 bilia.
1584 3104 1695 3143 Unde
1730 3113 1785 3142 est
1816 3116 1892 3143 una
1920 3106 2002 3142 sola
2030 3106 2149 3143 virtus
2176 3105 2215 3142 in
2244 3104 2296 3142 eis
2326 3104 2509 3154 dirigens,

1455 3158 1595 3196 scilicet
1622 3156 1833 3207 prudentia.
1853 3179 1876 3186 —
1899 3157 2103 3195 Obiectum
2132 3165 2259 3195 autem
2283 3157 2511 3206 appetitivae

1454 3211 1600 3248 virtutis
1629 3218 1685 3247 est
1712 3211 1859 3248 bonum
1887 3211 2099 3259 appetibile.
2129 3211 2247 3248 Cuius
2280 3218 2336 3247 est
2363 3211 2512 3248 diversa

1455 3264 1562 3312 ratio,
1591 3263 1803 3300 secundum
1833 3263 2022 3301 diversam
2049 3263 2309 3301 habitudinem
2334 3263 2382 3300 ad
2401 3263 2513 3300 ratio·

1455 3326 1545 3354 nem
1574 3313 1806 3363 dirigentem.

1507 3370 1566 3405 Αι)
1590 3378 1779 3406 scammum
1806 3378 1991 3406 mcENDuM
2019 3367 2125 3416 quod
2152 3366 2242 3405 illud
2270 3366 2429 3405 formale
2458 3375 2513 3405 est

1455 3432 1576 3459 unum
1603 3430 1752 3470 genere,
1780 3429 1936 3470 propter
1963 3421 2146 3458 unitatem
2175 3419 2328 3468 agentis.
2360 3419 2436 3458 Sed
2457 3418 2512 3457 di-

2336 3592 2371 3617 49

2539 2636 2715 2685 ‘Cap-hxrluffl

2670 2666 2700 2684 ct.
2709 2668 2750 2684 xx.

2539 3014 2550 3024 ·
2564 3012 2592 3034 D.
2608 3017 2655 3040 752.
