2852 4152
127 911 136 920 ·
151 909 229 932 s.·1·11.
246 909 299 932 lect.
308 915 336 932 ιι.

126 946 137 951 -
156 935 209 958 Did.
230 936 270 959 lib.
289 935 334 962 tx,

126 967 178 990 etp.
186 968 203 989 i,
218 967 243 984 a.
257 968 282 991 9.

127 1683 180 1715 §A
187 1683 235 1709 ‚m
246 1684 338 1707 m„

181 1735 184 1738 ’
354 1728 470 1777 'quod
491 1728 719 1764 Hierotheus
742 1738 792 1763 ex
819 1727 982 1775 quadam
1010 1732 1064 1762 est
1084 1727 1211 1763 doctus
1237 1726 1420 1762 diviniore

130 2777 143 2789 ⁸
150 2777 187 2800 De
195 2777 255 2799 Fide
262 2777 340 2804 Orth„

131 2803 171 2826 lib.
180 2803 209 2831 11,
220 2809 271 2831 cap.
281 2793 340 2825 xxn'

130 2985 140 2995 ‘
153 2986 206 3009 Art.

232 2924 247 2958 β

219 2991 238 3008 1.

1033 263 1296 310 QUAESTIO
1326 263 1448 309 XXII,
1478 261 1771 299 ARTICULUS
1801 263 1849 297 III

362 352 464 378 causa,
487 348 524 373 ut
547 341 673 382 propria
696 350 789 372 causa
813 339 961 378 defectus,
986 342 1111 373 effectus
1133 342 1346 372 intenderetur
1365 350 1412 371 se-

361 386 503 418 cundum
526 394 686 415 accessum
709 386 749 415 ad
772 395 909 416 causam.

416 429 457 460 Et
479 438 516 459 ex
537 428 599 459 hoc
618 435 703 468 patet
718 429 835 459 solutio
851 429 970 470 primae
985 428 1179 459 obiectionis.
1205 429 1239 458 In
1256 428 1414 459 defectivis

363 473 448 504 enim
471 482 564 503 causa
587 472 739 502 defectiva
762 483 827 502 non
851 479 897 503 est
919 473 1046 513 propria
1070 482 1162 503 causa
1181 472 1307 503 effectus
1331 472 1413 502 defe-

363 516 435 547 ctivi
457 516 565 556 quoad
588 515 764 546 defectum:
790 517 844 546 sed
868 527 904 546 ex
926 517 987 546 hoc
1009 517 1079 556 ipso
1102 516 1191 556 quod
1214 515 1312 555 magis
1329 516 1414 546 elon-

363 567 454 600 gatur
476 569 494 590 a
516 559 703 599 perfectiori,
727 559 827 599 magis
851 559 1040 590 defectivum
1064 567 1118 591 est.
1144 560 1235 590 Unde
1258 560 1329 590 licet
1345 569 1415 599 pars

363 602 588 643 apprehensiva
603 603 642 633 sit
658 612 751 633 causa
769 603 965 642 appetitivae,
986 610 1016 634 et
1030 603 1240 643 potentialitas
1258 604 1290 633 in
1307 613 1415 643 appre-

363 646 492 677 hensiva
514 652 620 676 causet
639 646 898 687 potentialitatem
922 647 954 676 in
978 647 1163 687 appetitiva;
1188 646 1289 677 maior
1310 654 1415 677 tamen

363 690 573 730 potentialitas
587 689 743 720 invenitur
757 690 790 720 in
805 690 982 730 appetitiva,
1000 700 1036 720 ex
1051 691 1112 721 hoc
1127 690 1198 730 ipso
1214 691 1302 731 quod
1317 690 1416 729 magis

363 733 478 764 recedit
499 733 538 763 ab
561 739 631 763 actu
655 743 752 774 quam
775 734 1009 774 apprehensiva.
1034 734 1131 771 Quod
1155 741 1201 764 est
1225 734 1309 764 dictu
1326 734 1415 774 quod

362 776 573 818 potentialitas
601 787 657 807 sua
680 787 744 807 non
768 784 834 808 tota
857 784 903 807 est
925 787 943 807 a
966 778 1190 817 potentialitate
1214 777 1414 818 apprehensi-

362 829 429 856 vae,
453 820 507 849 sed
531 829 567 850 ex
589 820 771 852 necessitate
795 821 972 852 adveniens.
993 857 997 860 y

421 863 472 893 Ad
495 864 667 894 secundam
690 871 796 895 autem
813 864 1023 894 obiectionem
1038 864 1152 895 dicitur
1166 864 1263 904 quod,
1280 864 1364 903 quia,
1382 870 1417 894 ut

363 906 476 937 dicitur
493 907 522 937 X
535 908 717 948 Metaphys.
730 908 756 944 *,
782 918 928 938 mensura
951 908 1042 938 debet
1057 917 1123 937 esse
1142 907 1319 943 certissima,
1340 906 1417 936 nihil

362 949 510 990 prohibet
531 952 639 990 quoad
662 961 721 981 nos
744 951 883 982 defectus
902 951 1075 981 mensurari
1089 960 1184 990 penes
1199 960 1359 980 accessum
1378 950 1417 979 ad

363 993 494 1033 aliquod
509 994 651 1033 positum
674 1005 798 1025 summe
819 994 981 1025 deficiens:
1006 994 1086 1025 sicut
1107 993 1301 1023 infirmitates
1321 993 1418 1023 maio-

363 1046 412 1067 res
427 1043 458 1067 et
472 1037 611 1068 minores
627 1038 760 1068 dicimus
776 1048 832 1079 per
843 1048 1003 1068 accessum
1018 1038 1057 1067 ad
1073 1043 1218 1073 mortem,
1233 1043 1263 1067 et
1277 1037 1418 1067 similiter

2448 273 2511 308 171

1467 341 1649 381 potentialia
1672 341 1756 381 apud
1779 350 1838 371 nos
1861 350 1917 380 per
1939 350 2099 371 accessum
2122 341 2161 370 ad
2184 341 2345 371 materiam
2368 341 2518 380 primam;

1469 394 1542 414 cum
1565 385 1598 414 in
1620 385 1664 415 rei
1687 385 1823 420 veritate,
1852 384 1922 414 illae
1942 395 1997 424 per
2011 394 2167 414 recessum
2184 394 2201 414 a
2217 385 2289 420 vita,
2315 391 2345 414 et
2366 385 2442 415 istae
2465 394 2520 424 per

1468 438 1626 458 recessum
1649 429 1687 458 ab
1710 434 1791 463 actu,
1815 428 1949 458 maiores
1972 428 2022 458 vel
2044 428 2182 458 minores
2206 434 2288 458 sunt.

1526 472 1564 502 V.
1594 473 1628 502 In
1658 471 1863 512 responsione
1893 472 1932 501 ad
1963 472 2155 505 secundum,
2188 472 2312 502 adverte
2339 471 2427 511 quod
2455 481 2521 500 non

1470 515 1612 546 concedit
1630 518 1751 546 Auctor
1773 515 1861 556 quod
1882 515 1930 545 vis
1953 515 2122 556 appetitiva
2144 515 2183 545 sit
2205 514 2304 554 magis
2327 514 2426 544 activa
2448 514 2520 544 sim-

1469 559 1603 599 pliciter,
1627 560 1682 589 sed
1705 559 1812 600 quoad
1840 559 2094 599 principiandum
2120 565 2225 589 actum
2249 558 2441 588 exteriorem.
2465 558 2521 588 Vis

1471 603 1555 633 enim
1578 603 1812 643 apprehensiva,
1832 613 1906 633 cum
1922 609 2047 633 moveat
2069 602 2282 642 appetitivam,
2307 608 2353 631 est
2375 601 2473 640 magis
2489 602 2522 631 in

1470 653 1540 677 actu
1558 647 1748 686 simpliciter,
1774 653 1804 677 et
1826 647 1924 686 magis
1948 647 2047 677 activa
2069 646 2329 686 quodammodo:
2354 645 2523 685 appetitiva

1470 697 1576 720 autem
1599 690 1752 720 efficacior
1767 697 1813 720 est
1827 691 1866 720 ad
1885 697 1990 720 actum
2009 690 2202 725 exteriorem,
2226 689 2301 729 quia
2324 689 2351 719 ei
2371 688 2523 718 obediunt

1469 733 1549 763 vires
1573 734 1760 771 executivae,
1777 740 1807 764 et
1822 734 1895 773 quia
1919 734 2058 773 primum
2077 743 2209 763 movens
2228 739 2274 763 est
2290 733 2328 762 ad
2343 732 2522 762 exercitium

1470 783 1567 807 actus,
1591 777 1689 813 Quod
1710 784 1816 808 tamen
1839 783 1958 813 totum,
1983 784 2019 808 ut
2041 777 2073 807 in
2096 777 2196 807 littera
2220 776 2344 812 dicitur,
2368 776 2460 805 habet
2482 785 2523 805 ex

1470 820 1577 850 eodem
1606 830 1647 850 ex
1676 830 1737 860 quo
1766 821 1858 850 habet
1885 821 1968 861 quod
1996 822 2037 851 sit
2059 821 2165 860 magis
2181 821 2332 860 passiva:
2354 829 2390 849 ex
2413 825 2523 849 natura

1471 873 1608 904 namque
1632 863 1789 903 appetitus
1813 870 1858 894 est
1879 871 1909 894 et
1929 864 2017 904 quod
2040 864 2147 894 tendat
2164 863 2197 893 in
2218 864 2350 899 bonurn,
2367 863 2399 892 in
2415 862 2521 898 finem,

1470 907 1503 936 in
1525 916 1592 936 rem
1615 907 1789 937 secundum
1812 907 1956 946 seipsam.
1982 907 2114 938 Constat
2136 917 2273 947 namque
2297 907 2385 947 quod
2408 916 2443 936 ex
2462 906 2523 936 hoc

1471 950 1559 990 quod
1574 949 1643 980 finis
1660 957 1706 980 est
1721 950 1879 980 obiectum
1895 951 2061 990 appetitus,
2078 961 2243 990 supremus
2260 950 2417 990 appetitus
2432 949 2524 979 habet

1471 993 1560 1033 quod
1578 994 1618 1024 sit
1634 993 1772 1023 motivus
1797 994 1977 1034 simpliciter
1994 995 2034 1024 ad
2050 994 2239 1030 exercitium,
2257 1001 2287 1024 et
2312 993 2524 1024 universaliter

1470 1037 1559 1077 quod
1575 1037 1731 1077 appetitus
1754 1044 1861 1068 movet
1883 1038 2033 1073 membra,
2058 1045 2093 1068 ut
2108 1045 2193 1078 patet
2207 1048 2244 1068 ex
2258 1037 2299 1068 111
2316 1037 2355 1068 de
2368 1038 2484 1067 Anima
2495 1036 2522 1066 *.

1161 1187 1371 1229 ARTICU
1378 1187 1476 1228 LUS
1502 1187 1729 1228 TERTIUS

640 1278 795 1308 UTRUM
817 1278 961 1308 PASSIO
986 1278 1051 1308 SIT
1075 1278 1204 1308 MAGIS
1228 1279 1270 1308 IN
1293 1278 1507 1308 APPETITU
1532 1277 1755 1310 SENSITIVO
1779 1280 1904 1316 QUAM
1928 1280 2261 1317 INTELLEGTIVO,

1180 1321 1254 1357 QUI
1278 1321 1456 1351 DICITUR
1479 1322 1711 1353 VOLUNTAS

594 1397 662 1422 Part.
681 1397 699 1426 I,
718 1404 762 1428 qu.
781 1404 820 1427 xx,
840 1402 886 1421 art.
905 1404 923 1426 1,
942 1397 973 1420 ad
997 1404 1021 1427 ις
1040 1396 1071 1420 111
1091 1397 1172 1424 Sent„
1193 1397 1252 1421 dist.
1270 1404 1309 1427 xv,
1329 1404 1373 1428 qu.
1392 1404 1419 1428 11,
1439 1402 1485 1422 art.
1505 1405 1529 1426 ι,

1549 1400 1594 1430 qu
1617 1406 1643 1428 2;
1663 1399 1705 1430 IV,
1723 1399 1781 1424 dist.
1796 1408 1860 1431 xux,
1880 1408 1923 1433 qu.
1942 1408 1978 1432 111,
1997 1406 2044 1426 art.
2067 1410 2086 1432 1,
2107 1403 2153 1433 qu·
2175 1409 2198 1432 2,
2217 1402 2249 1426 ad
2272 1409 2297 1432 1;

1102 1431 1143 1455 De
1165 1431 1253 1460 Verit„
1274 1438 1318 1463 qu.
1336 1439 1402 1462 xxvr,
1422 1437 1469 1456 an.
1490 1431 1516 1462 3;
1536 1432 1556 1456 11
1577 1417 1671 1461 Ethi’c„
1691 1434 1748 1458 lect.
1766 1442 1790 1458 v.

392 1554 451 1632 gir
484 1542 554 1620 {³2}
573 1570 700 1618 passio
727 1581 804 1606 non
832 1569 952 1617 magis
981 1569 1027 1606 sit
1052 1569 1090 1606 in
1118 1569 1286 1617 appetitu
1305 1568 1419 1605 sensi-

383 1628 393 1667 )
443 1641 497 1659 v»
514 1611 547 1674 3²4
560 1622 654 1659 tivo
677 1634 791 1670 quam
810 1622 848 1659 in
868 1621 1034 1670 appetitu
1053 1621 1291 1658 intellectivo.
1318 1620 1419 1658 Dicit

423 1654 544 1713 (a),
534 1670 676 1714 &enim
694 1674 912 1722 Dionysius,
932 1686 955 1710 11
975 1686 1057 1722 cap.
1077 1674 1123 1710 de
1145 1674 1232 1711 Div.
1252 1674 1369 1710 Nom.
1385 1673 1416 1720 ’ἢ

366 1781 618 1829 inspiratione,
634 1791 709 1816 non
727 1779 848 1815 solum
867 1779 1020 1824 discens,
1035 1779 1102 1815 sed
1117 1779 1227 1815 etiam
1240 1778 1388 1826 patiens
1403 1783 1419 1798 ‘²

365 1833 503 1870 divina.
543 1833 619 1869 Sed
650 1831 777 1880 passio
810 1831 1027 1868 divinorum
1054 1843 1133 1868 non
1159 1838 1284 1880 potest
1309 1830 1421 1878 perti-

365 1897 458 1923 nere
490 1885 538 1922 ad
571 1884 781 1934 appetitum
818 1883 1059 1930 sensitivum,
1090 1883 1195 1920 cuius
1228 1883 1420 1919 obiectum

366 1945 424 1975 est
449 1938 596 1974 bonum
624 1936 808 1974 sensibile.
838 1937 940 1984 Ergo
967 1936 1094 1984 passio
1124 1943 1178 1973 est
1196 1935 1235 1972 in
1254 1935 1422 1984 appetitu

366 1990 606 2037 intellectivo,
636 1989 730 2026 sicut
758 1996 794 2026 et
820 1989 859 2025 in
887 1988 1077 2025 sensitivo.

423 2054 457 2079 2.
485 2043 726 2089 ananm,
755 2048 897 2090 quanto
931 2041 1099 2078 activum
1128 2047 1183 2076 est
1209 2040 1420 2089 potentius,

368 2102 471 2132 tanto
499 2094 625 2143 passio
655 2101 710 2130 est
736 2093 878 2130 fortior.
913 2094 990 2130 Sed
1017 2092 1208 2129 obiectum
1237 2092 1423 2142 appetitus

315 2151 318 2153 ’
368 2147 594 2194 intellectivi,
623 2145 728 2195 quod
757 2154 813 2182 est
839 2146 986 2182 bonum
1017 2145 1242 2191 universale,
1273 2153 1328 2181 est
1354 2157 1423 2193 po-

368 2199 506 2236 tentius
532 2199 699 2236 activum
727 2211 844 2246 quam
873 2198 1062 2234 obiectum
1091 2197 1275 2246 appetitus
1308 2197 1423 2234 sensi-

369 2251 447 2298 tivi,
456 2251 573 2310 ‘quod
602 2258 656 2287 est
675 2251 820 2287 bonurn
840 2250 1074 2298 particulare.
1104 2250 1206 2297 Ergo
1226 2250 1319 2286 ratio
1338 2261 1423 2297 pas-

369 2303 485 2340 sionis
522 2303 642 2350 magis
682 2302 873 2339 invenitur
912 2303 950 2338 in
987 2302 1154 2350 appetitu
1191 2301 1416 2338 intellectivo

369 2367 486 2403 quarn
513 2355 552 2391 in
579 2354 745 2403 appetitu
773 2354 964 2391 sensitivo.

423 2409 457 2444 3.
473 2408 704 2453 PRAETEREA,
721 2406 901 2454 gaudium
918 2414 954 2442 et
968 2418 1078 2442 amor
1092 2405 1289 2454 passiones
1309 2418 1424 2454 quae-

368 2459 458 2496 dam
487 2471 569 2496 esse
597 2459 782 2496 dicuntur.
812 2458 889 2495 Sed
916 2459 1011 2495 haec
1038 2458 1280 2495 inveniuntur
1302 2458 1341 2495 in
1360 2471 1425 2506 ap-

365 2511 485 2561 petitu
517 2511 763 2557 intellectivo‚
798 2518 834 2547 et
870 2523 949 2547 non
987 2512 1110 2547 solum
1145 2511 1183 2548 in
1220 2511 1421 2548 sensitivo:

368 2564 536 2612 alioquin
563 2576 642 2600 non
670 2563 958 2600 attribuerentur
984 2563 1022 2600 in
1051 2563 1249 2612 Scripturis
1273 2564 1357 2599 Deo
1388 2571 1424 2599 et

367 2616 520 2663 angelis.
551 2617 652 2663 Ergo
681 2615 877 2663 passiones
905 2627 983 2651 non
1011 2616 1129 2662 magis
1148 2623 1234 2652 sunt
1251 2615 1290 2651 in
1309 2627 1423 2664 appe-

366 2668 434 2705 titu
462 2668 640 2705 sensitivo
670 2680 786 2715 quam
814 2667 852 2703 in
879 2667 1119 2704 intellectiva

421 2720 495 2756 SED
524 2731 668 2756 CONTRA
696 2731 761 2756 EST
789 2719 894 2766 quod
922 2719 1008 2755 dicit
1035 2721 1307 2766 Damascenus,
1328 2719 1366 2755 in
1390 2721 1421 2755 II

367 2772 464 2808 libro
484 2772 516 2819 *,
543 2768 760 2809 describens
780 2772 961 2808 animales
979 2772 1196 2819 passiones:
1223 2772 1352 2809 Passio
1373 2778 1427 2808 est

367 2830 489 2861 motus
507 2824 727 2874 appetitivae
739 2824 884 2860 virtutis
901 2824 1079 2860 sensibilis
1098 2825 1134 2861 in
1155 2825 1424 2874 imaginatione

368 2877 458 2913 boni
474 2877 534 2912 vel
551 2877 652 2913 mali.
680 2877 732 2912 Et
747 2876 876 2913 aliter:
902 2877 1031 2912 Passio
1059 2882 1112 2913 est
1136 2883 1258 2914 motus
1276 2877 1423 2914 irratio-

368 2929 464 2966 nalis
490 2929 641 2965 animae
661 2940 735 2976 per
760 2928 1006 2976 suspicionem
1026 2927 1041 2958 β
1068 2930 1158 2966 boni
1176 2930 1236 2966 vel
1262 2929 1364 2966 mali.

421 2982 645 3018 Responmzo
664 2992 847 3017 DICENDUM
867 2980 987 3028 quod,
1017 2981 1111 3017 sicut
1138 2981 1214 3018 iam
1235 2983 1255 3003 ³²
1281 2982 1423 3019 dictum

369 3041 435 3081 est,
464 3033 591 3082 passio
610 3033 763 3082 proprie
792 3032 981 3069 invenitur
998 3033 1065 3069 ubi
1086 3041 1141 3070 est
1165 3034 1423 3070 transmutatio

369 3086 586 3135 corporalis.
617 3086 727 3132 Quae
755 3085 911 3134 quidem
931 3085 1119 3122 invenitur
1139 3086 1177 3123 in
1197 3086 1341 3123 actibus
1360 3099 1425 3135 ap-

420 3191 447 3222 α)
463 3190 580 3222 patiens.
597 3203 616 3209 -
627 3190 734 3223 faciens
753 3189 998 3221 ABCDGHIKLpF.

368 3223 647 3284 mal?)o{2‹sJXcionem.
659 3237 679 3244 —
694 3225 884 3256 susceptionem
898 3224 965 3253 PCa,
980 3225 1183 3256 suspirationem
1204 3225 1212 3249 1
1220 3232 1228 3255 ς
1248 3225 1283 3250 Et
1294 3225 1374 3250 aliter
1386 3242 1392 3250 .
1401 3242 1422 3250 ..

575 1529 598 1554 ι)
617 1528 776 1554 TERTIUM
795 1529 848 1554 sm
870 1528 1108 1553 PROCEDlTUR.
1137 1517 1295 1553 Videtur
1313 1516 1419 1565 quod
1443 1516 1447 1568 Ι
1471 1518 1608 1566 petitus
1637 1520 1822 1565 sensitivi;
1854 1529 1889 1557 et
1906 1527 1921 1549 'f
1950 1534 2027 1558 non
2056 1523 2177 1560 solum
2198 1524 2406 1583 spiritualis,
2433 1524 2527 1560 sicut

1474 1578 1528 1606 est
1554 1571 1592 1607 in
1619 1573 1920 1620 apprehensione
1954 1575 2150 1622 sensitiva,
2180 1577 2248 1612 sed
2280 1577 2392 1613 etiam
2420 1584 2527 1613 natu-

1473 1622 1569 1659 ralis.
1601 1625 1643 1660 In
1670 1632 1756 1661 actu
1784 1633 1911 1662 autern
1940 1627 2125 1674 appetitus
2141 1604 2356 1665 intellectivi
2375 1641 2452 1665 non
2472 1641 2528 1665 re-

1473 1675 1628 1722 quiritur
1655 1676 1779 1725 aliqua
1806 1679 2066 1715 transmutatio
2097 1680 2316 1728 corporalis:
2346 1681 2432 1729 quia
2460 1682 2529 1717 hu-

1473 1727 1639 1764 iusmodi
1668 1729 1853 1777 appetitus
1880 1742 1959 1766 non
1987 1738 2043 1767 est
2069 1731 2186 1768 virtus
2206 1732 2359 1768 alicuius
2387 1733 2527 1780 organi.

1474 1779 1584 1816 Unde
1612 1788 1715 1839 patet
1751 1782 1855 1830 quod
1883 1782 1976 1819 ratio
2004 1783 2191 1831 passionis
2228 1785 2346 1832 magis
2378 1785 2529 1834 proprie

1474 1831 1663 1870 invenitur
1680 1833 1719 1870 in
1738 1842 1823 1870 actu
1843 1835 2028 1883 appetitus
2061 1836 2226 1873 sensitivi
2254 1849 2368 1885 quam
2391 1837 2530 1874 intelle-

1476 1884 1582 1930 ctivi;
1608 1893 1648 1921 ut
1680 1886 1790 1923 etiam
1809 1895 1912 1935 patet
1929 1900 1998 1936 per
2018 1888 2256 1929 definitiones
2275 1890 2503 1927 Damasceni
2517 1888 2531 1911 δ

1473 1936 1645 1974 inductas
1664 1937 1694 1974 ²¹⁶.

1528 1991 1586 2025 Αι)
1615 2002 1750 2027 ptumum
1779 2003 1876 2028 ERGO
1905 2003 2087 2029 DICENDUM
2107 1993 2211 2040 quod
2234 1995 2360 2042 passio
2389 1995 2530 2031 divino-

1475 2054 1561 2078 rum
1589 2042 1641 2078 ibi
1653 2042 1803 2093 sdicitur
1830 2043 1978 2080 affectio
2008 2044 2057 2081 ad
2086 2045 2224 2092 divina,
2254 2054 2289 2082 et
2317 2046 2530 2083 coniunctio

1477 2095 1524 2131 ad
1552 2094 1633 2142 ipsa
1660 2107 1729 2143 per
1757 2107 1951 2133 amorem:
1980 2096 2086 2145 quod
2104 2105 2231 2135 tamen
2253 2099 2297 2135 fit
2315 2098 2395 2135 sine
2413 2107 2531 2136 trans-

1476 2147 1686 2184 mutatione
1715 2148 1911 2196 corporali,

1530 2202 1588 2236 An
1608 2211 1796 2237 SECUNDUM
1816 2212 1999 2237 mci-:unum
2025 2201 2129 2249 quod
2149 2203 2368 2250 magnitudo
2388 2204 2531 2252 passio-

1478 2252 1535 2288 nis
1563 2265 1642 2288 non
1670 2253 1795 2288 solum
1824 2253 2013 2300 dependet
2041 2265 2086 2289 ex
2113 2254 2250 2291 virtute
2278 2256 2435 2303 agentis,
2465 2257 2532 2292 sed

1479 2304 1592 2340 etiam
1608 2316 1653 2340 ex
1667 2303 1908 2352 passibilitate
1922 2305 2110 2352 patientis:
2123 2306 2211 2354 quia
2221 2319 2319 2355 quae
2334 2315 2420 2344 sunt
2434 2309 2531 2344 bene

1477 2356 1678 2404 passibilia,
1695 2357 1855 2392 multum
1874 2357 2066 2405 patiuntur
2085 2358 2196 2394 etiam
2213 2371 2235 2395 a
2248 2360 2376 2407 parvis
2390 2360 2532 2397 activis,

1479 2409 1584 2445 Licet
1604 2421 1692 2456 ergo
1709 2408 1899 2445 obiectum
1920 2410 2105 2458 appetitus
2125 2411 2339 2448 intellectivi
2354 2412 2399 2449 sit
2413 2412 2532 2460 magis

1478 2462 1645 2497 activum
1666 2473 1780 2509 quam
1796 2461 1988 2498 obiectum
2008 2463 2193 2511 appetitus
2208 2464 2384 2512 sensitivi,
2405 2473 2533 2501 tamen

1477 2513 1665 2562 appetitus
1692 2513 1891 2550 sensitivus
1920 2522 1975 2550 est
2002 2515 2120 2562 magis
2148 2517 2332 2563 passivus.

1530 2567 1588 2602 An
1616 2578 1774 2602 TERTIUM
1803 2578 1985 2603 DICENDUM
2014 2568 2117 2615 quod
2151 2580 2261 2604 amor
2288 2576 2325 2605 et
2351 2569 2532 2616 gaudium

1479 2625 1515 2654 et
1547 2618 1618 2654 alia
1654 2618 1893 2664 huiusmodi,
1924 2631 2011 2655 cum
2043 2620 2294 2656 attribuuntur
2321 2622 2405 2657 Deo
2432 2627 2444 2642 ε
2470 2621 2533 2658 vel

1478 2670 1639 2717 angelis,
1668 2678 1732 2706 aut
1758 2670 1978 2706 horninibus
2005 2672 2215 2708 secundum
2243 2674 2451 2721 appetitum
2479 2674 2533 2710 in-

1476 2722 1727 2770 tellectivum,
1756 2722 1965 2769 significant
1998 2723 2207 2772 simplicem
2245 2733 2369 2762 actum
2397 2727 2533 2763 volun-

1477 2774 1560 2810 tatis
1574 2774 1594 2796 ‘¹‘
1618 2787 1706 2810 curn
1735 2774 1972 2811 similitudine
1993 2776 2160 2823 effectus,
2181 2778 2325 2825 absque
2344 2779 2531 2826 passione.

1478 2827 1589 2872 Unde
1618 2827 1704 2863 dicit
1731 2827 1973 2874 Augustinus,
2003 2829 2055 2864 IX
2074 2830 2119 2865 de
2151 2830 2229 2865 Civ.
2249 2831 2325 2866 Dei
2340 2830 2377 2866 *ε
2407 2831 2536 2867 Sancti

1478 2879 1607 2928 angeli
1632 2885 1668 2915 et
1692 2880 1772 2916 sine
1799 2880 1856 2916 ira
1879 2881 2052 2927 puniunt,
2081 2887 2117 2917 et
2140 2882 2220 2917 sine
2242 2883 2415 2919 miseriae
2433 2895 2532 2920 com-

1471 2932 1649 2991 passione
1661 2932 1891 2968 subveniunt.
1912 2933 1963 2967 Et
1974 2938 2096 2969 tamen
2113 2934 2266 2970 istarum
2283 2935 2435 2972 nomina
2444 2947 2533 2983 pas-

1477 2984 1645 3029 sionum,
1674 2984 1936 3021 consuetudine
1963 2985 2156 3022 locutionis
2183 2987 2391 3033 humanae,
2421 2988 2532 3025 etiam

1479 3036 1515 3072 in
1536 3048 1598 3072 eos
1618 3042 1857 3084 usurpantur,
1875 3043 2032 3085 propter
2050 3039 2239 3085 quandam
2259 3051 2413 3086 operum
2432 3041 2533 3076 simi-

1478 3088 1686 3133 litudinem,
1716 3100 1789 3125 non
1812 3094 1968 3136 propter
1999 3090 2238 3139 affectionum
2267 3092 2531 3139 infirmitatem.

1530 3192 1608 3223 γ),ετ.
1626 3205 1644 3210 -
1663 3192 1724 3216 Om.
1738 3192 1848 3217 codices.

1529 3225 1552 3258 δ)
1574 3227 1741 3251 Damasceni.
1759 3240 1778 3246 -
1796 3227 1857 3252 Om.
1871 3227 2001 3257 ACEFIL,
2021 3228 2088 3253 duas
2106 3236 2184 3261 super
2202 3237 2290 3254 rasura
2309 3231 2338 3254 B.

1529 3262 1550 3294 ε)
1571 3262 1639 3286 Deo.
1656 3275 1674 3280 -
1693 3262 1734 3286 vel
1752 3262 1809 3287 Deo
1828 3262 2054 3287 ABCDFGHIKL.

1040 3329 1369 3362 Commentaria
1390 3331 1639 3364 cardinalis
1660 3331 1859 3364 Caietam

397 3418 417 3438 n
441 3408 571 3439 articulo
600 3408 691 3439 tertio
716 3408 849 3439 dubium
871 3408 922 3439 hic
950 3408 1138 3439 solvendum
1162 3408 1311 3444 occurrit,
1336 3409 1424 3449 quod

369 3420 429 3482 Iin
452 3452 595 3492 pluribus
614 3452 691 3482 locis
714 3452 835 3482 moveri
858 3458 970 3492 potest.
995 3452 1035 3482 Et
1056 3459 1101 3482 est
1117 3452 1249 3482 dubium
1266 3453 1304 3482 ad
1320 3452 1423 3483 homi-

366 3506 450 3532 nem,
468 3496 583 3526 scilicet
605 3506 628 3527 s.
640 3496 817 3526 Thomam:
842 3496 956 3527 scilicet
979 3506 1044 3536 quo
1061 3503 1153 3535 pacto
1177 3495 1295 3535 ipsein
1318 3496 1423 3527 Prima

366 3540 466 3576 Parte,
486 3550 540 3580 qu.
555 3550 667 3576 Lxxxn,
684 3546 740 3571 art.
757 3549 788 3579 4,
805 3540 896 3579 ponit
915 3539 1119 3570 differentiam
1142 3539 1220 3570 inter
1243 3539 1421 3570 motionem

1478 3410 1652 3440 intellectus
1676 3421 1694 3440 a
1708 3411 1871 3441 voluntate
1895 3418 1925 3442 et
1948 3421 1964 3441 e
1981 3421 2142 3448 converso,
2167 3412 2199 3442 in
2222 3413 2284 3443 hoc
2300 3413 2388 3453 quod
2411 3413 2530 3444 intelle-

1478 3460 1546 3484 ctus
1570 3453 1711 3490 finaliter,
1734 3455 1881 3485 voluntas
1903 3465 1978 3485 vero
2003 3455 2139 3486 effective
2163 3463 2283 3492 movet;
2310 3463 2339 3487 et
2361 3457 2442 3487 hic*
2465 3458 2567 3488 vult·

1477 3497 1566 3538 quod
1588 3498 1711 3528 bonum
1734 3497 1928 3529 intellectum
1953 3505 1998 3529 est
2020 3499 2157 3529 activum
2180 3499 2213 3529 in
2235 3500 2441 3531 voluntatem.

1533 3541 1570 3572 11.
1594 3541 1644 3572 Ad
1676 3542 1738 3572 hoc
1766 3542 1879 3573 dicitur
1901 3543 1989 3583 quod
2012 3543 2134 3573 bonum
2162 3544 2394 3583 apprehensum
2424 3552 2532 3576 movet

2551 1016 2762 1064 {seps-³³¹¹·

2655 1886 2668 1910 δ

2559 1941 2612 1962 'In
2632 1947 2679 1969 arg.
2693 1941 2743 1962 Sea

2558 1969 2649 1989 contra.

2561 2794 2571 2803 ⁸
2585 2792 2616 2814 D.
2631 2792 2682 2820 978.

2566 2848 2573 2855 ·
2585 2845 2677 2872 cap.v.

2582 3463 2608 3484 ln
2623 3468 2685 3490 resp.
2701 3462 2729 3484 ad
2739 3468 2761 3484 2.
