2852 4152
114 490 123 498 ·
140 488 166 509 D·
182 494 230 516 437-

115 703 123 710 ·
139 702 164 722 ln
179 707 285 729 corpore.

112 1354 121 1364 ⁸
137 1353 173 1374 Cf.
188 1359 270 1380 qu.111‚
281 1356 323 1374 art.

113 2059 121 2067 ·
138 2057 172 2079 cf.
185 2064 223 2085 qu.
235 2063 265 2084 iv,
280 2060 321 2078 art.

115 2891 124 2900 ·
134 2890 158 2912 S.
169 2890 215 2911 Th.
229 2889 279 2911 lect.
294 2895 323 2915 ¹¹3

115 2916 167 2938 Did.
175 2916 215 2938 lib.
223 2915 262 2942 IX,
274 2921 299 2937 ca
319 2931 324 2937 .

116 2949 123 2964 ι
149 2949 171 2964 n.
185 2949 212 2974 7,
227 2942 248 2972 8.-
263 2952 273 2957 -
289 2922 318 2963 ἆ

115 2959 209 2997 ῥὴγεκ.
229 2968 269 2990 lib.
284 2968 324 2994 IV,

189 3001 239 3021 xiv,
258 3000 281 3015 n.
301 3001 324 3022 5;

117 3001 188 3044 ξῗῖἧι.
201 3022 252 3043 lect.
260 3026 325 3042 xxiii.

117 3264 126 3272 ·
141 3261 197 3283 Loc.
212 3261 258 3289 cit.,
273 3261 325 3283 Did.

116 3287 328 3336 332?.¹gccfc.iteny-

354 249 427 286 238

357 327 517 376 pliciter3
546 327 608 364 vel
638 327 761 364 fruitio
782 327 911 376 ipsius,
933 340 1031 376 quae
1060 329 1239 376 importat
1259 327 1417 364 delecta—

357 381 501 417 tionem
536 380 730 429 quandam
767 381 804 418 in
842 380 974 417 ultimo
1008 381 1096 417 fine.
1137 381 1184 416 Et
1217 392 1284 428 per
1316 380 1416 416 hunc

357 433 519 470 modum
541 433 666 481 aliqua
686 433 883 470 delectatio
904 433 1069 469 hominis
1087 440 1212 481 potest
1232 432 1303 468 dici
1323 431 1416 479 opti-

356 499 464 522 mum
493 486 588 523 inter
616 487 718 522 bona
746 487 914 522 humana
933 485 964 522 ³¹⁶.

410 541 469 575 An
498 551 634 576 PmMUM
662 550 760 575 ERGO
781 550 963 575 mCENDUM
984 537 1089 585 quod
1108 548 1186 572 non
1206 535 1331 572 omnis
1352 536 1416 572 de-

355 591 503 628 lectatio
543 591 784 639 consequitur
820 590 1125 638 generationem3
1164 589 1231 625 sed
1268 588 1415 636 aliquae

358 644 623 681 delectationes
653 650 935 691 consequuntur
961 641 1200 689 operationes
1218 641 1414 689 perfectas,

355 705 397 734 ut
425 697 567 734 dictum
596 705 651 733 est
669 697 699 732 ²¹⁴.
730 697 778 732 Et
805 695 892 731 ideo
921 694 1013 731 nihil
1045 693 1222 742 prohibet
1250 693 1415 742 aliquam

357 750 646 787 delectationem
677 760 758 785 esse
779 747 965 795 optimum
985 752 1012 793 Υ,
1039 746 1106 782 etsi
1129 759 1208 783 non
1228 746 1352 783 omnis
1372 747 1416 783 sit

356 802 449 839 talis.

408 857 467 892 An
488 865 676 891 SECUNDUM
696 864 878 889 mcENDUM
905 851 1011 899 quod
1036 851 1128 899 ratio
1157 851 1219 888 illa
1246 851 1416 900 procedit

358 907 404 944 de
434 907 578 956 optimo
609 905 835 953 simpliciter,
865 916 934 952 per
962 903 1068 941 cuius
1088 904 1414 952 participationem

1003 250 1268 296 QUAESTIO
1298 249 1475 295 xxxiv,
1504 248 1799 285 ART1CULUs
1829 248 1879 284 iv

1469 327 1599 363 omnia
1628 335 1712 364 sunt
1741 327 1863 362 bona:
1892 326 1994 364 unde
2023 340 2069 365 ex
2098 327 2234 365 nullius
2263 328 2455 365 additione
2485 329 2528 365 fit

1469 379 1615 416 melius.
1647 379 1724 416 Sed
1743 379 1780 415 in
1801 378 1879 415 aliis
1907 379 2017 417 bonis
2036 380 2297 418 universaliter
2314 393 2451 418 verum
2473 388 2528 418 est

1469 432 1574 478 quod
1603 431 1799 478 quodlibet
1827 432 1972 468 bonum
2007 444 2052 469 ex
2085 433 2278 470 additione
2307 433 2457 470 alterius
2485 434 2528 470 fit

1469 484 1614 520 melius.
1627 505 1650 511 -
1663 483 1850 529 Quamvis
1865 491 1993 532 posset
2012 485 2085 522 dici
2104 487 2209 534 quod
2230 486 2427 523 delectatio
2448 498 2527 523 non

1470 543 1524 572 est
1552 536 1692 583 aliquid
1722 543 1941 573 extraneum
1970 537 2018 573 ab
2043 539 2263 586 operatione
2282 538 2439 585 virtutis,
2461 539 2526 576 sed

1469 588 1730 624 concomitans
1759 588 1893 636 ipsam,
1922 597 1964 626 ut
1991 590 2029 626 in
2058 592 2071 627 l
2099 592 2219 628 Ethic.
2239 591 2259 613 '¹‘
2287 590 2432 628 dicitur.

1520 642 1579 677 An
1594 652 1753 677 TERTmM
1772 652 1955 679 menapum
1974 643 2079 690 quod
2099 643 2296 681 delectatio
2316 656 2395 680 non
2413 643 2529 680 habet

1467 693 1573 741 quod
1601 693 1647 730 sit
1665 693 1853 741 optimum
1872 707 1919 731 ex
1936 695 2011 731 hoc
2030 696 2135 744 quod
2156 704 2211 733 est
2230 696 2439 742 delectati0‚
2461 696 2528 733 s'ed

1468 758 1513 782 ex
1540 747 1616 782 hoc
1643 746 1749 793 quod
1779 753 1834 782 est
1860 747 2029 794 perfecta
2045 748 2153 796 quies
2171 748 2210 785 in
2229 749 2397 798 optimos
2415 749 2526 786 Unde

1467 811 1546 836 non
1575 807 1725 847 oportet
1756 799 1860 846 quod
1895 799 2019 836 omnis
2057 800 2253 838 delectatio
2288 802 2333 838 sit
2361 802 2526 850 optima,

1467 859 1531 888 aut
1560 852 1673 888 etiam
1702 853 1816 888 bona.
1846 852 1951 888 Sicut
1979 851 2104 900 aliqua
2123 853 2277 891 scientia
2296 862 2351 891 est
2370 854 2526 903 optima,

1466 917 1545 941 non
1572 913 1701 941 tamen
1729 917 1867 941 omnis.

405 1019 431 1053 γ)
453 1020 590 1051 optimum.
609 1033 626 1037 -
645 1019 771 1050 optimam
790 1018 818 1043 Ρ.

1026 1093 1355 1126 Commentaria
1377 1092 1628 1124 cardinalis
1649 1092 1850 1124 Caietam

380 1186 400 1206 N
428 1174 560 1204 articulo
589 1174 679 1204 tertio
712 1172 845 1202 dubium
875 1172 1051 1202 Thomistis
1079 1172 1251 1202 molestum
1281 1170 1416 1201 occurrit

354 1187 510 1259 Ipropter
532 1218 585 1248 illa
608 1218 716 1247 verba:
740 1218 857 1256 Aliqua
880 1217 1045 1247 delectatio
1068 1216 1204 1246 hominis
1224 1220 1330 1255 potest
1352 1215 1416 1245 dici

351 1264 502 1304 optimum
528 1263 611 1292 inter
633 1262 714 1292 bona
738 1262 890 1291 humana.
915 1261 1083 1300 Repugnat
1102 1259 1259 1300 siquidem
1277 1259 1413 1290 hoedo-

352 1307 467 1338 ctrinae
490 1305 648 1342 Auctoris,
669 1304 802 1335 tenentis
827 1304 1046 1344 operationem
1066 1304 1315 1343 praecedentem,
1336 1310 1414 1343 puta

351 1351 506 1381 visionem
529 1350 602 1385 Dei,
628 1359 694 1379 esse
719 1348 878 1388 optimum
902 1348 982 1378 inter
1006 1348 1090 1378 bona
1112 1348 1253 1378 humana
1275 1347 1301 1378 *.

410 1395 443 1425 11.
464 1395 514 1424 Ad
529 1394 590 1423 hoc
604 1393 676 1423 licet
692 1392 901 1422 diversimode
917 1392 977 1422 dici
992 1391 1108 1432 possit:
1125 1409 1146 1415 ·—
1162 1398 1240 1431 puta
1256 1391 1344 1432 quod
1361 1392 1413 1421 de-

349 1438 474 1469 lectatio
500 1444 545 1468 est
568 1437 728 1477 optimum
753 1443 788 1467 ut
811 1436 963 1471 accidens,
984 1436 1126 1476 operatio
1151 1443 1257 1466 autern
1280 1442 1316 1466 ut
1337 1436 1411 1466 sub-

350 1482 478 1518 stantia,
502 1482 588 1512 iuxta
612 1481 692 1511 dicta
714 1480 747 1510 in
771 1491 825 1521 qu.
849 1491 888 1516 11,
912 1487 967 1510 art.
993 1481 1032 1515 6;
1055 1480 1105 1510 vel
1128 1480 1217 1520 quod
1246 1479 1412 1510 delectatio

350 1533 396 1556 est
419 1526 579 1566 optimum
601 1525 635 1554 in
657 1534 770 1564 genere
797 1532 947 1555 motuum
971 1523 1231 1564 appetitivorum;
1252 1524 1302 1554 vel
1324 1524 1413 1564 quod

350 1577 396 1600 est
419 1570 579 1610 optimum
608 1569 784 1599 secundum
807 1578 850 1604 se,
867 1568 942 1608 quia
965 1568 1059 1598 habet
1081 1568 1114 1598 in
1137 1578 1170 1598 se
1194 1568 1278 1598 unde
1298 1568 1412 1598 ultimo

350 1614 468 1654 quietet
491 1612 677 1653 appetitum,
697 1613 769 1643 licet
792 1613 904 1643 habeat
923 1612 1008 1642 aliud
1025 1612 1184 1652 optimum
1201 1612 1314 1642 melius
1330 1611 1411 1651 ipso,

350 1668 416 1688 non
439 1665 475 1688 ut
497 1658 584 1688 bono
601 1657 699 1696 magis
723 1657 855 1692 bonurn,
874 1656 929 1686 sed
952 1662 987 1686 ut
1011 1656 1135 1696 optimo
1159 1656 1192 1686 in
1212 1666 1278 1686 uno
1302 1656 1412 1686 ordine

351 1702 510 1742 optimum
541 1701 667 1731 alterius
697 1700 832 1736 ordinis,
857 1700 1027 1730 honestum
1059 1700 1143 1730 enim
1175 1707 1205 1730 et
1234 1699 1413 1730 delectabile

351 1747 490 1776 duorum
518 1746 678 1775 bonorum
708 1744 833 1774 ordines
861 1744 1073 1775 constituunt:
1098 1761 1116 1766 -
1136 1744 1175 1773 ad
1203 1744 1338 1774 litteram
1367 1750 1412 1773 ta—

350 1800 424 1820 men
454 1789 633 1830 loquendo,
660 1788 837 1828 distinguo:
862 1788 937 1828 quia
964 1794 1019 1818 aut
1049 1795 1094 1818 est
1122 1797 1226 1817 sermo
1257 1788 1295 1817 de
1326 1787 1414 1817 boni-

350 1841 412 1865 tate
436 1835 655 1869 naturae‚‘aut
677 1832 784 1862 moris.
802 1832 834 1863 Si
855 1832 926 1872 quis
950 1831 1036 1862 enim
1059 1831 1227 1871 inspexerit
1249 1832 1338 1871 quod
1353 1838 1412 1861 tra-

351 1885 450 1909 ctatus
473 1877 531 1907 iste
555 1877 593 1906 de
616 1877 755 1906 bonitate
773 1883 803 1906 et
826 1876 944 1906 malitia
969 1882 1015 1905 est
1038 1875 1175 1911 moralis,
1192 1875 1310 1906 videbit
1324 1876 1412 1915 quod

351 1921 494 1961 quaestio
519 1927 566 1951 est
580 1921 618 1950 de
643 1920 767 1959 optimo
787 1919 956 1955 moraliter,
974 1919 1054 1949 idest
1073 1929 1197 1949 summe
1219 1926 1413 1950 consonante

350 1965 479 2000 rationi;
505 1964 778 2004 omittendamque
809 1963 947 1994 censebit
975 1963 1259 1994 contradictionem
1281 1963 1349 1993 aliis
1369 1964 1413 1993 di—

351 2009 405 2039 ctis
429 2019 453 2039 s.
469 2008 624 2044 Thomae,
642 2014 718 2047 puta
742 2007 830 2048 quod
853 2007 933 2037 visio
958 2013 1003 2036 est
1026 2006 1176 2042 nobilior,
1198 2007 1286 2047 quod
1310 2014 1356 2037 est
1378 2007 1412 2036 fi-

350 2053 397 2083 nis
424 2052 518 2083 etiam
545 2051 758 2082 delectationis
781 2051 812 2087 *;
839 2051 915 2081 haec
941 2050 1026 2080 enim
1054 2050 1162 2080 omnia
1189 2051 1228 2080 ad
1258 2051 1412 2081 maiorem

350 2097 525 2127 bonitatem
541 2102 670 2126 naturae
687 2101 837 2135 spectant.
852 2094 1025 2125 Delectatio
1042 2094 1200 2135 siquidem
1216 2105 1413 2135 consequens

352 2148 381 2171 et
404 2140 546 2180 operatio
576 2140 688 2170 eadem
716 2149 850 2170 numero
878 2139 1018 2169 bonitate
1052 2138 1165 2169 morali
1189 2139 1292 2169 bonae
1319 2145 1411 2170 sunt:

352 2185 462 2215 eadem
477 2184 595 2224 quippe
611 2184 818 2214 consonantia
830 2183 879 2213 vel
894 2183 1087 2213 dissonantia
1099 2189 1277 2213 consonant
1292 2183 1342 2213 vel
1353 2183 1413 2213 dis-

353 2236 466 2259 sonant
489 2228 613 2259 rationi.
633 2230 680 2258 Ac
700 2238 755 2268 per
774 2227 844 2263 hoc,
865 2227 1020 2267 optimam
1040 2227 1257 2266 operationem
1277 2237 1412 2268 sequens

1469 1171 1644 1207 delectatio,
1670 1171 1791 1211 optima
1814 1178 1861 1202 est
1883 1182 1950 1202 non
1973 1172 2096 1202 minore
2114 1172 2270 1202 bonitate:
2295 1179 2326 1203 et
2346 1183 2411 1204 non
2427 1174 2527 1213 magis

1467 1225 1524 1246 nec
1547 1215 1654 1246 minus
1678 1216 1762 1245 bona
1786 1215 1954 1246 moraliter.

1523 1260 1574 1290 111.
1599 1260 1664 1290 Nec
1688 1260 1792 1290 obstat
1815 1259 1889 1290 huic
1912 1260 2018 1290 sensui
2041 1259 2130 1300 quod
2152 1260 2184 1290 in
2202 1260 2408 1300 responsione
2426 1261 2466 1291 ad
2482 1271 2528 1291 se-

1468 1304 1619 1339 cundum,
1634 1303 1668 1333 in
1691 1303 1792 1343 prima
1816 1304 2031 1344 responsione,
2055 1306 2177 1334 Auctor
2195 1304 2318 1335 videtur
2340 1304 2420 1335 velle
2439 1305 2529 1345 quod

1467 1347 1631 1378 delectatio
1662 1355 1711 1378 est¹
1735 1347 1849 1378 melior
1876 1354 1946 1378 actu
1975 1347 2114 1384 virtutis,
2145 1357 2242 1388 quam
2273 1348 2424 1389 sequitur.
2455 1349 2528 1379 Hoc

1467 1392 1553 1421 enirn
1575 1394 1698 1422 Auctor
1720 1402 1786 1422 non
1810 1391 1893 1427 dicit,
1917 1401 1974 1422 nec
1997 1391 2131 1423 intendit
2154 1392 2264 1423 dicere.
2291 1392 2353 1423 Sed
2367 1393 2471 1432 prima
2484 1403 2528 1423 re-

1466 1436 1598 1475 sponsio
1623 1436 1665 1466 ibi
1689 1436 1760 1466 data
1782 1436 1952 1475 respondet
1975 1435 2086 1466 maiori
2103 1436 2315 1476 propositioni
2340 1437 2526 1476 argumenti,

1466 1489 1548 1520 quae
1564 1486 1611 1510 est
1629 1479 1889 1510 communissima
1904 1479 2092 1520 propositio,
2108 1479 2240 1511 scilicet:
2260 1479 2421 1520 Optimum
2437 1481 2526 1511 nullo

1466 1524 1588 1554 adiecto
1605 1524 1646 1564 fit
1670 1525 1792 1554 melius.
1816 1524 1858 1554 Et
1881 1523 1955 1554 dicit
1977 1525 2066 1563 quod
2089 1530 2135 1554 est
2157 1534 2231 1554 vera
2254 1525 2293 1554 de
2312 1523 2436 1564 optimo
2453 1524 2527 1554 sim-

1465 1567 1602 1641 pliciter:
1628 1574 1658 1598 et
1681 1577 1746 1597 non
1771 1568 1808 1597 de
1833 1567 1957 1607 optimo
1980 1567 2012 1597 in
2036 1577 2158 1607 genere,
2175 1568 2269 1608 quale
2289 1574 2335 1598 est
2350 1568 2526 1599 delectatio-
2572 1564 2575 1567 ”

1493 1618 1506 1642 t
1528 1612 1616 1647 ideo,
1642 1612 1716 1641 dato
1741 1611 1835 1641 etiarn
1865 1612 1954 1651 quod
1982 1621 2018 1641 ex
2045 1618 2116 1641 actu
2140 1611 2262 1642 virtutis
2286 1618 2367 1642 esset
2394 1611 2526 1647 melior,

1466 1655 1569 1686 adhuc
1585 1662 1645 1686 stat
1667 1655 1754 1695 quod
1771 1655 1811 1686 sit
1834 1656 1995 1694 optimum
2009 1655 2042 1685 in
2057 1665 2179 1694 genere.

1471 1711 1473 1713 ·
1517 1699 1661 1729 Secunda
1679 1709 1754 1729 vero
1769 1699 1934 1738 responsio
1954 1699 2123 1738 respondet
2141 1698 2268 1739 minori,
2284 1698 2415 1729 scilicet:
2432 1699 2526 1728 Dele-

1438 1745 1439 1752 ’
1464 1745 1558 1774 ctatio
1581 1743 1690 1773 addita
1709 1743 1895 1782 operationi,
1914 1748 1959 1772 est
1983 1743 2105 1772 melior.
2121 1743 2162 1772 Et
2185 1742 2259 1772 dicit
2273 1743 2362 1782 quod
2383 1742 2526 1782 operatio

1465 1797 1530 1817 non
1548 1794 1593 1817 est
1616 1787 1734 1817 adiecta
1750 1786 1958 1822 delectationi,
1975 1786 2029 1816 sed
2043 1786 2182 1816 intranea
2202 1786 2314 1816 eidem.
2332 1786 2372 1817 Et
2386 1786 2463 1816 haec
2478 1796 2526 1816 re-

1464 1831 1594 1871 sponsio
1611 1831 1732 1861 nullam
1747 1830 1863 1870 patitur
1874 1830 1907 1860 in
1924 1840 1956 1860 se
1972 1830 2177 1866 calumniam;
2191 1838 2222 1861 et
2235 1829 2313 1860 nihil
2326 1837 2526 1871 extorquens,

1466 1875 1575 1905 omnia
1591 1875 1698 1905 salvat.
1719 1874 1769 1905 Sic
1793 1875 1878 1904 enim
1897 1881 1927 1904 et
1950 1882 1996 1905 est
2011 1874 2133 1914 optima
2157 1874 2316 1905 moraliter
2339 1874 2419 1904 inter
2442 1875 2527 1904 bona

1465 1919 1614 1955 humana,
1639 1928 1764 1949 summe
1788 1928 1966 1949 consonans
1989 1918 2119 1948 rationi:
2145 1918 2219 1959 quia
2243 1918 2320 1948 nihil
2343 1925 2390 1949 est
2412 1918 2527 1948 melius

1466 1963 1625 1993 moraliter
1653 1963 1731 2003 ipsa.
1755 1963 1795 1993 Et
1818 1969 1864 1992 est
1887 1963 1992 1993 minus
2023 1963 2108 1992 bona
2135 1962 2315 1993 naturaliter
2342 1962 2527 2002 operatione

1464 2017 1562 2047 quarn
1582 2007 1731 2047 sequitur,
1749 2016 1830 2047 quae
1846 2012 1892 2037 est
1915 2006 2036 2046 optima
2055 2013 2086 2037 et
2108 2006 2141 2036 in
2164 2016 2277 2046 genere
2297 2006 2395 2036 moris
2419 2012 2450 2036 et
2472 2015 2527 2035 na-

1465 2057 1572 2088 turae,
1596 2051 1628 2080 in
1654 2057 1790 2092 utroque
1820 2050 1929 2080 ordine
1954 2050 2085 2081 ultimus
2108 2049 2179 2080 finis
2207 2050 2356 2080 existens:
2382 2049 2527 2090 quamvis

1467 2094 1686 2130 diversimode,
1707 2094 1782 2134 quia
1804 2094 1837 2124 in
1860 2094 1925 2130 illo,
1940 2094 2108 2124 communi
2125 2093 2183 2124 sibi
2201 2101 2232 2124 et
2251 2093 2450 2125 delectationi
2469 2094 2527 2125 bo-

1464 2138 1577 2174 nitate;
1601 2138 1635 2168 in
1650 2138 1722 2174 isto,
1743 2138 1882 2178 propria.
1899 2139 2031 2179 Propter
2053 2138 2156 2179 quod,
2180 2137 2214 2168 in
2236 2138 2298 2168 isto
2322 2137 2432 2168 ordine
2454 2136 2526 2168 finis

1467 2190 1512 2213 est
1535 2183 1629 2213 etiam
1653 2182 1886 2213 delectationis:
1911 2182 1944 2212 in
1966 2182 2021 2213 illo
2042 2189 2159 2218 autem,
2177 2191 2253 2212 non.
2514 2186 2515 2190 ’

1411 2312 1568 2320 Μ

1124 2369 1438 2411 ARTICULUS
1469 2368 1739 2421 QUARTUS

693 2454 848 2485 UTRUM
870 2453 1151 2484 DELECTATIO
1175 2453 1242 2483 SIT
1264 2453 1469 2483 MENSURA
1491 2452 1576 2483 VEL
1600 2451 1775 2482 REGULA
1799 2451 2034 2483 SECUNDUM
2057 2452 2183 2488 QUAM

920 2496 1157 2528 IUDICETUR
1180 2497 1333 2528 BONUM
1355 2497 1439 2527 VEL
1462 2494 1620 2527 MALUM
1644 2496 1686 2526 IN
1709 2495 1957 2526 MORALIBUS

1073 2576 1106 2600 lV
1126 2575 1207 2604 Sent„
1228 2575 1286 2599 dist.
1305 2582 1371 2605 erx,
1390 2582 1436 2607 qu.
1454 2581 1491 2605 m,
1510 2579 1557 2598 art.
1569 2580 1594 2605 4,
1615 2575 1662 2606 qu·
1683 2573 1706 2603 3,
1727 2574 1758 2598 ad
1782 2581 1802 2598 r.

419 2684 446 2699 υ
472 2688 549 2735 pff«
562 2679 584 2703 D
605 2677 779 2708 QUARTUM
800 2676 852 2701 51c
870 2675 1108 2701 PROCEDlTUR.
1128 2662 1287 2700 Videtur
1305 2661 1412 2710 quod

492 2717 541 2738 ’ρ-
563 2718 760 2756 delectatio
789 2730 867 2754 non
903 2717 949 2754 sit
984 2728 1164 2753 mensura
1194 2716 1255 2752 vel
1284 2715 1412 2763 regula

429 2786 481 2805 *r
510 2769 653 2812 (boni
674 2778 710 2808 et
727 2771 816 2807 mali
835 2770 1002 2807 moralis.
1023 2769 1168 2806 Omnia
1188 2768 1290 2805 enirn
1309 2779 1411 2805 men-

408 2799 504 2857 ἑῖἶῖ)
519 2816 742 2861 Ksurantur
754 2824 882 2872 primo
900 2823 961 2859 sui
976 2822 1138 2872 generis,
1158 2828 1200 2858 ut
1219 2821 1354 2858 dicitur
1372 2821 1411 2857 in

352 2879 386 2914 X
414 2878 629 2927 Metaphys.
649 2877 669 2899 ‘³‘
698 2877 774 2914 Sed
812 2875 1008 2913 delectatio
1042 2887 1120 2911 non
1154 2881 1208 2910 est
1244 2873 1411 2922 primum

319 2957 324 2962 .
353 2930 391 2967 in
420 2942 556 2978 genere
585 2930 801 2977 moralium,
823 2929 890 2966 sed
909 2927 1142 2978 praecedunt
1161 2927 1283 2975 ipsam
1303 2938 1413 2963 amor

353 2991 389 3019 et
417 2983 657 3020 desiderium.
692 2984 784 3019 Non
813 2994 902 3030 ergo
932 2988 987 3018 est
1015 2981 1142 3028 regula
1170 2979 1348 3016 bonitatis
1377 2987 1413 3016 et

353 3035 516 3072 malitiae
544 3036 582 3073 in
611 3036 830 3072 moralibus.

408 3100 442 3125 2.
471 3089 708 3135 PRAETEREA,
738 3099 957 3125 mensuram
991 3093 1028 3122 et
1056 3085 1226 3133 regulam
1262 3091 1412 3134 oportet

354 3153 436 3177 esse
464 3141 715 3177 uniformem:
747 3148 781 3176 et
810 3140 897 3177 ideo
926 3146 1054 3176 motus
1075 3138 1138 3187 qui
1158 3145 1214 3174 est
1246 3137 1411 3174 maxime

353 3193 572 3241 uniformis,
603 3201 658 3230 est
689 3205 868 3229 mensura
902 3200 938 3229 et
970 3192 1097 3239 regula
1125 3190 1300 3227 omniurn
1329 3202 1411 3226 mo-

353 3254 474 3293 tuum,
494 3253 536 3283 ut
564 3246 697 3283 dicitur
715 3245 753 3281 in
773 3246 807 3281 X
823 3246 1037 3293 Metaphys.
1054 3244 1074 3266 ’¹‘
1103 3244 1180 3281 Sed
1215 3242 1412 3280 delectatio

355 3306 410 3336 est
439 3299 546 3336 varia
579 3306 614 3335 et
650 3297 909 3334 multiformis:
940 3308 1027 3333 cum
1061 3296 1251 3345 quaedam
1280 3307 1412 3332 earum

355 3352 426 3388 sint
453 3352 599 3397 bonae,
631 3358 666 3387 et
697 3350 889 3398 quaedam
917 3349 1052 3386 malae.
1082 3350 1185 3397 Ergo
1214 3348 1412 3386 delectatio

355 3417 432 3442 non
462 3413 516 3441 est
543 3416 721 3440 mensura
750 3410 786 3439 et
814 3402 941 3450 regula
970 3401 1184 3438 moralium.

373 3480 375 3483 -
410 3458 444 3494 3.
465 3458 696 3504 Pium-nam,
718 3455 853 3492 certius
873 3454 1055 3491 iudicium
1075 3453 1235 3491 sumitur
1254 3453 1301 3490 de
1322 3452 1411 3489 effe-

388 2802 489 2817 ir<

1465 2669 1526 2698 ctu
1553 2673 1622 2710 per
1649 2673 1817 2708 causam,
1847 2673 1964 2710 quam
1997 2674 2018 2698 e
2038 2673 2239 2698 converSO.
2271 2661 2348 2698 Sed
2375 2661 2526 2698 bonitas

1463 2714 1526 2751 vel
1539 2713 1680 2751 malitia
1699 2713 1929 2762 operationis
1949 2722 2004 2751 est
2025 2726 2138 2751 causa
2170 2714 2347 2751 bonitatis
2365 2714 2427 2751 vel
2446 2725 2527 2751 ma-

1464 2767 1563 2804 litiae
1592 2766 1870 2804 delectationis:
1900 2767 1989 2815 quia
2017 2768 2139 2804 bonae
2157 2767 2414 2804 delectationes
2441 2772 2528 2803 sunt

1464 2832 1561 2868 quae
1589 2825 1866 2868 consequuntur
1893 2820 2010 2856 bonas
2037 2820 2282 2868 operationes,
2311 2819 2436 2856 malae
2458 2831 2524 2856 au*-

1464 2878 1536 2909 tem
1565 2884 1662 2921 quae
1696 2872 1837 2918 malas,
1866 2880 1908 2909 ut
1936 2872 2070 2909 dicitur
2102 2872 2139 2909 in
2171 2873 2206 2910 X
2233 2872 2353 2910 Ethic.
2374 2871 2395 2893 ’¹‘
2422 2873 2530 2920 Ergo.

1465 2925 1730 2962 delectationes
1763 2937 1842 2961 non
1880 2933 1966 2962 sunt
1994 2925 2122 2973 regula
2151 2933 2187 2962 et
2213 2937 2392 2962 mensura
2419 2924 2526 2962 boni-

1464 2979 1547 3015 tatis
1577 2985 1613 3014 et
1640 2977 1803 3015 malitiae
1832 2978 1870 3014 in
1898 2978 2116 3015 moralibus.

1519 3032 1592 3068 SED
1622 3043 1766 3068 CONTRA
1795 3042 1860 3067 EST
1889 3030 1994 3079 quod
2022 3029 2254 3078 Augustinus
2282 3030 2381 3077 dicit,
2411 3041 2528 3080 super

1463 3084 1553 3120 illud
1569 3084 1709 3121 Psalmi
1723 3095 1771 3120 vn
1781 3082 1812 3130 ³¹⁸,
1831 3098 1850 3117 α
1863 3084 2041 3120 Scrutaris
2060 3082 2177 3120 corda
2192 3082 2228 3119 et
2243 3095 2353 3119 renes
2367 3083 2522 3120 Deus»:

1463 3137 1567 3174 Finis
1595 3148 1711 3174 curae
1737 3142 1773 3172 et
1795 3136 2030 3186 cogitationis
2049 3141 2103 3172 est
2119 3136 2309 3172 delectatio
2332 3136 2384 3172 ad
2409 3135 2526 3184 quant

1464 3190 1545 3238 quis
1564 3190 1693 3226 nititur
1705 3189 1915 3237 pervenire.
1937 3189 1985 3225 Et
2005 3188 2260 3237 Philosophus
2281 3188 2380 3236 dicit,
2400 3188 2439 3225 in
2452 3187 2523 3224 vn

1462 3243 1581 3279 Ethic.
1602 3242 1642 3289 ²¹²,
1672 3241 1778 3292 quod
1812 3241 2001 3278 delectatio
2036 3246 2091 3278 est
2109 3242 2205 3289 finis
2237 3241 2469 3284 architectum
2482 3244 2522 3287 ⁶,
2548 3250 2620 3299 ’83¹5

1465 3295 1560 3332 idest
1573 3294 1801 3344 principalis,
1821 3294 1873 3331 ad
1889 3305 1998 3342 quem
2024 3294 2268 3343 respicientes,
2290 3292 2523 3342 unumquod·
2622 3292 2629 3299 ‘
2645 3313 2664 3330 α

1464 3359 1535 3396 que
1553 3349 1624 3384 hoc
1642 3347 1790 3396 quidem
1810 3346 1964 3392 malum,
1984 3347 2055 3383 hoc
2082 3352 2207 3383 autem
2227 3343 2522 3393 bonumvsanpli-

1465 3401 1555 3436 citer
1582 3401 1748 3437 dicimus.

1517 3454 1741 3490 Responnsso
1769 3463 1952 3489 montinum
1980 3452 2085 3500 quod
2118 3451 2266 3488 bonitas
2291 3450 2354 3487 vel
2381 3448 2523 3487 malitia

411 3563 438 3597 α)
458 3563 629 3588 architecton.
647 3575 666 3581 -·
684 3561 889 3586 architectorum
910 3559 1152 3584 PBCDFGHlKLa.
1170 3571 1188 3578 —-
1207 3559 1256 3583 Pro
1274 3565 1359 3591 quem,
1378 3558 1449 3590 quod
1466 3558 1537 3588 effi,
1555 3565 1633 3590 quam
1653 3557 1709 3588 PK;
1729 3557 1826 3582 matum
1845 3564 1898 3581 om.
1917 3556 2148 3589 ACGILpBDGH3
2167 3563 2216 3589 pro
2235 3555 2337 3589 bonum,
2358 3555 2455 3580 malum
2474 3555 2503 3580 P.

2635 604 2685 625 vm,
2691 604 2715 620 n·
2721 604 2750 627 13.
2756 608 2767 614 ·

2555 597 2637 646 Scfflph.
2652 625 2704 646 lect.
2714 631 2766 647 xm.

2552 2886 2635 2935 §.a-e.-
2644 2892 2703 2936 a·

2550 3097 2562 3108 ⁸
2575 3096 2642 3119 ven.
2656 3102 2689 3119 ιο.
