2852 4152
119 814 130 823 ⁴
145 813 200 835 Vid.
221 819 269 841 arg.
284 813 332 835 Sed

119 842 211 861 contra.

360 165 434 202 286
1027 169 1292 215 QUAESTIO
1323 168 1461 215 XLIV,
1490 159 1792 204 ARTlcULUS‘
1814 168 1865 204 IV

361 252 462 282 ctum
489 245 702 294 principalis
722 245 922 283 moventis.
944 247 1002 282 Ex
1029 253 1134 295 parte
1153 245 1263 292 igitur
1285 245 1418 281 instru—

360 305 579 335 mentorum
614 298 884 347 corporalium,
914 298 1042 346 timor,
1073 305 1259 346 quantum
1290 305 1344 334 est
1373 297 1419 333 de

361 363 412 398 se,
435 363 588 400 semper
615 359 724 389 natus
745 359 800 388 est
818 351 1004 399 impedire
1033 350 1257 387 exteriorem
1286 361 1419 397 opera-

360 403 519 451 tionem,
548 411 704 453 propter
733 403 920 441 defectum
951 403 1083 439 caloris
1116 402 1180 450 qui
1214 413 1258 438 ex
1286 402 1420 438 timore

361 456 495 493 accidit
513 456 551 493 in
572 456 816 504 exterioribus
837 455 1030 492 membris.
1058 454 1133 491 Sed
1154 466 1198 490 ex
1216 461 1322 502 parte
1341 453 1419 490 ani-

360 521 458 556 mae,
479 508 510 545 si
536 508 581 545 sit
608 509 722 546 timor
750 509 980 554 moderatus,
1010 519 1088 543 non
1117 507 1279 543 multum
1309 506 1418 542 ratio—

360 573 450 598 nem
469 562 715 610 perturbans;
743 561 887 597 confert
906 561 953 597 ad
973 560 1070 596 bene
1091 559 1344 607 operandum,
1363 558 1419 595 in—

360 622 544 663 quantum
575 622 702 651 causat
725 613 918 662 quandam
947 611 1249 659 sollicitudinem,
1272 619 1308 648 et
1335 611 1420 648 facit

359 667 557 703 hominem
578 666 752 703 attentius
773 665 959 702 consiliari
980 672 1016 701 et
1040 664 1200 713 operari.
1221 685 1244 691 -
1266 664 1306 701 Si
1324 676 1418 702 vero

359 719 470 756 timor
488 727 634 756 tantum
662 719 845 755 increscat
873 718 976 766 quod
1001 717 1186 754 rationem
1213 718 1418 766 perturbet,

358 772 517 821 impedit
537 771 797 820 operationem
819 770 931 807 etiam
958 782 1002 806 ex
1021 777 1127 819 parte
1157 770 1318 807 animae.
1342 771 1419 808 Sed

359 825 406 862 de
434 825 497 862 tali
525 825 661 861 timore
689 824 895 872 Apostolus
919 835 997 859 non
1025 823 1191 872 loquitur
1217 823 1248 860 ²¹⁸.

412 945 436 978 β)
453 946 690 978 perturbationem.
708 959 726 964 -
740 945 957 977 per-turbationes
976 945 1023 970 Pa.

1527 246 1575 281 Et
1602 257 1670 293 per
1696 246 1792 282 haec
1818 252 1922 293 patet
1947 246 2144 295 responsio
2173 246 2222 284 ad
2248 245 2428 294 primum.

1526 297 1589 334 Ad
1615 309 1805 335 SECUNDUM
1830 309 2013 336 DICENDUM
2040 299 2146 348 quod
2165 299 2216 336 illi
2243 298 2308 347 qui
2327 299 2466 336 cadunt
2485 298 2532 336 de

1473 349 1579 386 trabe
1616 349 1655 386 in
1683 350 1756 386 alto
1785 349 1930 398 posita,
1953 351 2146 399 patiuntur
2172 350 2499 400 perturbationem
2519 350 2534 380 β

1473 401 1768 449 imaginationis,
1797 409 1953 451 propter
1979 403 2158 442 timorem
2192 416 2300 442 casus
2329 403 2533 451 imaginati.

1527 456 1586 490 An
1613 466 1773 491 TER-num
1801 466 1984 493 memnona
2014 457 2117 505 quod
2155 457 2280 494 omnis
2314 456 2450 493 timens
2478 468 2534 492 re-

1473 506 1564 554 fugit
1582 506 1621 543 id
1640 507 1744 555 quod
1764 506 1885 544 timet:
1907 515 1944 545 et
1960 508 2060 557 ideo,
2082 521 2170 547 cum
2190 509 2337 559 pigritia
2356 508 2402 545 sit
2419 508 2535 545 timor

1474 558 1521 596 de
1549 559 1630 607 ipsa
1659 559 1892 607 operatione,
1912 560 2138 610 inquantum
2163 570 2218 599 est
2242 561 2443 608 laboriosa,
2465 561 2535 597 im-

1472 611 1577 660 pedit
1605 611 1888 660 operationem,
1916 614 2006 661 quia
2033 615 2185 652 retrahit
2217 616 2455 652 voluntatem
2485 614 2533 650 ab

1473 664 1565 713 ipsa.
1588 665 1664 701 Sed
1692 664 1807 701 timo‘r
1834 665 1899 712 qui
1928 673 1984 702 est
2011 666 2058 703 de
2087 667 2165 704 aliis
2193 668 2317 714 rebus,
2347 667 2533 704 intantum

1473 717 1629 754 adiuvat
1656 717 1935 766 operationem,
1964 718 2190 766 inquantum
2218 720 2371 757 inclinat
2397 720 2533 757 volun-

1473 778 1589 807 tatem
1618 770 1666 807 ad
1696 770 1934 819 operandum
1963 782 2008 808 ea
2035 782 2104 819 per
2131 784 2229 820 quae
2254 774 2374 810 homo
2405 771 2535 820 effugit

1472 823 1512 861 id
1539 823 1645 872 quod
1671 823 1789 860 timet.
