2852 4152
81 931 90 941 ⁸
104 928 160 950 Loc.
176 928 214 950 cit.

79 1341 178 1364 Ῥαιῑω.
184 1341 290 1370 CXVIII,

78 1373 138 1391 ven.
153 1373 192 1396 ¹¹3·

78 1417 163 1447 ’'ffld.
171 1428 232 1447 vers.
244 1424 289 1452 163.

128 1776 290 1857 aet-,243

77 1807 143 1878 ἐκ
81 1765 91 1787 .,

156 1829 216 1878 ἒξ

0 3681 3 3708 t

0 3710 4 3738 k

0 3743 5 3788 ᾗ

0 3794 5 3834 i.

0 3853 6 3907 ἓ

973 267 1238 313 QUAESTIO
1268 268 1406 315 XLVI,
1436 267 1730 305 ARTICULUS
1759 268 1827 304 VII

318 344 523 382 illationem
550 355 710 392 poenae.
742 344 810 380 Est
837 352 965 381 autem
986 345 1033 382 de
1055 345 1197 382 ratione
1226 358 1375 393 poenae

318 396 422 444 quod
451 396 496 432 sit
516 396 702 432 contraria
720 397 919 444 voluntati,
942 405 977 434 et
996 399 1100 446 quod
1120 398 1165 434 sit
1184 398 1374 445 afflictiva,

318 457 354 486 et
381 449 485 497 quod
504 461 575 497 pro
595 448 720 496 aliqua
741 450 850 497 culpa
869 449 1057 487 inferatur.
1088 451 1136 487 Et
1154 451 1240 488 ideo
1261 450 1375 487 iratus

317 503 391 538 hoc
419 501 571 550 appetit,
600 509 641 538 ut
667 501 726 537 ille
756 500 816 538 cui
845 510 1121 539 nocumentum
1150 503 1270 550 infert,
1291 516 1375 551 per-

318 554 440 603 cipiat,
462 562 498 591 et
526 554 662 600 doleat,
684 561 720 590 et
748 555 852 601 quod
878 563 1081 602 cognoscat
1099 563 1253 604 propter
1281 556 1374 593 iniu-

318 607 413 644 riam
441 606 581 644 illatam
610 606 680 643 sibi
707 607 782 643 hoc
810 608 1024 654 provenire.
1060 609 1136 645 Sed
1166 608 1299 646 odiens
1328 610 1374 646 de

318 661 393 696 hoc
419 659 509 696 nihil
538 666 662 696 curat:
692 659 780 706 quia
808 660 949 708 appetit
976 661 1120 697 malum
1145 661 1294 697 alterius
1322 660 1376 698 in-

319 720 503 760 quantum
517 712 748 748 huiusmodi.
760 733 783 739 —
796 713 887 749 Non
907 720 962 749 est
977 721 1103 750 autem
1118 726 1255 751 verum
1271 713 1376 761 quod

318 764 357 801 id
385 764 432 802 de
453 776 531 812 quo
560 764 644 811 quis
664 764 837 812 tristatur,
859 765 904 802 sit
921 765 1051 814 peius:
1077 766 1252 802 iniustitia
1273 766 1374 803 enim

317 822 352 854 et
379 817 639 864 imprudentia,
661 829 746 854 cum
773 818 847 855 sint
877 819 991 863 mala,
1017 818 1106 866 quia
1133 826 1262 855 tamen
1290 826 1377 855 sunt

316 869 540 916 voluntaria,
571 882 644 906 non
674 871 892 908 contristant
918 883 980 907 eos
1008 871 1140 918 quibus
1168 872 1307 916 insunt,
1335 877 1377 907 ut

318 921 406 959 dicit
433 922 709 971 Philosophus,
738 923 776 960 in
805 925 836 960 II
865 924 1053 960 Rhetoric.
1074 922 1094 944 '¹‘

369 977 428 1011 An
448 987 606 1012 TERTmM
625 987 809 1013 D1CENDUM
832 976 938 1025 quod
962 975 999 1012 id
1020 975 1124 1023 quod
1145 987 1189 1011 ex
1208 975 1377 1023 pluribus

2412 283 2485 319 297

1431 348 1552 382 causis
1583 353 1768 392 causatur,
1789 354 1877 382 tunc
1903 354 1957 383 est
1977 348 2155 394 stabilius,
2177 348 2331 395 quando
2352 361 2487 386 causae

1432 399 1665 447 accipiuntur
1692 398 1804 435 unius
1833 399 2008 436 rationis:
2038 400 2105 436 sed
2132 413 2209 437 una
2233 413 2346 437 causa
2365 410 2489 449 potest

1431 452 1649 499 praevalere
1667 451 1794 488 multis
1814 451 1905 488 aliis.
1936 452 2080 489 Odium
2102 459 2227 495 autern
2248 454 2424 501 provenit
2444 467 2488 490 ex

1430 504 1727 552 permanentiori
1756 516 1870 540 causa
1889 516 2005 552 quam
2026 505 2091 542 ira.
2112 506 2214 541 Nam
2239 506 2294 542 ira
2312 507 2488 554 provenit

1432 568 1476 593 ex
1506 557 1631 606 aliqua
1660 557 1919 594 commotione
1948 557 2064 594 animi
2096 565 2252 606 propter
2279 559 2487 595 laesionem

1430 609 1586 646 illatam:
1609 609 1677 646 sed
1696 609 1828 646 odium
1843 610 2014 658 procedit
2035 622 2079 646 ex
2098 611 2223 659 aliqua
2243 610 2488 659 dispositione

1431 662 1608 708 hominis,
1630 663 1841 699 secundum
1864 675 1982 711 quam
2002 670 2150 711 reputat
2169 663 2239 699 sibi
2260 663 2487 700 contrarium

1432 721 1468 750 et
1495 714 1677 751 nocivum
1713 715 1752 751 id
1784 716 1888 763 quod
1917 715 2007 753 odit.
2046 717 2094 752 Et
2121 716 2208 752 ideo
2238 715 2333 752 sicut
2359 716 2487 764 passio

1433 766 1538 803 citius
1567 767 1698 804 transit
1724 779 1840 816 quam
1871 768 2066 816 dispositio
2085 769 2148 806 vel
2167 768 2337 815 habitus,
2366 769 2415 805 ita
2434 769 2489 805 ira

1432 818 1538 855 citius
1557 820 1689 856 transit
1707 832 1822 868 quam
1844 820 1998 866 odium3
2027 821 2204 869 quamvis
2224 821 2336 858 etiam
2356 821 2487 858 odium

1432 871 1476 907 sit
1495 873 1621 919 passio
1652 884 1696 908 ex
1715 872 1776 908 tali
1805 872 2052 921 dispositione
2071 874 2312 923 proveniens.
2334 875 2384 910 Et
2401 887 2488 923 pro-

1430 931 1514 971 pter
1532 925 1606 960 hoc
1626 924 1880 973 Philosophus
1901 926 2000 972 dicit,
2022 927 2059 963 in
2079 928 2110 963 II
2130 927 2319 964 Rhetoric.
2335 926 2366 974 *⁷
2383 927 2488 975 quod

1433 976 1558 1012 odium
1587 982 1642 1012 est
1666 978 1789 1026 magis
1818 978 2024 1016 insanabile
2050 991 2163 1027 quam
2192 980 2262 1016 ira.

996 1071 1325 1104 Commentarta
1347 1071 1595 1105 cardinalis
1618 1072 1815 1105 Caietani

347 1170 366 1190 N
391 1159 522 1190 articulo
547 1166 643 1195 sexto,
666 1159 698 1190 in
724 1169 864 1200 corpore,
890 1160 1014 1189 adverte
1037 1159 1126 1200 quod
1148 1159 1193 1189 ira
1216 1166 1246 1189 et
1268 1159 1374 1190 odium

321 1171 532 1234 linimicitiae
562 1210 786 1244 comparantur
815 1211 846 1234 et
872 1203 1094 1239 discutiuntur;
1120 1210 1150 1233 et
1178 1213 1244 1233 non
1267 1203 1374 1234 odium

317 1248 570 1278 abominationis.
595 1247 678 1278 Illud
696 1247 782 1278 enim
801 1254 847 1278 est
862 1248 950 1287 quod
965 1247 1034 1277 vult
1053 1247 1175 1277 malum
1193 1246 1289 1282 malo,
1309 1257 1375 1277 non

317 1291 388 1322 hoc.
413 1291 559 1322 Infirmus
583 1291 668 1321 enim
691 1291 746 1331 qui
762 1291 829 1321 odit
853 1301 944 1320 suam
960 1290 1197 1330 aegritudinem,
1215 1290 1293 1320 nulli
1308 1291 1376 1321 vult

318 1335 457 1365 malum:
482 1342 513 1366 et
530 1335 631 1365 iustus
650 1335 689 1364 de
709 1344 741 1364 se
756 1334 861 1364 dicens
877 1334 904 1373 *,
928 1334 1060 1374 Iniquos
1082 1334 1153 1364 odio
1175 1334 1281 1371 habui,
1298 1334 1376 1364 nulli

317 1378 439 1409 malum
467 1377 584 1414 voluit,
614 1378 669 1408 sed
697 1378 893 1418 iniquitatem
922 1377 993 1407 odio
1020 1378 1129 1407 habuit
1156 1382 1186 1407 et
1213 1378 1375 1407 abomina-

318 1427 371 1453 tus
392 1420 567 1453 mffitss„r¹‘*'

372 1465 411 1496 Π.
436 1465 471 1495 In
495 1464 610 1495 eodem
638 1470 726 1494 sexto
751 1463 884 1494 articulo
914 1464 1050 1500 dubium
1080 1463 1183 1494 adhuc
1213 1470 1274 1494 est:
1301 1464 1376 1504 quia

317 1508 488 1539 differentia
515 1508 597 1538 inter
623 1507 703 1538 iram
727 1514 758 1538 et
780 1507 892 1538 odium
919 1507 1117 1542 inimicitiae,
1142 1507 1219 1537 falsa
1241 1507 1375 1538 videtur.

317 1552 402 1590 Quia
425 1559 480 1583 aut
501 1558 549 1582 est
571 1561 676 1582 sermo
700 1551 738 1582 de
762 1551 848 1582 malo
870 1551 916 1581 illi
932 1552 983 1582 cui
998 1550 1170 1591 appetitur:
1187 1558 1242 1581 aut
1257 1551 1376 1591 simpli-

317 1595 401 1628 citer.
415 1595 448 1627 Si
460 1595 564 1636 primo
579 1595 689 1631 modo,
703 1605 769 1626 non
781 1601 828 1625 est
839 1595 1010 1626 differentia
1022 1595 1102 1626 inter
1113 1595 1192 1624 iram
1207 1602 1237 1625 et
1249 1594 1375 1624 odium:

317 1639 472 1680 quoniam
487 1639 656 1680 utrobique
680 1639 838 1680 appetitur
852 1639 974 1670 malum
989 1639 1052 1675 illi;
1076 1638 1213 1668 vindicta
1229 1638 1314 1668 enim
1331 1645 1377 1669 est

317 1683 439 1714 malum
451 1683 604 1724 punito.—
615 1683 647 1714 Si
659 1683 799 1714 secundo
815 1683 924 1720 modo,
938 1683 1080 1724 sequitur
1091 1682 1301 1722 impossibile:
1320 1682 1377 1713 sci-

317 1727 389 1758 licet
410 1727 500 1768 quod
523 1727 563 1757 ad
582 1727 713 1763 malum,
730 1733 766 1757 ut
781 1727 913 1762 malum,
928 1727 1029 1767 possit
1043 1737 1111 1757 esse
1127 1726 1308 1766 prosecutio
1323 1737 1377 1766 ap-

317 1771 552 1812 petitus;,patet
573 1771 659 1802 enirn
682 1771 771 1812 quod
793 1771 904 1802 odiens
919 1770 1041 1802 affectat
1054 1771 1072 1790 *
1087 1770 1210 1801 malum
1229 1771 1317 1811 quod
1332 1770 1378 1801 illi

318 1815 374 1856 qui
397 1815 473 1846 odio
495 1815 638 1851 habetur,
662 1815 741 1846 vult.

375 1859 426 1889 Ad
448 1859 510 1889 hoc
533 1859 648 1890 dicitur
674 1859 763 1899 quod
790 1858 841 1889 hic
872 1866 918 1889 est
941 1869 1045 1891 sermo
1066 1858 1105 1889 de
1128 1858 1214 1888 malo
1238 1858 1297 1894 illi,
1322 1858 1377 1888 sed

317 1901 500 1941 formaliter,
521 1902 637 1933 scilicet
653 1903 710 1933 sub
725 1903 846 1933 ratione
861 1902 945 1933 mali.
966 1903 1006 1933 Et
1020 1903 1053 1933 in
1068 1903 1131 1932 hoc
1150 1902 1250 1933 differt
1265 1902 1377 1933 odium

317 1947 356 1977 ab
379 1946 440 1982 ira,
465 1945 539 1987 quia
562 1946 607 1976 ira
629 1947 752 1977 malum
774 1946 900 1986 respicit
927 1946 1076 1978 indutum
1099 1946 1173 1976 iusti
1195 1946 1377 1977 vindicativi

317 1990 491 2021 rationem:
515 1990 627 2020 odium
641 1997 748 2021 autem
772 1991 893 2020 malum
909 1991 1034 2021 nudum
1055 1990 1230 2020 secundum
1247 2000 1289 2020 se.
1303 2007 1323 2012 —
1336 1990 1378 2020 Et

316 2034 389 2065 licet
412 2034 451 2064 sit
472 2034 668 2074 impossibile
692 2034 868 2075 appetitum
892 2035 1041 2075 prosequi
1065 2044 1120 2074 per
1135 2043 1168 2064 se
1183 2034 1306 2064 malum
1321 2044 1376 2073 ap-

317 2077 446 2118 petenti,
470 2088 536 2108 non
559 2085 665 2108 tamen
690 2085 736 2108 est
758 2078 954 2118 impossibile
977 2078 1154 2118 appetitum
1177 2088 1232 2118 per
1256 2088 1288 2108 se
1304 2087 1376 2118 pro-

318 2121 407 2162 sequi
430 2121 552 2152 malum
569 2122 734 2153 contrario.
758 2122 879 2153 Nullus
894 2122 979 2152 enim
993 2127 1146 2162 operatur
1164 2123 1319 2162 aspiciens
1334 2122 1377 2152 ad

318 2166 439 2196 malum
453 2165 471 2184 *
485 2165 558 2196 sibi:
584 2166 638 2196 sed
654 2166 734 2196 bene
749 2166 788 2196 ad
803 2165 924 2196 malurn
941 2166 1108 2197 contrario.
1124 2166 1196 2196 Hoc
1219 2172 1326 2196 autem
1342 2165 1377 2196 fit

282 2212 290 2245 ζ
316 2209 349 2239 in
373 2209 460 2245 odio,
485 2219 550 2239 non
574 2209 723 2249 primurn.

373 2253 424 2284 111.
444 2253 480 2283 In
504 2253 617 2283 eodem
634 2260 720 2283 sexto
740 2253 882 2289 articulo,
899 2253 932 2283 in
948 2253 1153 2293 responsione
1169 2253 1208 2283 ad
1224 2254 1374 2293 primurn,

317 2297 451 2327 dubium
475 2297 611 2327 occurrit
633 2297 713 2327 circa
735 2297 767 2327 id
782 2297 870 2337 quod
893 2298 931 2327 de
955 2297 1031 2327 odio
1051 2297 1172 2333 dicitur,
1190 2298 1279 2337 quod
1294 2298 1375 2327 insa-

315 2340 421 2371 tiabile
445 2347 500 2376 est,
520 2339 680 2371 infinitum
696 2347 751 2371 est.
776 2341 908 2371 Videtur
926 2341 1011 2371 enim
1026 2341 1087 2371 hoc
1106 2340 1232 2371 falsum.
1256 2341 1374 2377 Primo,

316 2384 392 2424 quia
406 2384 560 2424 contingit
571 2384 646 2414 odio
658 2385 772 2414 habere
784 2384 924 2424 aliquem
936 2385 1044 2424 quoad
1058 2384 1188 2424 aliquid,
1199 2391 1276 2424 puta
1288 2394 1376 2425 prae-

271 2442 276 2449 ·
315 2428 467 2458 lationem
490 2428 540 2458 vel
563 2434 751 2468 potestatem
783 2438 878 2468 super
900 2437 948 2464 se;
973 2435 1003 2458 et
1025 2428 1105 2458 velle
1128 2427 1156 2458 ei
1184 2428 1291 2459 solum
1313 2428 1375 2459 hoc

316 2471 448 2508 malum,
468 2471 584 2502 scilicet
606 2471 815 2512 privationem
837 2472 932 2502 illius.
957 2472 1114 2507 Secundo,
1131 2472 1207 2512 quia
1223 2473 1376 2513 contingit

316 2515 393 2546 odio
416 2514 531 2546 habere
552 2515 692 2556 aliquem
713 2516 820 2547 solum
835 2516 942 2557 quoad
966 2526 1127 2546 excessum
1150 2516 1182 2546 in
1199 2516 1304 2556 aliqua
1326 2527 1373 2553 re,

316 2566 394 2600 puta
417 2560 524 2600 quoad
548 2559 717 2590 excessivas
737 2559 874 2596 divitias;
899 2566 929 2590 et
951 2560 1031 2590 velle
1055 2560 1082 2590 ei
1106 2560 1212 2590 solum
1230 2560 1292 2590 hoc
1309 2570 1375 2590 ma-

315 2603 395 2639 lum,
412 2610 448 2634 ut
470 2613 536 2633 non
560 2603 600 2634 sit
622 2610 747 2634 tantum
770 2604 866 2634 dives.
891 2603 1011 2639 Tertio,
1029 2603 1103 2643 quia
1124 2603 1278 2643 contingit
1298 2604 1374 2634 odio

316 2647 432 2678 habere
453 2647 593 2687 aliquem
615 2647 723 2687 quoad
744 2647 852 2682 vitam,
874 2647 916 2677 ita
931 2647 1020 2687 quod
1034 2646 1108 2677 velit
1124 2647 1151 2677 ei
1166 2654 1320 2684 mortem;
1345 2654 1375 2678 et

316 2697 422 2720 tamen
446 2700 512 2720 non
533 2690 608 2720 velit
630 2690 659 2721 ei
681 2691 741 2720 alia
764 2691 862 2726 mala,
885 2697 964 2730 puta
987 2689 1192 2727 infirmitates,
1217 2691 1301 2721 mala
1323 2701 1374 2731 ge-

317 2742 391 2764 nera
414 2733 533 2770 mortis,
551 2741 581 2765 et
604 2733 727 2764 similia.
746 2735 822 2764 Non
845 2744 920 2773 ergo
944 2734 1056 2764 odium
1079 2741 1125 2764 est
1147 2734 1321 2765 insatiabile
1345 2741 1376 2765 et

317 2775 486 2814 infinitum,
512 2777 566 2808 sed
589 2784 807 2808 mensuratum
830 2778 923 2809 habet
946 2778 1117 2809 obiectum.
1290 2786 1294 2788 ·

375 2821 427 2852 IV.
453 2821 503 2851 Ad
521 2821 593 2858 hoc,
610 2827 714 2861 potest
732 2821 897 2862 dupliciter
920 2821 1084 2861 distingui:
1109 2821 1224 2862 primo,
1242 2823 1281 2852 de
1300 2822 1375 2852 odio

318 2865 572 2901 abominationis,
590 2872 620 2895 et
642 2865 838 2902 inimicitiae;
863 2866 1017 2902 secundo,
1038 2866 1076 2896 de
1099 2866 1174 2896 odio
1193 2866 1375 2897 inimicitiae

318 2908 508 2948 simpliciter,
533 2909 583 2939 vel
606 2909 780 2939 secundum
801 2909 887 2950 quid.
912 2910 952 2940 Et
968 2909 1028 2940 dici
1051 2910 1139 2950 quod
1162 2910 1274 2940 odium
1293 2910 1374 2940 insa-

317 2952 422 2983 tiabile
446 2959 476 2983 et
498 2952 658 2983 infinitum
682 2960 728 2983 est
751 2953 863 2983 odium
886 2953 1067 2984 inimicitiae
1091 2953 1286 2994 simpliciter,
1309 2964 1375 2994 quo

318 2996 434 3028 scilicet
456 3006 600 3037 persona,
617 3007 683 3027 non
703 2997 879 3028 secundum
901 2997 992 3038 quid,
1017 2997 1071 3027 sed
1094 2997 1276 3038 simpliciter
1300 2998 1375 3028 odio

1430 1159 1579 1190 habetur:
1605 1167 1635 1190 et
1658 1160 1746 1200 quod
1772 1161 1810 1190 de
1833 1161 2017 1191 huiusmodi
2049 1162 2124 1192 odio
2151 1162 2293 1202 loquitur
2312 1163 2487 1204 Scriptura,

1430 1203 1572 1243 loquitur
1599 1203 1797 1240 Aristoteles,
1827 1204 1969 1245 loquitur
1992 1207 2122 1236 Auctor.
2153 1206 2354 1237 Obiectiones
2383 1215 2489 1238 autem

1431 1254 1505 1277 sunt
1528 1248 1566 1277 de
1590 1248 1666 1278 odio
1690 1248 1948 1284 abominationis,
1972 1249 2023 1279 vel
2046 1250 2221 1279 secundum
2245 1250 2333 1290 quid.

1488 1291 1550 1321 Sed
1567 1291 1643 1331 quia
1665 1292 1744 1322 ratio
1768 1292 1801 1322 in
1825 1292 1925 1322 littera
1940 1293 2073 1323 adducta
2093 1293 2204 1324 militat
2219 1303 2277 1333 pro
2297 1295 2387 1325 omni
2401 1295 2488 1331 odio,

1431 1334 1563 1370 scilicet,
1583 1335 1634 1365 Ea
1657 1345 1739 1375 quae
1760 1336 1933 1366 secundum
1957 1346 1991 1367 se
2013 1342 2222 1377 appetuntur,
2245 1339 2315 1368 sine
2338 1349 2489 1369 mensura

1430 1383 1634 1417 appetuntur,
1648 1385 1684 1409 ut
1696 1386 1781 1418 patet
1792 1379 1951 1410 inductive
1963 1380 1995 1410 in
2010 1391 2114 1417 avaro,
2127 1381 2160 1411 in
2172 1381 2310 1419 infirmo,
2324 1389 2393 1420 etc.,
2405 1390 2436 1413 et
2452 1393 2489 1413 ex

1432 1421 1443 1450 I
1467 1422 1610 1459 Politic.;
1639 1422 1711 1452 ideo
1735 1423 1822 1453 aliter
1850 1423 2020 1454 dicendum
2042 1424 2182 1461 videtur,
2206 1426 2294 1466 quod
2318 1426 2489 1457 differentia

1430 1464 1510 1494 inter
1525 1465 1604 1495 iram
1619 1472 1649 1496 et
1665 1466 1777 1496 odium
1792 1466 1824 1496 in
1839 1466 1911 1505 hoc,
1922 1468 2091 1498 attenditur
2104 1469 2279 1499 secundum
2294 1469 2401 1509 ipsum
2415 1481 2489 1510 pro-

1430 1508 1536 1547 prium
1561 1509 1731 1540 obiectum.
1764 1510 1808 1540 Ita
1837 1511 1925 1550 quod
1953 1512 2119 1551 proprium
2147 1513 2306 1543 obiectum
2329 1514 2394 1543 odii
2422 1524 2488 1544 non

1431 1551 1524 1582 habet
1547 1562 1602 1591 per
1625 1563 1658 1582 se
1681 1563 1873 1590 mensurat-n,
1890 1561 1920 1584 et
1943 1555 1968 1584 si
1991 1555 2092 1591 habet,
2113 1556 2175 1586 hoc
2194 1563 2240 1587 est
2254 1567 2310 1596 per
2328 1558 2486 1588 accidens:

1432 1595 1598 1634 proprium
1621 1603 1728 1626 autem
1751 1597 1911 1627 obiectum
1934 1598 1996 1628 irae
2011 1599 2105 1629 habet
2119 1609 2174 1640 per
2190 1610 2222 1630 se
2238 1610 2434 1638 mensuram,
2459 1609 2490 1632 et

1432 1638 1457 1668 si
1480 1639 1513 1668 in
1537 1639 1645 1679 aliquo
1670 1650 1743 1670 casu
1766 1640 1846 1670 forte
1871 1651 1936 1671 non
1959 1641 2061 1678 habet,
2085 1642 2147 1673 hoc
2171 1651 2250 1674 esset
2266 1654 2320 1684 per
2336 1645 2487 1675 accidens.

1431 1682 1600 1722 Proprium
1624 1683 1785 1714 obiectum
1808 1684 1870 1714 irae
1894 1691 1940 1715 est
1961 1685 2114 1716 vindicta:
2140 1697 2230 1726 quae,
2249 1698 2322 1717 cum
2346 1689 2490 1729 respiciat

1432 1726 1585 1766 offensam
1608 1734 1774 1767 receptam,
1792 1727 1956 1759 manifeste
1972 1739 2027 1768 per
2043 1739 2074 1759 se
2090 1730 2223 1761 includit
2238 1732 2488 1771 proportionem,

1432 1771 1543 1801 saltem
1571 1772 1746 1801 secundum
1775 1772 1991 1811 apparentiam
2013 1772 2097 1809 irati,
2122 1774 2161 1804 ad
2185 1774 2352 1813 offensam;
2375 1786 2410 1806 ac
2434 1786 2491 1817 per

1432 1815 1503 1851 hoc,
1520 1824 1576 1854 per
1591 1825 1624 1845 se
1639 1815 1672 1845 in
1688 1825 1836 1846 mensura
1852 1816 2003 1847 consistit.
2023 1817 2193 1857 Proprium
2208 1826 2314 1849 autem
2330 1820 2491 1851 obiectum

1432 1858 1497 1889 odii
1512 1859 1693 1890 inimicitiae
1714 1866 1760 1890 est
1776 1860 1843 1890 sola
1859 1869 2010 1900 persona:
2031 1861 2096 1891 odii
2112 1869 2218 1892 autern
2234 1863 2488 1900 abominationis,

1431 1912 1490 1932 res.
1504 1903 1670 1943 Quidquid
1683 1910 1789 1934 autern
1804 1904 1879 1934 odio
1892 1904 2033 1941 habetur,
2046 1905 2109 1935 sive
2122 1916 2266 1946 persona,
2279 1907 2343 1937 sive
2356 1918 2413 1944 res,
2425 1909 2489 1939 sive

1432 1956 1591 1982 excessus,
1617 1948 1793 1977 secundum
1817 1957 1849 1978 se
1872 1948 2026 1979 refutatur
2048 1956 2079 1979 et
2102 1950 2274 1990 abnegatur
2296 1951 2334 1981 ab
2358 1951 2487 1982 affectu:

1432 2000 1467 2020 ac
1483 2000 1540 2030 per
1555 1990 1626 2026 hoc,
1643 2001 1709 2021 non
1725 1992 1902 2022 secundum
1920 1991 2038 2033 aliquid
2055 1993 2107 2029 sic,
2125 2000 2156 2023 et
2171 1995 2346 2025 secundum
2369 1995 2489 2036 aliquid

1431 2041 1514 2071 non;
1539 2041 1570 2064 et
1591 2044 1714 2070 rursus,
1739 2045 1774 2065 ac
1797 2045 1853 2075 per
1875 2036 1953 2071 hoc,
1978 2046 2044 2066 non
2070 2037 2103 2066 in
2127 2038 2236 2068 ordine
2266 2039 2306 2068 ad
2329 2039 2415 2069 aliud
2438 2040 2488 2070 cui

1431 2085 1713 2109 commensuretur.
1738 2079 1778 2109 Et
1801 2086 1966 2119 propterea
1992 2079 2113 2111 infinite
2140 2081 2414 2123 insatiabiliterque
2442 2094 2488 2114 re-

1430 2121 1558 2152 futatur.

1485 2166 1523 2196 V.
1544 2166 1608 2196 Nec
1633 2167 1736 2197 obstat
1759 2167 1846 2207 quod
1869 2167 1974 2206 ipsum
2000 2167 2075 2198 odio
2099 2168 2243 2200 habitum
2270 2178 2488 2201 mensuratum

1430 2210 1593 2249 quoddam
1617 2217 1671 2246 est,
1693 2217 1770 2250 puta
1793 2217 1894 2240 certus
1917 2211 2031 2250 gradus
2054 2213 2224 2252 potentiae,
2241 2221 2321 2244 certa
2344 2225 2488 2254 praesen-

1429 2253 1481 2289 tia,
1495 2260 1567 2283 etc.:
1589 2253 1649 2283 hoc
1664 2254 1750 2283 enim
1764 2261 1810 2284 est
1824 2264 1879 2294 per
1895 2255 2046 2286 accidens.
2059 2256 2225 2296 Quidquid
2237 2258 2331 2294 enim,
2345 2265 2374 2288 et
2389 2269 2488 2299 quan-

1429 2303 1639 2337 tumcumque
1658 2297 1697 2328 sit
1712 2297 1791 2328 illud
1805 2298 1894 2338 quod
1911 2298 1986 2328 odio
2003 2299 2144 2336 habetur,
2162 2300 2228 2331 sine
2245 2311 2391 2332 mensura
2405 2302 2489 2333 refu-

2516 941 2526 951 *
2541 940 2601 962 lbid.

1429 2347 1522 2376 tatur,
1546 2341 1692 2381 quamvis
1715 2341 1747 2371 in
1771 2351 1804 2371 se
1827 2349 2045 2372 mensuratum
2064 2343 2118 2373 sit:
2144 2344 2289 2375 obiicitur
2312 2346 2396 2375 enim
2413 2347 2488 2376 odio
2516 2376 2519 2378 ,

1430 2384 1587 2425 quidquid
1615 2385 1775 2421 obiicitur,
1800 2392 1836 2415 ut
1862 2386 2026 2425 quoddam
2054 2393 2172 2423 totum,
2198 2395 2228 2418 et
2250 2398 2316 2419 non
2343 2396 2380 2419 ut
2407 2397 2489 2420 certa

1430 2438 1578 2458 mensura
1600 2429 1638 2458 ab
1663 2428 1731 2459 aliis
1755 2429 1934 2460 discretum.

1483 2473 1615 2513 Propter
1637 2473 1740 2513 quod,
1764 2483 1831 2503 non
1854 2473 2010 2504 sufficiens
2043 2474 2169 2514 signum
2193 2475 2400 2507 distinctionis
2424 2478 2489 2508 odii

1429 2517 1468 2546 ab
1491 2516 1535 2546 ira
1566 2516 1724 2556 accipiunt
1746 2516 1940 2547 confessores
1970 2527 2006 2547 ex
2029 2518 2102 2563 hoc¹
2114 2519 2202 2559 quod
2226 2520 2392 2560 poenitens
2415 2521 2489 2552 dicit

1429 2570 1462 2590 se
1485 2569 1551 2590 non
1575 2560 1730 2600 appetisse
1760 2560 1819 2590 nisi
1843 2567 1964 2591 certum
1993 2562 2115 2592 malum
2138 2562 2186 2592 his
2209 2573 2291 2604 quos
2322 2564 2426 2594 odisse
2455 2575 2488 2595 se

1430 2603 1513 2634 dicit.
1531 2603 1598 2634 Stat
1612 2604 1707 2640 enim,
1727 2611 1757 2634 et
1776 2603 2036 2644 frequentissime,
2054 2615 2127 2636 cum
2151 2607 2292 2647 appetitu
2313 2608 2386 2638 certi
2401 2609 2486 2645 mali,

1429 2647 1540 2677 odium
1564 2647 1825 2678 abominationis:
1850 2649 1938 2688 quod
1956 2649 2036 2679 redit
2051 2650 2244 2690 quandoque
2262 2651 2295 2681 in
2314 2651 2398 2682 idem
2414 2662 2490 2682 cum

1430 2691 1505 2721 odio
1531 2700 1684 2730 personae
1714 2691 1890 2722 secundum
1913 2692 2000 2732 quid.
2024 2693 2110 2724 Cum
2139 2694 2224 2724 enim
2255 2695 2330 2725 odio
2358 2695 2491 2726 habetur

1429 2745 1564 2775 persona
1593 2735 1768 2765 secundum
1790 2735 1930 2776 aliquam
1954 2736 2071 2766 bonam
2099 2737 2334 2775 conditionem,
2363 2740 2490 2780 proprie

1429 2778 1608 2819 loquendo,
1639 2779 1799 2810 obiectum
1828 2779 1894 2809 odii
1922 2787 1968 2810 est
1992 2781 2131 2811 conditio
2154 2781 2207 2812 illa
2234 2792 2299 2812 non
2328 2783 2488 2820 absolute,

1430 2823 1485 2852 sed
1500 2822 1533 2852 in
1548 2822 1602 2852 illa
1618 2832 1767 2862 persona:
1794 2830 1824 2853 et
1838 2830 2004 2864 propterea
2027 2831 2058 2855 et
2079 2835 2214 2865 persona
2229 2827 2286 2856 sub
2305 2826 2359 2856 illa
2382 2827 2489 2857 condi-

1429 2866 1534 2903 tione‚'
1548 2873 1578 2897 et
1594 2866 1734 2897 conditio
1750 2866 1783 2896 in
1798 2877 1933 2907 persona
1953 2867 2028 2898 odio
2052 2868 2192 2899 habetur.
2224 2870 2265 2900 Et
2288 2870 2331 2901 sic
2354 2871 2491 2901 salvatur

1430 2910 1542 2940 odium
1565 2910 1810 2941 abominationis
1834 2911 2024 2951 simpliciter,
2041 2919 2072 2943 et
2098 2913 2209 2943 odium
2232 2913 2413 2945 inimicitiae
2443 2925 2491 2945 se-

1431 2954 1572 2984 cundum
1596 2954 1687 2994 quid,
1713 2955 1820 2995 aliquo
1844 2955 1952 2991 modo,
1973 2966 2031 2995 pro
2054 2963 2174 2997 quanto
2198 2957 2315 2989 scilicet
2337 2968 2489 2998 personae

1431 2998 1617 3038 oppositum
1636 2998 1759 3028 malum
1783 2999 1983 3029 desideratur.

1095 3148 1410 3200 ARTICULUS
1441 3149 1706 3191 SEPTIMUS

764 3230 919 3261 UTRUM
943 3231 1014 3261 IRA
1037 3231 1104 3262 SIT
1127 3231 1185 3261 AD
1210 3231 1332 3262 1LLos
1356 3231 1503 3263 SOLUM
1531 3233 1590 3262 AD
1615 3233 1730 3270 Quos
1755 3233 1835 3264 EST
1860 3234 2046 3265 lusrmA

375 3384 378 3387 “
410 3384 422 3400 ὸ

374 3394 518 3420 4—⁴'11-

406 3462 464 3493 Α*
486 3458 576 3504 &acl
607 3479 666 3504 res
689 3466 932 3504 irrationales.
964 3467 1039 3504 Sed
1060 3474 1187 3504 tamen
1209 3473 1225 3488 ‘²
1253 3468 1373 3505 homo

372 3575 398 3607 α)
419 3578 516 3600 tamen.
534 3589 552 3594 —
571 3576 632 3600 Om.
651 3576 702 3600 EF.

459 3629 568 3654 Summas
587 3629 686 3653 Tumor.
707 3629 738 3653 Ι).
751 3629 864 3653 Tamna
877 3629 909 3653 T.
930 3630 968 3654 111.

529 3321 551 3345 D
571 3320 750 3346 ΞΕΡτιΜυΜ
770 3321 823 3346 sn:
838 3320 1076 3346 PRocEmTUR.
1096 3308 1255 3346 Videtur
1268 3310 1374 3358 quod
1430 3311 1663 3359 quandoque
1698 3311 1869 3349 irascitur
1910 3313 2023 3350 rebus
2059 3313 2358 3352 irrationalibus:
2397 3324 2488 3364 puta

428 3409 438 3413 -
529 3374 583 3398 1ra
609 3373 688 3398 non
716 3362 842 3399 solum
870 3362 917 3398 sit
943 3362 992 3399 ad
1019 3361 1102 3398 illos
1131 3361 1180 3398 ad
1204 3374 1301 3410 quos
1321 3370 1376 3399 est
1431 3375 1519 3400 cum
1547 3364 1706 3412 scriptor
1734 3376 1779 3401 ex
1806 3364 1862 3401 ira
1887 3365 2037 3414 proiicit
2066 3379 2250 3415 pennam,
2279 3369 2341 3404 vel
2370 3380 2487 3417 eques

366 3413 505 3491 'ersa
528 3414 675 3451 iustitia.
709 3415 801 3451 Non
831 3414 931 3452 enim
960 3421 1016 3451 est
1044 3414 1181 3451 iustitia
1208 3414 1375 3452 hominis
1429 3416 1590 3464 percutit
1618 3429 1771 3465 equum.
1802 3418 1903 3465 Ergo
1931 3418 1985 3456 ira
2006 3431 2084 3456 non
2104 3421 2227 3456 solum
2249 3428 2304 3456 est
2331 3420 2380 3457 ad
2404 3421 2487 3458 illos

1430 3469 1478 3505 ad
1506 3481 1603 3518 quos
1633 3477 1688 3506 est
1715 3469 1862 3507 iustitia.

2314 3634 2345 3659 38
