2852 4152
0 19 13 224 ιῗ

0 316 5 355 ἐ

0 562 4 579 v

0 646 12 907 Ρ

0 951 6 1005 ἰ

0 1017 8 1068 2*

15 3203 17 3205 .
0 2979 30 3159 -.”5-r-Q
4 2894 21 2972 ‘m
5 2856 21 2887 ξιξ*
3 2813 18 2839 -.'
7 2749 9 2755 “

1038 254 1302 301 QUAESTIO
1331 253 1472 299 XXIV,
1501 252 1795 289 ARTICULUS
1824 253 1838 288 Ι

2450 261 2519 296 179

855 450 1265 528 QUAESTIO
1301 447 2043 526 VIGESIMAQUARTA

689 578 777 618 DE
815 578 992 619 BONO
1032 580 1114 619 ET
1146 579 1331 619 MALo
1365 578 1430 618 IN
1463 577 1723 618 ANIMAE
1762 573 2197 618 PASSIONIBUS

1140 695 1174 719 IN
1203 694 1376 725 QUATUOR
1402 693 1602 718 ARTICULOS
1628 693 1744 718 DIVISA
1760 724 1766 729 ᾗ

442 796 549 822 amon
587 785 906 832 considerandum
944 794 999 824 est
1032 787 1078 824 de
1107 788 1211 824 bono
1250 794 1286 824 et
1318 787 1420 823 malo

361 802 542 887 Dcirca
567 851 765 899 passiones
794 852 942 889 animae
972 857 989 873 ‘²
1007 852 1038 888 ²¹⁸.

359 917 409 954 Et
436 916 534 954 circa
560 917 635 953 hoc
663 925 896 966 quaeruntur
923 925 1095 966 quatuor.

413 982 562 1020 Primo:
591 990 719 1020 utrum
748 984 894 1020 bonum
915 991 952 1020 et
969 984 1115 1020 malum
1133 982 1277 1020 morale
1296 982 1418 1031 possit

467 1047 506 1085 in
533 1047 774 1096 passionibus
803 1048 954 1085 animae
981 1047 1153 1085 inveniri.

121 882 200 930 aa..
211 857 250 911 ἒ·
268 887 332 908 ¹¹¹¹·

1527 784 1726 822 Secundo:
1754 791 1882 821 utrum
1902 783 2026 821 omnis
2044 782 2170 832 passio
2195 782 2346 820 animae
2364 781 2409 818 sit
2428 782 2527 818 mala

1579 837 1779 873 moraliter.

1526 889 1674 926 Tertio:
1702 897 1830 926 utrum
1859 888 1981 925 omnis
2001 886 2016 917 β
2033 887 2160 937 passio
2189 887 2313 934 addat,
2338 887 2401 924 vel
2422 886 2528 923 dimi-

1579 949 1681 988 nuat,
1710 942 1759 978 ad
1787 940 1994 978 bonitatem
2012 941 2075 977 vel
2101 939 2282 977 malitiam
2306 947 2422 976 actus.

1525 994 1690 1041 Quarto:
1714 1001 1841 1030 utrum
1861 993 1985 1042 aliqua
2003 993 2128 1042 passio
2153 993 2199 1030 sit
2223 993 2325 1029 bona
2347 992 2409 1029 vel
2429 991 2529 1028 mala

1579 1058 1624 1082 ex
1652 1058 1720 1083 sua
1748 1045 1885 1095 specie.

1169 1154 1484 1197 ARTICULUS
1515 1154 1720 1195 PRIMUS

605 1248 760 1279 UTRUM
783 1248 936 1279 BONUM
959 1248 1017 1278 ET
1040 1248 1197 1278 MALUM
1219 1246 1400 1278 MORALE
1423 1246 1570 1277 POSSIT
1593 1246 1637 1276 IN
1659 1244 1930 1286 PAssonfflUS
1952 1244 2118 1275 ANIMAE
2141 1243 2328 1274 INVENIRI

779 1325 799 1349 11
819 1325 901 1353 Sent„
922 1325 980 1349 dist.
998 1331 1084 1355 mm,
1104 1330 1151 1349 art.
1171 1332 1202 1355 2;
1222 1325 1265 1350 De
1282 1324 1364 1354 Malo,
1385 1330 1431 1357 qu.
1445 1332 1474 1355 x,
1494 1329 1540 1349 art.
1559 1332 1580 1354 1,
1595 1325 1626 1349 ad
1645 1332 1670 1355 ις
1689 1331 1735 1356 qu.
1752 1331 1800 1354 ¹11,
1821 1328 1868 1348 art.
1890 1330 1913 1352 2,
1932 1323 1964 1347 ad
1982 1329 2008 1352 ις
2028 1327 2074 1347 art.
2095 1321 2118 1346 3.

482 1436 552 1477 ,Ἢ
576 1425 600 1450 n
628 1423 765 1449 prunum
792 1423 846 1448 sm
873 1422 1111 1449 Pnocssnrma.
1132 1412 1291 1449 Videtur
1317 1412 1423 1459 quod

500 1469 549 1514 {a
577 1465 679 1501 nulla
705 1464 832 1513 passio
861 1464 1011 1501 animae
1039 1463 1085 1500 sit
1112 1465 1215 1501 bona
1232 1464 1295 1500 vel
1323 1464 1423 1500 mala

386 1552 406 1566 ’Δ
424 1523 429 1526 “
448 1538 504 1564 ν,
517 1507 547 1562 '²5
563 1516 779 1554 moraliter.
800 1517 954 1553 Bonum
983 1516 1085 1554 enim
1114 1524 1151 1553 et
1167 1516 1311 1553 malum
1340 1527 1423 1552 mo-

387 1568 404 1581 ”’
424 1550 520 1606 ἐκεῖ)
536 1567 654 1611 rale
673 1577 728 1606 est
745 1569 943 1618 proprium
966 1568 1150 1606 hominis:
1179 1580 1303 1605 mores
1322 1568 1424 1606 enim

357 1625 516 1674 proprie
541 1624 717 1660 dicuntur
742 1622 910 1668 humani,
930 1629 972 1659 ut
988 1621 1216 1659 Ambrosius
1236 1620 1335 1668 dicit,
1363 1633 1424 1658 su-

358 1689 432 1728 per
457 1678 604 1715 Lucam
630 1674 662 1711 *.
690 1674 768 1712 Sed
794 1674 990 1724 passiones
1024 1686 1103 1711 non
1131 1681 1218 1711 sunt
1247 1673 1424 1722 propriae

365 1730 580 1776 hominum,
600 1727 667 1766 sed
696 1734 783 1764 sunt
812 1727 924 1764 etiam
954 1727 1033 1764 aliis
1065 1726 1292 1763 animalibus
1320 1738 1426 1763 com-

365 1794 514 1820 munes.
548 1782 651 1829 Ergo
684 1781 787 1817 nulla
818 1779 945 1828 passio
973 1780 1123 1817 animae
1152 1786 1208 1816 est
1235 1778 1337 1815 bona
1363 1779 1426 1815 vel

365 1835 468 1873 mala
494 1834 698 1871 moraliter.

420 1899 456 1925 2.
482 1888 717 1934 Puni-mm,
742 1885 890 1922 bonum
913 1885 975 1922 vel
1002 1884 1148 1921 malum
1175 1883 1342 1921 hominis
1371 1891 1427 1921 est

365 1940 570 1978 secundum
603 1939 787 1976 rationem
823 1949 921 1983 esse,
958 1937 1021 1974 vel
1051 1942 1207 1985 praeter
1242 1937 1426 1974 rationem

129 1997 339 2044 .s‚m,102,„„‚
367 2005 445 2030 esse
462 1997 490 2039 Υ,
516 1999 558 2029 ut
582 1990 790 2039 Dionysius
809 1990 908 2037 dicit,
933 2001 969 2026 ιν
997 2001 1079 2038 cap.
1100 1989 1146 2025 de
1163 1989 1250 2026 Div.
1270 1989 1387 2026 Nom.
1407 1988 1428 2010 '¹‘

369 2044 447 2082 Sed
473 2044 669 2093 passiones
696 2043 845 2080 animae
882 2054 960 2079 non
989 2049 1075 2078 sunt
1100 2041 1139 2078 in
1166 2040 1329 2089 ratione,
1359 2041 1427 2078 sed

130 2108 340 2137 ·Qu.m1‚m.3.
368 2097 408 2134 in
435 2096 603 2146 appetitu
622 2095 814 2141 sensitivo,
834 2101 876 2130 ut
903 2106 1018 2143 supra
1035 2093 1056 2115 ³⁸
1075 2093 1217 2130 dictum
1237 2101 1302 2130 est.
1324 2094 1426 2142 Ergo

227 2153 243 2179 δ
369 2161 448 2187 non
474 2148 662 2198 pertinent
688 2146 702 2170 ὃ
730 2147 780 2184 ad
813 2147 960 2183 bonum
987 2146 1049 2184 vel
1076 2146 1220 2183 malum
1249 2146 1426 2194 hominis,

369 2201 474 2251 quod
502 2208 559 2238 est
585 2202 731 2238 bonum
759 2199 915 2236 morale.

424 2255 459 2291 3.
479 2255 712 2300 PRAETEREA,
738 2252 996 2300 Philosophus
1023 2250 1126 2298 dicit,
1150 2250 1189 2287 in
1209 2251 1240 2287 ΙΙ
1259 2251 1378 2287 Ethic.
1395 2252 1426 2298 ¹²,

368 2307 473 2355 quod
494 2306 732 2354 passionibus
758 2315 878 2352 neque
904 2303 1107 2340 laudamur
1142 2314 1261 2351 neque
1287 2303 1428 2351 vitupe-

367 2370 513 2395 ramur.
535 2357 611 2395 Sed
631 2356 842 2394 secundum
862 2356 966 2392 bona
984 2362 1020 2392 et
1039 2355 1140 2392 mala
1157 2355 1328 2402 moralia,
1348 2356 1427 2392 lau-

369 2410 506 2448 damur
534 2417 571 2447 et
595 2409 868 2458 vituperamur.
889 2409 991 2456 Ergo
1019 2407 1214 2456 passiones
1233 2420 1313 2445 non
1341 2415 1428 2445 sunt

228 2472 239 2489 ·
367 2463 493 2500 bonae
524 2463 587 2500 vel
614 2467 638 2484 *ν
654 2462 779 2498 malae
807 2460 1010 2498 moraliter.

422 2516 497 2553 SED
526 2526 672 2553 CONTRA
690 2525 756 2551 EST
783 2514 888 2562 quod
907 2512 1140 2561 Augustinus
1161 2512 1258 2558 dicit,
1279 2512 1318 2549 in
1337 2513 1426 2549 XIV

368 2569 414 2605 de
446 2568 525 2605 Civ.
550 2568 626 2604 Dei
648 2569 685 2614 ⁵,
716 2567 764 2604 de
791 2565 1032 2614 passionibus
1065 2565 1215 2601 animae
1243 2566 1424 2613 loquens:

367 2620 480 2657 Mala
515 2626 604 2657 sunt
634 2620 724 2664 ista,
760 2619 795 2655 si
824 2618 947 2655 malus
982 2623 1037 2654 est
1067 2629 1200 2661 amor;
1238 2618 1357 2662 bona,
1394 2617 1428 2653 si

369 2673 499 2709 bonus.
509 2687 514 2693 ·

127 1688 138 1699 '¹
150 1686 178 1712 11
191 1687 301 1715 prologo.

131 2261 214 2311 §.⁰1¹ss
226 2267 318 2310 {22:3³
330 2273 341 2278 ·

131 2575 144 2587 ⁸
157 2574 266 2604 Cup-vn.

422 2725 648 2761 REspoumzo
682 2733 866 2759 mCENDUM
903 2721 1008 2770 quod
1040 2721 1238 2770 passiones
1275 2721 1425 2758 animae

371 2776 567 2825 dupliciter
584 2782 744 2824 possunt
763 2774 1012 2812 considerari:
1041 2786 1119 2811 uno
1139 2773 1272 2821 modo,
1292 2786 1426 2810 secun-

370 2829 462 2866 dum
491 2840 550 2872 se3
579 2828 653 2864 alio
681 2827 822 2874 modo,
850 2827 1061 2864 secundum
1094 2826 1200 2876 quod
1233 2826 1427 2863 subiacent

369 2881 530 2930 imperio
550 2879 702 2917 rationis
721 2887 758 2916 et
775 2879 990 2916 voluntatis.
1012 2879 1052 2915 Si
1079 2879 1188 2926 igitur
1215 2878 1425 2916 secundum

370 2946 410 2971 se
439 2933 739 2979 considerentur,
768 2939 881 2980 prout
908 2931 1045 2968 scilieet
1072 2938 1160 2968 sunt
1190 2938 1315 2968 motus
1348 2931 1427 2979 qui-

423 3058 450 3090 α)
469 3057 584 3082 animae.
600 3069 620 3076 —-
637 3056 699 3081 Om.
718 3056 828 3081 codices.
845 3069 865 3075 —
882 3056 954 3081 circa
972 3055 1022 3080 hoc
1039 3062 1092 3079 om.
1111 3055 1291 3079 ABCDEHIL.

423 3092 449 3125 β)
468 3092 562 3118 omnis.
579 3105 599 3111 -
616 3092 678 3116 Om.
697 3091 808 3116 codices.

423 3129 450 3161 γ)
469 3135 533 3153 esse.
549 3141 569 3147 -
587 3127 648 3152 Om.
668 3127 777 3151 codices.

423 3163 447 3195 δ)
462 3162 609 3195 pertinent.
626 3174 646 3181 -
658 3162 778 3194 pertinet
796 3161 843 3186 Pa.
860 3174 879 3180 -
897 3160 947 3184 Pro
966 3160 1014 3188 vel,
1034 3162 1060 3184 et
1077 3159 1281 3185 ABCDFGHIL.

1477 1410 1566 1447 dam
1594 1410 1816 1446 irrationalis
1844 1410 2040 1458 appetitus,
2061 1410 2114 1446 sie
2141 1421 2220 1446 non
2239 1416 2294 1445 est
2320 1408 2358 1445 in
2383 1407 2437 1444 eis
2464 1408 2532 1445 bo-

1476 1474 1571 1498 num
1591 1463 1653 1499 vel
1673 1463 1817 1498 malum
1835 1463 1991 1509 morale,
2014 1462 2120 1510 quod
2134 1461 2323 1510 dependet
2338 1473 2360 1497 a
2374 1460 2531 1507 ratione,

1476 1521 1519 1550 ut
1554 1526 1668 1562 supra
1694 1513 1714 1535 *
1742 1514 1884 1551 dictum
1918 1521 1984 1550 est.
2015 1514 2056 1550 Si
2088 1521 2216 1551 autem
2251 1513 2535 1550 considerentur

1478 1566 1689 1603 secundum
1709 1566 1814 1614 quod
1833 1565 2029 1602 subiacent
2055 1565 2214 1614 imperio
2238 1566 2390 1602 rationis
2411 1572 2448 1602 et
2465 1577 2534 1602 vo-

1478 1618 1640 1666 luntatis,
1667 1618 1720 1655 sic
1748 1625 1804 1655 est
1831 1618 1869 1654 in
1889 1618 1942 1654 eis
1970 1619 2115 1654 bonurn
2145 1625 2182 1654 et
2209 1618 2353 1654 malum
2377 1618 2533 1654 morale.

1479 1670 1735 1720 Propinquior
1772 1670 1874 1707 enim
1912 1677 1967 1706 est
2003 1670 2189 1719 appetitus
2230 1669 2429 1707 sensitivus
2465 1669 2536 1718 ipsi

1480 1723 1612 1760 rationi
1632 1730 1669 1760 et
1681 1723 1877 1770 voluntati,
1894 1734 2010 1771 quam
2029 1722 2204 1759 membra
2223 1722 2421 1767 exteriora3
2442 1734 2536 1770 quo-

1480 1788 1566 1812 rum
1594 1783 1724 1812 tamen
1751 1783 1879 1812 motus
1912 1782 1948 1811 et
1979 1782 2085 1811 actus
2119 1781 2205 1811 sunt
2238 1774 2329 1811 boni
2358 1775 2420 1811 vel
2448 1773 2537 1810 mali

1481 1828 1684 1875 moraliter,
1703 1828 1916 1865 secundum
1945 1827 2049 1876 quod
2074 1835 2161 1864 sunt
2185 1826 2399 1864 voluntarii.
2425 1827 2535 1864 Unde

1481 1882 1602 1918 multo
1630 1880 1750 1928 magis
1770 1887 1807 1917 et
1832 1880 1936 1929 ipsae
1963 1879 2172 1929 passiones,
2197 1879 2408 1916 secundum
2434 1879 2538 1927 quod

1481 1941 1568 1970 sunt
1593 1933 1849 1980 voluntariae,
1878 1940 2038 1982 possunt
2066 1932 2137 1969 dici
2164 1933 2289 1969 bonae
2319 1933 2382 1969 vel
2414 1932 2537 1968 malae

1481 1985 1680 2022 moraliter.
1705 1985 1892 2022 Dicuntur
1919 1992 2047 2022 autem
2074 1985 2308 2022 voluntariae
2334 1985 2397 2022 vel
2417 1996 2462 2020 ex
2490 1996 2536 2020 eo

1482 2039 1587 2086 quod
1615 2050 1638 2074 a
1663 2038 1857 2075 voluntate
1884 2037 2129 2086 imperantur,
2147 2037 2210 2074 vel
2239 2049 2284 2074 ex
2312 2049 2358 2074 eo
2386 2037 2490 2084 quod
2515 2049 2538 2073 a

1480 2091 1674 2128 voluntate
1702 2102 1781 2127 non
1808 2090 2067 2139 prohibentur.

1535 2145 1593 2180 An
1622 2155 1758 2180 PRIMUM
1781 2154 1880 2179 ERGO
1899 2154 2083 2179 mcENDUM
2103 2141 2207 2190 quod
2225 2141 2317 2178 istae
2340 2141 2536 2190 passiones

1482 2195 1700 2232 secundum-
1713 2207 1754 2232 se
1773 2195 2044 2242 consideratae,
2064 2201 2151 2231 sunt
2169 2206 2395 2230 communes
2415 2193 2537 2231 homi-

1482 2248 1593 2284 nibus
1621 2255 1658 2284 et
1685 2247 1764 2284 aliis
1793 2247 2033 2284 animalibus:
2063 2246 2131 2283 sed
2151 2246 2362 2283 secundum
2382 2247 2487 2294 quod
2514 2258 2537 2282 a

1482 2300 1627 2336 ratione
1655 2299 1900 2348 imperantur,
1925 2306 2012 2335 sunt
2028 2299 2204 2348 propriae
2231 2298 2432 2335 hominum
2451 2298 2475 2335 ζ.

1534 2354 1594 2389 AD
1622 2363 1811 2389 SECUNDUM
1846 2363 2030 2389 mCENDUM
2064 2351 2170 2400 quod
2196 2351 2310 2388 etiam
2343 2350 2538 2388 inferiores

1481 2405 1582 2443 vires
1610 2404 1838 2453 appetitivae
1872 2405 2047 2441 dicuntur
2078 2404 2299 2450 rationales,
2326 2403 2538 2441 secundum

1482 2459 1587 2506 quod
1610 2457 1841 2505 participant
1855 2457 2068 2505 aliqualiter
2085 2457 2268 2493 rationem
2293 2455 2324 2501 ³¹²,
2344 2463 2386 2493 ut
2405 2455 2539 2493 dicitur

1480 2510 1519 2547 in
1548 2511 1562 2547 I
1589 2510 1708 2546 Ethic.
1729 2510 1749 2531 ’¹‘
2095 2549 2105 2561 ι

1533 2566 1592 2600 AD
1620 2574 1780 2599 TERTmM
1811 2573 1995 2599 mel-:unum
2027 2561 2132 2609 quod
2160 2561 2416 2609 Philosophus
2450 2561 2539 2598 dicit

1481 2616 1587 2664 quod
1614 2627 1694 2652 non
1721 2614 1922 2651 laudamur
1949 2621 2013 2650 aut
2034 2613 2295 2661 vituperamur
2322 2613 2534 2650 secundum

1479 2667 1677 2716 passiones
1711 2667 1882 2703 absolute
1920 2665 2193 2702 consideratas:
2226 2667 2293 2703 sed
2325 2678 2405 2702 non
2433 2671 2451 2693 η
2478 2679 2535 2702 re-

1480 2727 1612 2756 movet
1639 2719 1730 2768 quin
1756 2719 1902 2767 possint
1927 2718 2010 2755 fieri
2036 2718 2243 2755 laudabiles
2260 2719 2322 2755 vel
2348 2718 2537 2766 vitupera-

1480 2772 1573 2809 biles
1601 2772 1811 2809 secundum
1841 2771 1945 2820 quod
1964 2783 1987 2807 a
2006 2770 2148 2807 ratione
2173 2771 2405 2808 ordinantur.
2426 2771 2537 2808 Unde

1482 2825 1628 2870 subdit:
1655 2825 1747 2861 Non
1775 2824 1874 2860 enim
1902 2823 2079 2860 laudatur
2111 2829 2178 2859 aut
2210 2824 2443 2871 vituperatur
2474 2824 2541 2871 qui

1482 2878 1585 2914 timet
1605 2883 1671 2914 aut
1702 2877 1892 2922 irascitur,
1921 2876 1987 2913 sed
2012 2876 2078 2923 qui
2102 2875 2323 2924 aliqualiter,
2352 2876 2448 2913 idest
2480 2888 2537 2913 se-

1483 2929 1652 2967 cundum
1680 2929 1866 2966 rationem
1898 2929 1962 2966 vel
1986 2934 2136 2976 praeter
2162 2927 2363 2965 rationem.

1535 3053 1557 3085 ε)
1577 3054 1627 3078 vel.
1643 3066 1663 3074 -ν
1681 3060 1728 3078 nec
1746 3052 1857 3077 codices.
1878 3052 1882 3055 '

1533 3088 1560 3120 ζ)
1578 3088 1722 3113 hominum.
1735 3100 1756 3107 ·-
1768 3086 1916 3112 hominibus
1931 3086 1987 3111 P.-
1997 3085 2069 3110 Circa
2083 3085 2222 3110 editionem
2235 3092 2260 3119 a,
2275 3085 2538 3116 videRraefationem.

1534 3124 1561 3155 η)
1581 3130 1642 3148 non.
1659 3136 1679 3143 ·-
1696 3123 1745 3148 hoc
1763 3129 1814 3147 non
1834 3122 1865 3146 E.
2338 3120 2351 3131 ⁸·

1042 3237 1374 3271 Commenta-ia
1395 3236 1646 3270 Cardinalis
1667 3235 1867 3269 Caietam

438 3340 509 3360 ch
523 3329 652 3360 titulum
670 3327 864 3369 quaestionis
874 3327 1180 3368 vigesimaequartae‚
1192 3325 1316 3356 adverte
1330 3325 1427 3366 quod,

439 3374 514 3415 quia
534 3373 679 3414 superius
690 3371 708 3391 *
723 3378 889 3403 tractatum
903 3371 963 3402 fuit
982 3371 1020 3401 de
1039 3370 1157 3401 actibus
1175 3368 1310 3410 propriis
1323 3368 1428 3399 homi-

372 3418 430 3455 nis,
446 3417 546 3449 modo
561 3427 636 3447 vero
652 3416 690 3446 de
706 3415 943 3452 communibus;
959 3415 1032 3445 ideo
1049 3415 1129 3444 duos
1148 3419 1295 3444 tractatus
1315 3412 1353 3443 de
1372 3412 1428 3442 bo-

372 3462 468 3493 nitate
485 3468 515 3492 et
531 3460 650 3491 malitia
669 3459 780 3490 morali
796 3465 926 3490 actuum
949 3465 1032 3489 extra
1054 3458 1259 3493 voluntatem,
1285 3456 1429 3496 oportuit

133 3381 143 3391 ⁸
158 3379 204 3407 Qu.
216 3385 240 3402 vx
254 3385 305 3408 sqq.

135 3510 144 3520 ”
159 3509 207 3537 Qu.
221 3515 260 3531 ¹¹·
283 3530 285 3532 -
373 3505 481 3537 facere.
502 3505 543 3536 Et
562 3503 705 3544 superius
716 3501 732 3518 '⁸
756 3503 886 3544 quidem
902 3502 1009 3544 quoad
1023 3508 1110 3532 actus
1126 3500 1272 3541 proprios
1287 3499 1426 3530 homini:

373 3559 458 3580 nunc
481 3559 556 3579 vero
579 3547 687 3589 quoad
709 3554 796 3578 actus
820 3556 1006 3578 communes
1029 3545 1151 3576 homini
1172 3551 1202 3575 et
1225 3544 1301 3580 aliis,
1319 3543 1427 3584 quales

1485 3331 1559 3355 sunt
1581 3324 1753 3365 passiones.
1771 3324 1861 3361 Quae
1876 3323 2070 3354 voluntariae
2093 3322 2258 3363 dupliciter
2276 3329 2358 3358 sunt,
2383 3322 2463 3352 sicut
2485 3321 2536 3352 alii

1485 3368 1650 3399 exteriores
1674 3374 1770 3404 actus,
1786 3374 1823 3398 ut
1844 3367 1877 3398 in
1893 3367 1975 3398 calce
1999 3367 2138 3407 corporis
2162 3366 2255 3407 primi
2274 3365 2394 3396 articuli
2413 3365 2534 3396 dicitur.

1485 3412 1582 3450 Quod
1598 3412 1735 3452 intellige
1751 3411 1926 3442 secundum
1942 3411 2117 3442 doctrinam
2133 3410 2276 3450 superius
2287 3410 2304 3428 *
2316 3409 2430 3445 datam,
2447 3409 2535 3449 quod

1485 3456 1600 3487 scilicet
1618 3463 1694 3486 tunc
1716 3455 1899 3496 imputatur,
1920 3456 2047 3496 quando
2067 3461 2171 3495 potest
2187 3461 2216 3485 et
2232 3454 2323 3484 debet
2342 3463 2412 3483 eam
2427 3452 2535 3493 prohi-

1484 3500 1565 3536 bere,
1591 3506 1621 3530 et
1643 3509 1708 3530 non
1731 3499 1885 3540 prohibet.

2561 1519 2626 1547 *Qu.
2635 1522 2745 1546 xvimam
2751 1524 2771 1546 5.

2566 2465 2575 2474 ‘
2590 2463 2618 2485 D.
2634 2468 2675 2491 231.

2565 2513 2575 2554 I
2587 2511 2776 2559 363ῌίέῶἐὲ

2660 2661 2676 2684 'l

2564 3414 2573 3424 ·
2589 3413 2682 3441 Qu.v1,
2696 3416 2737 3435 art.
2752 3419 2773 3442 3.
