2852 4152
84 601 93 610 ·
108 599 141 622 Ca
159 614 164 620 .
176 605 202 625 n.
213 605 236 621 n.
250 605 272 620 2.
283 610 293 614 -

83 626 140 648 S.T
157 641 163 647 .
178 626 230 647 leet.
245 631 271 647 n.

0 0 10 195 '

83 826 93 836 ·
106 824 177 847 Num.
191 830 225 852 m,
241 830 272 846 tv.

79 1741 249 1768 'Cf-ami.

83 3163 155 3181 offm-
163 3157 257 3184 cxvn,
265 3158 295 3180 ιΙ.

83 3183 295 3259 Ξιῖθιῗῌᾶἴῑ

20 3970 31 4006 αὴ»

1017 216 1281 261 QUAESTIO
1312 217 1377 263 IV,
1407 218 1700 255 ARTICULUS
1730 221 1778 255 111

321 303 433 326 eorum
455 299 502 324 est
514 299 643 333 propter
664 302 696 322 se
719 291 897 332 appetibile,
913 293 955 323 ita
978 294 1066 334 quod
1085 300 1233 324 neutrum
1249 301 1377 333 propter

321 338 454 369 alterum
478 343 513 367 ut
534 335 641 366 finem.
666 336 707 366 Et
725 336 804 366 ratio
825 343 879 372 est,
904 337 978 377 quia
1002 344 1173 379 utrumque
1188 338 1281 368 habet
1295 338 1328 367 in
1344 348 1376 368 se

321 381 405 412 unde
428 380 516 410 finiat
538 379 720 419 simpliciter
742 380 941 419 appetituum
965 388 1100 418 motum,
1125 382 1242 422 absque
1266 381 1375 412 ordine

321 425 360 455 ad
382 424 516 456 alterum
539 430 575 454 ut
597 423 712 453 finem:
737 423 837 453 diviso
868 424 953 454 enim
980 426 1067 455 bono
1091 425 1239 456 trifariam
1263 425 1295 455 in
1319 426 1376 455 ho-

284 467 289 472 '
320 474 456 504 nestum,
481 466 660 498 delectabile
684 473 715 497 et
737 467 831 503 utile,
857 468 962 498 solum
986 469 1062 499 utile
1086 470 1261 500 secundum
1280 479 1312 499 se
1332 475 1377 499 est

320 518 450 553 propter
463 511 551 542 aliud
565 517 602 541 ut
615 510 722 541 finem.
735 528 755 533 -
770 511 811 541 Et
826 511 887 541 hoc
902 512 1082 544 intendebat
1094 516 1217 543 Auctor
1234 513 1267 543 in
1287 523 1339 553 qu.
1354 523 1377 542 n

320 556 475 596 superius,
498 555 554 586 ubi
575 554 652 585 dixit
673 554 914 585 delectationem
936 557 1043 596 appeti
1064 567 1130 587 non
1148 563 1276 597 propter
1291 557 1377 587 aliud

321 606 356 631 ut
378 599 492 635 finem;
515 605 546 629 et
567 598 752 629 Aristoteles
774 598 808 628 in
830 599 859 629 X
881 600 984 630 Ethic.
999 601 1030 637 *,
1055 601 1198 632 deridens
1227 610 1376 641 quaeren-

321 650 386 674 tem
403 648 538 683 propter
560 642 637 682 quid
659 643 729 682 quis
751 642 936 674 delectatur.

386 687 418 718 Si
442 693 549 717 autem
572 693 743 716 sumuntur
761 686 837 716 haec
861 687 926 717 duo
948 694 983 718 ut
998 698 1099 718 unum
1124 688 1291 728 appetibile
1315 687 1376 718 for-

320 730 451 766 maliter,
475 730 520 760 sic
542 740 608 760 non
632 736 679 760 est
701 730 844 770 quaestio
867 741 906 761 an
930 731 991 762 hoc
1014 738 1143 772 propter
1165 732 1258 768 illud,
1283 738 1338 762 aut
1360 741 1376 761 e

320 782 488 806 converso:
513 774 568 804 sed
590 780 696 804 totum
719 774 877 813 appetitur
891 776 949 805 sub
966 775 1085 806 ratione
1107 775 1190 806 illius
1209 775 1298 816 quod
1314 775 1377 805 for-

319 819 402 850 male
425 824 480 848 est.
505 818 546 848 Et
563 817 635 853 hoc,
653 824 688 847 ut
702 818 820 857 patebit
834 818 860 854 *,
885 819 996 850 accidit
1010 819 1043 849 in
1059 819 1200 860 appetitu
1217 819 1375 849 sensitivo.

374 862 408 893 Si
429 872 504 892 vero
529 868 752 902 comparentur
783 863 822 892 ad
850 862 998 899 invicem,
1023 870 1077 894 aut
1104 873 1139 893 ex
1169 870 1255 904 parte
1282 872 1377 902 appe-

319 906 430 937 tibilis:
455 912 486 936 et
502 912 588 936 -tunc
616 903 778 935 delectatio
809 913 855 936 est
883 914 1012 947 propter
1041 906 1268 947 operationem.
1293 906 1377 943 Quia

319 950 421 981 maius
440 949 564 979 bonum
580 955 626 979 est
641 949 811 980 honestum
827 960 924 990 quarn
941 950 1138 986 delectabile;
1159 957 1198 986 et,
1215 957 1251 980 ut
1267 950 1376 980 diffuse

318 994 471 1035 probatur
492 993 526 1023 in
548 993 707 1033 praedicto
730 993 802 1023 loco
828 994 948 1024 Contra
975 994 1084 1030 Gent.‚
1109 1001 1139 1024 et
1162 994 1212 1024 hic
1235 993 1377 1034 aliquali-

318 1045 366 1069 ter
388 1037 540 1077 tangitur,
564 1045 675 1068 natura
697 1037 846 1077 apposuit
871 1038 1092 1068 delectationes
1113 1045 1242 1078 propter
1267 1047 1377 1078 opera-

318 1082 422 1113 tiones
441 1088 476 1112 ut
494 1081 600 1112 finem.
626 1082 666 1111 Et
680 1081 742 1111 hoc
757 1081 890 1113 intendit
905 1082 955 1112 hic
971 1085 1100 1118 Auctor,
1121 1089 1151 1112 et
1170 1082 1202 1112 in
1218 1082 1376 1121 praedicto

318 1126 411 1157 libro.
425 1143 446 1149 —
462 1128 528 1156 Aut
551 1135 588 1155 ex
610 1132 697 1165 parte
720 1125 904 1165 appetentis.
920 1126 961 1156 Et
977 1126 1030 1162 sic,
1050 1126 1075 1156 si
1091 1125 1248 1166 appetitus
1271 1132 1317 1156 est
1331 1126 1377 1156 in-

320 1170 492 1207 ordinatus,
518 1179 583 1200 non
607 1175 653 1199 est
676 1169 910 1200 sollicitandum
934 1170 971 1200 de
995 1170 1114 1200 ordine.
1140 1169 1172 1200 Si
1195 1177 1301 1200 autem
1332 1176 1378 1200 est

321 1214 493 1250 ordinatus,
517 1220 594 1244 tunc
615 1213 739 1243 videtur
761 1213 936 1243 secundum
952 1213 1096 1250 litteram,
1117 1214 1205 1254 quod
1220 1213 1377 1254 appetitus

321 1258 486 1288 sensitivus
513 1257 614 1287 tendit
635 1256 668 1286 in
693 1257 891 1295 operationes
915 1264 1043 1296 propter
1066 1257 1304 1292 delectationes,
1330 1256 1378 1286 in-

319 1301 492 1332 tellectivus
515 1307 622 1331 autem
645 1309 662 1329 e
685 1309 838 1329 converso
865 1300 984 1339 appetit
1007 1300 1228 1330 delectationes
1251 1307 1379 1339 propter

320 1345 528 1385 operationes.
552 1343 615 1374 Sed
636 1343 714 1383 quid
735 1343 774 1372 de
789 1342 851 1373 hoc
867 1343 1066 1373 sentiendum
1085 1343 1134 1379 sit,
1150 1344 1182 1373 in
1198 1344 1256 1373 hac
1272 1343 1377 1383 dispu-

319 1388 437 1421 tatione
456 1387 584 1417 dicetur.
602 1403 623 1408 -
645 1386 687 1416 Et
709 1395 746 1416 ex
768 1386 816 1416 his
839 1393 925 1426 patet
947 1386 1065 1417 solutio
1081 1387 1174 1426 primi
1191 1387 1288 1417 dubii.

385 1431 437 1462 111.
462 1430 549 1470 Scito
572 1429 722 1466 secundo,
746 1430 834 1470 quod
859 1430 897 1460 de
920 1430 1062 1470 appetitu
1086 1431 1233 1461 sensitivo
1262 1430 1378 1470 duplex

275 1492 286 1494 ν
319 1469 514 1506 ἐςΓΗῖέὲιίἀί
536 1473 663 1504 modus.
697 1474 805 1504 Potest
823 1473 909 1503 enim
933 1474 994 1504 dici
1017 1475 1106 1514 quod
1129 1474 1286 1515 appetitus
1310 1483 1377 1504 sen-

319 1519 428 1550 sitivus
451 1517 571 1558 appetit
588 1518 713 1547 bonum
737 1517 882 1548 sensibile
897 1525 933 1548 ut
948 1528 1050 1548 unum
1074 1518 1251 1558 appetibile,
1276 1525 1306 1548 et
1326 1518 1377 1548 de-

318 1562 521 1594 lectationem
551 1568 799 1602 consequentem
829 1568 865 1592 ut
892 1562 977 1592 aliud
1000 1562 1179 1602 appetibile.
1211 1562 1252 1592 Et
1274 1568 1379 1601 potest

319 1606 382 1638 dici
409 1606 498 1647 quod
525 1605 683 1646 appetitus
710 1605 876 1636 sensitivus
900 1605 1019 1646 appetit
1047 1605 1178 1646 quidem
1206 1613 1378 1646 utrumque

319 1651 446 1687 horum,
471 1650 527 1680 sed
549 1650 608 1680 sub
627 1649 748 1680 ratione
771 1649 866 1680 unius
889 1649 1076 1690 appetibilis,
1100 1650 1217 1680 scilicet
1233 1650 1308 1679 boni
1326 1650 1377 1679 de-

318 1693 478 1726 lectabilis.
494 1711 515 1717 —
530 1693 572 1724 Et
590 1693 616 1723 si
630 1693 706 1723 haec
730 1693 867 1723 secunda
882 1693 932 1723 via
955 1693 1134 1730 sustinetur,
1151 1693 1240 1724 facile
1256 1700 1302 1724 est
1317 1693 1378 1723 sol-

318 1747 391 1769 vere
405 1737 582 1768 secundum
597 1737 731 1767 dubium
742 1737 768 1773 *‚
789 1737 923 1768 dicendo
940 1738 1027 1778 quod
1042 1738 1200 1778 appetitus
1213 1737 1378 1768 sensitivus

319 1791 386 1813 non
410 1781 529 1822 appetit
547 1781 747 1821 operationes
762 1788 893 1821 propter
908 1781 1139 1818 delectationes,
1156 1788 1192 1812 ut
1207 1791 1310 1812 unum
1325 1791 1379 1821 ap-

319 1826 447 1867 petibile
461 1831 591 1866 propter
608 1825 694 1855 aliud
716 1825 865 1855 finaliter:
890 1825 944 1855 sed
968 1825 1166 1864 operationes
1182 1832 1311 1865 propter
1326 1826 1378 1855 de-

318 1869 501 1901 lectationes
524 1869 706 1905 formaliter,
723 1869 766 1899 ita
781 1869 870 1909 quod
886 1869 1049 1899 delectatio
1066 1876 1112 1900 est
1138 1869 1216 1899 ratio
1238 1869 1379 1899 formalis

319 1914 409 1955 quod
432 1913 574 1953 operatio
591 1912 630 1943 sit
645 1912 716 1943 finis
731 1913 888 1953 appetitus
904 1913 1058 1949 sensitivi;
1079 1913 1159 1943 sicut
1175 1913 1286 1943 accidit
1305 1923 1378 1944 cum

319 1957 442 1999 aliquis,
466 1957 643 1987 secundum
670 1957 847 1997 appetitum
865 1957 1101 1993 intellectivum‚
1126 1963 1208 1987 recte
1228 1957 1380 1988 desiderat

320 2000 440 2043 aliquid
470 2000 576 2031 solum
603 2007 640 2032 ut
662 2000 857 2037 delectabile,
892 2010 1045 2041 quaerens
1075 1998 1314 2032 delectationem
1343 2008 1378 2032 ut

320 2045 520 2077 medicinam.
537 2045 578 2074 Et
593 2045 768 2076 secundum
784 2044 855 2081 hoc,
872 2044 1029 2085 appetitus
1046 2044 1211 2075 sensitivus
1231 2055 1296 2075 non
1312 2052 1379 2075 ten-

321 2089 366 2121 dit
387 2089 420 2119 in
444 2088 624 2128 appetibilia
640 2089 750 2119 ordine
766 2089 921 2119 contrario
938 2088 1071 2119 naturali
1087 2088 1199 2119 ordini.
1217 2089 1380 2126 Quoniam

321 2133 378 2165 etsi
400 2132 550 2163 naturalis
578 2133 657 2163 ordo
686 2132 794 2172 diligat
821 2133 1041 2163 delectationes
1068 2139 1197 2172 propter
1223 2133 1379 2173 operatio-

321 2188 376 2208 nes
399 2176 541 2212 finaliter,
565 2187 631 2207 non
654 2176 800 2216 prohibet
822 2184 929 2207 tamen
953 2176 1030 2217 quin
1054 2177 1252 2216 operationes
1276 2177 1380 2216 appeti

320 2220 444 2263 possint
467 2220 525 2250 sub
549 2221 668 2253 ratione
692 2220 892 2256 delectabilis,
917 2227 951 2251 ut
968 2230 1069 2250 unum
1092 2220 1269 2260 appetibile,
1287 2221 1324 2250 ab
1341 2230 1379 2250 eo

321 2265 376 2307 qui
399 2263 526 2294 nullum
549 2272 660 2295 natum
688 2270 734 2294 est
761 2271 907 2304 appetere
934 2263 1033 2294 finem
1059 2263 1118 2294 nisi
1147 2265 1269 2294 bonum
1297 2264 1379 2294 dele-

320 2308 441 2341 ctabile.

386 2352 420 2383 Si
441 2361 516 2384 vero
541 2352 731 2383 sustineatur
753 2351 856 2392 prima
879 2351 941 2387 via,
971 2358 1046 2382 tunc
1069 2351 1156 2381 nulla
1178 2358 1308 2392 apparet
1330 2351 1380 2381 via

321 2396 483 2433 evadendi,
507 2396 567 2427 nisi
591 2395 724 2426 dicendo
748 2395 846 2436 quod,
870 2393 1141 2426 licet‘secundum
1164 2405 1196 2426 se
1219 2395 1295 2426 haec
1319 2395 1380 2425 sint

320 2440 364 2471 sic
392 2440 552 2477 ordinata,
579 2446 684 2470 tamen
717 2439 751 2469 in
779 2439 888 2470 ordine
919 2439 959 2469 ad
988 2439 1164 2479 appetitum
1194 2438 1379 2469 sensitivum

320 2491 520 2525 praepostere
539 2494 573 2514 se
591 2484 722 2519 habent:
747 2483 836 2519 sicut,
853 2483 925 2513 licet
948 2483 1119 2513 substantia
1142 2483 1182 2513 sit
1203 2483 1379 2513 secundum

320 2538 354 2560 se
376 2528 464 2569 prius
487 2528 613 2568 cognita
636 2527 812 2563 accidente,
841 2533 946 2557 tamen
969 2526 1003 2556 in
1026 2526 1136 2557 ordine
1164 2526 1203 2556 ad
1227 2527 1379 2566 cognitio-

320 2581 396 2603 nem
418 2579 560 2603 nostram
583 2578 782 2612 praepostere
806 2581 838 2601 se
853 2570 978 2601 habent.
995 2570 1057 2601 Sed
1072 2577 1147 2601 tunc
1171 2577 1298 2611 oportet
1312 2571 1378 2601 red-

321 2616 393 2646 dere
417 2626 544 2647 causam
559 2616 654 2646 huius
670 2614 863 2655 praeposteri
880 2614 997 2645 ordinis
1012 2614 1046 2644 in
1061 2614 1202 2654 appetitu
1219 2614 1378 2650 sensitivo,

2435 225 2483 270 39

1428 295 1508 326 sicut
1535 303 1620 336 patet
1647 307 1739 327 causa
1763 298 1795 327 in
1818 298 1962 337 exemplo
1991 300 2064 330 dato
2096 301 2135 330 de
2158 301 2338 340 cognitione
2365 309 2482 334 nostra.

1429 339 1469 370 Et
1492 349 1558 389 non
1590 348 1719 380 apparet
1745 341 1851 378 causa',
1881 342 1940 372 nisi
1963 342 2083 373 dicatur
2113 345 2201 384 quod
2232 345 2410 376 delectabile
2438 353 2484 378 est

1429 393 1527 423 magis
1557 385 1746 415 conveniens
1777 385 1930 425 appetitui
1957 387 2122 423 sensitivo,
2152 398 2249 428 quam
2278 389 2484 420 coniunctum

1430 427 1551 457 bonum
1575 428 1613 458 de
1636 438 1702 468 quo
1726 435 1772 459 est
1795 429 1967 460 delectatio.
1985 430 2045 460 Sed
2067 430 2129 461 hoc
2145 431 2223 461 nihil
2239 438 2299 462 est:
2322 432 2384 462 hoc
2399 432 2484 463 enim

1430 477 1476 501 est
1498 472 1586 511 quod
1609 472 1776 512 quaeritur,
1797 483 1892 514 quare
1913 473 2092 504 delectabile
2116 481 2199 505 tenet
2221 475 2360 514 primurn
2376 476 2484 506 locum

1428 522 1571 554 respectu
1595 516 1751 556 appetitus
1774 517 1922 553 sensitivi,
1946 523 1977 548 et
1999 519 2174 548 secundum
2195 525 2323 549 naturae
2339 519 2483 550 ordinem

1430 569 1496 588 non
1519 559 1649 590 debetur
1672 560 1700 590 ei
1723 561 1844 600 primus
1867 561 1966 591 locus.

1495 603 1546 633 IV.
1572 603 1612 633 Et
1634 604 1778 644 quamvis
1802 604 1902 635 littera
1924 604 2004 635 hanc
2028 605 2164 644 primam
2179 606 2263 635 viam
2279 612 2379 642 sonet,
2405 606 2483 636 dum

1429 646 1528 676 aliurn
1558 647 1702 677 ordinem
1731 647 1811 678 inter
1841 648 2058 688 operationem
2089 655 2119 679 et
2146 649 2387 680 delectationem
2410 650 2484 680 dicit

1430 697 1571 730 respectu
1595 691 1752 730 appetitus
1776 692 1912 722 sensitivi
1936 699 1966 723 et
1988 692 2186 732 simpliciter;
2212 693 2289 723 mihi
2312 700 2417 723 tamen
2439 694 2483 723 vi-

1430 734 1521 764 detur
1543 734 1631 774 quod
1654 736 1791 765 secunda
1813 735 1862 765 via
1885 735 1953 765 sola
1976 736 2016 766 sit
2037 736 2156 766 intenta
2171 736 2203 766 in
2219 736 2328 767 littera.
2353 737 2395 767 Et
2413 747 2484 767 mo-

1429 787 1505 807 veor
1528 778 1567 807 ad
1589 778 1650 808 hoc
1674 788 1710 808 ex
1732 779 1886 818 assignata
1913 779 2033 809 ratione
2060 780 2093 810 in
2116 780 2230 816 littera,
2263 780 2337 820 quia
2367 780 2484 811 scilicet

1430 822 1576 852 sensitiva
1599 822 1737 861 cognitio
1761 832 1826 852 non
1843 833 1875 853 se
1892 823 2028 854 extendit
2049 824 2090 853 ad
2113 833 2318 854 communem
2341 823 2417 854 boni
2437 834 2484 854 ra-

1430 865 1566 901 tionem,
1590 866 1645 895 sed
1675 866 1863 896 delectabilis
1893 873 2026 897 tanturn.
2052 867 2097 897 Ita
2119 868 2222 907 quod,
2246 867 2317 898 licet
2339 867 2485 898 sensitiva

1430 919 1501 949 pars
1524 916 1651 949 appetat
1666 909 1805 949 appetitu
1823 910 1955 940 naturali
1975 910 2192 950 operationem
2212 918 2247 941 ut
2270 921 2370 941 unum
2390 921 2485 951 appe-

1429 952 1524 989 tibile,
1542 959 1572 983 et
1595 953 1833 983 delectationem
1853 960 1887 984 ut
1901 954 1986 984 aliud
2006 954 2184 994 appetibile,
2200 954 2275 995 quia
2297 955 2392 985 ambo
2411 961 2486 985 sunt

1429 997 1604 1026 secundum
1627 1007 1660 1027 se
1683 997 1767 1026 bona
1788 997 1832 1026 illi
1852 997 2068 1028 convenientia
2076 1007 2084 1034 ;
2108 1005 2139 1028 et
2161 998 2368 1029 nihilominus
2391 998 2485 1029 etiam

1429 1047 1556 1080 appetat
1587 1040 1827 1071 delectationem
1854 1047 1983 1080 propter
2018 1042 2251 1080 operationem,
2283 1042 2363 1073 sicut
2391 1052 2484 1082 grave

1430 1084 1570 1124 quietem
1593 1085 1741 1114 deorsum
1769 1092 1898 1124 propter
1919 1094 1986 1115 esse
2017 1086 2182 1116 deorsum:
2207 1085 2348 1125 appetitu
2378 1092 2484 1116 tamen

1430 1128 1567 1164 animali,
1584 1128 1640 1168 qui
1656 1134 1702 1158 est
1717 1135 1804 1158 actus
1827 1128 1956 1164 elicitus,
1979 1135 2008 1159 et
2028 1139 2093 1159 non
2117 1129 2214 1160 fertur
2236 1129 2295 1159 nisi
2318 1129 2351 1160 in
2374 1140 2484 1170 appre-

1430 1172 1565 1202 hensum
1580 1171 1724 1202 sensitive
1740 1178 1775 1202 ut
1791 1171 1844 1207 sic,
1868 1181 1934 1202 non
1949 1172 2068 1212 appetit
2084 1173 2281 1212 operationes
2301 1180 2331 1204 et
2354 1174 2485 1204 delecta-

1431 1216 1532 1246 tiones
1555 1222 1591 1246 ut
1614 1215 1679 1246 duo
1703 1215 1892 1255 appetibilia,
1917 1216 1970 1245 sed
1992 1223 2025 1246 ut
2041 1226 2143 1246 unum
2165 1216 2346 1253 formaliter,
2370 1217 2485 1248 scilicet

1430 1259 1628 1298 operationes
1660 1266 1695 1290 ut
1727 1259 1940 1294 delectabiles;
1964 1259 2039 1299 quia
2069 1260 2214 1290 sensitiva
2247 1260 2404 1300 cognitio,
2429 1261 2485 1291 etsi

1430 1303 1574 1332 extendat
1589 1313 1622 1332 se
1645 1303 1684 1332 ad
1700 1303 1909 1342 operationes,
1927 1309 1962 1333 ut
1978 1309 2063 1343 patet
2078 1303 2110 1333 in
2133 1304 2172 1333 111
2188 1304 2228 1334 de
2242 1305 2359 1334 Anima
2374 1303 2402 1340 ὓ,
2419 1314 2485 1335 non

1431 1353 1536 1376 tamen
1553 1346 1688 1376 extendit
1707 1356 1739 1376 se
1754 1347 1795 1376 ad
1810 1356 1861 1376 eas
1884 1347 1942 1377 sub
1965 1347 2087 1377 ratione
2105 1347 2191 1384 boni,
2207 1347 2267 1377 nisi
2287 1348 2484 1379 delectabilis.

1431 1389 1471 1419 Et
1486 1389 1529 1419 sic
1545 1396 1690 1429 appetere
1706 1390 1903 1429 operationes
1920 1397 2049 1430 propter
2067 1391 2288 1422 delectationes
2303 1391 2485 1428 formaliter,

1429 1440 1560 1463 vocatur
1575 1432 1607 1462 in
1630 1433 1729 1463 littera
1744 1433 1902 1473 appetitus
1917 1434 2139 1473 operationum
2161 1442 2290 1475 propter
2306 1435 2486 1467 delectatio-

1431 1486 1486 1506 nes
1501 1475 1642 1512 finaliter,
1659 1486 1724 1506 non
1741 1476 1814 1516 quia
1831 1477 1972 1516 operatio
1993 1478 2154 1508 ordinetur
2176 1478 2208 1508 in
2228 1478 2484 1516 delectationem,

1431 1520 1485 1550 sed
1512 1520 1587 1560 quia
1610 1529 1675 1549 non
1703 1520 1860 1560 appetitur
1883 1520 1941 1550 nisi
1965 1521 2023 1550 sub
2054 1522 2173 1551 ratione
2201 1522 2294 1553 illius.
2319 1523 2416 1559 Quod
2440 1529 2487 1554 est

1431 1564 1535 1604 appeti
1559 1570 1687 1603 propter
1701 1563 1789 1593 illam
1811 1563 1944 1594 finaliter
1966 1571 1996 1594 et
2019 1565 2169 1604 negative,
2183 1565 2257 1605 quia
2276 1576 2341 1596 non
2358 1573 2487 1606 propter

1430 1607 1528 1638 alium
1550 1607 1661 1643 finem;
1686 1614 1716 1637 et
1739 1607 1882 1646 positive,
1904 1614 2055 1647 tanquam
2078 1609 2207 1639 materia
2228 1608 2308 1645 finis,
2332 1620 2397 1640 non
2415 1618 2486 1641 tan-

1431 1661 1529 1692 quam
1545 1651 1686 1681 ordinata
1702 1651 1899 1682 materialiter
1916 1652 1955 1681 ad
1976 1651 2082 1682 finem.
2098 1670 2118 1675 —
2135 1653 2175 1682 Et
2199 1662 2235 1682 ex
2257 1652 2305 1683 his
2327 1661 2412 1693 patet
2434 1665 2486 1684 so-

1419 1695 1510 1726 -lutio
1534 1695 1663 1725 secundi
1687 1694 1775 1725 dubii
1797 1695 1822 1725 *.

1497 1739 1534 1769 V.
1559 1738 1644 1769 Scito
1667 1738 1758 1768 tertio
1783 1739 1880 1779 quod,
1899 1748 1972 1770 cum
1994 1739 2118 1769 bonum
2137 1739 2292 1770 dividatur
2314 1741 2347 1771 in
2362 1741 2485 1771 bonum

1432 1793 1488 1823 per
1511 1793 1542 1812 se
1566 1789 1597 1813 et
1620 1789 1748 1823 propter
1771 1782 1870 1818 aliud;
1896 1790 1926 1813 et
1948 1790 2077 1822 propter
2100 1793 2132 1813 se
2155 1783 2362 1823 distinguatur
2384 1785 2417 1814 in
2434 1785 2486 1815 de-

1431 1827 1572 1857 lectabile
1595 1834 1626 1857 et
1639 1827 1824 1857 honestum:
1849 1836 2037 1866 cognoscere
2060 1827 2183 1857 bonum
2199 1828 2375 1858 secundum
2398 1838 2487 1858 com-

1432 1880 1564 1901 munem
1587 1870 1742 1900 rationem
1756 1871 1842 1906 boni,
1860 1877 1905 1900 est
1923 1870 2155 1910 apprehendere
2174 1871 2297 1901 bonum
2313 1873 2488 1902 secundum

1433 1925 1544 1945 omnes
1560 1915 1609 1945 sui
1625 1914 1820 1945 differentias.
1837 1914 1989 1944 Sensitiva
2005 1921 2111 1944 autem
2128 1915 2276 1954 cognitio,
2293 1923 2329 1946 ut
2343 1916 2396 1952 sic,
2413 1916 2488 1956 quia

1432 1969 1497 1989 non
1521 1965 1651 1998 propter
1666 1968 1698 1988 se
1721 1959 1776 1988 sed
1798 1965 1927 1998 propter
1943 1959 2075 1988 salutem
2094 1958 2165 1988 data
2181 1965 2236 1995 est,
2252 1965 2288 1989 ut
2302 1965 2388 1999 patet
2402 1959 2435 1989 in
2449 1960 2489 1990 de

1432 2003 1535 2033 Sensu
1557 2008 1588 2032 et
1611 2002 1744 2032 Sensato
1766 2002 1792 2038 *‚
1817 2002 1922 2032 solum
1942 2002 1980 2032 ad
1999 2002 2121 2032 bonum
2143 2009 2273 2042 propter
2295 2003 2390 2040 aliud,
2410 2003 2490 2034 idest

1433 2046 1518 2082 utile,
1541 2053 1571 2077 et
1593 2052 1721 2086 propter
1744 2055 1776 2076 se
1806 2053 1842 2076 ut
1864 2046 2057 2082 delectabile,
2082 2056 2114 2076 se
2138 2046 2283 2077 extendit.
2306 2047 2381 2078 Non
2404 2047 2489 2078 enim

1432 2097 1586 2130 appetunt
1604 2089 1759 2126 animalia,
1777 2089 1902 2120 animali
1919 2090 2069 2130 appetitu,
2089 2090 2193 2120 videre
2212 2097 2340 2131 propter
2356 2092 2417 2122 hoc
2432 2092 2489 2122 bo-

1433 2144 1512 2164 num
1535 2134 1624 2174 quod
1647 2140 1692 2164 est
1710 2133 1800 2169 visio,
1825 2140 1879 2164 aut
1894 2134 2026 2164 odorare
2050 2141 2178 2174 propter
2200 2135 2323 2165 bonum
2339 2136 2426 2176 quod
2443 2143 2489 2167 est

1434 2178 1578 2208 odorare:
1597 2178 1652 2207 sed
1667 2177 1854 2217 inquantum
1872 2177 1960 2208 utilia
1973 2184 2027 2208 aut
2043 2178 2235 2208 delectabilia
2250 2185 2332 2209 sunt.
2351 2180 2386 2209 In
2399 2179 2488 2210 cuius

1433 2221 1569 2261 signum,
1586 2231 1652 2251 non
1668 2228 1810 2261 pugnant
1825 2221 1972 2252 animalia
1986 2221 2046 2251 nisi
2066 2228 2195 2262 propter
2213 2222 2414 2259 delectabilia,
2431 2223 2490 2254 ira-

1433 2265 1532 2296 scibili
1555 2264 1775 2295 testimonium
1801 2265 1948 2295 reddente
1973 2265 2010 2295 de
2033 2264 2094 2295 fine
2119 2265 2379 2306 concupiscibilis.

1488 2309 1529 2339 Et
1545 2318 1582 2338 ex
1596 2308 1644 2338 his
1660 2315 1746 2348 patet
1761 2308 1878 2339 solutio
1893 2308 2080 2339 ultimorum
2097 2309 2269 2339 dubiorum
2279 2309 2306 2340 *.
2321 2310 2387 2340 lam
2403 2310 2488 2340 enim

1433 2359 1518 2392 patet
1536 2359 1567 2382 et
1589 2353 1677 2393 quod
1699 2362 1808 2383 sensus
1831 2352 1968 2392 cognitio
1995 2362 2061 2383 non
2083 2362 2115 2382 se
2144 2353 2280 2384 extendit
2302 2353 2362 2383 nisi
2383 2354 2423 2384 ad
2439 2354 2491 2384 de-

1432 2396 1574 2427 lectabile
1589 2403 1624 2426 ut
1637 2395 1747 2426 finem:
1768 2396 1807 2426 ad
1820 2396 1895 2427 utile
1911 2396 1996 2426 enirn
2007 2396 2107 2427 tendit
2121 2403 2250 2437 propter
2268 2397 2458 2428 delectabile.
2469 2415 2491 2421 -

1433 2438 1474 2470 Et
1488 2440 1654 2480 quomodo
1671 2450 1707 2470 ex
1722 2440 1784 2470 hoc
1798 2440 1868 2480 ipso
1888 2440 2052 2470 manifeste
2068 2440 2209 2481 sequitur
2227 2441 2316 2481 quod
2331 2441 2489 2481 operatio-

1433 2494 1488 2514 nes
1501 2484 1619 2524 appetit
1630 2490 1665 2514 ut
1677 2483 1883 2514 delectabiles.
1899 2484 1940 2514 Et
1950 2491 2079 2524 propter
2093 2483 2171 2524 quid
2183 2484 2244 2514 hoc
2259 2491 2320 2515 est:
2341 2485 2415 2525 quia
2430 2485 2490 2515 sci-

1431 2527 1503 2558 licet
1526 2527 1690 2558 sensitivae
1713 2527 1901 2567 cognitionis
1924 2528 2038 2567 gradus
2061 2528 2182 2567 primus
2207 2528 2338 2558 existens
2355 2526 2491 2559 delecta-

1432 2571 1493 2601 bile
1517 2581 1582 2601 non
1606 2571 1795 2602 transcendit
1817 2572 1948 2607 bonum,
1974 2578 2009 2602 ut
2031 2571 2128 2602 finem
2147 2571 2320 2611 cognitum,
2337 2572 2426 2612 quod
2442 2579 2490 2603 est

1435 2615 1596 2645 obiectum
1619 2615 1776 2655 appetitus
1799 2615 1951 2646 animalis.

1116 2750 1441 2792 ARTICULUS—
1460 2750 1688 2792 TERTIUS

780 2833 935 2864 UTRUM
958 2833 1016 2863 AD
1041 2833 1369 2864 BEATITUDINEM
1392 2834 1676 2871 REQUIRATUR
1700 2833 2035 2865 COMPREHENsm

680 2902 747 2926 Part.
766 2902 784 2932 1,
804 2909 848 2934 qu.
867 2909 910 2932 ιιι,
930 2906 976 2926 art.
996 2909 1020 2934 7,
1040 2902 1071 2926 ad
1090 2909 1112 2933 ¹3
1131 2902 1141 2926 Ι
1161 2902 1243 2932 Seni„
1263 2903 1321 2927 dist.
1339 2910 1357 2934 1,
1377 2910 1421 2935 qu.
1440 2911 1458 2935 1,
1478 2908 1524 2928 art.
1534 2898 1567 2934 '1;
1586 2903 1628 2932 1v,
1647 2903 1705 2928 dist.
1723 2910 1789 2934 χιιι,
1809 2911 1853 2935 qu.
1871 2911 1905 2934 1v,
1925 2907 1971 2928 art.
1993 2902 2015 2934 5,
2035 2904 2082 2935 qu·
2101 2910 2119 2927 1.

366 3008 373 3015 ,
394 2993 419 3007 »ι
446 2994 523 3037 sa(
537 2986 559 3010 D
587 2984 746 3010 TERTIUM
770 2985 823 3010 sm
842 2984 1081 3010 PROCEDlTUR.
1101 2972 1260 3009 Videtur
1279 2973 1381 3021 quod

356 3023 360 3031 '
464 3026 516 3072 ξ’*
538 3026 587 3063 ad
619 3025 891 3062 beatitudinem
924 3037 1002 3061 non
1035 3025 1246 3072 requiratur
1278 3038 1382 3062 com-

363 3119 391 3124 ..
455 3064 752 3129 ’(Ῥι-εὴεηείο.
790 3078 889 3114 Dicit
926 3077 1028 3114 enim
1056 3077 1303 3125 Augustinus,
1333 3078 1385 3114 ad

417 3125 470 3166 '⁸5
494 3124 525 3166 N
537 3131 736 3168 Paulinam
756 3132 802 3168 de
817 3131 980 3167 Videndo
999 3131 1123 3167 Deum
1138 3129 1172 3166 *z
1188 3131 1384 3180 Attingere

323 3189 444 3221 mente
462 3184 587 3221 Deum
607 3196 751 3234 magna
779 3189 834 3220 est
850 3183 1046 3228 beatitudo,
1071 3182 1384 3231 comprehendere

323 3242 448 3274 autem
476 3242 531 3273 est
556 3237 790 3284 impossibile.
811 3237 912 3284 Ergo
941 3236 1022 3273 sine
1042 3236 1382 3284 comprehensione

325 3297 380 3326 est
407 3289 612 3326 beatitudo.

379 3354 413 3379 2.
444 3343 677 3388 PkAETEREA,
706 3341 898 3378 beatitudo
927 3349 983 3378 est
1008 3341 1188 3390 perfectio
1217 3341 1382 3378 hominis

325 3394 537 3432 secundum
565 3394 832 3432 intellectivam
859 3402 1021 3442 partem,
1047 3395 1086 3431 in
1106 3406 1181 3442 qua
1198 3406 1276 3430 non
1296 3401 1383 3430 sunt

325 3447 420 3484 aliae
446 3447 639 3496 potentiae
672 3459 788 3495 quarn
816 3447 1024 3484 intellectus
1053 3454 1089 3483 et
1116 3447 1312 3493 voluntas,
1341 3454 1383 3483 ut

1435 2973 1473 3010 in
1500 2974 1629 3010 Primo
1658 2973 1678 2995 ’¹‘
1696 2974 1836 3010 dictum
1857 2981 1922 3010 est.
1944 2974 2019 3010 Sed
2039 2973 2246 3011 intellectus
2265 2975 2492 3012 sufficienter

1435 3026 1627 3074 perficitur
1654 3039 1722 3074 per
1748 3026 1935 3063 visionem
1964 3026 2054 3074 Dei,
2082 3027 2259 3064 voluntas
2279 3034 2405 3064 autern
2423 3040 2493 3076 per

1436 3078 1724 3115 delectationem
1753 3078 1791 3115 in
1819 3078 1913 3127 ipso.
1944 3079 2045 3126 Ergo
2069 3091 2148 3116 non
2167 3080 2366 3128 requiritur
2385 3092 2492 3117 corn-

1435 3131 1636 3179 prehensio
1666 3138 1847 3179 tanquam
1876 3131 2031 3179 aliquod
2059 3131 2222 3169 tertium.

1490 3185 1524 3220 3.
1555 3185 1793 3230 PRAETEREA,
1829 3183 2023 3221 beatitudo
2050 3184 2089 3221 in
2117 3184 2336 3233 operatione
2371 3185 2492 3222 consi-

1435 3236 1506 3273 stit.
1536 3236 1787 3284 Operationes
1815 3243 1942 3273 autem
1963 3237 2259 3274 determinantur
2278 3237 2490 3274 secundum

1435 3289 1595 3326 obiecta.
1618 3289 1778 3326 Obiecta
1797 3296 1924 3326 autem
1939 3290 2124 3337 generalia
2144 3298 2230 3326 sunt
2251 3280 2339 3337 duo,
2355 3302 2492 3326 verum

1436 3349 1472 3378 et
1491 3342 1657 3378 bonum:
1677 3354 1814 3378 verum
1834 3342 2104 3391 correspondet
2120 3342 2270 3389 visioni,
2292 3349 2327 3378 et
2346 3343 2491 3379 bonum

1436 3394 1708 3443 correspondet
1735 3395 1972 3431 delectationi
1997 3400 2024 3431 α.
2055 3396 2156 3443 Ergo
2186 3407 2263 3431 non
2291 3395 2493 3443 requiritur

1435 3447 1726 3495 comprehensio
1757 3447 1862 3495 quasi
1891 3447 2043 3496 aliquod
2070 3447 2234 3484 tertium.

378 3544 405 3578 σι)
426 3544 600 3569 delectationi.
619 3557 638 3562 —
657 3543 793 3568 dilectioni
810 3544 855 3568 Pa.

2512 1306 2593 1354 sfff:
2603 1312 2698 1354 1¹2¹‘01¹.¹'11¹.'
2709 1317 2721 1322 ‘

2512 1699 2520 1707 ·
2536 1697 2572 1719 Cf.
2587 1703 2649 1720 num.
2665 1703 2681 1718 1.

2514 2003 2525 2013 '³
2536 2002 2592 2029 Cap.
2601 2008 2618 2023 t.
2626 2013 2637 2018 -
2645 2001 2724 2023 S-Th.

2514 2029 2567 2050 lect.
2576 2034 2602 2050 ιι.

2514 2317 2526 2328 ⁴
2541 2317 2576 2339 ef.
2587 2323 2651 2339 num.
2660 2323 2676 2339 ι.

2517 2986 2527 2997 “
2538 2985 2585 3013 Qu.
2595 2991 2666 3007 unx
2675 2990 2730 3014 sqq.
