2852 4152
95 685 105 694 ·
125 684 132 690 “
147 682 306 711 p.u.-S.Th.

94 710 148 732 lect.
161 715 178 732 1.

91 1546 104 1558 ·
117 1545 166 1574 Qu.
179 1551 221 1573 vu,
235 1548 278 1568 nrt.
289 1551 306 1567 1.

93 1596 304 1622 ''S-stlocum-

91 1623 147 1647 ma.
158 1622 202 1646 us.
211 1623 242 1652 v,
251 1629 304 1652 cap.

91 1655 124 1679 tv,
137 1656 161 1673 ιι.
174 1655 192 1672 ι.

90 1987 303 2077 btffl't‘gt

90 2080 117 2103 n,
131 2080 156 2097 n.
170 2080 179 2097 ι
192 2081 244 2104 sqq·

993 246 1258 292 QUAESTlo
1287 246 1428 293 xvm,
1457 247 1751 284 ARTlcULUS
1784 249 1833 284 111

2422 265 2490 301 ¹29

1009 366 1336 398 Commentaria
1359 365 1606 400 Cat-‹hnalis
1627 367 1824 400 Caietam

398 463 469 483 mCA
492 453 659 484 articulum
683 454 858 484 secundum
883 455 1075 495 quaestionis
1096 455 1246 491 eiusdem,
1271 455 1390 486 omisso

336 464 518 537 Cprimo,
543 497 667 527 adverte
691 497 805 537 primo,
831 499 918 538 quod
937 501 1067 534 Auctor,
1090 499 1179 539 quasi
1198 499 1269 539 plus
1291 499 1390 530 deter-

333 541 459 571 minans
481 550 579 581 quam
602 541 785 581 quaesierit,
810 552 875 572 non
899 543 1006 572 solum
1029 543 1102 573 dicit
1124 544 1212 583 quod
1235 549 1322 578 actus
1346 550 1392 574 est

333 585 438 616 bonus
461 584 621 614 moraliter
645 594 681 614 ex
705 585 840 622 obiecto,
857 586 911 616 sed
927 587 1016 626 quod
1031 587 1124 617 habet
1139 587 1312 617 bonitatem
1328 587 1391 627 pri-

334 638 423 659 mam
445 635 476 659 et
498 627 676 668 specificam
699 629 737 659 ab
762 639 811 660 eo.
841 629 927 660 Cum
950 630 1035 660 enirn
1059 631 1163 661 omnis
1186 631 1328 671 quaestio
1352 630 1392 661 sit

335 671 478 714 quaestio
494 671 600 707 medii,
613 679 649 703 ut
665 679 750 712 patet
765 673 792 703 II
802 673 922 703 Poster.
935 673 961 710 *‚
979 674 1098 713 optime
1113 675 1282 717 respondet
1297 673 1392 705 simul

334 715 410 756 quia
432 722 493 752 est,
523 722 554 746 et
580 723 709 756 propter
739 716 817 757 quid
846 723 893 747 est
920 724 1006 748 actus
1033 718 1137 748 bonus
1167 717 1327 749 moraliter
1355 728 1391 748 ex

334 759 474 791 obiecto:
498 759 574 800 quia
597 759 713 791 scilicet
735 767 782 791 est
803 760 984 800 specificans
1007 762 1157 801 primum.

399 803 536 835 Adverte
559 804 706 834 secundo
723 805 821 845 quod,
844 805 917 836 licet
937 805 971 836 in
994 805 1099 845 primo
1121 806 1252 842 horum,
1276 805 1393 836 scilicet

333 847 423 888 quod
445 847 546 888 prima
561 848 685 878 bonitas
701 849 828 879 moralis
844 848 876 879 in
891 856 962 880 actu
978 850 1018 880 sit
1032 859 1069 880 ex
1085 849 1220 885 obiecto,
1242 855 1391 888 sequatur

333 891 446 923 Scotus
461 892 608 922 Auctoris
632 892 821 929 doctrinam3
845 893 878 923 in
901 893 1041 924 secundo
1059 900 1167 924 tamen
1189 892 1306 923 horum
1330 892 1390 922 dis-

1444 456 1547 493 sentit,
1563 456 1596 487 in
1615 457 1782 494 Quolibet„
1803 467 1857 498 qu.
1869 458 1981 494 XVIII,
1998 465 2053 488 art.
2077 469 2102 494 1,
2119 466 2232 499 putans
2248 462 2335 500 quod
2351 462 2495 493 determi-

1444 499 1530 530 natio
1554 511 1590 530 ex
1613 500 1737 531 obiecto
1765 501 1808 531 ita
1835 501 2003 532 constituat
2034 502 2205 532 bonitatem
2235 511 2321 534 actus
2351 507 2493 542 moralis,

1427 575 1429 578 ⁴
1443 544 1533 584 quod
1556 544 1676 574 nullam
1699 544 1877 585 specificam
1900 545 2073 576 bonitatem
2088 546 2139 576 det
2152 546 2208 582 illi,
2225 547 2278 577 sed
2295 549 2495 587 capacitatem

1445 588 1549 617 omnis
1573 588 1720 619 bonitatis
1748 588 1909 628 specificae
1932 589 1964 619 in
1987 599 2098 629 genere
2126 590 2233 621 moris.
2257 591 2344 621 Haec
2366 593 2495 632 quidem

1444 631 1527 667 dicit,
1548 632 1603 662 sed
1618 642 1684 663 non
1699 633 1821 672 probat.
1837 633 1880 663 Et
1895 639 2000 664 tamen
2015 640 2138 664 constat
2152 635 2240 674 quod
2254 644 2357 665 amare
2380 636 2495 672 Deum,

1445 681 1476 705 et
1498 674 1609 705 odium
1632 674 1705 712 Dei,
1730 683 1817 707 actus
1839 676 2089 713 matrimonialis,
2106 677 2304 714 adulterium,
2327 685 2358 709 et
2372 679 2494 716 similia,

1445 717 1617 749 bonitatem
1641 727 1671 750 et
1694 719 1846 750 malitiam
1873 719 1989 751 habent
2018 720 2195 761 specificam
2224 731 2261 752 ex
2289 721 2430 759 obiectis;
2453 723 2496 754 ita

1445 761 1533 802 quod
1561 772 1627 792 non
1655 763 1760 794 solum
1788 764 1962 795 bonitatem
1983 765 2034 795 vel
2063 764 2215 795 malitiam
2238 765 2413 805 generiem
2440 776 2495 797 seu

1445 814 1651 836 communem
1674 807 1726 837 dat
1748 807 1922 844 obiectum,
1947 815 1983 839 ut
2005 809 2051 839 uti
2074 818 2106 839 re
2135 819 2191 839 sua
2213 816 2268 840 aut
2294 808 2413 846 aliena;
2441 811 2497 840 sed

1445 849 1539 880 etiam
1567 850 1838 890 specialissimam,
1861 862 2006 892 generare
2033 863 2070 883 ex
2098 853 2224 893 propria
2252 860 2306 885 aut
2332 863 2369 884 ex
2396 854 2498 884 aliena

1444 903 1551 924 uxore.

1130 1070 1444 1112 ARTICULUS
1473 1069 1699 1113 TERTIUS

685 1163 840 1193 UTRUM
863 1162 998 1194 ACT1o
1022 1162 1202 1193 HOMINIS
1226 1163 1292 1193 εῖτ
1314 1162 1433 1194 BONA
1456 1163 1541 1194 VEL
1562 1164 1685 1194 MALA
1707 1165 1764 1196 Ex
1788 1165 2142 1197 CIRCUMSTANTIA

979 1240 1000 1264 11
1019 1239 1102 1268 Sent„
1122 1240 1179 1264 dist.
1197 1247 1262 1268 xxvr,
1281 1244 1328 1264 art.
1349 1239 1377 1269 5;
1398 1240 1440 1264 De
1457 1240 1540 1269 Malo,
1560 1248 1604 1273 qu.
1617 1249 1645 1271 11,
1664 1246 1711 1266 art.
1728 1249 1754 1274 4.
1773 1243 1805 1267 ad
1825 1242 1849 1268 5.

369 1347 431 1373 ,24
454 1356 505 1373 fl<
527 1339 568 1364 D
595 1338 754 1363 TERTIUM
774 1338 827 1362 εις
846 1338 1084 1363 Paocssmrua.
1103 1326 1262 1362 Videtur
1285 1326 1390 1374 quod

362 1350 525 1421 Ὄῖή(
544 1379 642 1416 actio
662 1391 741 1415 non
760 1378 806 1414 sit
824 1379 927 1414 bona
957 1380 1020 1415 vel
1048 1380 1149 1415 mala
1167 1390 1213 1415 ex
1233 1378 1389 1415 circum-

352 1436 362 1474 )
372 1423 401 1477 ᾖ
419 1449 471 1475 v
482 1417 513 1472 ’ἢ
528 1430 692 1468 stantia.
705 1431 1017 1468 Circumstantiae
1034 1431 1135 1467 enim
1152 1431 1391 1468 circumstant

353 1443 535 1519 ΫᾸΨΧκ
546 1491 673 1520 actum
705 1483 800 1520 sicut
828 1491 930 1520 extra
961 1484 1087 1532 ipsum
1115 1484 1325 1530 existentes,
1349 1491 1391 1520 ut

332 1536 476 1573 dictum
505 1543 561 1573 est
579 1535 611 1573 ²¹⁸.
641 1536 718 1573 Sed
737 1537 876 1573 bonum
906 1542 942 1572 et
966 1536 1110 1573 malum
1128 1542 1216 1574 sunt
1240 1537 1277 1573 in
1302 1537 1390 1584 ipsis

332 1589 454 1634 rebus,
486 1595 528 1625 ut
556 1588 690 1626 dicitur
717 1588 755 1625 in
782 1590 834 1626 VI
868 1590 1084 1637 Metaplzys.
1112 1589 1132 1611 '¹‘
1160 1590 1262 1641 Ergo
1291 1589 1387 1626 actio

331 1654 412 1679 non
446 1638 565 1679 habet
599 1641 809 1679 bonitatem
837 1642 900 1679 vel
932 1642 1114 1679 malitiam
1148 1654 1193 1678 ex
1229 1642 1390 1678 circum-

333 1694 477 1732 stantia.

386 1759 422 1784 2.
442 1747 676 1794 PRAETEREA,
691 1747 840 1783 bonitas
854 1747 917 1784 vel
935 1747 1076 1783 malitia
1090 1754 1194 1784 actus
1223 1747 1389 1784 maxime

332 1799 593 1837 consideratur
610 1799 650 1836 in
668 1799 839 1837 doctrina
858 1812 1024 1837 morum.
1047 1799 1124 1837 Sed
1144 1799 1389 1837 circumstan-

331 1853 426 1900 tiae,
455 1864 544 1889 cum
577 1852 651 1890 sint
677 1852 868 1900 quaedam
896 1853 1106 1890 accidentia
1133 1860 1305 1901 actuum,
1333 1854 1389 1890 vi-

331 1906 468 1944 dentur
501 1917 582 1942 esse
613 1913 763 1954 praeter
791 1905 1134 1943 considerationem
1162 1906 1270 1943 artis:
1300 1906 1389 1955 quia

331 1958 436 1996 nulla
461 1970 527 1995 ars
554 1959 766 1995 considerat
790 1959 831 1995 id
856 1959 957 2007 quod
982 1965 1037 1995 est
1055 1970 1128 2006 per
1145 1959 1327 2005 accidens,
1348 1967 1389 1996 ut

332 2011 466 2049 dicitur
493 2011 533 2048 in
558 2011 610 2048 VI
629 2012 845 2060 MetaphyS.
866 2011 886 2033 '¹‘
914 2012 1015 2058 Ergo
1044 2011 1194 2048 bonitas
1219 2013 1282 2048 vel
1309 2024 1388 2048 ma-

330 2064 407 2102 litia
433 2063 591 2100 actionis
618 2076 698 2101 non
726 2071 782 2100 est
809 2076 855 2100 ex
883 2063 1172 2101 circumstantia.

386 2117 422 2154 3.
441 2117 679 2164 PRAETEREA,
704 2116 743 2153 id
771 2116 878 2164 quod
906 2117 1084 2154 convenit
1117 2116 1227 2153 alicui
1255 2128 1388 2154 secun-

333 2169 427 2207 dum
454 2182 564 2206 suam
602 2169 870 2217 substantiam,
900 2182 978 2206 non
1015 2169 1226 2206 attribuitur
1260 2169 1293 2206 ei
1320 2182 1388 2218 per

331 2222 485 2271 aliquod
504 2222 692 2259 accidens.
714 2222 792 2259 Sed
819 2223 965 2259 bonum
987 2230 1022 2258 et
1041 2223 1185 2259 malum
1211 2222 1388 2259 convenit

275 2297 277 2299 ·
332 2275 470 2312 actioni
498 2275 710 2311 secundum
739 2288 847 2312 suam
877 2275 1143 2312 substantiam:
1173 2275 1262 2323 quia
1289 2275 1387 2312 actio

93 2393 103 2404 ·
115 2393 168 2415 Art.
181 2392 289 2420 praeced.

91 2545 104 2558 1

111 2545 140 2568 Ε

140 2545 304 2595 ἓέᾓνῑὲἓ

92 2578 138 2622 -Ξε

331 2340 378 2364 ex
406 2340 475 2364 suo
504 2339 641 2375 genere
669 2335 795 2376 potest
822 2340 904 2365 esse
933 2329 1035 2364 bona
1053 2329 1114 2364 vel
1135 2329 1246 2375 mala,
1275 2335 1317 2364 ut
1335 2328 1388 2364 di-

332 2388 436 2417 ctum
455 2387 511 2417 est
528 2379 559 2417 *.
581 2381 684 2428 Ergo
707 2393 787 2417 non
807 2380 986 2418 convenit
1005 2380 1143 2417 actioni
1164 2393 1209 2417 ex
1229 2381 1388 2418 circum-

331 2433 466 2471 stantia
485 2433 591 2482 quod
619 2433 664 2470 sit
692 2434 794 2470 bona
821 2435 882 2470 vel
910 2434 1022 2470 mala.

386 2486 461 2523 SED
490 2498 636 2523 CONTRA
662 2498 728 2523 as‘r
756 2487 861 2534 quod
890 2486 1144 2534 Philosophus
1167 2486 1265 2533 dicit,
1286 2486 1325 2523 in
1346 2486 1387 2523 li-

331 2539 402 2576 bro
429 2539 548 2576 Ethic.
569 2538 601 2586 ³¹²,
631 2539 735 2588 quod
762 2539 954 2576 virtuosus
983 2547 1162 2587 operatur
1183 2540 1387 2576 secundum

332 2591 434 2640 quod
449 2597 603 2640 oportet,
623 2597 658 2628 et
675 2593 824 2640 quando
844 2598 997 2640 oportet,
1021 2597 1056 2628 et
1072 2593 1275 2629 secundum
1293 2593 1388 2629 alias

332 2644 640 2682 circumstantias.
667 2645 768 2692 Ergo
789 2657 835 2681 ex
859 2644 1045 2681 contrario
1065 2644 1235 2692 vitiosus,
1256 2657 1388 2682 secun-

333 2696 426 2733 dum
443 2696 748 2745 unumquodque
762 2697 909 2744 vitium,
930 2704 1108 2745 operatur
1135 2697 1388 2745 quando'non

334 2757 493 2797 oportet,
513 2749 579 2786 ubi
606 2762 685 2786 non
713 2758 877 2798 oportet,
908 2757 944 2786 et
970 2750 1024 2786 sic
1051 2750 1098 2787 de
1118 2750 1200 2787 aliis
1228 2750 1386 2787 circum-

333 2801 486 2839 stantiis.
503 2803 605 2850 Ergo
621 2802 787 2839 actiones
801 2804 990 2840 humanae
1006 2803 1215 2840 secundum
1230 2804 1389 2840 circum-

333 2854 486 2891 stantias
515 2862 602 2891 sunt
628 2856 753 2892 bonae
780 2857 843 2892 vel
871 2857 1004 2893 malae.

386 2909 611 2945 Resposmzo
639 2920 824 2946 menapum
843 2909 949 2956 quod
967 2908 1005 2945 in
1025 2909 1137 2945 rebus
1157 2909 1388 2946 naturalibus

386 3047 413 3114 ἕξ
433 3047 685 3114 ἒῑιὲεῑνέιιιίξνῗτῗὸυε.
703 3096 723 3101 -
740 3082 1019 3114 superadvenientibus
1043 3081 1237 3107 ABCDEGHK.
1257 3095 1275 3099 -
1294 3082 1345 3106 Pro
1364 3085 1389 3107 et

332 3118 497 3146 huiusmodi,
519 3120 544 3142 et
562 3117 624 3142 aliis
642 3118 794 3142 huiusmodi
812 3117 857 3148 sD,
876 3120 903 3142 et
920 3118 958 3142 sic
976 3118 1009 3142 de
1026 3117 1087 3141 aliis
1106 3117 1151 3142 Pa.

475 3607 583 3631 Summas
602 3606 702 3630 Tuam„
723 3606 754 3630 D.
766 3605 880 3629 Tnoms
899 3605 931 3630 Τ.
949 3605 988 3629 111.

1445 1339 1523 1364 non
1559 1329 1748 1366 invenitur
1783 1338 1860 1367 tota
1896 1331 2091 1379 plenitudo
2127 1333 2366 1380 perfectionis
2398 1346 2496 1381 quae

1445 1379 1603 1417 debetur
1638 1382 1691 1418 rei
1712 1388 1748 1429 ²,
1784 1395 1828 1419 ex
1860 1384 1983 1421 forma
2018 1385 2269 1433 substantiali,
2303 1398 2400 1434 quae
2434 1386 2498 1423 dat

1444 1433 1629 1480 specie-1113
1660 1435 1727 1471 sed
1754 1437 1917 1473 multum
1955 1438 2216 1485 superadditur
2244 1450 2289 1475 ex
2316 1451 2496 1488 superve-

1444 1484 1631 1522 nientibus
1660 1485 1674 1515 β
1702 1487 1974 1535 accidentibus,
2002 1490 2097 1526 sicut
2125 1491 2164 1527 in
2194 1492 2350 1528 homine
2379 1504 2424 1529 ex
2451 1493 2494 1529 fi-

1443 1549 1547 1584 gura,
1569 1550 1614 1575 ex
1635 1540 1773 1586 colore,
1795 1547 1831 1576 et
1849 1541 2088 1588 huiusmodi;
2114 1555 2278 1590 quorum
2294 1545 2323 1581 si
2343 1545 2495 1594 aliquod

1444 1590 1540 1627 desit
1566 1591 1615 1628 ad
1644 1591 1842 1628 decentem
1870 1593 2138 1641 habitudinem,
2160 1597 2400 1644 consequitur
2417 1609 2496 1634 ma-

1443 1643 1534 1679 lum.
1566 1644 1620 1680 Ita
1657 1643 1770 1680 etiam
1803 1652 1858 1681 est
1893 1646 1932 1683 in
1969 1647 2127 1684 actione.
2163 1649 2266 1685 Nam
2301 1650 2494 1697 plenitudo

1443 1695 1619 1732 bonitatis
1655 1697 1735 1733 eius
1771 1709 1850 1734 non
1877 1706 1955 1735 tota
1983 1699 2149 1736 consistit
2184 1701 2223 1736 in
2251 1714 2319 1737 sua
2351 1702 2494 1750 specie,

1443 1748 1511 1784 sed
1539 1749 1679 1796 aliquid
1709 1749 1858 1786 additur
1886 1763 1930 1787 ex
1956 1751 2014 1788 his
2048 1764 2145 1800 quae
2183 1753 2390 1791 adveniunt
2415 1762 2496 1790 tan-

1444 1812 1559 1849 quam
1596 1802 1804 1839 accidentia
1838 1805 2037 1851 quaedam.
2076 1806 2125 1841 Et
2157 1806 2375 1843 huiusmodi
2411 1814 2498 1844 sunt

1444 1853 1744 1892 circumstantiae
1762 1855 1923 1893 debitae.
1940 1857 2048 1894 Unde
2068 1858 2097 1894 si
2117 1858 2255 1907 aliquid
2271 1859 2365 1896 desit
2392 1859 2497 1908 quod

1443 1906 1654 1954 requiratur
1690 1908 1738 1945 ad
1775 1909 1928 1946 debitas»
1957 1910 2270 1958 circumstantias,
2299 1911 2365 1948 erit
2399 1912 2494 1948 actio

1443 1961 1554 1996 mala.

1495 2014 1554 2049 AD
1582 2024 1719 2050 ramum
1738 2025 1836 2051 ERGO
1855 2026 2037 2052 DICENDUM
2066 2016 2171 2063 quod
2195 2015 2494 2053 circumstantiae

1443 2073 1529 2101 sunt
1557 2073 1659 2102 extra
1677 2066 1877 2114 actionem,
1898 2067 2124 2115 inquantum
2144 2079 2222 2105 non
2249 2076 2336 2105 sunt
2363 2069 2410 2106 de
2438 2081 2495 2106 es-

1443 2118 1560 2154 sentia
1588 2118 1764 2156 aetionis:
1786 2127 1872 2156 sunt
1899 2127 2028 2157 tamen
2047 2121 2086 2157 in
2111 2121 2194 2169 ipsa
2217 2121 2363 2158 actione
2390 2123 2494 2158 velut

1442 2171 1632 2217 quaedam
1648 2172 1855 2209 accidentia
1875 2173 1965 2210 eius.
1993 2173 2097 2210 Sicut
2121 2181 2157 2210 et
2176 2174 2382 2211 accidentia
2395 2186 2493 2223 quae

1443 2231 1529 2260 sunt
1555 2223 1595 2259 in
1622 2225 1836 2261 substantiis
1863 2226 2105 2272 naturalibus,
2127 2233 2213 2263 sunt
2241 2233 2342 2263 extra
2371 2238 2494 2263 essen-

1442 2275 1511 2312 tias
1540 2287 1684 2312 earum.

1495 2330 1553 2365 AD
1582 2341 1770 2365 SECUNDUM
1798 2341 1982 2366 D1CENDUM
2010 2331 2115 2378 quod
2140 2343 2221 2374 ⁴non
2245 2330 2375 2367 omnia
2402 2332 2495 2367 acci-

1443 2381 1569 2418 dentia
1595 2394 1663 2430 per
1691 2381 1865 2419 accidens
1885 2395 1924 2419 se
1951 2383 2093 2419 habent
2120 2383 2168 2420 ad
2188 2395 2255 2419 sua
2283 2383 2449 2420 subiecta
2467 2389 2494 2430 Υ,

1443 2434 1510 2471 sed
1543 2434 1734 2482 quaedam
1768 2442 1853 2471 sunt
1883 2447 1952 2483 per
1984 2448 2024 2471 se
2065 2435 2291 2481 accidentia;
2326 2448 2423 2484 quae
2456 2436 2495 2473 in

1441 2499 1670 2536 unaquaque
1704 2495 1782 2524 arte
1813 2488 2106 2524 considerantur.
2134 2489 2183 2524 Et
2199 2500 2268 2536 per
2293 2489 2395 2524 hunc
2413 2501 2495 2525 mo-

1443 2540 1536 2576 dum
1566 2540 1850 2577 considerantur
1874 2541 2169 2577 circumstantiae
2198 2548 2350 2577 actuum
2370 2541 2408 2577 in
2429 2541 2495 2578 do-

1443 2592 1560 2629 ctrina
1587 2593 1732 2629 morali.

1494 2647 1553 2682 AD
1581 2657 1740 2682 TERTlUM
1768 2657 1949 2682 DICENDUM
1977 2645 2092 2693 quod,
2113 2658 2201 2683 cum
2229 2646 2375 2683 bonum
2405 2658 2494 2683 con-

1441 2705 1608 2735 vertatur
1635 2710 1723 2734 cum
1752 2705 1836 2734 ente
1864 2695 1889 2744 ὃ,
1914 2698 2009 2734 sicut
2027 2710 2094 2735 ens
2123 2698 2256 2735 dicitur
2283 2699 2493 2736 secundum

1443 2750 1689 2787 substantiam
1708 2757 1746 2787 et
1768 2751 1977 2787 secundum
1997 2751 2190 2798 accidens,
2219 2751 2269 2788 ita
2288 2759 2326 2788 et
2348 2752 2494 2788 bonum

1443 2803 1653 2840 attribuitur
1679 2803 1788 2839 alicui
1818 2810 1853 2840 et
1880 2804 2088 2840 secundum
2118 2816 2199 2840 esse
2229 2816 2340 2841 suum
2370 2816 2493 2840 essen-

1442 2856 1539 2903 tiale’,
1561 2863 1598 2892 et
1616 2856 1827 2893 secundum
1848 2868 1929 2893 esse
1949 2856 2190 2903 accidentale,
2210 2864 2288 2893 tam
2316 2856 2354 2893 in
2380 2857 2493 2894 rebus

1443 2909 1686 2956 naturalibus,
1707 2921 1824 2957 quam
1852 2909 1889 2945 in
1917 2909 2127 2946 actionibus
2155 2909 2373 2946 moralibus.

1496 3048 1522 3080 γ)
1541 3055 1590 3072 sua
1607 3048 1733 3076 subjecta.
1751 3062 1768 3066 -
1786 3055 1861 3072 suam
1880 3048 2055 3072 substantiam
2075 3048 2121 3072 Pa.

1496 3081 1520 3115 δ)
1539 3090 1598 3108 cum
1618 3086 1684 3107 ente.
1701 3096 1720 3101 -
1737 3083 1792 3107 enti
1810 3082 1918 3107 codices.

2322 3614 2349 3638 ¹7
