2852 4152
91 747 215 796 ἱηξὲΰω
236 752 305 774 ¹²¹¹

44 1639 46 1642 ·
90 1632 301 1656 'commun-xun-

93 2000 168 2056 *qm
185 2006 247 2028 xux,
262 2004 306 2023 art.

158 2390 242 2406 ‚lm-

3 3716 17 3750 ὅ,

130 1504 233 1526 „momen
291 1503 293 1505 ·
352 1494 361 1518 ί

94 2214 108 2228 ⁸
166 2230 174 2238 .
183 2221 208 2238 n
226 2221 252 2238 n.
261 2222 282 2238 2.
295 2227 306 2232 -

96 2215 176 2264 85:³12.
190 2231 244 2264 le’ct.
257 2249 282 2264 v.

1049 209 1313 254 QUAESTIO
1344 209 1410 255 L1,
1439 209 1734 246 ART1CULus
1765 210 1777 244 1

2427 207 2500 243 325

672 406 674 408 ’
726 414 1135 490 QUAESTIO
1174 415 2104 492 QUINQUAGESIMAPRIMA

437 534 522 574 DE
555 532 759 574 CAUSA
794 533 1115 576 HABITUUM
1150 534 1455 587 QUANTUM
1487 535 1572 575 AD
1608 535 2092 576 GENERATIONEM
2124 534 2391 576 IPSORUM

1113 641 1147 666 ΙΝ
1177 640 1348 671 QUATUOR
1374 640 1575 666 ARTICULOS
1602 641 1718 666 DIVISA

414 746 523 774 amun
537 734 855 772 considerandum
871 743 926 774 est
946 737 992 774 de
1014 748 1128 773 causa
1144 736 1345 774 habituum
1354 736 1386 773 ²¹².

333 746 464 828 DEt
496 787 640 836 primo,
678 795 861 836 quantum
900 789 948 826 ad
977 789 1259 837 generationem
1288 789 1388 838 ipso-

331 853 433 893 rum3
463 840 645 887 secunde,
667 849 851 889 quantum
872 841 920 878 ad
940 841 1238 889 augmentum*;
1266 841 1387 889 tertio,

331 900 516 941 quantum
545 893 595 930 ad
623 870 913 931 diminutionem
944 902 979 930 et
1008 893 1288 942 corruptionem
1317 893 1347 930 ²⁸.

332 945 442 983 Circa
469 945 636 994 primum
664 954 895 996 quaeruntur
922 953 1096 994 quatuor.

384 997 532 1036 Primo:
561 1007 688 1036 utrum
717 998 851 1047 aliquis
879 999 1028 1036 habitus
1056 998 1103 1035 sit
1130 1011 1152 1035 a
1179 1005 1323 1035 natura.

1495 738 1688 774 Secundo:
1709 745 1836 774 utrum
1856 737 1988 787 aliquis
2007 737 2156 774 habitus
2181 749 2225 774 ex
2245 737 2390 775 actibus
2409 750 2496 775 cau-

1548 797 1660 826 setur.

1495 841 1643 931 Τθὲῑίξε
1673 849 1798 878 utrum
1817 854 1886 890 per
1903 854 2024 880 unum
2043 850 2170 880 actum
2189 842 2308 891 possit
2326 842 2495 891 generari

1577 906 1598 930 a
1627 902 1709 931 itus.

1498 946 1659 993 Quarto:
1685 954 1811 983 utrum
1832 947 1944 1002 aliqui
1962 947 2110 984 habitus
2131 947 2203 984 sint
2222 947 2260 984 in
2275 947 2497 986 hominibus

1551 998 1662 1035 infusi
1690 1011 1711 1036 a
1739 999 1836 1036 Deo.

1138 1107 1454 1150 ARTICULUS
1484 1107 1689 1149 PRIMUS

965 1200 1120 1231 UTRUM
1143 1199 1314 1236 ALIQUIS
1337 1200 1523 1230 HABiTus
1547 1199 1613 1230 SIT
1636 1202 1665 1230 A
1687 1177 1866 1231 NATURA

1243 1277 1320 1307 Infra,
1339 1285 1384 1310 qu.
1403 1284 1476 1307 mu,
1495 1282 1542 1302 art.
1560 1285 1581 1302 1.

384 1394 395 1401 .
418 1381 426 1404 ε
447 1382 457 1397 v
472 1387 518 1421 ox(
542 1377 564 1402 ι)
593 1376 732 1404 PRIMUM
757 1375 810 1401 stc
835 1375 1074 1400 pnocssmrun.
1098 1364 1256 1401 Videtur
1283 1364 1388 1412 quod

383 1457 387 1465 ,
403 1414 412 1434 '¹
425 1425 439 1453 ὲ
466 1415 501 1447 ’ἶν’
542 1411 667 1454 nullus
685 1416 836 1453 habitus
856 1415 901 1452 sit
920 1428 942 1452 a
961 1423 1105 1452 natura.
1123 1417 1270 1452 Eorum
1287 1415 1388 1452 enim

368 1508 371 1510 ,
544 1481 641 1518 quae
670 1475 758 1506 sunt
782 1481 805 1505 a
824 1475 968 1515 natura,
996 1480 1087 1504 usus
1115 1480 1194 1504 non
1222 1468 1390 1505 subiacet

352 1518 370 1524 ”
389 1513 484 1551 “fflffi‘)
500 1512 531 1554 K
543 1521 738 1559 voluntati.
761 1520 838 1559 Sed
852 1521 999 1558 habitus
1017 1526 1071 1557 est
1092 1532 1164 1568 quo
1180 1520 1262 1568 quis
1277 1521 1390 1557 utitur

331 1584 417 1610 cum
435 1556 606 1620 ioluerit,
622 1582 664 1610 ut
683 1573 772 1611 dicit
791 1573 1147 1620 Commentator,'1n
1166 1574 1215 1610 ΙΙΙ
1236 1573 1281 1610 de
1298 1574 1389 1610 Ani-

331 1637 396 1663 ma
414 1625 444 1663 ²¹⁶.
475 1626 577 1674 Ergo
606 1627 754 1663 habitus
783 1639 861 1663 non
890 1633 945 1663 est
973 1639 995 1662 a
1023 1633 1167 1662 natura.

331 1727 334 1732 ι
385 1690 423 1717 2.
452 1679 684 1726 PRAETEREA,
714 1687 847 1717 natura
870 1691 949 1716 non
975 1679 1062 1716 facit
1084 1691 1153 1727 per
1181 1678 1256 1715 duo
1286 1679 1391 1727 quod

331 1743 402 1780 per
414 1743 535 1768 unum
555 1740 680 1780 potest
694 1732 829 1769 facere.
847 1732 922 1769 Sed
937 1731 1127 1780 potentiae
1143 1732 1290 1768 animae
1306 1740 1392 1768 sunt

287 1802 295 1811 ·
333 1797 356 1821 a
380 1791 524 1821 natura.
556 1785 596 1821 Si
623 1785 731 1832 igitur
759 1785 907 1822 habitus
936 1785 1189 1833 potentiarum
1218 1797 1240 1821 a
1259 1793 1392 1822 natura

333 1844 468 1883 essent,
498 1837 647 1874 habitus
677 1845 713 1874 et
739 1837 907 1886 potentia
935 1845 1060 1874 essent
1085 1849 1218 1874 unum.

388 1890 423 1926 3.
453 1890 685 1938 PRAETEREA,
706 1898 839 1927 natura
858 1903 935 1927 non
956 1890 1108 1927 deficit
1100 1903 1140 1927 111
1159 1890 1390 1928 necessariis.

334 1942 412 1979 Sed
439 1943 588 1980 habitus
606 1950 694 1980 sunt
719 1943 920 1980 necessarii
948 1943 996 1980 ad
1017 1944 1114 1982 bene
1143 1943 1390 1992 operandum,

333 2002 375 2032 ut
388 2006 504 2045 snpra
518 1995 539 2017 ¹¹
555 1995 697 2033 dictum
712 2003 778 2033 est.
799 1996 862 2034 Si
853 1996 963 2044 1gitur
976 1986 1126 2033 habitus
1140 1996 1255 2044 aliqui
1271 2003 1394 2033 essent

335 2060 358 2086 a
375 2055 522 2096 namra,
541 2049 690 2086 videtur
712 2050 817 2098 quod
841 2057 975 2087 natura
1002 2061 1082 2086 non
1106 2049 1284 2086 deficeret
1303 2049 1392 2097 quin

334 2113 471 2139 omnes
498 2101 649 2139 habitus
668 2102 902 2140 necessarios
921 2109 1102 2138 causaret.
1130 2102 1239 2139 Patet
1265 2109 1392 2139 autem

335 2154 411 2191 hoc
429 2166 513 2191 esse
532 2155 680 2191 falsum.
701 2155 803 2203 Ergo
826 2155 976 2192 habitus
995 2166 1074 2191 non
1093 2162 1180 2191 sunt
1202 2167 1224 2191 a
1247 2162 1391 2191 natura.

390 2207 466 2244 San
489 2217 635 2244 CONTRA
653 2219 719 2244 EST
739 2208 842 2257 quod
866 2208 904 2244 in
922 2208 974 2244 VI
993 2207 1112 2244 Ethic.
1133 2207 1164 2254 *,
1186 2207 1283 2244 inter
1301 2208 1393 2244 alios

327 2259 487 2297 ‘habitus
513 2260 669 2309 ponitur
697 2260 904 2298 intellectus
931 2259 1218 2309 principiorum,
1247 2260 1311 2308 qui
1340 2267 1395 2297 est

335 2315 359 2348 'a
386 2319 537 2350 natura:
565 2312 667 2350 unde
697 2320 734 2349 et
760 2313 945 2362 principia
972 2312 1096 2362 prima
1129 2311 1302 2350 dicuntur
1329 2325 1394 2350 na-

333 2365 502 2403 ruraliter
529 2365 688 2413 cognita.

336 2439 350 2447 ,.
389 2419 615 2455 Rnspouneo
644 2430 828 2455 DlCENDUM
855 2419 960 2467 quod
993 2417 1133 2466 aliquid
1160 2426 1285 2467 potest
1313 2430 1394 2456 esse

335 2471 506 2508 naturale
532 2470 641 2508 alicui
670 2471 878 2520 dupliciter.
906 2470 997 2509 Uno
1017 2471 1152 2518 modo,
1183 2471 1395 2508 secundum

337 2530 513 2560 naturam
541 2523 696 2573 speciei:
726 2523 821 2561 sicut
848 2524 1017 2560 naturale
1046 2531 1102 2560 est
1129 2524 1276 2560 homini
1314 2536 1394 2561 esse

337 2575 488 2622 risibile,
507 2583 543 2613 et
558 2576 634 2624 igni
652 2576 740 2613 ferri
753 2588 915 2614 sursum.
930 2575 1015 2612 Alio
1031 2576 1163 2624 modo,
1183 2576 1395 2613 secundum

338 2632 513 2665 naturam
542 2628 747 2666 individui:
777 2628 872 2665 sicut
899 2629 1067 2665 naturale
1091 2636 1147 2665 est
1171 2629 1316 2666 Socrati
1335 2629 1396 2666 vel

339 2680 487 2717 Platoni
516 2692 599 2718 &sse
627 2681 902 2729 aegrotativum
922 2682 985 2718 vel
1014 2681 1239 2728 sanativum,
1266 2694 1398 2718 secun-

339 2733 434 2770 dum
443 2733 637 2782 propriam
655 2733 1003 2784 complexionem.-
1015 2735 1173 2781 Rursus,
1185 2734 1396 2772 secundum

340 2792 542 2835 utramque
562 2793 736 2824 naturam
751 2794 875 2836 potest
895 2785 967 2824 dici
986 2786 1125 2836 aliquid
1144 2788 1311 2824 naturale
1332 2788 1398 2824 du-

338 2837 504 2887 pliciter:
528 2851 607 2876 uno
626 2840 758 2886 modo,
778 2838 868 2887 quia
885 2846 1007 2876 totum
1028 2847 1084 2876 est
1102 2852 1125 2876 a
1142 2847 1296 2886 natura;
1325 2840 1399 2877 alio

341 2891 483 2938 modo,
513 2892 602 2940 quia
635 2892 846 2929 secundum
875 2892 1016 2940 aliquid
1044 2899 1100 2929 est
1137 2905 1159 2929 a
1186 2900 1335 2939 natura,
1366 2899 1401 2929 et

341 2944 551 2981 secundum
579 2944 721 2994 aliquid
741 2952 796 2981 est
818 2945 867 2981 ab
887 2945 1060 2981 exteriori
1079 2945 1275 2993 principio.
1298 2945 1402 2982 Sicut

342 3009 431 3034 cum
451 2996 585 3046 aliquis
608 3005 762 3035 sanatur
778 3010 848 3046 per
875 2997 1054 3046 seipsum,
1083 3005 1162 3034 tota
1189 2998 1328 3035 sanitas
1348 3006 1403 3035 est

342 3061 364 3086 a
384 3056 537 3086 natura:
567 3062 654 3087 cum
675 3057 803 3088 autem
832 3049 963 3099 aliquis
992 3057 1143 3087 sanatur
1167 3050 1303 3088 auxilio
1322 3063 1402 3088 me-

343 3101 500 3162 dicinae,
525 3103 664 3140 sanitas
683 3103 816 3152 partim
837 3110 894 3139 est
911 3115 933 3140 a
952 3110 1097 3150 natura,
1116 3102 1252 3151 partim
1273 3103 1320 3140 ab
1341 3116 1402 3140 ex-

341 3155 468 3192 teriori
494 3155 690 3204 principio.

397 3207 459 3245 Sic
487 3208 596 3256 igitur
615 3209 646 3246 si
675 3214 692 3230 ⁶⁸
720 3209 925 3257 loquamur
950 3208 998 3246 de
1025 3207 1155 3245 habitu
1192 3196 1402 3246 secundum

342 3261 448 3309 quod
469 3268 524 3298 est
552 3261 747 3310 dispositio
769 3261 925 3298 subiecti
953 3261 991 3298 in
1012 3261 1143 3298 ordine
1166 3260 1215 3298 ad
1237 3261 1402 3298 formam

341 3314 403 3350 vel
443 3321 638 3362 naturam,
669 3314 840 3362 quolibet
872 3313 1155 3363 praedictorum
1192 3313 1399 3351 modorum

343 3366 522 3414 contingit
536 3366 709 3404 habitum
729 3379 811 3404 esse
834 3367 1057 3405 naturalem.
1074 3367 1141 3404 Est
1161 3366 1261 3404 enim
1280 3366 1404 3416 aliqua

1443 1364 1639 1423 dispositio
1668 1366 1845 1403 naturalis
1875 1379 1971 1415 quae
2006 1367 2164 1404 debetur
2190 1368 2381 1405 humanae
2414 1381 2499 1418 spe-

1443 1416 1523 1463 ciei,
1545 1424 1647 1454 extra
1675 1430 1792 1465 quam
1825 1419 1947 1456 nullus
1974 1419 2093 1456 homo
2113 1420 2312 1458 invenitur.
2329 1422 2378 1458 Et
2403 1422 2499 1458 haec

1444 1476 1500 1505 est
1514 1470 1691 1506 naturalis
1706 1471 1917 1507 secundum
1933 1479 2106 1508 naturam
2123 1472 2306 1521 speciei.-
2283 1474 2396 1510 -Sed
2411 1474 2498 1523 quia

1443 1521 1524 1558 talis
1553 1521 1746 1570 dispositio
1775 1523 1968 1570 quandam
1995 1525 2228 1562 latitudinem
2255 1527 2381 1573 habet,
2411 1539 2499 1563 con-

1443 1573 1548 1621 tingit
1567 1573 1738 1611 diversos
1757 1576 1894 1622 gradus
1908 1576 2127 1614 huiusmodi
2143 1577 2396 1626 dispositionis
2411 1591 2500 1616 con-

1443 1625 1574 1663 venire
1605 1626 1762 1663 diversis
1781 1627 1999 1665 hominibus
2024 1630 2231 1666 secundum
2253 1638 2425 1667 naturam
2445 1631 2499 1667 in-

1447 1679 1599 1716 dividui.
1630 1680 1678 1715 Et
1709 1680 1927 1719 huiusmodi
1961 1681 2155 1729 dispositio
2185 1690 2307 1730 potest
2334 1695 2415 1720 esse
2438 1684 2501 1720 vel

1446 1732 1606 1768 totaliter
1634 1744 1656 1768 a
1680 1740 1833 1769 natura:
1853 1734 1915 1770 vel
1943 1734 2079 1781 partim
2100 1747 2121 1770 a
2140 1742 2273 1771 natura
2302 1743 2337 1771 et
2364 1736 2500 1784 partim

1446 1785 1494 1821 ab
1516 1785 1687 1821 exteriori
1714 1785 1912 1834 principio,
1942 1786 2036 1822 sicut
2059 1787 2199 1824 dictum
2221 1795 2276 1824 est
2294 1788 2341 1825 de
2360 1788 2417 1824 his
2437 1788 2501 1836 qui

1446 1845 1626 1874 sanantur
1652 1850 1721 1886 per
1748 1846 1880 1875 artem.

1501 1890 1577 1927 Sed
1596 1891 1746 1927 habitus
1774 1891 1839 1939 qui
1861 1899 1916 1928 est
1942 1891 2134 1940 dispositio
2155 1893 2203 1929 ad
2227 1893 2499 1941 operationem,

1448 1944 1554 1981 cuius
1582 1943 1794 1980 subiectum
1828 1951 1883 1980 est
1905 1945 2073 1992 potentia
2101 1945 2262 1993 animae,
2291 1953 2332 1982 ut
2358 1946 2499 1982 dictum

1448 2004 1503 2034 est
1527 1998 1559 2043 *,
1579 2004 1703 2045 potest
1731 1996 1885 2045 quidem
1914 2009 1996 2033 esse
2023 1998 2198 2034 naturalis
2227 2005 2263 2035 et
2290 1998 2500 2036 secundum
2527 2007 2683 2035 ‘Qu-um

1448 2057 1623 2087 naturam
1639 2049 1788 2097 speciei,
1819 2056 1855 2086 et
1874 2050 2081 2086 secundam
2109 2058 2284 2087 naturam
2303 2051 2499 2089 individui.

1449 2103 1668 2140 Secundum
1693 2102 1849 2150 quidem
1890 2110 2064 2139 naturam
2097 2103 2256 2151 speciei,
2290 2105 2500 2142 secundum

1447 2155 1552 2204 quod
1579 2167 1619 2191 se
1637 2162 1741 2191 tenet
1768 2166 1812 2191 ex
1831 2162 1938 2203 parte
1961 2155 2077 2204 ipsius
2099 2156 2260 2203 animae,
2281 2169 2391 2205 quae,
2413 2169 2501 2194 cum

1447 2208 1492 2245 sit
1511 2209 1633 2244 forma
1653 2207 1834 2256 corporis,
1855 2215 1910 2244 est
1926 2208 2154 2257 principium
2182 2209 2415 2258 specificum.
2437 2210 2503 2247 Se-

1448 2262 1616 2298 cundum
1645 2267 1772 2296 autem
1800 2267 1974 2297 naturam
2001 2260 2195 2308 individui,
2217 2274 2262 2298 ex
2288 2270 2394 2310 parte
2423 2275 2503 2299 cor-

1447 2313 1562 2362 poris,
1587 2312 1694 2361 quod
1713 2319 1769 2349 est
1795 2312 1985 2350 materiale
2010 2313 2251 2362 principium.
2282 2315 2356 2352 Sed
2376 2322 2503 2352 tamen

1448 2373 1582 2403 neutro
1609 2366 1727 2402 modo
1747 2365 1926 2413 contingit
1950 2365 1988 2402 in
2006 2366 2227 2404 hominibus
2250 2379 2332 2404 esse
2355 2367 2504 2404 habitus

1449 2419 1638 2456 naturales
1666 2418 1716 2455 ita
1741 2418 1845 2467 quod
1872 2418 1944 2455 sint
1969 2419 2130 2456 totaliter
2157 2431 2180 2456 a
2205 2427 2348 2457 natura.
2379 2421 2420 2457 In
2441 2433 2505 2457 an-

2685 2013 2723 2030 .2.

1449 2472 1539 2520 gelis
1558 2471 1747 2520 siquidem
1766 2471 1947 2518 contingit
1959 2471 1990 2518 *,
2013 2484 2058 2508 eo
2079 2472 2183 2520 quod
2203 2473 2344 2509 habent
2362 2473 2505 2522 species
2529 2485 2540 2496 ⁸
2555 2485 2640 2517 1).167,
2654 2491 2700 2515 522.

1449 2524 1693 2572 intelligibiles
1711 2523 1927 2560 naturaliter
1944 2523 2099 2567 inditas‚·
2130 2525 2234 2573 quod
2248 2537 2327 2562 non
2351 2538 2505 2574 compe-

1449 2577 1491 2614 tit
1518 2576 1668 2613 animae
1695 2577 1888 2613 humanae
1907 2574 1934 2622 β,
1954 2583 1995 2613 ut
2018 2576 2056 2614 in
2075 2577 2204 2614 Primo
2226 2578 2244 2598 ‘¹‘
2266 2577 2408 2614 dictum
2437 2586 2503 2615 est.

1451 2690 1632 2741 tanquam
1659 2681 1800 2741 partim
1824 2694 1846 2718 a
1875 2689 2008 2718 natura
2028 2681 2225 2719 existentes
2245 2690 2281 2719 et
2299 2683 2436 2731 partim
2457 2661 2505 2720 ab,

1453 2734 1625 2771 exteriori
1643 2734 1844 2782 principio;
1866 2734 1970 2771 aliter
1988 2735 2173 2794 quidem
2164 2747 2203 2772 ln
2221 2735 2506 2784 apprehensivis

1453 2786 1642 2836 potentiis,
1664 2794 1699 2823 et
1722 2787 1859 2824 aliter
1850 2799 1888 2824 1n
1908 2787 2130 2836 appetitivis.
2161 2789 2202 2824 In
2222 2789 2506 2837 apprehensivis

1454 2840 1557 2877 enim
1575 2839 1751 2888 potentiis
1771 2847 1895 2888 potest
1913 2852 1996 2876 esse
2013 2840 2162 2876 habitus
2181 2840 2359 2877 naturalis
2374 2854 2508 2878 secun-

1455 2894 1547 2930 dum
1568 2892 1863 2940 inchoationem,
1879 2900 1916 2929 et
1935 2893 2144 2930 secundum
2164 2901 2337 2930 naturam
2358 2894 2507 2942 speciei,

1456 2953 1492 2982 et
1519 2945 1730 2982 secundum
1759 2953 1933 2982 naturam
1961 2945 2157 2982 individui.
2188 2945 2407 2983 Secundum
2427 2947 2509 2995 qui-

1456 2999 1546 3036 dem
1560 3005 1732 3035 naturam
1749 2997 1900 3046 speciei,
1913 3010 1956 3034 ex
1971 3005 2077 3046 parte
2093 2997 2209 3047 ipsius
2224 2998 2392 3036 animae:
2414 2999 2509 3036 sicut

1455 3051 1662 3088 intellectus
1681 3050 1951 3099 principiorum
1975 3050 2108 3088 dicitur
2128 3063 2209 3088 esse
2233 3051 2384 3088 habitus
2402 3059 2509 3089 natu-

1457 3103 1554 3140 ralis.
1583 3103 1640 3139 Ex
1668 3102 1750 3151 ipsa
1774 3103 1875 3140 enim
1902 3110 2035 3140 natura
2062 3103 2212 3140 animae
2240 3104 2509 3151 intellectualis,

1457 3156 1635 3193 convenit
1660 3155 1808 3192 homini
1835 3155 1940 3204 quod
1976 3156 2122 3204 statim,
2153 3156 2303 3204 cognito
2331 3157 2422 3205 quid
2455 3165 2510 3193 est

1456 3216 1578 3245 totum
1609 3215 1643 3245 et
1671 3208 1761 3256 quid
1799 3215 1855 3245 est
1880 3220 1989 3257 pars,
2019 3217 2222 3257 cognoscat
2256 3210 2361 3257 quod
2394 3221 2509 3246 omne

1457 3269 1578 3298 totum
1608 3268 1663 3297 est
1682 3260 1805 3298 maius
1825 3273 1893 3298 sua
1911 3268 2038 3310 parte:
2069 3269 2104 3299 et
2131 3261 2251 3299 simile
2269 3267 2286 3289 Υ
2306 3269 2360 3298 est
2383 3261 2422 3299 in
2451 3274 2510 3298 ce-

1458 3314 1556 3351 teris.
1587 3313 1664 3351 Sed
1691 3313 1783 3363 quid
1802 3313 1848 3351 sit
1874 3321 2008 3362 totum,
2038 3322 2075 3351 et
2094 3314 2185 3363 quid
2214 3314 2260 3351 sit
2277 3312 2290 3336 δ
2317 3327 2417 3363 pars,
2447 3326 2511 3351 co—

1458 3378 1640 3415 gnoscere
1663 3379 1742 3404 non
1760 3374 1885 3415 potest
1911 3366 1981 3404 nisi
2008 3379 2078 3415 per
2097 3366 2240 3416 species
2264 3366 2510 3415 intelligibiles

397 3481 423 3511 α)
439 3481 484 3505 Sic
495 3481 579 3514 igitur
588 3481 641 3505 si.-
651 3481 726 3505 Sicut
737 3480 823 3513 igitur
832 3480 856 3505 εἰ
865 3481 893 3511 F,
910 3481 940 3506 Si
951 3481 1036 3512 igitur
1047 3481 1071 3505 sn*
1079 3482 1125 3513 pB,
1138 3481 1169 3505 Si
1177 3480 1263 3513 igitur·
1273 3481 1328 3505 PsB
1338 3486 1364 3505 et
1373 3488 1399 3506 a.
1657 3493 1677 3499 -

397 3514 422 3548 β)
442 3516 548 3541 animae
567 3516 738 3541 humanae.—
750 3516 883 3541 humanae
902 3519 1015 3541 naturae
1034 3516 1080 3540 Pa.

1507 3481 1534 3513 γ)
1553 3480 1646 3505 simile.
1694 3480 1817 3505 similiter
1835 3480 1940 3514 FFGpl.

1507 3514 1531 3547 δ)
1551 3516 1594 3541 sit.
1608 3529 1626 3534 -
1644 3519 1684 3540 est
1703 3515 1902 3540 ABCDEFGIL.

2532 2666 2556 2689 3·

2627 2572 2642 2605 β

1505 2630 1600 2666 Sunt
1619 2641 1708 2676 ergo
1728 2629 1766 2665 in
1780 2629 1997 2666 hominibus
2012 2629 2125 2688 aliqui
2139 2630 2287 2666 habitus
2306 2631 2505 2679 naturales,
2531 2607 2683 2661 quqffi„
2698 2636 2741 2654 “¹-

2634 3311 2649 3336 01

2645 2623 2651 2632 ,
2667 2610 2741 2632 ΕΠ.2;
