2852 4152
122 347 161 395 ὲ.
157 353 202 395 rt:

121 657 131 667 '¹
146 655 211 678 Vera.
222 661 259 683 29.

119 1103 128 1111 ·
147 1101 197 1122 Act.
217 1107 268 1128 cap.
283 1107 313 1121 xx

117 1134 176 1150 vers.
190 1133 223 1156 35.

194 1764 327 1786 .1x‚n.3.-

115 1759 141 1807 S.
151 1785 173 1806 Τ
191 1800 197 1806 .
211 1785 263 1806 lect.
278 1790 317 1805 xiv

117 1867 197 1894 *inea
209 1873 243 1893 ιιι,
258 1871 328 1893 n.15;

116 1900 136 1915 s.
141 1873 189 1915 Thp
196 1894 247 1914 lect.
261 1898 308 1913 v.m

116 1902 328 1966 ‹:f.1ib.v111.cass-z

116 1952 270 1973 x1v‚n.2;s.

117 1962 192 1994 tecm:
179 1979 218 1994 xvr

115 2157 141 2179 s.
136 2130 193 2178 CTE.
202 2135 327 2178 ῗὲἒῗνῖῧῑ·

115 2183 207 2210 ,Vei-s.
216 2189 246 2210 17.

196 2763 331 2784 .v‚n.4.-

122 2784 177 2806 S.T
195 2800 200 2806 .
215 2784 266 2805 lect.
277 2789 299 2804 v.

367 207 410 242 18
818 246 824 251 ,
1081 205 1344 251 QUAESTIO
1375 206 1423 251 11,
1452 205 1746 242 ARTICULUS
1776 205 1807 240 11

361 283 525 320 deservit
561 283 885 332 concupiscentiae
918 283 1174 330 inordinatae,
1204 295 1302 330 quae
1336 295 1414 319 non

207 352 332 373 11111---19
358 335 609 382 modificatur,
625 344 666 373 ut
679 343 781 384 patet
799 348 868 384 per
887 335 1191 384 Philosophum
1183 348 1219 371 m
1236 337 1249 371 I
1270 335 1376 371 Polit.
1394 336 1413 356 ’¹‘

217 374 267 394 lect.
281 379 311 394 νιι
315 379 329 394 ι.

358 388 475 424 Aliter
493 396 621 425 tamen
642 396 696 425 est
724 389 911 425 infinitum
933 388 1160 425 desiderium
1186 386 1413 433 divitiarum,

360 448 397 477 et
425 441 651 477 desiderium
690 441 830 478 summi
859 441 960 477 boni.
991 442 1092 477 Nam
1122 451 1317 475 summum
1347 439 1414 475 bo-

358 506 451 530 nurn
480 501 620 542 quanto
649 493 847 542 perfectius
879 493 1109 542 possidetur,
1135 499 1237 528 tanto
1272 491 1414 539 ipsum-

359 553 438 582 met
461 543 472 569 ξ
493 545 610 593 magis
631 553 791 592 amatur,
814 553 850 582 et
878 545 949 582 alia
982 550 1296 581 contemnuntur:
1326 543 1412 591 quia

359 605 501 645 quanto
521 598 640 645 magis
659 599 828 644 habetur,
849 598 968 645 magis
989 596 1238 644 cognoscitur.
1259 596 1308 632 Et
1327 596 1413 633 ideo

360 650 492 687 dicitur
509 650 624 687 Eccli.
640 663 724 687 xxw
738 650 775 686 *ε
800 651 874 692 Qui
886 651 998 686 edunt
1016 661 1086 695 me,
1102 649 1224 685 adhuc
1239 649 1409 685 esurient.

360 703 436 740 Sed
473 703 511 739 in
548 703 714 752 appetitu
752 702 987 749 divitiarum,
1019 709 1054 738 et
1082 713 1414 749 quorumcumque

1468 283 1735 331 temporalium
1780 283 1991 329 bonorum,
2033 290 2088 319 est
2126 295 2145 319 e
2186 295 2394 320 converso:
2435 294 2524 318 narn

1468 335 1621 384 quando
1642 335 1718 371 iam
1742 334 1940 382 habentur,
1963 335 2044 383 ipsa
2073 343 2377 382 contemnuntur,
2399 342 2435 371 et
2454 334 2526 371 alia

1468 394 1711 435 appetuntur3
1733 386 1942 423 secundum
1959 388 2063 436 quod
2079 388 2308 435 significatur
2323 389 2426 424 Ioan.
2444 399 2479 423 ιν
2492 386 2523 434 *,

1470 451 1557 475 curn
1578 439 1767 475 Dominus
1788 437 1889 475 dicit:
1924 440 1998 482 Qui
2023 441 2113 477 bibit
2129 446 2142 462 ⁰
2162 453 2211 477 ex
2233 442 2305 477 hac
2323 452 2436 488 aqua,
2456 451 2525 488 per

1469 503 1585 538 quam
1619 491 1842 539 temporalia
1873 491 2149 540 significantur,
2178 493 2273 530 sitiet
2300 493 2445 529 iterum.
2475 492 2524 528 Et

1467 544 1543 579 hoc
1561 543 1661 590 ideo,
1683 543 1771 591 quia
1791 555 1924 580 eorum
1943 544 2206 582 insufficientia
2236 545 2354 592 magis
2384 556 2523 591 cogno-

1468 595 1582 631 scitur
1611 607 1697 631 cum
1717 596 1914 633 habentur.
1936 598 1984 634 Et
2011 597 2098 634 ideo
2118 599 2193 634 hoc
2220 598 2343 646 ipsum
2364 596 2525 634 ostendit

1469 659 1602 684 eorum
1626 647 1963 696 imperfectionem,
1985 657 2021 686 et
2049 650 2152 698 quod
2181 651 2219 687 in
2248 651 2299 686 eis
2327 661 2523 686 summum

1469 701 1615 737 bonum
1644 712 1722 736 non
1751 700 1928 738 consistit.

410 833 432 867 ξ)
452 835 599 866 ipsummet.
617 848 635 853 —
654 834 738 866 ipsum
758 834 804 858 Pa.

1516 832 1541 864 ο)
1563 831 1635 856 bibit.
1653 845 1671 850 -
1689 831 1783 856 biberit
1802 832 1847 856 Pa.

1032 916 1360 949 Commentario.
1383 916 1630 949 cardinalis
1653 916 1849 948 Caietam

360 1019 407 1079 IN
431 1008 561 1038 articulo
584 1007 688 1047 primo
712 1005 905 1047 quaestionis
929 1006 1092 1042 secundae,
1114 1005 1147 1035 in
1171 1011 1358 1044 argumento
1381 1004 1413 1034 in
1469 1011 1575 1034 tamen
1593 1004 1794 1040 beatitudine,
1811 1005 1886 1044 quia
1909 1004 2100 1035 beatitudine
2122 1005 2249 1044 indiget,
2267 1007 2439 1038 substantia
2454 1007 2526 1037 bea—

389 1052 583 1091 oppositum,
602 1051 726 1080 adverte
744 1050 842 1090 quod,
859 1049 931 1079 licet
953 1049 1075 1080 beatius
1093 1050 1134 1080 sit
1152 1049 1231 1079 dare
1245 1059 1340 1088 quam
1360 1058 1412 1078 ac-

322 1096 470 1135 cipere,
492 1095 577 1125 iuxta
600 1094 730 1124 Domini
761 1093 947 1124 sententiam
972 1093 1007 1130 *,
1029 1092 1209 1133 simpliciter
1237 1091 1411 1132 loquendo,

356 1139 430 1179 quia
453 1139 525 1168 dare
549 1145 595 1169 est
617 1137 811 1174 affluentiae,
834 1137 973 1177 accipere
996 1136 1198 1176 indigentiae;
1218 1136 1250 1165 in
1274 1134 1423 1165 hominis

1308 1225 1361 1232 -Μ

1469 1047 1610 1078 titudinis
1635 1047 1776 1078 consistit
1798 1047 1830 1078 in
1854 1048 2036 1088 accipiendo
2061 1058 2115 1079 seu
2139 1049 2320 1087 retinendo,
2346 1057 2376 1081 et
2399 1060 2435 1081 ex
2457 1050 2526 1091 ipsa

1468 1097 1595 1121 emanat
1617 1091 1756 1131 erogatio
1781 1097 1816 1121 ut
1839 1101 2045 1132 consequens.

1113 1288 1428 1330 ARTICULUS
1457 1287 1755 1330 SECUNDUS

817 1373 972 1403 UTRUM
996 1371 1249 1402 BEATITUDO
1275 1371 1455 1402 H0M1N1s
1481 1370 1721 1402 CONSISTAT
1745 1371 1787 1401 IN
1810 1371 2059 1403 H0N0R1ssus

1101 1450 1133 1474 111
1154 1450 1232 1474 Cont.
1249 1450 1335 1479 Gent„
1357 1456 1412 1482 cap.
1426 1456 1516 1479 xxvnu
1536 1450 1546 1474 1
1566 1449 1661 1479 Ethic„
1681 1450 1740 1474 lect.
1752 1457 1778 1475 v.

492 1587 661 1682 &stat
669 1644 868 1681 Beatitudo
899 1643 1013 1690 enim,
1043 1643 1123 1680 sive
1152 1642 1326 1689 felicitas,
1357 1650 1412 1679 est

495 1708 499 1716 ¹
541 1698 776 1747 praemium
803 1697 960 1742 virtutis,
980 1703 1022 1733 ut
1045 1695 1300 1744 Philosophus
1324 1695 1413 1732 dicit

354 1752 393 1788 in
413 1754 427 1788 Ι
446 1752 565 1788 Ethic.
589 1750 608 1772 ’¹‘
638 1750 714 1787 Sed
741 1750 867 1786 honor
894 1749 1059 1786 maxime
1085 1748 1235 1785 videtur
1263 1761 1346 1785 esse
1373 1748 1412 1785 id

320 1799 460 1853 quod
489 1811 544 1841 est
561 1803 707 1840 virtutis
735 1801 961 1851 praemium,
989 1808 1032 1838 ut
1050 1801 1305 1850 Philosophus
1327 1801 1414 1838 dicit

355 1858 394 1894 in
423 1857 473 1894 IV
495 1857 614 1893 Ethic.
635 1855 655 1877 ’¹‘
683 1856 784 1903 Ergo
813 1855 852 1891 in
879 1855 1026 1891 honore
1052 1854 1216 1890 maxime
1246 1854 1413 1890 consistit

356 1909 559 1947 beatitudo.

410 1974 444 1999 2.
465 1963 696 2007 PRAETEREA,
718 1960 809 1996 illud
837 1961 941 2008 quod
970 1939 1150 1996 convenit
1177 1960 1262 1995 Deo
1287 1966 1322 1995 et
1352 1971 1412 1995 ex-

356 2014 637 2060 cellentissimis,
654 2012 819 2049 maxime
835 2012 984 2048 videtur
1000 2024 1080 2048 esse
1097 2011 1302 2058 beatitudo,
1313 2023 1412 2058 quae

356 2075 410 2104 est
429 2068 574 2104 bonum
601 2066 825 2115 perfectum.
857 2064 933 2101 Sed
952 2063 1171 2101 huiusmodi
1193 2071 1248 2100 est
1275 2064 1410 2110 honor,

354 2128 395 2157 ut
422 2120 678 2168 Philosophus
716 2117 802 2154 dicit
834 2117 873 2154 in
901 2118 952 2154 IV
978 2117 1098 2153 Ethic.
1130 2117 1150 2138 ²¹²
1177 2117 1225 2153 Et
1253 2115 1367 2153 etiam
1397 2117 1410 2152 I

358 2173 453 2210 Tim.
470 2185 480 2209 1
499 2173 530 2219 ²¹⁸,
551 2172 639 2209 dicit
658 2171 882 2219 Apostolus:
912 2170 992 2206 Soli
1017 2171 1099 2206 Deo
1127 2170 1249 2206 honor
1272 2174 1308 2205 et
1330 2169 1411 2218 glo-

354 2226 424 2262 ria.
446 2226 546 2273 Ergo
576 2225 614 2261 in
641 2224 788 2260 honore
818 2222 986 2260 consistit
1013 2221 1219 2259 beatitudo.

410 2279 702 2323 3:1³RAETEREA,
732 2276 822 2313 illud
851 2276 956 2324 quod
984 2282 1040 2311 est
1067 2274 1233 2311 maxime
1267 2273 1413 2311 deside-

355 2338 477 2367 ratum
505 2331 552 2367 ab
581 2329 813 2375 horninibus,
835 2335 890 2365 est
913 2327 1116 2365 beatitudo.
1143 2326 1221 2363 Sed
1249 2326 1338 2363 nihil
1357 2326 1413 2363 vi-

355 2384 463 2420 detur
478 2395 559 2420 esse
575 2383 695 2430 magis
715 2381 962 2419 desiderabile
982 2381 1031 2417 ab
1055 2379 1275 2416 hominibus
1295 2391 1412 2427 quam

355 2437 495 2473 honor:
517 2436 605 2484 quia
622 2435 799 2473 homines
818 2433 1010 2483 patiuntur
1028 2433 1211 2469 iacturam
1230 2432 1269 2469 in
1293 2431 1413 2468 omni-

355 2490 427 2525 bus
446 2489 523 2525 aliis
552 2489 675 2535 rebus,
695 2500 743 2524 ne
763 2486 951 2535 patiantur
970 2485 1124 2534 aliquod
1144 2485 1412 2522 detrimentum

357 2541 413 2578 sui
440 2541 607 2578 honoris.
637 2542 739 2588 Ergo
769 2540 807 2576 in
833 2540 981 2577 honore
1010 2538 1204 2575 beatitudo
1235 2537 1413 2574 consistit.

410 2594 484 2631 SED
513 2606 669 2640 CONTRA,
691 2592 883 2631 beatitudo
905 2599 960 2629 est
982 2591 1020 2628 in
1039 2592 1164 2628 beato.
1186 2591 1320 2628 Honor
1349 2603 1414 2627 au-

356 2654 435 2683 tem
463 2659 541 2684 non
570 2655 624 2684 est
652 2647 691 2683 in
719 2658 764 2682 eo
794 2645 859 2694 qui
885 2645 1107 2691 honoratur,
1127 2644 1196 2680 sed
1224 2644 1348 2693 magis
1377 2643 1414 2679 in

357 2701 575 2746 honorante,
600 2699 664 2748 qui
692 2698 942 2735 reverentiam
971 2697 1122 2734 exhibet
1149 2697 1348 2743 honorato,
1375 2703 1416 2732 ut

357 2752 612 2801 Philosophus
651 2751 738 2789 dicit
771 2751 809 2788 in
838 2752 851 2787 I
880 2751 999 2787 Ethic.
1024 2750 1044 2772 '³‘
1071 2751 1173 2797 Ergo
1202 2749 1240 2785 in
1268 2749 1415 2787 honore

357 2805 550 2842 beatitudo
579 2817 658 2842 non
687 2803 862 2841 consistit.

411 2860 636 2905 RESPONDEQ
651 2869 834 2894 memnon
854 2855 960 2904 quod
980 2854 1211 2904 impossibile
1227 2861 1283 2890 est
1301 2853 1416 2890 beati-

358 2911 530 2948 tudinem
559 2910 762 2947 consistere
781 2909 818 2946 in
847 2910 1005 2945 honore.
1028 2909 1165 2944 Honor
1184 2906 1286 2943 enim
1315 2906 1415 2943 exhi—

359 2964 469 3000 betur
496 2963 603 3000 alicui
621 2971 775 3012 propter
803 2961 970 3010 aliquam
991 2965 1008 2982 α
1028 2960 1108 2997 eius
1138 2959 1415 3005 excellentiam;

413 3095 440 3128 α)
459 3095 585 3127 aliquam.
602 3108 620 3113 -
638 3094 700 3118 Om.
718 3093 923 3118 ADEFGHIKL.
941 3107 960 3112 -
978 3093 1033 3118 eius
1051 3100 1104 3117 om.
1123 3093 1174 3118 EF.

414 3130 439 3163 β)
459 3130 610 3155 secundum.
623 3143 642 3148 -
659 3129 731 3154 circa
750 3129 796 3153 Pa.

412 3166 439 3199 γ)
458 3165 560 3197 aliquid
579 3164 758 3190 beatitudinis.
776 3177 794 3183 -
812 3163 907 3195 aliquis
927 3163 1098 3189 beatitudinis
1117 3163 1302 3195 ACFGLpBD,
1321 3162 1419 3193 aliquis

362 3201 533 3226 beatitudinis
551 3200 644 3225 modus
663 3200 692 3230 E,
711 3199 806 3231 aliquis
825 3198 997 3223 beatitudinis
1015 3201 1102 3223 status
1120 3199 1152 3223 K.

1466 1544 1502 1573 et
1527 1537 1578 1573 ita
1607 1544 1662 1574 est
1689 1537 1838 1585 signum
1859 1545 1895 1574 et
1920 1537 2180 1574 testimonium
2205 1538 2402 1586 quoddam
2430 1537 2526 1575 illius

1466 1589 1706 1626 excellentiae
1745 1602 1844 1638 quae
1882 1597 1937 1626 est
1982 1590 2020 1626 in
2052 1591 2252 1627 honorato.
2295 1590 2527 1628 Excellentia

1465 1649 1592 1679 autem
1633 1642 1799 1679 hominis
1831 1642 1994 1679 maxime
2028 1642 2230 1679 attenditur
2265 1643 2476 1680 secundum
2508 1641 2526 1672 Ρ

1465 1695 1759 1742 beatitudinem,
1798 1707 1897 1743 quae
1935 1703 1990 1731 est
2023 1695 2190 1732 hominis
2222 1696 2369 1732 bonum
2403 1696 2525 1744 perse-

1466 1755 1586 1793 ctum;
1617 1755 1653 1784 et
1680 1748 1890 1785 secundum
1915 1755 2041 1796 partes
2067 1748 2163 1795 eius,
2181 1748 2290 1785 idest
2312 1748 2526 1785 secundum

1465 1800 1526 1836 illa
1539 1801 1642 1837 bona
1661 1800 1798 1848 quibus
1817 1800 1957 1849 aliquid
1977 1777 2216 1838 beatitudinis
2235 1806 2250 1829 ἵ
2269 1801 2523 1860 participatur.

1465 1854 1514 1889 Et
1540 1853 1628 1890 ideo
1647 1854 1772 1890 honor
1800 1861 1924 1902 potest
1942 1853 2097 1901 quidem
2126 1853 2308 1902 consequi
2328 1853 2526 1890 beatitudi-

1466 1917 1566 1952 nem,
1596 1905 1664 1942 sed
1691 1906 1942 1955 principaliter
1969 1905 2008 1943 in
2027 1918 2074 1942 eo
2098 1905 2291 1943 beatitudo
2320 1906 2525 1943 consistere

1466 1970 1544 1994 non
1570 1965 1705 2006 potest.

1519 2012 1578 2047 AD
1607 2022 1743 2047 ptumum
1771 2022 1868 2047 ERGO
1888 2022 2072 2048 D1CENDUM
2092 2011 2210 2059 quod,
2231 2011 2326 2048 sicut
2353 2011 2525 2048 Philoso-

1466 2063 1566 2110 phus
1593 2062 1736 2100 ibidem
1755 2062 1775 2084 '¹‘
1804 2063 1892 2099 dicit
1909 2061 1934 2109 ὅ,
1963 2064 2088 2099 honor
2116 2075 2195 2100 non
2224 2071 2279 2101 est
2309 2063 2562 2123 praemium·

1465 2115 1611 2152 virtutis
1630 2122 1786 2164 propter
1804 2115 1910 2164 quod
1927 2114 2084 2152 virtuosi
2104 2123 2323 2164 operantur:
2343 2116 2413 2153 sed
2430 2116 2526 2154 acci-

1465 2168 1574 2216 piunt
1591 2169 1780 2204 honorem
1800 2169 1848 2204 ab
1867 2167 2088 2205 hominibus
2114 2168 2199 2204 loco
2223 2168 2395 2217 praemii,
2420 2169 2529 2217 quasi

1466 2232 1490 2257 a
1519 2233 1593 2257 non
1621 2221 1839 2257 habentibus
1875 2221 2018 2268 aliquid
2043 2221 2166 2257 maius
2193 2222 2245 2258 ad
2273 2221 2439 2258 dandum
2467 2221 2524 2258 ⁸²¹⁸.

1466 2273 1612 2310 Verum
1645 2280 1773 2310 autem
1795 2273 2011 2321 praemium
2037 2273 2185 2310 virtutis
2219 2281 2274 2310 est
2300 2273 2382 2322 ipsa
2409 2273 2526 2311 beati-

1467 2327 1571 2372 tudo,
1591 2333 1747 2374 propter
1774 2337 1890 2373 quam
1909 2325 2065 2362 virtuosi
2090 2333 2306 2374 operantur.
2328 2326 2369 2363 Si
2397 2333 2526 2373 autem

1467 2386 1622 2427 propter
1645 2379 1834 2415 honorem
1858 2386 2116 2426 operarentur,
2135 2379 2211 2415 iam
2232 2391 2311 2416 non
2335 2386 2434 2416 esset
2451 2379 2526 2417 v'ir-

1467 2439 1539 2478 tus,
1560 2431 1627 2468 sed
1655 2431 1775 2479 magis
1803 2430 1972 2467 ambitio.

1520 2486 1579 2520 Αι)
1617 2495 1806 2521 SECUNDUM
1843 2495 2026 2520 monimum
2063 2484 2169 2532 quod
2205 2484 2330 2521 honor
2367 2483 2527 2521 debetur

1469 2538 1553 2574 Deo
1583 2544 1618 2573 et
1655 2535 1994 2583 excellentissimis,
2023 2536 2062 2573 in
2090 2536 2239 2584 signum
2270 2537 2332 2574 vel
2359 2536 2526 2579 testimoe

1469 2589 1574 2627 nium
1603 2589 1844 2626 excellentiae
1871 2588 2173 2637 praeexistentis:
2205 2601 2284 2627 non
2312 2589 2418 2638 quod
2445 2589 2526 2638 ipse

1469 2643 1594 2679 honor
1621 2641 1730 2678 faciat
1759 2654 1824 2678 eos
1854 2642 2086 2679 excellentes.

1523 2697 1581 2732 AD
1608 2706 1767 2731 TERTIUM
1805 2706 1988 2732 DICENDUM
2024 2694 2130 2743 quod
2158 2707 2203 2731 ex
2238 2694 2398 2731 naturali
2431 2694 2526 2731 desi-

1470 2747 1576 2785 derio
1611 2747 1867 2794 beatitudinis,
1898 2759 2016 2794 quam
2044 2747 2287 2796 consequitur
2313 2747 2459 2794 honor,
2486 2754 2528 2784 ut

1471 2800 1613 2839 dictum
1643 2807 1698 2836 est
1724 2800 1763 2846 *,
1794 2799 1974 2848 contingit
2005 2800 2108 2849 quod
2147 2799 2324 2836 homines
2361 2799 2526 2836 maxime

1470 2854 1659 2890 honorem
1680 2852 1905 2890 desiderant.
1921 2852 2033 2890 Unde
2052 2860 2239 2901 quaerunt
2251 2852 2428 2890 homines
2447 2864 2527 2889 ma-

1470 2906 1570 2942 xime
1598 2905 1778 2942 honorari
1797 2917 1819 2941 a
1838 2905 2081 2954 sapientibus,
2102 2917 2266 2953 quorum
2285 2904 2424 2942 iudicio
2449 2916 2526 2941 cre-

1471 2960 1565 2997 dunt
1593 2970 1633 2995 se
1662 2970 1742 2995 esse
1773 2958 1994 2995 excellentes
2012 2959 2074 2995 vel
2102 2957 2238 2995 felices.

1524 3090 1550 3122 δ)
1569 3091 1637 3116 sicut
1657 3091 1829 3123 Philosophus
1848 3091 1943 3115 ibidem
1956 3090 2029 3115 dicit.
2042 3103 2061 3108 -
2075 3089 2135 3114 Om.
2146 3089 2192 3114 Pa.
2203 3102 2222 3108 -
2234 3089 2285 3113 Pro
2299 3070 2453 3120 operantur,
2468 3095 2527 3121 ope-

1472 3130 1566 3151 rentur
1585 3127 1695 3151 codices.

1525 3160 1547 3193 ε)
1566 3161 1668 3194 aliquid
1686 3161 1772 3186 maius
1790 3161 1827 3185 ad
1845 3160 1973 3185 dandum.
1990 3172 2009 3179 ·-
2026 3159 2063 3184 ad
2081 3159 2200 3184 dandum
2220 3159 2305 3184 maius
2323 3159 2369 3184 Pa.

1040 3285 1367 3318 Commentaria
1390 3284 1636 3317 cardinalis
1659 3283 1856 3317 Caietam

393 3387 413 3406 N
437 3375 566 3407 articulo
586 3375 736 3411 secundO,
759 3374 792 3404 in
816 3383 961 3413 corpore,
987 3380 1062 3404 nota
1085 3373 1173 3413 quod
1199 3372 1267 3413 ipsa
1290 3371 1418 3402 felicitas

367 3388 556 3450 Iconstituit
578 3419 808 3454 excellentiam;
835 3425 870 3448 ut
898 3427 953 3457 per
976 3417 1037 3448 hoc
1062 3417 1167 3447 videas
1190 3416 1279 3457 quod
1301 3416 1417 3456 angeli,

1474 3372 1652 3411 appetendo
1677 3370 1910 3406 beatitudinem,
1927 3369 2124 3410 appetierunt
2140 3368 2362 3405 excellentiam,
2379 3378 2460 3409 quae
2483 3374 2529 3399 est

1474 3416 1632 3446 obiectum
1657 3414 1818 3455 superbiae
1836 3414 1862 3445 *.

2552 391 2561 400 ·
2576 389 2644 411 Vei-s.
2659 394 2687 416 ¹3-

2577 2068 2654 2091 fflfc.
2666 2069 2709 2091 xib.
2723 2069 2763 2097 ιν,

2553 2101 2705 2144 §mna
2713 2101 2766 2144 ’.Ξεῖ

2552 2253 2564 2265 ‘
2577 2252 2607 2275 D.
2621 2258 2669 2280 7ιο.

2553 2808 2564 2820 “
2578 2807 2604 2829 In
2619 2813 2725 2836 corpore.

2556 3393 2565 3402 ‘
2590 3391 2626 3413 Cf.
2651 3391 2662 3413 1
2687 3391 2746 3413 Pm.
2757 3407 2764 3418 ‚

2556 3423 2598 3445 qu.
2611 3423 2677 3445 mn,
2686 3421 2728 3440 m.
2744 3423 2767 3440 2.
