2852 4152
978 255 1240 303 QUAESTIO
1270 257 1390 304 xvn,
1419 258 1711 296 ART1cULUs
1741 261 1792 295 ix

297 334 524 376 proportionis.
544 332 585 364 Et
607 333 783 363 secundum
806 333 1043 366 similitudinem
1066 335 1211 376 quidem,
1235 341 1355 375 quanto

303 385 392 410 actus
414 383 460 408 est
482 376 629 413 nobilior,
645 383 733 407 tanto
757 378 887 417 propior
909 379 1084 410 secundum
1098 386 1243 410 naturam
1265 389 1355 409 suam

304 428 351 453 est
371 420 495 456 rationi,
512 426 542 451 et
564 420 666 461 aptior
689 427 724 450 ut
748 428 895 462 sequatur
918 432 997 453 eam.
1019 423 1201 454 Secundum
1223 433 1355 463 propor-

303 465 425 496 tionem
452 474 544 500 vero,
566 469 686 505 quanto
709 465 832 495 bonum
863 467 1027 507 proprium
1057 467 1095 497 ad
1119 467 1207 507 quod
1237 467 1356 507 aliquid

304 507 385 539 infra
406 507 606 539 latitudinem
629 506 872 549 obsequentium
897 510 1067 547 ordinatur,
1090 518 1135 541 est
1158 511 1256 551 magis
1281 521 1356 541 con-

303 559 422 583 sonum
443 551 568 588 rationi,
583 557 672 582 tanto
689 552 789 592 magis
812 554 955 584 subditur
978 554 1043 585 eius
1063 554 1208 595 imperio.
1224 554 1356 586 Constat

304 602 411 628 autem
433 596 522 636 quod
545 596 703 636 appetitus
725 597 900 634 sensifivus,
922 604 953 628 et
975 608 1089 639 corpus
1110 606 1223 639 aptum
1246 606 1356 630 natum

305 639 438 681 obsequi
461 639 584 677 rationi,
608 640 652 671 sic
675 651 708 671 se
730 640 847 672 habent
869 643 908 672 ad
931 643 1057 682 propria
1080 644 1172 680 bona,
1194 644 1282 684 quod
1303 643 1356 674 ille

305 694 342 714 ex
371 690 481 714 natura
504 684 631 724 propria
653 684 820 715 inclinatur
849 686 888 716 ad
911 686 1033 717 bonum
1062 688 1253 728 quandoque
1281 697 1355 718 con-

305 727 435 758 trarium
449 727 577 758 rationis
589 752 596 764 ,
616 739 693 759 caro
714 730 797 759 enim
815 732 1006 770 concupiscit
1027 731 1182 762 adversus
1196 733 1354 771 spiritum,

305 776 335 804 et
348 773 481 813 spiritus
495 772 650 803 adversus
665 782 793 803 carnem
805 773 835 803 *:
853 774 936 804 istud
951 784 1025 804 vero
1042 785 1078 805 ex
1094 781 1203 805 natura
1219 785 1276 805 sua
1291 785 1356 804 non

303 816 471 847 inclinatur
493 816 533 846 ad
549 816 672 846 bonum
695 816 860 847 dissonum
878 818 1000 854 rationi,
1021 818 1121 848 immo
1145 829 1162 848 a
1186 825 1295 848 natura
1310 818 1355 848 fa-

303 859 458 890 bricatum
489 867 535 890 est
562 860 666 890 habile
689 861 728 890 ad
751 868 877 892 motum
908 872 1086 892 consonum
1109 862 1232 893 rationi.
1255 862 1355 892 Cuius

304 903 369 934 duo
393 903 482 943 signa
504 911 587 934 sunt.
607 904 758 940 Primum,
776 906 864 945 quod
880 909 1013 945 corpora
1032 905 1173 936 caelestia
1195 905 1235 935 ad
1249 905 1355 935 solum

303 947 489 978 rationalem
511 954 638 978 motum
653 948 769 978 habilia
792 955 875 985 sunt,
895 949 972 979 nihil
989 949 1121 979 omnino
1139 948 1283 979 habentia
1297 949 1355 979 im-

301 989 475 1031 pedimenti
491 991 531 1022 ad
547 991 760 1022 obediendum
778 992 891 1023 rationi
906 992 1040 1023 motrici.
1057 993 1249 1029 Secundum,
1267 993 1355 1033 quod

67 773 117 796 'Ad
126 773 216 801 Galat„
223 779 274 801 cap.

64 807 89 828 v,
102 805 163 822 vers.
177 805 207 828 ¹7·

1379 966 1384 1019 Ι

2390 262 2458 300 125

1408 336 1441 366 in
1464 337 1555 367 nobis
1574 337 1680 367 nullus
1702 346 1805 367 novus
1821 345 1927 368 motus
1942 338 2084 369 animalis
2103 346 2283 370 nostrorum
2299 341 2459 371 membro-

1409 390 1480 410 rum
1503 381 1688 412 subducitur
1710 381 1748 411 ab
1772 382 1948 412 obedientia
1970 382 2114 418 rationis,
2138 383 2197 413 nisi
2224 384 2455 423 pudendorum,

1409 434 1490 465 quae
1513 425 1554 455 ad
1575 425 1711 455 maxime
1734 425 1912 456 delectabile
1936 426 2111 456 secundum
2134 436 2279 462 sensum,
2301 428 2388 467 quod
2411 435 2458 459 est

1410 468 1570 499 obiectum
1592 468 1748 509 appetitus
1772 469 1918 505 sensitivi,
1939 469 2131 505 ordinantur,
2156 470 2194 499 de
2217 480 2282 510 quo
2307 471 2456 510 scriptum

1410 519 1456 542 est
1470 512 1500 542 *3
1522 512 1614 543 Video
1638 513 1736 543 aliam
1761 513 1862 554 legem
1887 514 1918 543 in
1943 513 2089 544 membris
2112 514 2200 550 meis,
2225 519 2455 554 repugnantem

1410 556 1475 596 legi
1497 557 1610 587 mentis
1631 565 1729 592 meae.
1746 557 1914 598 Appetitus
1938 565 2012 596 ergo
2035 556 2206 597 passiones,
2225 557 2296 587 licet
2318 567 2355 587 ex
2369 564 2455 588 natu-

1409 609 1460 629 rae
1482 600 1644 630 nobilitate
1667 601 1766 640 magis
1790 601 1938 632 obediant
1959 600 2071 631 rationi
2099 610 2196 641 quam
2224 601 2364 640 corporis
2387 611 2456 631 mo-

1409 650 1476 679 tus;
1500 651 1628 684 propter
1651 644 1900 675 contrarietatem
1923 651 2028 675 tamen
2050 654 2204 675 annexam
2218 645 2304 675 bono
2327 644 2455 684 proprio

1409 687 1448 717 ad
1471 687 1639 724 rationem,
1660 698 1725 718 non
1748 689 1840 728 plene
1863 688 1976 719 rationi
1999 688 2185 718 subduntur.
2210 688 2340 727 Propter
2368 688 2458 718 cuius

1410 731 1632 761 contrarietatis
1656 731 1822 768 defectum,
1840 732 1980 772 corporis
2003 732 2143 762 membra
2166 731 2256 771 plene
2269 731 2457 761 'subduntur

1409 774 1537 805 rationis
1560 775 1692 814 imperio
1716 776 1755 805 ad
1778 785 1852 806 suos
1876 775 2025 806 animales
2048 783 2163 806 motus.
2181 775 2221 805 Et
2234 775 2296 805 hoc
2310 774 2456 813 intellige,

1410 818 1536 854 novitie‚
1559 819 1688 858 quando
1712 819 1803 849 insita
1826 826 1900 849 sunt
1922 819 2054 850 naturali
2078 818 2298 858 dispositione:
2322 818 2348 847 si
2372 818 2457 848 enim

1409 861 1587 892 infirmitate
1611 868 1665 892 aut
1683 862 1863 892 lassitudine
1886 862 2070 903 indisposita
2093 862 2163 898 sint,
2180 862 2241 892 hoc
2255 872 2292 892 ex
2312 861 2456 891 materiae

1410 905 1590 935 necessitate
1613 905 1774 946 contingit.
1793 906 1961 946 Appetitus
1984 914 2090 937 autern
2106 905 2270 936 sensitivus
2286 915 2323 935 ex
2338 914 2394 934 sua
2409 905 2455 934 in-

1410 949 1578 979 clinatione
1600 949 1733 980 naturali
1755 950 1853 980 tendit
1874 949 1908 980 in
1930 950 2052 980 bonum
2080 949 2244 980 dissonans
2268 948 2397 984 rationi,
2421 954 2458 978 ut

1410 990 1529 1023 dictum
1553 999 1608 1023 est.

1112 1145 1424 1186 ARTICULUS
1455 1144 1653 1186 NONUS

774 1227 928 1258 UTRUM
951 1227 1093 1258 ACTus
1112 1227 1395 1258 EXTERIORUM
1418 1227 1694 1258 MEMBRORUM
1718 1226 1994 1257 IMPERENTUR

503 1295 569 1320 Part.
589 1295 607 1326 1,
627 1303 670 1328 qu.
689 1302 770 1326 mma,
790 1301 837 1321 art.
858 1295 880 1327 3,
901 1297 931 1320 ad
952 1303 981 1325 2;
1001 1295 1072 1325 infra,
1091 1303 1134 1328 qu.
1153 1303 1202 1325 im,
1222 1300 1268 1320 art.
1286 1303 1310 1326 4,
1330 1296 1361 1319 ad
1383 1295 1409 1325 33
1429 1303 1473 1327 qu.
1492 1303 1560 1326 mm,
1580 1301 1626 1320 art.
1646 1303 1673 1325 2;
1687 1296 1712 1320 ἸΙ
1732 1296 1813 1324 8εηὶ.,
1833 1295 1890 1320 dist.
1909 1303 1948 1326 xx,
1966 1303 2009 1328 qu.
2033 1303 2053 1323 1,
2072 1299 2118 1319 art.
2138 1301 2161 1323 2,
2179 1294 2211 1318 ad
2231 1292 2259 1324 35

1146 1331 1187 1354 De
1205 1330 1272 1358 Por„
1292 1338 1335 1362 qu.
1354 1337 1390 1360 111,
1410 1335 1456 1355 art.
1480 1330 1517 1361 15,
1537 1331 1568 1354 ad
1586 1338 1611 1361 4.

416 1436 447 1456 ω
483 1443 485 1447 s
520 1433 531 1450 ·
564 1429 692 1454 Nonum
720 1429 773 1453 Slc
801 1428 1036 1453 PROCEDrrUR.
1066 1416 1223 1453 Videtur
1251 1416 1356 1463 quod

487 1485 490 1488 ’
513 1471 688 1506 membra
717 1470 886 1518 corporis
914 1481 996 1505 nonv
1020 1468 1200 1505 obediant
1223 1467 1356 1504 rationi

322 1552 341 1572 ,μ
368 1537 399 1567 ρ
429 1570 432 1571 ⁷
513 1530 698 1571 quantum
725 1521 774 1558 ad
801 1529 906 1558 actus
933 1533 1035 1558 suos.
1072 1522 1228 1557 Constat
1256 1521 1356 1557 enim

310 1585 317 1595 ⁷
358 1568 446 1609 3²²⁹*
469 1566 501 1609 K
514 1575 620 1623 quod
647 1575 822 1611 membra
851 1574 1019 1622 corporis
1041 1573 1160 1621 magis
1181 1573 1316 1610 distant
1335 1585 1357 1609 a

301 1627 447 1664 ratione
474 1639 591 1675 quam
614 1627 715 1664 vires
739 1627 888 1663 animae
910 1626 1141 1674 vegetabilis.
1164 1626 1240 1662 Sed
1258 1626 1358 1662 vires

302 1680 450 1717 animae
472 1680 693 1728 vegetabilis
707 1692 786 1716 non
806 1679 989 1716 obediunt
1002 1678 1148 1725 rationi,
1163 1685 1204 1714 ut
1218 1678 1358 1715 dietum

303 1740 358 1770 est
375 1732 407 1770 *.
436 1734 538 1780 Ergo
567 1733 687 1769 multo
716 1732 842 1769 minus
869 1732 1044 1768 membra
1072 1730 1252 1779 corporis.

161 1790 180 1810 ⁸
356 1797 391 1823 2.
421 1786 653 1832 PRAETEREA,
684 1797 749 1821 cor
777 1792 832 1821 est
850 1784 1077 1833 principium
1098 1789 1115 1805 α
1134 1791 1261 1820 motus
1281 1782 1359 1819 ani-

301 1838 422 1876 malis.
457 1838 535 1875 Sed
565 1845 692 1874 motus
725 1837 848 1874 cordis
882 1849 960 1873 non
997 1836 1169 1873 subditur
1199 1835 1358 1884 imperio

65 1894 276 1947 mde-
302 1891 474 1928 rationis:
504 1890 591 1927 dicit
621 1890 722 1927 enim
756 1890 961 1937 Gregorius
988 1890 1186 1937 Nyssenus
1213 1888 1233 1910 ²¹⁶
1256 1889 1358 1936 quod

58 1948 171 2005 ξιξ..
181 1927 275 1977 ήῗθ»
295 1943 525 1993 pulsativum
545 1955 619 1980 non
639 1948 691 1979 est
714 1943 958 1990 persuasibile
976 1943 1130 1979 ratione.
1153 1942 1254 1989 Ergo
1273 1948 1357 1979 mo-

301 2004 363 2034 tus
389 1996 653 2034 membrorum
678 1995 932 2043 corporalium
955 2007 1033 2031 non
1052 1995 1221 2031 subiacet
1238 1994 1357 2043 impe-

304 2049 360 2087 rio
388 2048 554 2087 rationis.

358 2103 393 2140 3.
404 2102 637 2148 PRAETEREA,
648 2099 878 2148 Augustinus
890 2099 988 2147 dicit,
1000 2099 1088 2136 XIV
1097 2099 1142 2135 de
1154 2099 1231 2135 Civ.
1243 2099 1318 2135 Dei
1324 2098 1355 2146 ³¹⁶,

304 2155 409 2203 quod
427 2160 548 2191 motus
566 2154 823 2190 membrorum
840 2152 1059 2202 genitalium
1074 2151 1274 2199 aliquando
1290 2152 1356 2188 im-

297 2198 483 2256 portunus
507 2212 570 2252 est,
599 2206 700 2243 nullo
722 2211 914 2253 poscente:
933 2204 1134 2252 aliquando
1154 2209 1277 2240 autem
1296 2205 1357 2240 de-

165 2254 180 2288 β
301 2259 417 2296 stituit
433 2260 647 2304 inhiantem,
668 2264 704 2294 et
720 2270 805 2294 cum
829 2258 866 2294 in
885 2258 1012 2294 animo
1033 2257 1327 2304 concupiscentia
1341 2255 1356 2286 β

290 2313 458 2360 ferveat,
475 2312 603 2360 friget
627 2311 664 2347 in
693 2322 862 2358 corpore.
888 2310 989 2356 Ergo
1013 2316 1140 2345 motus
1163 2309 1356 2346 membro-

303 2375 390 2402 rum
418 2376 496 2401 non
524 2363 708 2400 obediunt
734 2362 878 2399 rationi.

357 2417 431 2454 SED
447 2427 592 2453 CONTRA
606 2427 672 2452 EsT
686 2415 792 2464 quod
806 2413 1036 2462 Augustinus
1052 2412 1149 2460 dicit,
1161 2413 1246 2450 VIII
1262 2414 1358 2450 Con-

290 2471 386 2518 fess.
411 2468 450 2506 *.·
477 2470 646 2516 Imperat
679 2468 828 2504 animus
855 2473 896 2503 ut
920 2472 1115 2503 moveatur
1141 2477 1295 2512 manus,
1325 2471 1361 2502 et

301 2527 405 2559 tanta
437 2527 490 2558 est
515 2521 696 2568 facilitas,
726 2526 767 2556 ut
795 2520 863 2557 vix
889 2531 912 2556 a
945 2519 1094 2556 servitio
1126 2518 1358 2555 discernatur

302 2574 512 2623 imperium.

356 2628 580 2663 Rnsponnsso
617 2636 800 2661 DiCENDuM
837 2623 941 2672 quod
978 2622 1151 2659 membra
1190 2622 1357 2670 corporis

303 2685 391 2715 sunt
417 2690 559 2726 organa
582 2677 772 2726 quaedam
791 2675 1045 2724 potentiarum
1065 2674 1224 2711 animae.
1246 2674 1356 2711 Unde

305 2743 351 2767 eo
380 2731 499 2767 modo
519 2742 596 2778 quo
614 2728 804 2777 potentiae
824 2728 974 2764 animae
993 2739 1033 2764 se
1052 2727 1193 2763 habent
1216 2727 1264 2763 ad
1283 2727 1357 2763 hoc

305 2782 410 2831 quod
429 2782 609 2819 obediant
627 2781 772 2827 rationi,
792 2781 867 2817 hoc
885 2781 1003 2816 modo
1023 2792 1063 2816 se
1083 2779 1223 2816 habent
1243 2779 1356 2816 etiam

305 2834 472 2883 corporis
491 2835 676 2871 membra.
694 2833 794 2879 Quia
812 2832 920 2880 igitur
938 2832 1038 2869 vires
1057 2831 1255 2868 sensitivae
1271 2832 1358 2868 sub-

305 2887 444 2925 duntur
457 2886 618 2935 imperio
634 2885 800 2932 rationis,
812 2897 890 2921 non
905 2891 1030 2921 autem
1040 2884 1138 2921 vires
1153 2885 1355 2929 naturales3

304 2940 391 2977 ideo
421 2951 556 2976 omnes
584 2945 711 2975 motus
738 2937 1000 2974 membrorum
1029 2948 1126 2984 quae
1154 2944 1358 2973 moventur

305 3005 328 3029 a
345 2991 522 3041 potentiis
549 2990 744 3037 sensitivis,
774 2989 985 3026 subduntur
1008 2988 1167 3037 imperio
1188 2988 1356 3033 rationis;

305 3053 432 3081 motus
461 3052 589 3081 autem
617 3043 881 3079 membrorum
910 3041 974 3089 qui
1002 3048 1283 3089 consequuntur
1301 3041 1356 3077 vi-

307 3109 366 3134 res
394 3097 593 3144 naturales,
624 3107 703 3132 non
731 3094 943 3131 subduntur
970 3093 1128 3142 imperio
1158 3093 1322 3129 rationis.

357 3151 416 3186 An
445 3161 581 3186 PR1MUM
608 3159 706 3185 ERGO
734 3158 916 3184 DICENDUM
944 3146 1048 3194 quod
1075 3145 1248 3182 membra
1280 3157 1358 3182 non

306 3209 464 3239 movent
491 3201 625 3250 seipsa,
655 3200 722 3237 sed
750 3206 953 3236 moventur
979 3210 1047 3246 per
1073 3197 1258 3246 potentias
1281 3197 1358 3234 ani-

306 3266 414 3300 mae;
445 3266 604 3303 quarum
642 3252 831 3300 quaedam
866 3258 951 3288 sunt
986 3250 1119 3287 rationi
1158 3249 1358 3287 viciniores

305 3319 423 3355 quam
449 3307 550 3344 vires
577 3305 725 3342 animae
751 3304 982 3352 vegetabilis.

358 3362 418 3397 An
452 3370 640 3396 SECUNDUM
672 3369 855 3395 DICENDUM
892 3356 997 3404 quod
1025 3355 1062 3392 in
1096 3354 1153 3391 his
1185 3366 1282 3402 quae
1311 3354 1359 3391 ad

307 3411 537 3450 intellectum
566 3418 601 3447 et
627 3410 862 3447 voluntatem
889 3408 1087 3457 pertinent,
1117 3407 1282 3456 primum
1306 3406 1360 3443 in-

25 2461 195 2521 “9¹²²

361 3525 389 3558 α)
405 3525 575 3558 principium.
593 3538 611 3542 -
625 3522 787 3555 principium
802 3522 920 3554 primum
941 3522 1051 3546 codices.

361 3558 386 3593 β)
406 3559 623 3592 concupiscentia.
642 3572 661 3577 -
678 3558 872 3589 concupiscenti
889 3557 916 3581 P.

1408 1416 1557 1452 venitur
1583 1417 1622 1452 id
1650 1417 1752 1465 quod
1782 1424 1836 1453 est
1863 1417 2072 1453 secundum
2101 1424 2285 1464 naturam,
2307 1429 2352 1453 ex
2379 1430 2456 1465 quo

1409 1468 1480 1504 alia
1514 1468 1730 1505 derivantur
1752 1469 1789 1505 *ε
1822 1476 1864 1504 ut
1891 1481 1912 1504 a
1945 1469 2156 1515 cognitione
2189 1469 2458 1518 principiorum

1409 1520 1623 1557 naturaliter
1650 1528 1839 1566 notorum,
1869 1521 2029 1567 cognitio
2054 1522 2356 1567 conclusionum;
2382 1529 2418 1558 et
2435 1534 2458 1558 a

1409 1574 1603 1609 voluntate
1643 1573 1728 1609 finis
1766 1573 1978 1608 naturaliter
2015 1573 2231 1619 desiderati,
2270 1574 2459 1611 derivatur

1412 1625 1541 1661 electio
1571 1637 1704 1662 eorum
1734 1637 1831 1673 quae
1865 1632 1950 1660 sunt
1978 1625 2025 1661 ad
2053 1625 2182 1662 finem.
2208 1627 2261 1661 Ita
2289 1626 2399 1662 etiam
2419 1626 2458 1662 in

1412 1678 1669 1726 corporalibus
1706 1677 1872 1714 motibus
1904 1677 2128 1725 principium
2164 1685 2218 1713 est
2251 1678 2458 1714 secundum

1411 1737 1597 1767 naturam.
1627 1730 1855 1778 Principium
1884 1737 2011 1765 autem
2039 1730 2241 1777 corporalis
2260 1738 2384 1766 motus
2404 1738 2460 1767 est

1412 1795 1434 1819 a
1461 1790 1570 1819 motu
1599 1783 1733 1820 cordis.
1754 1783 1864 1820 Unde
1888 1789 2013 1818 motus
2034 1782 2156 1818 cordis
2177 1790 2231 1818 est
2250 1783 2459 1819 secundum

1412 1843 1603 1882 naturam,
1634 1843 1669 1872 et
1699 1848 1778 1872 non
1806 1835 2015 1871 secundum
2047 1835 2298 1871 voluntatem:
2329 1847 2459 1871 conse-

1412 1888 1537 1935 quitur
1565 1888 1665 1924 enim
1699 1888 1793 1924 sicut
1825 1900 1892 1936 per
1920 1900 1959 1923 se
1988 1887 2161 1924 accidens
2194 1887 2331 1934 vitam,
2360 1899 2459 1935 quae

1412 1948 1467 1977 est
1499 1953 1543 1977 ex
1570 1941 1711 1977 unione
1745 1940 1894 1977 animae
1927 1947 1963 1976 et
1991 1940 2168 1988 corporis.
2199 1940 2302 1976 Sicut
2334 1947 2459 1976 motus

1410 1993 1582 2040 gravium
1604 2000 1639 2029 et
1657 1993 1799 2029 levium
1829 1992 2071 2040 consequitur
2098 1993 2260 2029 formam
2288 1992 2458 2029 substan-

1410 2045 1535 2082 tialem
1564 2045 1752 2093 ipsorum:
1782 2046 1881 2082 unde
1907 2053 1983 2081 eta
2002 2052 2203 2092 generante
2230 2045 2376 2080 moveri
2405 2045 2458 2081 di-

1411 2105 1556 2144 cuntur,
1581 2098 1792 2134 secundum
1817 2097 2091 2145 Philosophum
2111 2097 2149 2133 in
2167 2097 2252 2133 VIII
2271 2097 2418 2145 Physic.
2438 2096 2458 2118 '¹‘

1409 2151 1458 2186 Et
1488 2158 1642 2198 propter
1669 2151 1743 2186 hoc
1773 2157 1899 2186 motus
1930 2150 1997 2186 iste
2026 2149 2144 2186 vitalis
2178 2148 2321 2185 dicitur.
2349 2149 2459 2186 Unde

1410 2202 1613 2250 Gregorius
1641 2203 1839 2249 Nyssenus
1857 2201 1877 2223 '¹‘
1901 2201 1988 2238 dicit
2015 2202 2130 2249 quod,
2160 2201 2254 2237 sicut
2280 2201 2460 2248 generati-

1409 2266 1502 2291 vum
1534 2262 1584 2291 et.
1603 2254 1823 2291 nutritivum
1856 2266 1934 2290 non
1966 2254 2094 2290 obedit
2126 2253 2279 2299 rationi,
2312 2254 2362 2289 ita
2390 2266 2460 2289 nec

1409 2307 1670 2356 pulsativum,·
1691 2306 1795 2354 quod
1828 2314 1883 2342 est
1914 2306 2039 2343 vitale.
2073 2306 2306 2342 Pulsativum
2334 2313 2460 2342 autem

1410 2359 1572 2408 appellat
1599 2365 1748 2395 motum
1777 2358 1913 2405 cordis,
1942 2358 2005 2406 qui
2034 2357 2292 2394 manifestatur
2309 2370 2378 2406 per
2395 2370 2459 2394 ve-

1410 2425 1479 2449 nas
1506 2411 1708 2460 pulsatiles.

1463 2467 1522 2501 AD
1541 2476 1698 2501 TERTmM
1719 2474 1900 2500 DICENDUM
1915 2463 2029 2511 quod,
2045 2462 2139 2498 sicut
2157 2461 2386 2509 Augustinus
2406 2462 2461 2500 di-.

1412 2517 1460 2553 cit
1485 2517 1524 2553 in
1543 2517 1632 2553 XIV
1650 2517 1695 2552 de
1720 2516 1798 2552 Ciu.
1818 2516 1893 2551 Dei
1912 2514 1943 2562 ²¹⁸,
1962 2515 2036 2551 hoc
2055 2515 2159 2564 quod
2177 2521 2303 2550 motus
2322 2514 2460 2561 genita-

1410 2570 1500 2606 lium
1516 2569 1778 2605 membrorum
1798 2567 1932 2604 rationi
1950 2579 2028 2603 non
2048 2566 2186 2614 obedit,
2204 2574 2258 2602 est
2272 2578 2317 2602 ex
2334 2579 2460 2614 poena

1410 2621 1575 2669 peccati:
1603 2628 1645 2656 ut
1672 2620 1808 2657 scilicet
1835 2619 1960 2656 anima
1989 2631 2078 2655 suae
2106 2618 2382 2655 inobedientiae
2411 2619 2458 2655 ad

1410 2675 1537 2710 Deum
1565 2673 1604 2709 in
1631 2673 1693 2708 illo
1721 2672 1921 2720 praecipue
1940 2671 2114 2707 membro
2133 2683 2299 2718 poenam
2327 2670 2459 2707 inobe-

1411 2726 1571 2762 dientiae
1595 2725 1766 2773 patiatur,
1787 2736 1855 2772 per
1873 2723 1976 2772 quod
1994 2730 2192 2772 peccatum
2213 2722 2390 2770 originale
2409 2725 2457 2760 ad

1410 2786 1581 2827 posteros
1609 2776 1822 2814 traducitur.

1464 2831 1541 2872 Sed
1560 2829 1648 2878 quia
1666 2841 1734 2878 per
1746 2836 1944 2877 peccatum
1962 2827 2074 2876 primi
2086 2827 2261 2876 parentis,
2278 2834 2319 2863 ut
2331 2827 2426 2863 infra
2438 2826 2459 2848 ²⁸⁹

1412 2883 1564 2929 dicetur,
1590 2889 1722 2918 natura
1742 2889 1797 2918 est
1815 2881 1884 2917 sibi
1911 2881 2048 2926 relicta,
2069 2880 2256 2916 subtracto
2281 2891 2458 2927 superna-

1410 2935 1518 2972 turali
1545 2934 1646 2971 dono
1671 2934 1774 2981 quod
1792 2932 1938 2969 homini
1962 2932 2137 2969 divinitus
2163 2939 2239 2968 erat
2263 2931 2456 2978 collatum3

1410 2987 1497 3024 ideo
1517 2986 1790 3023 consideranda
1814 2993 1868 3021 est
1891 2985 1984 3021 ratio
2004 2984 2181 3021 naturalis
2201 2996 2315 3031 quare
2334 2991 2460 3020 motus

1410 3039 1629 3076 huiusmodi
1651 3038 1918 3075 membrorum
1943 3042 1958 3064 Υ
1986 3036 2193 3084 specialiter
2220 3036 2354 3073 rationi
2381 3049 2459 3073 non

1412 3091 1550 3128 obedit.
1572 3090 1689 3127 Cuius
1710 3102 1862 3127 causam
1887 3089 2048 3137 assignat
2066 3088 2282 3126 Aristoteles
2307 3088 2345 3125 in
2363 3088 2458 3125 libro

1411 3145 1457 3180 de
1489 3144 1618 3180 Causis
1644 3143 1774 3179 Motus
1790 3141 2020 3179 Animalium
2046 3140 2077 3187 ³¹⁸,
2099 3141 2226 3178 dicens
2254 3141 2460 3178 involunta-

1412 3197 1487 3233 rios
1505 3207 1582 3232 esse
1595 3201 1715 3232 motus
1734 3195 1856 3231 cordis
1870 3199 1906 3230 et
1917 3194 2077 3230 membri
2087 3194 2267 3242 pudendi,
2289 3194 2377 3241 quia
2391 3194 2460 3230 sci-

1411 3249 1496 3285 licet
1515 3261 1559 3284 ex
1578 3248 1702 3296 aliqua
1726 3246 2024 3296 apprehensione
2044 3246 2261 3283 huiusmodi
2290 3246 2460 3282 membra

1413 3308 1723 3347 commoventur,
1761 3300 1983 3348 inquantum
2015 3298 2153 3335 scilicet
2187 3298 2392 3335 intellectus
2424 3306 2460 3334 et

1411 3353 1606 3403 phantasia
1634 3359 1914 3401 repraesentant
1941 3351 2066 3398 aliqua
2094 3363 2139 3387 ex
2166 3351 2301 3398 quibus
2330 3362 2460 3387 conse-

1413 3413 1578 3454 quuntur
1605 3405 1799 3454 passiones
1831 3403 1995 3451 animae,
2025 3403 2073 3440 ad
2101 3415 2193 3451 quas
2222 3402 2462 3451 consequitur

1387 3521 1390 3583 ι
1467 3520 1493 3552 γ)
1513 3519 1664 3543 huiusmodi
1686 3518 1868 3542 membrorum.
1888 3531 1905 3535 —
1923 3517 1999 3541 huius
2022 3515 2131 3540 membri
2154 3514 2263 3539 codices.
2280 3528 2299 3533 —
2316 3514 2394 3539 Iidem
2414 3522 2461 3547 pro

1416 3554 1510 3583 obedit,
1530 3554 1643 3578 obediat.

2485 523 2495 533 ³
2505 522 2542 543 Ad
2554 522 2626 550 Rom„
2642 529 2694 551 cap.

2485 554 2525 575 vn,
2540 555 2598 570 vers.
2613 555 2646 577 ²3-

2483 1479 2495 1490 ⁸
2507 1478 2537 1499 D.
2550 1478 2598 1505 196.

2485 2103 2494 2112 “
2509 2101 2566 2149 Cap.
2576 2107 2607 2128 iv,
2617 2108 2641 2123 u.
2650 2108 2672 2128 7.
2682 2112 2693 2117 -

2485 2128 2510 2150 S.
2520 2128 2540 2149 T
2558 2144 2564 2150 .
2578 2128 2630 2149 lect.
2641 2133 2692 2149 vm.

2485 2210 2645 2237 ⁶Nemes.,loc.
2653 2210 2693 2231 cit.

2487 2524 2497 2534 ·
2512 2523 2568 2551 Cap.
2582 2529 2640 2550 xvu,
2655 2530 2695 2545 xx.

2485 2838 2494 2847 ·
2503 2837 2550 2864 Qu.
2558 2843 2639 2863 mxv,
2651 2841 2691 2858 nrt.

2485 2869 2501 2890 ι,
2515 2863 2543 2884 ad
2557 2869 2578 2891 3.

2581 3047 2597 3071 Υ

2487 3154 2495 3163 ’
2511 3154 2547 3174 ΑΙ.
2563 3153 2592 3174 de
2599 3153 2695 3174 Anima—

2487 3179 2539 3200 lium
2571 3179 2693 3205 motione,
2736 3206 2737 3209 Ἴ

2487 3211 2537 3232 cap.
2553 3211 2582 3226 xi.
