<?xml version="1.0" encoding="UTF-8"?>
<!DOCTYPE html PUBLIC "-//W3C//DTD XHTML 1.0 Transitional//EN"
    "http://www.w3.org/TR/xhtml1/DTD/xhtml1-transitional.dtd">
<html xmlns="http://www.w3.org/1999/xhtml" xml:lang="en" lang="en">
 <head>
  <title>
</title>
<meta http-equiv="Content-Type" content="text/html;charset=utf-8" />
  <meta name='ocr-system' content='tesseract 3.04.00' />
  <meta name='ocr-capabilities' content='ocr_page ocr_carea ocr_par ocr_line ocrx_word'/>
</head>
<body>
  <div class='ocr_page' id='page_1' title='image "./operaomniaiussui06thom/operaomniaiussui06thom_0315.png"; bbox 0 0 2852 4152; ppageno 0'>
   <div class='ocr_carea' id='block_1_1' title="bbox 0 3 7 462">
    <p class='ocr_par' dir='ltr' id='par_1_1' title="bbox 0 3 7 462">
     <span class='ocr_line' id='line_1_1' title="bbox 0 3 7 462; textangle 90"><span class='ocrx_word' id='word_1_1' title='bbox 0 451 2 462; x_wconf 58' lang='lat' dir='ltr'>v</span> <span class='ocrx_word' id='word_1_2' title='bbox 0 384 2 441; x_wconf 30' lang='lat' dir='ltr'>*V</span> <span class='ocrx_word' id='word_1_3' title='bbox 0 21 7 374; x_wconf 49' lang='grc' dir='ltr'>-ψ--υ-ψ--ν-ψι-Ψ-γ,</span> <span class='ocrx_word' id='word_1_4' title='bbox 0 3 4 12; x_wconf 87' lang='grc'>-</span> 
     </span>
    </p>
   </div>
   <div class='ocr_carea' id='block_1_2' title="bbox 0 2813 46 3163">
    <p class='ocr_par' dir='ltr' id='par_1_2' title="bbox 0 2813 46 3163">
     <span class='ocr_line' id='line_1_2' title="bbox 0 2813 11 3163; textangle 90"><span class='ocrx_word' id='word_1_5' title='bbox 8 3160 10 3163; x_wconf 97' lang='grc'><em>,</em></span> <span class='ocrx_word' id='word_1_6' title='bbox 3 3067 11 3123; x_wconf 48' lang='lat' dir='ltr'>„aeae-1.</span> <span class='ocrx_word' id='word_1_7' title='bbox 0 2982 9 3039; x_wconf 56' lang='lat'>”⁷-</span> <span class='ocrx_word' id='word_1_8' title='bbox 0 2949 9 2972; x_wconf 53' lang='grc' dir='ltr'>ιι</span> <span class='ocrx_word' id='word_1_9' title='bbox 0 2901 11 2937; x_wconf 54' lang='grc' dir='ltr'>ης(</span> <span class='ocrx_word' id='word_1_10' title='bbox 0 2813 11 2891; x_wconf 40' lang='lat' dir='ltr'>&lt;buz-t</span> 
     </span>
     <span class='ocr_line' id='line_1_3' title="bbox 38 2895 46 2899; textangle 90"><span class='ocrx_word' id='word_1_11' title='bbox 38 2895 46 2899; x_wconf 78' lang='grc' dir='ltr'>ι</span> 
     </span>
    </p>
   </div>
   <div class='ocr_carea' id='block_1_3' title="bbox 0 778 27 2230">
    <p class='ocr_par' dir='ltr' id='par_1_3' title="bbox 0 778 27 2230">
     <span class='ocr_line' id='line_1_4' title="bbox 0 778 27 2230; baseline 0 0"><span class='ocrx_word' id='word_1_12' title='bbox 0 778 27 2230; x_wconf 95' lang='lat' dir='ltr'> </span> 
     </span>
    </p>
   </div>
   <div class='ocr_carea' id='block_1_4' title="bbox 92 784 216 806">
    <p class='ocr_par' dir='ltr' id='par_1_4' title="bbox 92 784 216 806">
     <span class='ocr_line' id='line_1_5' title="bbox 92 784 216 806; baseline -0.016 1"><span class='ocrx_word' id='word_1_13' title='bbox 92 784 106 796; x_wconf 69' lang='lat'><strong><em>⁴</em></strong></span> <span class='ocrx_word' id='word_1_14' title='bbox 119 784 185 806; x_wconf 74' lang='lat' dir='ltr'>Vers-</span> <span class='ocrx_word' id='word_1_15' title='bbox 201 790 216 806; x_wconf 86' lang='lat'>1.</span> 
     </span>
    </p>
   </div>
   <div class='ocr_carea' id='block_1_5' title="bbox 988 226 2501 274">
    <p class='ocr_par' dir='ltr' id='par_1_5' title="bbox 988 226 2501 274">
     <span class='ocr_line' id='line_1_6' title="bbox 988 226 2501 274; baseline -0.001 -11"><span class='ocrx_word' id='word_1_16' title='bbox 988 227 1253 272; x_wconf 90' lang='lat' dir='ltr'>QUAESTIO</span> <span class='ocrx_word' id='word_1_17' title='bbox 1283 227 1437 274; x_wconf 84' lang='lat' dir='ltr'>XLVII,</span> <span class='ocrx_word' id='word_1_18' title='bbox 1467 226 1761 263; x_wconf 89' lang='lat' dir='ltr'>ARTICULUS</span> <span class='ocrx_word' id='word_1_19' title='bbox 1791 226 1842 262; x_wconf 96' lang='lat' dir='ltr'>IV</span> <span class='ocrx_word' id='word_1_20' title='bbox 2427 226 2501 262; x_wconf 88' lang='lat'>303</span> 
     </span>
    </p>
   </div>
   <div class='ocr_carea' id='block_1_6' title="bbox 331 303 1391 985">
    <p class='ocr_par' dir='ltr' id='par_1_6' title="bbox 334 303 1391 498">
     <span class='ocr_line' id='line_1_7' title="bbox 335 303 1388 354; baseline 0.001 -13"><span class='ocrx_word' id='word_1_21' title='bbox 335 310 476 353; x_wconf 87' lang='lat' dir='ltr'>quanto</span> <span class='ocrx_word' id='word_1_22' title='bbox 501 303 633 352; x_wconf 87' lang='lat' dir='ltr'>aliquis</span> <span class='ocrx_word' id='word_1_23' title='bbox 658 310 714 340; x_wconf 88' lang='lat' dir='ltr'>est</span> <span class='ocrx_word' id='word_1_24' title='bbox 733 303 868 352; x_wconf 91' lang='lat' dir='ltr'>minor,</span> <span class='ocrx_word' id='word_1_25' title='bbox 889 312 992 341; x_wconf 86' lang='lat' dir='ltr'>tanto</span> <span class='ocrx_word' id='word_1_26' title='bbox 1011 305 1198 353; x_wconf 86' lang='lat' dir='ltr'>indignius</span> <span class='ocrx_word' id='word_1_27' title='bbox 1222 305 1388 354; x_wconf 88' lang='lat' dir='ltr'>despicit.</span> 
     </span>
     <span class='ocr_line' id='line_1_8' title="bbox 334 355 1391 407; baseline 0.003 -15"><span class='ocrx_word' id='word_1_28' title='bbox 334 357 384 393; x_wconf 93' lang='lat' dir='ltr'>Et</span> <span class='ocrx_word' id='word_1_29' title='bbox 409 355 497 393; x_wconf 90' lang='lat' dir='ltr'>ideo</span> <span class='ocrx_word' id='word_1_30' title='bbox 525 355 672 393; x_wconf 90' lang='lat' dir='ltr'>nobiles</span> <span class='ocrx_word' id='word_1_31' title='bbox 705 356 915 393; x_wconf 88' lang='lat' dir='ltr'>irascuntur</span> <span class='ocrx_word' id='word_1_32' title='bbox 944 357 974 394; x_wconf 89' lang='lat' dir='ltr'>si</span> <span class='ocrx_word' id='word_1_33' title='bbox 1002 358 1254 407; x_wconf 87' lang='lat' dir='ltr'>despiciantur</span> <span class='ocrx_word' id='word_1_34' title='bbox 1282 370 1303 394; x_wconf 91' lang='lat' dir='ltr'>a</span> <span class='ocrx_word' id='word_1_35' title='bbox 1331 371 1391 395; x_wconf 91' lang='lat' dir='ltr'>ru-</span> 
     </span>
     <span class='ocr_line' id='line_1_9' title="bbox 334 408 1390 458; baseline 0.003 -13"><span class='ocrx_word' id='word_1_36' title='bbox 334 408 445 455; x_wconf 88' lang='lat' dir='ltr'>sticis,</span> <span class='ocrx_word' id='word_1_37' title='bbox 465 409 527 445; x_wconf 88' lang='lat' dir='ltr'>vel</span> <span class='ocrx_word' id='word_1_38' title='bbox 555 408 756 457; x_wconf 86' lang='lat' dir='ltr'>sapientes&#39;</span> <span class='ocrx_word' id='word_1_39' title='bbox 771 409 818 446; x_wconf 87' lang='lat' dir='ltr'>ab</span> <span class='ocrx_word' id='word_1_40' title='bbox 847 409 1128 458; x_wconf 88' lang='lat' dir='ltr'>insipientibus,</span> <span class='ocrx_word' id='word_1_41' title='bbox 1155 411 1217 447; x_wconf 91' lang='lat' dir='ltr'>vel</span> <span class='ocrx_word' id='word_1_42' title='bbox 1245 411 1390 448; x_wconf 90' lang='lat' dir='ltr'>domini</span> 
     </span>
     <span class='ocr_line' id='line_1_10' title="bbox 334 461 514 498; baseline 0 0"><span class='ocrx_word' id='word_1_43' title='bbox 334 473 357 498; x_wconf 88' lang='lat' dir='ltr'>a</span> <span class='ocrx_word' id='word_1_44' title='bbox 384 461 514 498; x_wconf 90' lang='lat' dir='ltr'>servis.</span> 
     </span>
    </p>

    <p class='ocr_par' dir='ltr' id='par_1_7' title="bbox 331 513 1391 932">
     <span class='ocr_line' id='line_1_11' title="bbox 388 513 1391 564; baseline 0.002 -14"><span class='ocrx_word' id='word_1_45' title='bbox 388 513 428 550; x_wconf 93' lang='lat' dir='ltr'>Si</span> <span class='ocrx_word' id='word_1_46' title='bbox 442 526 536 551; x_wconf 92' lang='lat' dir='ltr'>vero</span> <span class='ocrx_word' id='word_1_47' title='bbox 550 513 718 562; x_wconf 85' lang='lat' dir='ltr'>parvitas</span> <span class='ocrx_word' id='word_1_48' title='bbox 732 515 794 551; x_wconf 89' lang='lat' dir='ltr'>vel</span> <span class='ocrx_word' id='word_1_49' title='bbox 810 514 976 552; x_wconf 88' lang='lat' dir='ltr'>defectus</span> <span class='ocrx_word' id='word_1_50' title='bbox 987 515 1173 552; x_wconf 88' lang='lat' dir='ltr'>diminuat</span> <span class='ocrx_word' id='word_1_51' title='bbox 1182 515 1391 564; x_wconf 85' lang='lat' dir='ltr'>despectio-</span> 
     </span>
     <span class='ocr_line' id='line_1_12' title="bbox 334 566 1390 616; baseline 0.002 -13"><span class='ocrx_word' id='word_1_52' title='bbox 334 578 423 604; x_wconf 89' lang='lat' dir='ltr'>nem</span> <span class='ocrx_word' id='word_1_53' title='bbox 442 566 648 614; x_wconf 84' lang='lat' dir='ltr'>indignam,</span> <span class='ocrx_word' id='word_1_54' title='bbox 667 566 749 603; x_wconf 86' lang='lat' dir='ltr'>talis</span> <span class='ocrx_word' id='word_1_55' title='bbox 767 567 932 615; x_wconf 85' lang='lat' dir='ltr'>parvitas</span> <span class='ocrx_word' id='word_1_56' title='bbox 956 581 1034 607; x_wconf 90' lang='lat' dir='ltr'>non</span> <span class='ocrx_word' id='word_1_57' title='bbox 1053 576 1175 616; x_wconf 89' lang='lat' dir='ltr'>auget,</span> <span class='ocrx_word' id='word_1_58' title='bbox 1197 570 1263 606; x_wconf 89' lang='lat' dir='ltr'>sed</span> <span class='ocrx_word' id='word_1_59' title='bbox 1284 569 1390 605; x_wconf 88' lang='lat' dir='ltr'>dimi-</span> 
     </span>
     <span class='ocr_line' id='line_1_13' title="bbox 333 619 1390 669; baseline 0.001 -12"><span class='ocrx_word' id='word_1_60' title='bbox 333 619 415 657; x_wconf 91' lang='lat' dir='ltr'>nuit</span> <span class='ocrx_word' id='word_1_61' title='bbox 428 619 534 656; x_wconf 82' lang='lat' dir='ltr'>iram.</span> <span class='ocrx_word' id='word_1_62' title='bbox 550 619 601 655; x_wconf 92' lang='lat' dir='ltr'>Et</span> <span class='ocrx_word' id='word_1_63' title='bbox 613 620 688 655; x_wconf 85' lang='lat' dir='ltr'>hoc</span> <span class='ocrx_word' id='word_1_64' title='bbox 701 619 819 656; x_wconf 89' lang='lat' dir='ltr'>modo</span> <span class='ocrx_word' id='word_1_65' title='bbox 835 620 883 656; x_wconf 91' lang='lat' dir='ltr'>illi</span> <span class='ocrx_word' id='word_1_66' title='bbox 899 620 963 668; x_wconf 88' lang='lat' dir='ltr'>qui</span> <span class='ocrx_word' id='word_1_67' title='bbox 977 622 1172 669; x_wconf 87' lang='lat' dir='ltr'>poenitent</span> <span class='ocrx_word' id='word_1_68' title='bbox 1187 621 1235 658; x_wconf 93' lang='lat' dir='ltr'>de</span> <span class='ocrx_word' id='word_1_69' title='bbox 1250 621 1390 658; x_wconf 89' lang='lat' dir='ltr'>iniuriis</span> 
     </span>
     <span class='ocr_line' id='line_1_14' title="bbox 334 671 1388 721; baseline 0.001 -12"><span class='ocrx_word' id='word_1_70' title='bbox 334 671 451 719; x_wconf 86' lang='lat' dir='ltr'>factis,</span> <span class='ocrx_word' id='word_1_71' title='bbox 472 679 508 708; x_wconf 92' lang='lat' dir='ltr'>et</span> <span class='ocrx_word' id='word_1_72' title='bbox 536 672 765 708; x_wconf 86' lang='lat' dir='ltr'>confitentur</span> <span class='ocrx_word' id='word_1_73' title='bbox 783 685 823 709; x_wconf 92' lang='lat' dir='ltr'>se</span> <span class='ocrx_word' id='word_1_74' title='bbox 843 674 942 709; x_wconf 87' lang='lat' dir='ltr'>male</span> <span class='ocrx_word' id='word_1_75' title='bbox 969 673 1112 721; x_wconf 87' lang='lat' dir='ltr'>fecisse,</span> <span class='ocrx_word' id='word_1_76' title='bbox 1138 681 1174 710; x_wconf 92' lang='lat' dir='ltr'>et</span> <span class='ocrx_word' id='word_1_77' title='bbox 1191 674 1388 710; x_wconf 87' lang='lat' dir='ltr'>humilian-</span> 
     </span>
     <span class='ocr_line' id='line_1_15' title="bbox 333 723 1387 774; baseline 0.002 -13"><span class='ocrx_word' id='word_1_78' title='bbox 333 731 393 762; x_wconf 89' lang='lat' dir='ltr'>tur</span> <span class='ocrx_word' id='word_1_79' title='bbox 420 731 458 761; x_wconf 85' lang='lat' dir='ltr'>et</span> <span class='ocrx_word' id='word_1_80' title='bbox 482 723 637 761; x_wconf 86' lang='lat' dir='ltr'>veniam</span> <span class='ocrx_word' id='word_1_81' title='bbox 665 731 814 773; x_wconf 88' lang='lat' dir='ltr'>petunt,</span> <span class='ocrx_word' id='word_1_82' title='bbox 840 725 1010 774; x_wconf 89' lang='lat' dir='ltr'>mitigant</span> <span class='ocrx_word' id='word_1_83' title='bbox 1035 726 1148 773; x_wconf 88' lang='lat' dir='ltr'>iram,</span> <span class='ocrx_word' id='word_1_84' title='bbox 1177 726 1387 763; x_wconf 90' lang='lat' dir='ltr'>secundum</span> 
     </span>
     <span class='ocr_line' id='line_1_16' title="bbox 332 776 1388 828; baseline 0.002 -15"><span class='ocrx_word' id='word_1_85' title='bbox 332 776 423 814; x_wconf 90' lang='lat' dir='ltr'>illud</span> <span class='ocrx_word' id='word_1_86' title='bbox 449 777 563 814; x_wconf 81' lang='lat' dir='ltr'>Prov.</span> <span class='ocrx_word' id='word_1_87' title='bbox 584 789 632 813; x_wconf 85' lang='lat' dir='ltr'>xv</span> <span class='ocrx_word' id='word_1_88' title='bbox 649 777 686 814; x_wconf 74' lang='grc' dir='ltr'>*ε</span> <span class='ocrx_word' id='word_1_89' title='bbox 715 779 921 826; x_wconf 82' lang='lat' dir='ltr'>Responsio</span> <span class='ocrx_word' id='word_1_90' title='bbox 949 779 1070 816; x_wconf 83' lang='lat' dir='ltr'>mollis</span> <span class='ocrx_word' id='word_1_91' title='bbox 1085 779 1244 828; x_wconf 79' lang='lat' dir='ltr'>frangit</span> <span class='ocrx_word' id='word_1_92' title='bbox 1269 779 1388 815; x_wconf 82' lang='lat' dir='ltr'>iram.-</span> 
     </span>
     <span class='ocr_line' id='line_1_17' title="bbox 331 830 1387 880; baseline 0.002 -14"><span class='ocrx_word' id='word_1_93' title='bbox 331 830 557 878; x_wconf 88' lang='lat' dir='ltr'>inquantum</span> <span class='ocrx_word' id='word_1_94' title='bbox 587 830 725 867; x_wconf 91' lang='lat' dir='ltr'>scilicet</span> <span class='ocrx_word' id='word_1_95' title='bbox 751 831 844 867; x_wconf 84' lang='lat' dir='ltr'>tales</span> <span class='ocrx_word' id='word_1_96' title='bbox 871 830 1048 868; x_wconf 88' lang='lat' dir='ltr'>videntur</span> <span class='ocrx_word' id='word_1_97' title='bbox 1075 843 1153 868; x_wconf 92' lang='lat' dir='ltr'>non</span> <span class='ocrx_word' id='word_1_98' title='bbox 1183 831 1387 880; x_wconf 86' lang='lat' dir='ltr'>despicere,</span> 
     </span>
     <span class='ocr_line' id='line_1_18' title="bbox 332 882 1387 932; baseline 0.001 -13"><span class='ocrx_word' id='word_1_99' title='bbox 332 882 400 919; x_wconf 91' lang='lat' dir='ltr'>sed</span> <span class='ocrx_word' id='word_1_100' title='bbox 418 882 539 930; x_wconf 83' lang='lat' dir='ltr'>magis</span> <span class='ocrx_word' id='word_1_101' title='bbox 562 883 856 932; x_wconf 87' lang='lat' dir='ltr'>magnipendere</span> <span class='ocrx_word' id='word_1_102' title='bbox 877 896 943 920; x_wconf 91' lang='lat' dir='ltr'>eos</span> <span class='ocrx_word' id='word_1_103' title='bbox 963 883 1100 932; x_wconf 89' lang='lat' dir='ltr'>quibus</span> <span class='ocrx_word' id='word_1_104' title='bbox 1120 896 1160 920; x_wconf 88' lang='lat' dir='ltr'>se</span> <span class='ocrx_word' id='word_1_105' title='bbox 1179 883 1387 920; x_wconf 90' lang='lat' dir='ltr'>humiliant.</span> 
     </span>
    </p>

    <p class='ocr_par' dir='ltr' id='par_1_8' title="bbox 385 935 1268 985">
     <span class='ocr_line' id='line_1_19' title="bbox 385 935 1268 985; baseline 0.002 -14"><span class='ocrx_word' id='word_1_106' title='bbox 385 935 434 971; x_wconf 92' lang='lat' dir='ltr'>Et</span> <span class='ocrx_word' id='word_1_107' title='bbox 459 947 529 983; x_wconf 92' lang='lat' dir='ltr'>per</span> <span class='ocrx_word' id='word_1_108' title='bbox 555 936 630 972; x_wconf 91' lang='lat' dir='ltr'>hoc</span> <span class='ocrx_word' id='word_1_109' title='bbox 657 943 760 984; x_wconf 88' lang='lat' dir='ltr'>patet</span> <span class='ocrx_word' id='word_1_110' title='bbox 788 936 985 985; x_wconf 91' lang='lat' dir='ltr'>responsio</span> <span class='ocrx_word' id='word_1_111' title='bbox 1014 936 1063 973; x_wconf 87' lang='lat' dir='ltr'>ad</span> <span class='ocrx_word' id='word_1_112' title='bbox 1090 936 1268 984; x_wconf 85' lang='lat' dir='ltr'>primum.</span> 
     </span>
    </p>
   </div>
   <div class='ocr_carea' id='block_1_7' title="bbox 1444 305 2503 973">
    <p class='ocr_par' dir='ltr' id='par_1_9' title="bbox 1444 305 2503 710">
     <span class='ocr_line' id='line_1_20' title="bbox 1499 305 2503 353; baseline 0 -11"><span class='ocrx_word' id='word_1_113' title='bbox 1499 306 1557 342; x_wconf 80' lang='lat' dir='ltr'>An</span> <span class='ocrx_word' id='word_1_114' title='bbox 1586 316 1774 342; x_wconf 74' lang='lat' dir='ltr'><strong>SECUNDUM</strong></span> <span class='ocrx_word' id='word_1_115' title='bbox 1803 316 1986 341; x_wconf 81' lang='lat' dir='ltr'>DICENDUM</span> <span class='ocrx_word' id='word_1_116' title='bbox 2006 305 2110 352; x_wconf 90' lang='lat' dir='ltr'>quod</span> <span class='ocrx_word' id='word_1_117' title='bbox 2140 305 2277 353; x_wconf 86' lang='lat' dir='ltr'>duplex</span> <span class='ocrx_word' id='word_1_118' title='bbox 2306 313 2361 342; x_wconf 89' lang='lat' dir='ltr'>est</span> <span class='ocrx_word' id='word_1_119' title='bbox 2389 317 2503 342; x_wconf 87' lang='lat' dir='ltr'>causa</span> 
     </span>
     <span class='ocr_line' id='line_1_21' title="bbox 1446 357 2503 407; baseline 0 -12"><span class='ocrx_word' id='word_1_120' title='bbox 1446 370 1564 407; x_wconf 87' lang='lat' dir='ltr'>quare</span> <span class='ocrx_word' id='word_1_121' title='bbox 1592 357 1642 394; x_wconf 87' lang='lat' dir='ltr'>ad</span> <span class='ocrx_word' id='word_1_122' title='bbox 1661 364 1833 394; x_wconf 90' lang='lat' dir='ltr'>mortuos</span> <span class='ocrx_word' id='word_1_123' title='bbox 1861 364 1981 394; x_wconf 84' lang='lat' dir='ltr'>cessat</span> <span class='ocrx_word' id='word_1_124' title='bbox 1999 357 2063 394; x_wconf 88' lang='lat' dir='ltr'>ira.</span> <span class='ocrx_word' id='word_1_125' title='bbox 2085 358 2181 404; x_wconf 83' lang='lat' dir='ltr'>Una,</span> <span class='ocrx_word' id='word_1_126' title='bbox 2202 358 2290 405; x_wconf 89' lang='lat' dir='ltr'>quia</span> <span class='ocrx_word' id='word_1_127' title='bbox 2309 370 2387 394; x_wconf 90' lang='lat' dir='ltr'>non</span> <span class='ocrx_word' id='word_1_128' title='bbox 2415 371 2503 406; x_wconf 90' lang='lat' dir='ltr'>pos-</span> 
     </span>
     <span class='ocr_line' id='line_1_22' title="bbox 1445 409 2503 459; baseline 0 -11"><span class='ocrx_word' id='word_1_129' title='bbox 1445 418 1532 448; x_wconf 92' lang='lat' dir='ltr'>sunt</span> <span class='ocrx_word' id='word_1_130' title='bbox 1558 410 1686 448; x_wconf 83' lang='lat' dir='ltr'>dolere</span> <span class='ocrx_word' id='word_1_131' title='bbox 1715 417 1752 447; x_wconf 85' lang='lat' dir='ltr'>et</span> <span class='ocrx_word' id='word_1_132' title='bbox 1787 409 1946 447; x_wconf 82' lang='lat' dir='ltr'>sentire:</span> <span class='ocrx_word' id='word_1_133' title='bbox 1976 410 2079 458; x_wconf 93' lang='lat' dir='ltr'>quod</span> <span class='ocrx_word' id='word_1_134' title='bbox 2113 410 2279 447; x_wconf 89' lang='lat' dir='ltr'>maxime</span> <span class='ocrx_word' id='word_1_135' title='bbox 2317 419 2503 459; x_wconf 85' lang='lat' dir='ltr'>quaerunt</span> 
     </span>
     <span class='ocr_line' id='line_1_23' title="bbox 1446 462 2502 512; baseline 0 -12"><span class='ocrx_word' id='word_1_136' title='bbox 1446 463 1526 500; x_wconf 88' lang='lat' dir='ltr'>irati</span> <span class='ocrx_word' id='word_1_137' title='bbox 1554 463 1592 500; x_wconf 92' lang='lat' dir='ltr'>in</span> <span class='ocrx_word' id='word_1_138' title='bbox 1611 462 1668 500; x_wconf 91' lang='lat' dir='ltr'>his</span> <span class='ocrx_word' id='word_1_139' title='bbox 1688 462 1826 511; x_wconf 91' lang='lat' dir='ltr'>quibus</span> <span class='ocrx_word' id='word_1_140' title='bbox 1852 462 2072 499; x_wconf 86' lang='lat' dir='ltr'>irascuntur.</span> <span class='ocrx_word' id='word_1_141' title='bbox 2093 483 2117 489; x_wconf 98' lang='lat'>-</span> <span class='ocrx_word' id='word_1_142' title='bbox 2138 462 2222 498; x_wconf 92' lang='lat' dir='ltr'>Alio</span> <span class='ocrx_word' id='word_1_143' title='bbox 2251 463 2382 510; x_wconf 87' lang='lat' dir='ltr'>modo,</span> <span class='ocrx_word' id='word_1_144' title='bbox 2413 464 2502 512; x_wconf 84' lang='lat' dir='ltr'>quia</span> 
     </span>
     <span class='ocr_line' id='line_1_24' title="bbox 1444 515 2499 563; baseline 0.001 -11"><span class='ocrx_word' id='word_1_145' title='bbox 1444 515 1522 552; x_wconf 89' lang='lat' dir='ltr'>iam</span> <span class='ocrx_word' id='word_1_146' title='bbox 1548 515 1728 553; x_wconf 90' lang='lat' dir='ltr'>videntur</span> <span class='ocrx_word' id='word_1_147' title='bbox 1762 515 1812 552; x_wconf 90' lang='lat' dir='ltr'>ad</span> <span class='ocrx_word' id='word_1_148' title='bbox 1838 515 2013 552; x_wconf 88' lang='lat' dir='ltr'>ultimum</span> <span class='ocrx_word' id='word_1_149' title='bbox 2051 515 2241 552; x_wconf 88' lang='lat' dir='ltr'>malorum</span> <span class='ocrx_word' id='word_1_150' title='bbox 2269 516 2499 563; x_wconf 75' lang='lat' dir='ltr'>pervenisse,</span> 
     </span>
     <span class='ocr_line' id='line_1_25' title="bbox 1445 567 2501 617; baseline 0 -12"><span class='ocrx_word' id='word_1_151' title='bbox 1445 569 1556 605; x_wconf 90' lang='lat' dir='ltr'>Unde</span> <span class='ocrx_word' id='word_1_152' title='bbox 1585 568 1697 605; x_wconf 87' lang='lat' dir='ltr'>etiam</span> <span class='ocrx_word' id='word_1_153' title='bbox 1726 568 1775 605; x_wconf 83' lang='lat' dir='ltr'>ad</span> <span class='ocrx_word' id='word_1_154' title='bbox 1795 579 2060 617; x_wconf 91' lang='lat' dir='ltr'>quoscumque</span> <span class='ocrx_word' id='word_1_155' title='bbox 2088 567 2250 615; x_wconf 88' lang='lat' dir='ltr'>graviter</span> <span class='ocrx_word' id='word_1_156' title='bbox 2270 569 2393 604; x_wconf 87' lang='lat' dir='ltr'>laesos</span> <span class='ocrx_word' id='word_1_157' title='bbox 2422 581 2501 605; x_wconf 90' lang='lat' dir='ltr'>ces-</span> 
     </span>
     <span class='ocr_line' id='line_1_26' title="bbox 1445 620 2501 672; baseline 0 -15"><span class='ocrx_word' id='word_1_158' title='bbox 1445 629 1502 658; x_wconf 87' lang='lat' dir='ltr'>sat</span> <span class='ocrx_word' id='word_1_159' title='bbox 1528 621 1602 658; x_wconf 87' lang='lat' dir='ltr'>ira:</span> <span class='ocrx_word' id='word_1_160' title='bbox 1631 621 1855 670; x_wconf 91' lang='lat' dir='ltr'>inquantum</span> <span class='ocrx_word' id='word_1_161' title='bbox 1862 632 2019 672; x_wconf 59' lang='lat' dir='ltr'>,eorum</span> <span class='ocrx_word' id='word_1_162' title='bbox 2047 621 2191 657; x_wconf 84' lang='lat' dir='ltr'>malurn</span> <span class='ocrx_word' id='word_1_163' title='bbox 2220 620 2367 657; x_wconf 85' lang='lat' dir='ltr'>excedit</span> <span class='ocrx_word' id='word_1_164' title='bbox 2394 633 2501 657; x_wconf 90' lang='lat' dir='ltr'>men-</span> 
     </span>
     <span class='ocr_line' id='line_1_27' title="bbox 1445 673 2010 710; baseline 0 0"><span class='ocrx_word' id='word_1_165' title='bbox 1445 686 1572 710; x_wconf 85' lang='lat' dir='ltr'>suram</span> <span class='ocrx_word' id='word_1_166' title='bbox 1599 674 1718 710; x_wconf 87' lang='lat' dir='ltr'>iustae</span> <span class='ocrx_word' id='word_1_167' title='bbox 1746 673 2010 710; x_wconf 90' lang='lat' dir='ltr'>retributionis.</span> 
     </span>
    </p>

    <p class='ocr_par' dir='ltr' id='par_1_10' title="bbox 1444 725 2501 973">
     <span class='ocr_line' id='line_1_28' title="bbox 1497 725 2499 775; baseline 0.001 -13"><span class='ocrx_word' id='word_1_168' title='bbox 1497 728 1568 763; x_wconf 82' lang='lat' dir='ltr'>AD‘</span> <span class='ocrx_word' id='word_1_169' title='bbox 1592 737 1750 763; x_wconf 81' lang='lat' dir='ltr'>TERTIUM</span> <span class='ocrx_word' id='word_1_170' title='bbox 1787 737 1970 763; x_wconf 79' lang='lat' dir='ltr'><strong>DICENDUM</strong></span> <span class='ocrx_word' id='word_1_171' title='bbox 2008 725 2113 774; x_wconf 91' lang='lat' dir='ltr'>quod</span> <span class='ocrx_word' id='word_1_172' title='bbox 2151 725 2262 762; x_wconf 86' lang='lat' dir='ltr'>etiarn</span> <span class='ocrx_word' id='word_1_173' title='bbox 2308 726 2499 775; x_wconf 89' lang='lat' dir='ltr'>despectio</span> 
     </span>
     <span class='ocr_line' id='line_1_29' title="bbox 1445 778 2498 827; baseline 0.002 -13"><span class='ocrx_word' id='word_1_174' title='bbox 1445 791 1542 827; x_wconf 91' lang='lat' dir='ltr'>quae</span> <span class='ocrx_word' id='word_1_175' title='bbox 1572 786 1627 815; x_wconf 86' lang='lat' dir='ltr'>est</span> <span class='ocrx_word' id='word_1_176' title='bbox 1654 779 1702 815; x_wconf 88' lang='lat' dir='ltr'>ab</span> <span class='ocrx_word' id='word_1_177' title='bbox 1730 778 1873 826; x_wconf 88' lang='lat' dir='ltr'>amicis,</span> <span class='ocrx_word' id='word_1_178' title='bbox 1898 778 2050 816; x_wconf 90' lang='lat' dir='ltr'>videtur</span> <span class='ocrx_word' id='word_1_179' title='bbox 2077 790 2159 815; x_wconf 89' lang='lat' dir='ltr'>esse</span> <span class='ocrx_word' id='word_1_180' title='bbox 2187 778 2307 826; x_wconf 84' lang='lat' dir='ltr'>magis</span> <span class='ocrx_word' id='word_1_181' title='bbox 2335 778 2498 826; x_wconf 88' lang='lat' dir='ltr'>indigna.</span> 
     </span>
     <span class='ocr_line' id='line_1_30' title="bbox 1444 830 2501 879; baseline 0.001 -12"><span class='ocrx_word' id='word_1_182' title='bbox 1444 832 1494 867; x_wconf 91' lang='lat' dir='ltr'>Et</span> <span class='ocrx_word' id='word_1_183' title='bbox 1520 831 1607 868; x_wconf 92' lang='lat' dir='ltr'>ideo</span> <span class='ocrx_word' id='word_1_184' title='bbox 1637 843 1681 867; x_wconf 88' lang='lat' dir='ltr'>ex</span> <span class='ocrx_word' id='word_1_185' title='bbox 1710 830 1820 867; x_wconf 91' lang='lat' dir='ltr'>simili</span> <span class='ocrx_word' id='word_1_186' title='bbox 1848 843 1961 868; x_wconf 87' lang='lat' dir='ltr'>causa</span> <span class='ocrx_word' id='word_1_187' title='bbox 1993 830 2114 879; x_wconf 87' lang='lat' dir='ltr'>magis</span> <span class='ocrx_word' id='word_1_188' title='bbox 2140 831 2336 868; x_wconf 88' lang='lat' dir='ltr'>irascimur</span> <span class='ocrx_word' id='word_1_189' title='bbox 2370 839 2501 868; x_wconf 89' lang='lat' dir='ltr'>contra</span> 
     </span>
     <span class='ocr_line' id='line_1_31' title="bbox 1445 883 2498 932; baseline 0.001 -12"><span class='ocrx_word' id='word_1_190' title='bbox 1445 895 1523 930; x_wconf 80' lang='lat' dir='ltr'>eos,</span> <span class='ocrx_word' id='word_1_191' title='bbox 1544 883 1574 920; x_wconf 93' lang='lat' dir='ltr'>si</span> <span class='ocrx_word' id='word_1_192' title='bbox 1604 883 1820 932; x_wconf 79' lang='lat' dir='ltr'>despiciant,</span> <span class='ocrx_word' id='word_1_193' title='bbox 1840 884 1902 920; x_wconf 89' lang='lat' dir='ltr'>vel</span> <span class='ocrx_word' id='word_1_194' title='bbox 1926 884 2102 920; x_wconf 90' lang='lat' dir='ltr'>nocendo</span> <span class='ocrx_word' id='word_1_195' title='bbox 2121 884 2184 921; x_wconf 90' lang='lat' dir='ltr'>vel</span> <span class='ocrx_word' id='word_1_196' title='bbox 2211 897 2297 922; x_wconf 91' lang='lat' dir='ltr'>non.</span> <span class='ocrx_word' id='word_1_197' title='bbox 2314 884 2498 932; x_wconf 90' lang='lat' dir='ltr'>iuvando,</span> 
     </span>
     <span class='ocr_line' id='line_1_32' title="bbox 1444 935 1969 973; baseline 0.002 -1"><span class='ocrx_word' id='word_1_198' title='bbox 1444 935 1539 973; x_wconf 90' lang='lat' dir='ltr'>sicut</span> <span class='ocrx_word' id='word_1_199' title='bbox 1567 943 1603 972; x_wconf 91' lang='lat' dir='ltr'>et</span> <span class='ocrx_word' id='word_1_200' title='bbox 1631 944 1762 973; x_wconf 90' lang='lat' dir='ltr'>contra</span> <span class='ocrx_word' id='word_1_201' title='bbox 1791 936 1969 973; x_wconf 85' lang='lat' dir='ltr'>minores.</span> 
     </span>
    </p>
   </div>
   <div class='ocr_carea' id='block_1_8' title="bbox 1003 2029 1839 2465">
    <p class='ocr_par' dir='ltr' id='par_1_11' title="bbox 1003 2029 1839 2465">
     <span class='ocr_line' id='line_1_33' title="bbox 1003 2029 1839 2465; baseline 0 1687"><span class='ocrx_word' id='word_1_202' title='bbox 1003 2029 1839 2465; x_wconf 95' lang='lat' dir='ltr'> </span> 
     </span>
    </p>
   </div>
  </div>
 </body>
</html>
