2846 4146
107 2233 160 2281 “SCa
179 2247 185 2253 .
194 2238 226 2259 vr,
237 2238 259 2254 n.
271 2239 298 2260 ¹5·
307 2243 317 2248 -

184 2276 189 2281 .
210 2260 262 2281 lect.
275 2265 317 2280 vn.

103 3381 110 3389 ·
126 3379 182 3407 Cap.
198 3385 248 3401 xm.

340 186 414 221 350

394 264 452 298 AD
482 275 654 305 QUARTUM
683 276 866 301 mei-:Noun
895 264 1001 311 quod
1028 264 1146 300 virtus
1179 263 1312 299 dicitur
1340 274 1398 298 or-

1047 185 1312 232 QUAESTIO
1342 186 1421 230 LV,
1454 184 1745 220 ARTICULUS
1775 185 1806 219 11

1505 263 1563 298 Ao
1586 273 1748 303 QmNTUM
1768 273 1953 298 DICENDUM
1973 263 2078 310 quod
2105 262 2295 312 potentiae
2323 261 2511 298 naturales

343 315 391 351 do
420 316 482 351 vel
516 315 701 353 ordinatio
738 317 895 362 amoris,
930 317 1024 352 sicut
1050 316 1089 352 id
1121 317 1170 352 ad
1204 315 1307 362 quod
1344 322 1398 350 est
1452 321 1539 350 sunt
1567 314 1614 350 de
1643 319 1710 350 se²
1741 313 2012 351 determinatae
2042 315 2091 352 ad
2118 327 2255 352 unum:
2286 327 2364 352 non
2384 321 2511 351 autem

340 367 480 404 virtus:

341 420 463 456 nobis.

519 380 588 416 per
623 368 801 406 virtutem
841 369 940 406 enirn
985 369 1179 406 ordinatur
1215 378 1324 403 amor
1360 366 1399 402 in
1451 366 1644 415 potentiae
1677 366 1893 403 rationales.
1923 367 1971 404 Et
1997 367 2084 426 ideo
2114 380 2192 406 non
2221 375 2276 404 est
2304 367 2442 413 simile,
2472 373 2513 402 ut

1454 417 1594 454 dictum
1626 425 1680 454 est
1698 419 1728 453 *.

396 531 414 564 ι)
436 532 468 556 de
486 539 521 556 se.
540 545 558 550 —
573 539 623 563 per
641 540 668 557 se
688 534 797 557 codices.

1016 594 1347 642 momentaria
1368 609 1618 641 cardinalis·
1640 609 1840 642 Caietam

376 708 395 727 N
419 696 551 727 articulo
571 696 674 736 primo
694 694 887 735 quaestionis
907 694 1329 735 quinquagesimaequintae,
1349 694 1405 724 du-

349 707 464 771 Ibium
485 739 620 771 occurrit
639 749 675 769 ex
695 739 799 774 Scoto,
823 738 856 768 in
877 738 888 768 1
904 738 1000 774 Seni„
1026 738 1096 768 dist.
1112 748 1185 774 xvn,
1202 747 1256 778 qu.
1272 748 1317 768 111·
1333 737 1402 778 Ipse

344 785 439 821 enim,
456 790 569 824 putans
585 782 732 813 virtutem
750 782 913 818 moralem,
934 788 969 812 ut
987 781 1041 818 sic,
1059 792 1124 812 non
1141 781 1241 812 dicere
1262 780 1402 812 differen-

344 829 421 859 tiam
445 838 500 868 per
515 837 547 857 se
565 826 772 856 distinctivam
789 825 923 861 habitus,
944 826 997 855 sed
1014 825 1128 855 addere
1147 835 1241 865 super
1257 832 1401 857 naturam

344 872 468 902 habitus
498 877 675 909 respectum
704 869 933 900 conformitatis
961 879 1016 899 seu
1046 869 1264 900 coexistentiae
1293 870 1331 899 ad
1359 879 1404 899 re-

345 923 431 946 ctum
455 914 626 950 dictamen;
651 920 735 944 tenet
757 913 847 953 quod
869 913 954 943 idem
978 923 1112 944 numero
1131 913 1268 951 habitus,
1287 913 1402 943 immu-

344 960 425 990 tatus
449 959 480 988 in
505 968 551 994 se,
577 958 614 988 de
638 967 704 987 non
731 957 845 987 virtute
873 956 908 987 fit
929 956 1044 993 virtus;
1073 957 1155 994 imo,
1180 957 1303 996 genitus
1327 967 1402 987 cum

343 1002 463 1033 ratione
487 1011 629 1037 erronea,
654 1007 765 1042 postea
792 1000 827 1031 fit
849 1001 958 1031 virtus.
981 1001 1048 1032 Nec
1071 1001 1133 1031 hoc
1157 1001 1244 1031 aliter
1273 1001 1400 1040 probat,

344 1046 402 1076 nisi
426 1046 500 1086 quia
523 1045 647 1075 habitus
670 1045 873 1075 abstinentiae
897 1044 1020 1085 genitus
1044 1055 1080 1075 ex
1103 1044 1223 1075 actibus
1246 1044 1403 1075 abstinen-

343 1090 402 1120 tiae
427 1089 536 1120 elicitis
559 1089 625 1119 sine
649 1088 826 1129 prudentia,
851 1095 905 1119 aut
926 1098 1000 1119 cum
1016 1099 1145 1119 erronea
1163 1088 1294 1124 ratione,
1315 1094 1402 1128 post-

344 1134 495 1170 modum,
520 1133 704 1163 adveniente
732 1139 814 1163 recta
837 1132 973 1169 ratione,
1003 1132 1091 1163 nulla
1118 1132 1198 1163 facta
1226 1132 1402 1163 mutatione

344 1178 424 1208 circa
446 1177 532 1207 illam
552 1177 735 1217 qualitatem
758 1176 790 1206 in
815 1187 847 1206 se
871 1186 952 1217 quae
976 1183 1021 1207 est
1044 1176 1169 1207 habitus
1188 1175 1401 1212 abstinentiae,

345 1222 382 1251 de
406 1231 469 1251 non
494 1221 607 1251 virtute
628 1220 662 1251 fit
681 1220 788 1251 virtus.
805 1238 826 1243 -
842 1220 882 1250 Et
898 1226 1005 1260 posset
1027 1220 1089 1250 hoc
1113 1219 1306 1250 confirmari:
1327 1220 1402 1260 quia

344 1275 410 1295 non
434 1271 513 1295 esset
541 1275 623 1305 opus
651 1264 790 1304 generari
814 1264 846 1294 in
871 1264 927 1294 illo
951 1263 1050 1294 aliurn
1078 1264 1235 1301 habitum,
1261 1271 1296 1295 ut
1323 1269 1403 1294 esset

343 1309 510 1339 abstinens

411 1353 447 1383 II.
472 1353 559 1382 Haec
583 1359 689 1382 autern
706 1351 822 1391 positio
842 1357 996 1391 repugnat
1015 1357 1045 1382 et
1062 1351 1221 1382 doctrinae
1237 1351 1402 1387 ¹Auctoris,

345 1404 374 1428 et
396 1396 526 1427 veritati.
550 1396 682 1426 Auctori
707 1395 845 1436 quidem,
868 1395 942 1436 quia
958 1402 1063 1436 aperte
1084 1395 1117 1425 in
1133 1395 1191 1426 hac
1207 1396 1401 1436 quaestione,

344 1451 441 1482 quam
459 1441 498 1471 de
515 1441 651 1470 essentia
670 1440 796 1470 virtutis
811 1446 914 1476 vocat,
931 1439 1100 1470 dividendo
1117 1446 1284 1470 tractatum
1302 1439 1401 1476 hunc;

344 1491 516 1525 postquam
538 1483 680 1515 tractavit
703 1484 741 1514 de
764 1483 891 1520 habitu,
919 1483 1011 1524 ponit
1034 1483 1182 1514 virtutem
1211 1490 1246 1514 ut
1269 1483 1313 1514 sic
1335 1493 1402 1514 esse

344 1529 502 1564 habitum,
527 1534 562 1559 ut
585 1528 618 1558 in
641 1528 703 1558 hoc
726 1534 812 1568 patet
835 1527 977 1558 articulo.
1007 1527 1048 1559 Et
1070 1527 1103 1558 in
1131 1527 1245 1559 ultimo
1270 1527 1402 1558 articulo

345 1582 487 1613 expresse
511 1572 585 1603 dicit
608 1572 697 1613 quod
715 1571 840 1602 habitus
857 1578 903 1602 est
917 1581 1021 1613 genus
1030 1572 1248 1612 propinquum
1266 1573 1401 1603 virtutis.

345 1617 494 1654 Quorum
517 1615 595 1646 nihil
619 1622 699 1646 esset
721 1625 841 1652 verum,
859 1615 884 1645 si
899 1615 997 1646 virtus
1022 1615 1159 1652 moralis,
1180 1622 1215 1646 ut
1234 1615 1287 1652 sic,
1312 1616 1402 1646 adve-

344 1661 424 1691 niret
442 1660 516 1690 huic
532 1660 659 1691 habitui
681 1659 861 1696 immutato,
885 1665 921 1690 ut
939 1666 1034 1700 patet.

401 1704 532 1735 Veritafi
555 1710 670 1740 autem,
695 1703 771 1744 quia
793 1703 918 1734 habitus
933 1703 990 1734 ille
1012 1704 1068 1744 qui
1084 1710 1130 1734 est
1147 1703 1245 1734 virtus
1264 1704 1402 1740 moralis,

344 1749 486 1779 habituat
509 1749 684 1788 appetitum
708 1749 747 1778 ad
770 1747 931 1788 sequelam
953 1747 1094 1784 rationis,
1119 1758 1155 1778 ex
1179 1758 1236 1778 sua
1259 1748 1402 1778 essentia.

343 1793 396 1823 Ad
419 1792 508 1831 cuius
531 1791 721 1822 evidentiam
743 1791 892 1828 veritatis,
918 1791 998 1822 duae
1022 1798 1095 1823 sunt
1118 1792 1323 1823 advertendae
1343 1791 1403 1822 dis-

345 1836 519 1867 tinctiones.
548 1835 653 1866 Prima
681 1842 726 1866 est
754 1835 792 1865 de
819 1835 939 1866 ratione
963 1842 1054 1866 recta.
1083 1835 1140 1866 Est
1163 1835 1248 1865 enim
1277 1835 1400 1876 duplex.

347 1880 513 1918 Quaedam
537 1881 678 1920 respectu
702 1879 822 1920 proprii
842 1878 912 1909 finis
928 1879 1027 1919 ipsius
1050 1879 1173 1910 virtutis
1191 1879 1330 1917 moralis,
1347 1879 1403 1920 qui

345 1932 390 1955 est
413 1925 536 1954 bonum
558 1924 687 1954 rationis
710 1923 743 1953 in
767 1923 820 1953 tali
843 1923 985 1959 materia,
1015 1923 1104 1963 quod
1131 1930 1178 1953 est
1204 1923 1347 1954 medium
1369 1923 1402 1953 in

344 1968 398 1999 tali
421 1968 550 1999 materia
573 1967 816 1999 determinatum
840 1967 977 1998 ratione:
1006 1967 1087 1998 sicut
1109 1966 1251 1998 medium
1275 1967 1307 1997 in
1332 1967 1402 1998 cibo

345 2020 375 2043 et
397 2019 477 2052 potu
502 2019 548 2042 est
570 2011 641 2042 finis
664 2011 869 2043 abstinentiae
891 2011 1049 2052 proprius.
1075 2011 1243 2049 Quaedam
1257 2021 1332 2042 vero
1355 2021 1402 2042 re-

344 2063 453 2097 spectu
473 2055 543 2087 finis
567 2055 743 2087 extrinseci:
769 2062 865 2096 prout
883 2055 947 2086 vita
962 2063 1087 2087 aeterna
1103 2062 1149 2086 est
1162 2054 1234 2087 finis
1249 2056 1289 2087 ad
1305 2066 1402 2097 quem

344 2099 420 2131 fides
446 2100 580 2132 formata
603 2100 728 2131 ordinat
757 2099 987 2131 abstinentiam.
1017 2101 1053 2131 In
1076 2100 1243 2141 proposito
1268 2107 1403 2138 nonest

345 2155 448 2175 sermo
473 2145 511 2176 de
535 2145 655 2175 ratione
678 2151 761 2176 recta
784 2145 924 2175 secundo
948 2145 1061 2175 modo:
1092 2145 1167 2185 quia
1194 2145 1260 2185 ipse
1289 2145 1402 2176 Scotus

344 2199 486 2229 expresse
505 2189 648 2230 loquitur
663 2189 702 2219 de
717 2188 883 2230 prudentia
899 2198 954 2219 seu
971 2195 1042 2220 actu
1058 2189 1134 2226 eius,
1155 2188 1238 2229 quae
1256 2196 1302 2220 est
1321 2196 1402 2220 recta

343 2234 422 2264 ratio
446 2233 543 2264 medii
564 2233 688 2264 virtutis
707 2233 850 2269 moralis,
867 2239 903 2263 ut
918 2239 1003 2273 patet
1017 2233 1051 2263 in
1072 2233 1099 2263 Π
1118 2233 1251 2264 Ethic.*
1273 2243 1310 2264 ex
1328 2233 1402 2264 defi-

344 2277 465 2309 nitione
487 2277 626 2314 virtutis;
651 2283 773 2308 constat
795 2284 903 2308 autem
916 2277 1006 2318 quod
1029 2276 1178 2317 attingere
1198 2277 1341 2308 medium
1357 2284 1403 2308 est

344 2321 416 2352 finis
438 2321 585 2365 proprius
608 2321 736 2352 moralis
759 2320 893 2352 virtutis.

401 2361 544 2396 Secunda
560 2371 606 2400 est
625 2365 663 2395 de
679 2364 789 2396 effectu
806 2364 952 2395 formali'
944 2364 1044 2404 ipsius
1059 2364 1184 2395 habitus
1200 2364 1256 2405 qui
1271 2371 1403 2396 vocatur

344 2409 442 2440 virtus
458 2409 598 2439 moralis:
623 2409 788 2449 dupliciter
805 2409 889 2439 enim
901 2408 1094 2449 intelligitur.
1115 2408 1232 2445 Primo,
1251 2415 1285 2439 ut
1296 2419 1333 2439 ex
1345 2418 1402 2439 sua

345 2453 477 2484 essentia
492 2452 616 2484 habitus
628 2453 680 2484 ille
695 2453 803 2484 reddat
820 2453 997 2493 appetitum
1019 2452 1219 2483 habituatum
1242 2453 1281 2482 ad
1295 2459 1402 2483 actum

344 2504 375 2528 et
393 2507 459 2528 non
478 2497 565 2538 plus:
585 2497 670 2527 verbi
690 2497 797 2536 gratia,
821 2496 1007 2527 abstinentia
1031 2497 1070 2526 ad
1092 2496 1324 2527 abstinendum.
1348 2496 1401 2527 Se-

344 2542 459 2577 cundo,
476 2548 512 2572 ut
527 2541 635 2572 reddat
649 2540 827 2581 appetitum
842 2540 1042 2572 habituatum
1058 2540 1098 2570 ad
1113 2547 1220 2571 actum
1235 2550 1311 2571 cum
1331 2550 1402 2570 om-

342 2585 435 2616 nibus
458 2584 525 2615 eius
549 2584 783 2615 conditionibus
806 2594 882 2615 suae
899 2583 1087 2615 latitudinis:
1108 2584 1224 2615 scilicet
1246 2585 1286 2614 ad
1309 2584 1402 2616 absti-

342 2629 483 2660 nendum
507 2629 650 2670 quando,
680 2628 750 2666 ubi,
775 2628 872 2665 sicut,
897 2635 1026 2669 propter
1049 2627 1140 2669 quid,
1165 2634 1239 2664 etc.,
1265 2634 1399 2668 oportet.

341 2673 526 2703 Existimare
549 2671 675 2703 habitus
694 2671 880 2703 huiusmodi
903 2679 1050 2704 naturam
1073 2681 1140 2702 esse
1162 2672 1267 2712 primo
1290 2672 1401 2709 modo,

342 2717 401 2748 fuit
424 2726 518 2747 causa
540 2716 624 2747 illius
640 2716 781 2747 Scoticae
800 2716 995 2756 phantasiae:
1019 2715 1148 2746 definire
1164 2722 1271 2746 autem
1291 2715 1401 2747 huius-

341 2761 429 2791 modi
452 2760 577 2791 habitus
600 2767 746 2791 naturam
770 2760 909 2791 secundo
933 2760 1048 2796 modo,
1073 2766 1119 2790 est
1145 2760 1225 2791 ratio
1249 2760 1398 2791 veritatis.

340 2805 407 2836 Nisi
432 2805 516 2836 enim
541 2804 712 2845 appetitus,
737 2814 774 2836 ex
797 2811 908 2836 natura
931 2804 1056 2835 habitus
1080 2804 1320 2844 temperantiae,
1345 2803 1402 2834 ha-

1456 693 1594 724 bituatus
1618 698 1714 731 esset,
1743 701 1774 724 et
1795 694 1860 724 iam
1883 705 1938 734 per
1962 695 2097 726 modum
2120 703 2250 727 naturae
2271 696 2513 732 determinatus,

1456 737 1495 767 ad
1511 737 1734 768 abstinendum
1752 745 1881 778 propter
1898 739 2022 769 bonum
2037 739 2176 779 rationis,
2187 741 2327 781 quando,
2341 740 2405 777 ubi,
2423 740 2512 781 sicut,

1456 788 1612 821 quantum
1636 781 1714 812 ratio
1739 781 1892 822 exposcit;
1917 781 1981 812 iam
2011 782 2170 822 appetitus
2199 794 2265 814 non
2289 791 2369 815 esset
2396 794 2433 814 ex
2461 783 2514 814 tali

1456 825 1563 855 habitu
1588 825 1687 855 factus
1711 826 1801 866 quasi
1825 825 2006 861 naturaliter
2029 826 2207 867 obsequens
2239 827 2363 859 rationi.
2397 828 2437 858 Et
2468 837 2514 858 se-

1454 876 1604 910 queretur
1627 870 1716 910 quod
1738 869 1856 900 habens
1879 869 2023 900 habitum
2046 870 2279 911 temperantiae,
2303 871 2396 902 habet
2419 881 2515 911 appe—

1455 911 1550 943 titum
1578 919 1774 953 pugnantem
1797 920 1906 944 contra
1933 914 2090 944 rationem
2112 915 2289 945 secundum
2311 915 2514 947 circumstan-

1456 956 1532 986 tiam
1556 963 1586 987 et
1607 956 1706 987 finem
1728 957 1911 996 proprium:
1935 958 2024 998 quod
2047 964 2093 988 est
2113 964 2221 988 contra
2234 958 2469 999 Philosophum
2485 965 2515 990 et

1455 999 1628 1036 veritatem,
1650 1001 1707 1031 V11
1730 1001 1853 1031 Ethicfl‘
1868 1001 1910 1031 Et
1931 1008 2115 1041 sequeretur
2138 1002 2227 1042 quod
2250 1012 2362 1034 omnes
2385 1002 2514 1034 virtutes

1456 1043 1591 1074 morales
1615 1050 1718 1074 essent
1741 1044 1896 1080 scientiae,
1916 1043 2001 1075 iuxta
2020 1044 2207 1085 opinionem
2225 1045 2407 1077 StOicorum
2421 1045 2449 1077 ὓ.
2473 1045 2551 1076 Et·

1455 1086 1602 1123 breviter,
1626 1087 1688 1118 hoc
1712 1087 1842 1118 destruit
1865 1088 2019 1118 moralem
2042 1088 2227 1120 bonitatem.

1510 1131 1552 1162 Et
1567 1137 1657 1171 potes
1674 1131 1851 1162 ratiocinari
1868 1139 1976 1162 contra
1993 1132 2073 1163 hanc
2087 1132 2288 1172 phantasiam
2305 1133 2358 1164 sic.
2378 1133 2514 1164 Habitus

1455 1174 1518 1212 ille,
1535 1182 1612 1215 pnta
1628 1175 1840 1211 abstinentiae,
1857 1175 1923 1216 qui,
1943 1176 2029 1216 apud
2045 1183 2085 1212 te,
2101 1183 2266 1216 generatus
2282 1184 2328 1208 est
2340 1187 2376 1207 ex
2393 1177 2513 1208 actibus

1456 1218 1566 1249 elicitis
1582 1219 1758 1250 secundum
1774 1219 1929 1250 rationem
1944 1229 2108 1250 erroneam
2123 1221 2305 1260 oppositam
2320 1221 2515 1261 prudentiae,

1457 1269 1488 1293 et
1510 1263 1720 1303 postmodum
1742 1263 1777 1294 fit
1798 1264 1897 1294 virtus
1920 1263 2048 1294 moralis
2071 1264 2258 1295 immutatus
2277 1265 2310 1295 in
2324 1274 2370 1301 se;
2391 1272 2445 1296 aut
2467 1265 2515 1295 in-

1457 1306 1551 1337 clinat
1574 1317 1610 1337 ex
1633 1317 1665 1337 se
1682 1308 1722 1338 ad
1736 1314 1823 1338 actus
1846 1307 1964 1338 similes
1987 1307 2155 1348 prioribus,
2176 1315 2232 1340 aut
2247 1308 2423 1340 dissimiles.
2440 1309 2515 1340 Non

1457 1350 1632 1387 dissimiles,
1657 1357 1693 1382 ut
1715 1357 1809 1391 patet.
1833 1351 1918 1391 Ergo
1942 1352 1982 1382 ad
2005 1352 2132 1383 similes.
2157 1352 2220 1383 Sed
2242 1352 2360 1383 similes
2383 1359 2458 1383 sunt
2471 1353 2515 1383 vi-

1457 1394 1541 1425 tiosi:
1574 1394 1648 1435 quia
1677 1405 1807 1426 erronea
1829 1395 1908 1426 ratio
1937 1406 2003 1426 non
2026 1403 2160 1427 excusat.
2189 1397 2285 1437 Ergo.
2300 1414 2322 1420 —
2337 1397 2514 1433 Praeterea,

1457 1445 1544 1469 actus
1558 1438 1610 1469 ille
1629 1439 1670 1469 ad
1687 1449 1786 1489 quem
1803 1439 1932 1470 inclinat
1948 1439 2016 1470 talis
2033 1439 2169 1476 habitus,
2186 1447 2241 1472 aut
2256 1447 2303 1471 est
2317 1441 2358 1471 ad
2371 1420 2515 1472 mediani

1455 1482 1490 1512 in
1513 1482 1567 1513 tali
1588 1483 1727 1518 materia,
1751 1490 1806 1514 aut
1828 1483 1868 1514 ad
1891 1491 2037 1515 extrema.
2047 1484 2094 1516 Si
2109 1485 2150 1515 ad
2165 1484 2317 1521 medium,
2341 1491 2389 1516 est
2402 1493 2514 1516 secun-

1457 1526 1536 1557 dum
1558 1537 1591 1557 se
1614 1537 1687 1558 vera
1708 1527 1806 1558 virtus
1829 1528 1975 1558 moralis:
2000 1528 2075 1569 quia
2097 1527 2156 1558 sibi
2180 1528 2329 1560 convenit
2350 1527 2514 1565 madefi-

1458 1569 1535 1601 nitio
1558 1570 1682 1602 virtutis
1705 1571 1794 1602 datae
1810 1571 1837 1601 11
1855 1570 1990 1608 Ethicff,
2008 1571 2136 1607 scilicet,
2154 1571 2295 1603 Habitus
2313 1572 2463 1605 elec-rivas
2480 1573 2514 1603 in

1457 1614 1623 1645 medietate
1646 1616 1819 1646 consistens
1842 1621 1900 1645 etc.
1924 1615 1956 1645 Si
1980 1615 2020 1644 ad
2042 1622 2194 1651 extrema,
2218 1625 2294 1655 ergo
2317 1622 2364 1648 est
2385 1614 2513 1646 vitium*

1457 1665 1493 1688 ut
1515 1664 1600 1698 patet
1622 1659 1675 1688 ibi.
1700 1658 1822 1689 Vitium
1845 1665 1952 1689 autem
1977 1667 2143 1699 nunquam
2165 1659 2277 1690 transit
2298 1658 2331 1689 in
2353 1658 2515 1696 virtutem,

1457 1701 1539 1732 sicut
1562 1711 1618 1732 nec
1642 1702 1755 1732 albedo
1778 1701 1811 1733 in
1835 1702 2046 1741 nigredinem:
2071 1708 2146 1734 sunt
2167 1702 2259 1734 enim
2275 1703 2449 1735 contrarias
2468 1718 2516 1733 μ,

1517 1745 1568 1776 111.
1593 1746 1713 1776 Discito
1737 1745 1822 1786 erg'o,
1847 1753 1878 1776 et
1901 1746 2013 1782 dicito,
2036 1747 2126 1787 quod
2149 1747 2247 1778 virtus
2269 1747 2409 1784 moralis,
2432 1747 2515 1785 sieut

1457 1789 1615 1829 quaelibet
1631 1790 1700 1826 alia,
1719 1797 1765 1820 est
1779 1789 1980 1821 essentialiter
1992 1790 2127 1822 habitus.
2141 1790 2202 1822 Sed
2216 1791 2344 1822 moralis
2362 1798 2409 1823 est
2427 1791 2515 1829 habi-v

1457 1833 1576 1863 tuativa
1598 1834 1756 1874 appetitus
1779 1835 1818 1864 ad
1842 1834 2031 1867 eliciendum
2055 1841 2141 1872 actus
2169 1835 2309 1885 quando,
2333 1833 2398 1873 ubi,
2423 1830 2512 1871 sicut,

1457 1883 1615 1918 quantum
1638 1885 1765 1918 oportet
1786 1884 1916 1918 propter
1937 1879 2062 1909 bonum
2076 1878 2222 1909 rationis:
2247 1886 2280 1910 et
2299 1878 2374 1920 quia
2389 1878 2515 1922 difficile

1458 1927 1504 1951 est
1520 1931 1586 1952 esse
1602 1921 1802 1953 habituatum
1817 1923 1857 1952 ad
1873 1922 2063 1953 eliciendum
2081 1929 2187 1954 actum
2203 1922 2246 1954 sic
2261 1917 2513 1955 circumstantie·
2563 1951 2566 1963 λ

1457 1972 1584 2002 natum,
1608 1964 1681 1997 ideo
1705 1964 1829 1997 difficile
1853 1973 1900 1997 est
1921 1966 2036 1997 habere
2058 1964 2203 1998 habitum
2224 1966 2362 1998 virtutis:
2387 1973 2418 1998 et
2441 1976 2516 2008 qun

1457 2009 1638 2040 habituatus
1661 2010 1701 2040 ad
1724 2010 1966 2047 abstinendum,
1990 2011 2077 2041 verbi
2099 2010 2214 2051 gratia,
2243 2017 2274 2042 et
2296 2021 2364 2047 non
2378 2017 2516 2051 'proptu'

1457 2054 1580 2085 bonum
1595 2054 1742 2091 rationis,
1767 2053 1894 2086 assuefit
1909 2065 1946 2086 ex
1963 2054 2025 2086 illo?
2041 2055 2152 2087 habitu
2175 2055 2216 2092 ad
2234 2061 2342 2093 actum
2356 2055 2514 2089 abstinen-

1457 2098 1616 2130 tiaeucum
1639 2098 1692 2129 tali
1717 2098 1855 2136 defectu,
1876 2105 2003 2140 oportet
2025 2098 2170 2130 habitum
2189 2098 2292 2130 alium
2308 2097 2460 2139 generari,
2484 2105 2515 2131 et

1457 2143 1695 2183 praecedentem
1715 2143 1886 2184 corrumpi,
1903 2143 1929 2173 si
1944 2151 2036 2174 verus
2052 2142 2178 2175 habitus
2194 2142 2400 2178 abstinentiae,
2413 2143 2516 2175 inesse

1456 2187 1549 2217 debet
1576 2185 1740 2229 (quamvis
1770 2187 1892 2218 facilius
1921 2194 2087 2227 generetur
2113 2187 2147 2218 in
2169 2187 2213 2218 sic
2241 2186 2396 2230 disposito
2423 2192 2516 2218 verus

1455 2231 1659 2262 abstinentiae
1682 2229 1840 2273 habitus):
1858 2237 1893 2262 ut
1907 2237 1995 2271 patet
2016 2231 2050 2261 in
2068 2230 2131 2262 fine
2147 2231 2174 2262 11
2192 2228 2296 2262 Ethie.
2301 2230 2421 2263 *Sicut
2442 2240 2516 2271 prm
2542 2237 2552 2247 ·

1456 2275 1546 2314 digus
1569 2275 1750 2306 habituatus
1765 2275 1806 2305 ad
1819 2275 2064 2315 expendendum
2086 2284 2153 2307 non
2171 2281 2305 2315 propter
2328 2276 2452 2307 bonum
2465 2284 2512 2305 ra·
2557 2274 2581 2284 “”

1455 2318 1565 2356 tionis,
1581 2325 1612 2350 et
1625 2318 1769 2365 quando
1779 2325 1915 2358 oportet,
1939 2325 2012 2355 etc.,
2030 2318 2056 2348 si
2071 2318 2183 2351 debeat
2205 2317 2431 2355 flexiliberalis.
2446 2328 2514 2365 non

1456 2361 1570 2393 sufficit
1592 2360 1685 2404 quod
1704 2368 1845 2393 mutetur
1860 2362 1927 2392 sola
1942 2361 2050 2402 regula
2066 2362 2106 2392 ad
2125 2368 2255 2403 propter
2272 2361 2354 2403 quid
2373 2359 2510 2403 oportet,

1456 2412 1486 2436 et
1508 2407 1638 2447 quando
1663 2412 1803 2446 oportet,
1828 2412 1906 2442 etc.;
1935 2406 1990 2436 sed
2013 2412 2140 2446 oportet
2162 2412 2213 2436 ut
2210 2404 2278 2437 fiat
2294 2413 2360 2437 una
2384 2406 2516 2446 simplex

1455 2449 1589 2490 qualitas
1612 2459 1704 2487 nova,
1725 2449 1892 2481 habituans
1914 2450 1954 2480 ad
1976 2449 2218 2490 expendendum
2241 2450 2378 2491 propter
2391 2450 2516 2481 bonum

1454 2494 1594 2531 rationis,
1606 2494 1736 2535 quando
1751 2500 1888 2534 oportet,
1901 2494 1991 2530 sicut,
2007 2493 2074 2530 ubi,
2089 2500 2173 2524 etc.-
2187 2493 2229 2524 Et
2244 2493 2387 2530 breviter,
2402 2493 2429 2524 si
2443 2494 2516 2534 quis

1455 2538 1632 2574 meditetur,
1657 2544 1688 2569 et
1710 2537 1874 2577 diligenter
1900 2547 1969 2568 rem
1995 2537 2077 2568 hanc
2099 2537 2356 2574 consideraverit,
2378 2537 2518 2574 inveniet

1454 2583 1543 2623 quod
1561 2582 1638 2612 haec
1661 2581 1825 2622 phantasia
1848 2581 1886 2612 de
1909 2580 1986 2612 vitio
2009 2581 2043 2611 in
2066 2581 2233 2617 virtutem,
2258 2587 2290 2612 et
2310 2591 2329 2612 e
2351 2590 2516 2619 converso}

1454 2626 1632 2664 transferret
1654 2625 1799 2656 habitum
1829 2625 1976 2657 eundem.
2007 2625 2095 2658 Idem
2118 2624 2204 2656 enim
2227 2631 2274 2663 est
2301 2622 2456 2663 iudicium
2478 2624 2517 2655 de

1453 2670 1562 2701 habitu
1575 2669 1681 2710 genito
1692 2679 1729 2701 ex
1741 2668 1861 2700 actibus
1877 2669 1985 2700 elicitis
2004 2678 2078 2700 cum
2089 2667 2210 2700 ratione
2222 2676 2352 2701 erronea
2367 2668 2516 2709 opposita

1454 2714 1648 2757 prudentiae,
1666 2719 1697 2744 et
1715 2713 1754 2744 de
1767 2713 1894 2743 vitioso:
1910 2722 1986 2743 nam
1999 2712 2032 2743 in
2048 2719 2244 2764 utroqueest
2255 2711 2376 2753 aliquid
2391 2712 2517 2744 eonfor-

1454 2758 1568 2791 mabile
1591 2764 1692 2789 rectae
1715 2757 1840 2793 rationi,
1864 2763 1942 2798 puta
1958 2763 2060 2793 actus;
2077 2763 2113 2788 et
2121 2756 2163 2788 in
2171 2763 2284 2788 neutro
2308 2762 2424 2793 totum,
2439 2756 2516 2798 quia

1454 2803 1636 2834 defectuosa
1649 2801 1883 2832 circumstantia
1893 2811 1958 2831 non
1971 2807 2019 2833 est
2030 2800 2267 2835 conformabilis
2280 2805 2382 2832 rectae
2392 2800 2515 2838 ratiom‘,

1104 2957 1421 2999 ARTICULUS
1452 2954 1748 2998 SECUNDUS

856 3050 1011 3081 UTRUM
1035 3049 1192 3080 vmrus
1216 3049 1403 3080 HUMANA
1427 3048 1493 3079 SIT
1517 3047 1703 3078 HABrrus
1728 3046 1999 3079 OPERATIVUS

1109 3127 1139 3152 111
1159 3127 1242 3157 Sent„
1262 3127 1321 3152 dist.
1339 3134 1411 3156 xxm,
1431 3134 1475 3159 qu.
1494 3134 1517 3158 ι,
1537 3131 1584 3152 art
1606 3125 1634 3156 3,
1654 3127 1701 3158 qu·
1720 3132 1743 3151 ι.

367 3233 434 3282 >54

358 3324 395 3371 s*
478 3301 542 3339 Ψ

358 3352 381 3381 ι’
397 3362 408 3404 <
429 3377 485 3412 :22
509 3369 734 3422 &Tullium
726 3387 763 3411 m
784 3375 834 3411 IV
848 3376 894 3412 de
912 3374 948 3411 T
945 3374 1059 3411 uscul
1081 3375 1227 3416 Quae-St
1243 3373 1274 3422 ²⁸,
1291 3372 1396 3422 quod

405 3251 434 3276 ἢ
461 3259 467 3269 ,Ἰ
476 3240 527 3290 ἔ(
550 3229 572 3253 D
588 3228 777 3254 SECUNDUM
792 3229 844 3254 stc
859 3201 1099 3254 nocam-rua.
1116 3215 1275 3253 Videtur
1289 3216 1394 3263 quod
1448 3214 1544 3252 sicut
1568 3222 1626 3252 est
1653 3213 1791 3251 sanitas
1820 3219 1857 3250 et
1889 3212 2130 3272 pulchritudo
2160 3211 2350 3261 corporis,
2379 3211 2430 3251 ita
2456 3186 2513 3249 εει

366 3261 530 3328 *ἱᾰὶῖηε
550 3282 628 3306 non
661 3270 707 3306 sit
745 3269 791 3306 de
834 3269 978 3306 ratione
1013 3268 1161 3307 virtutis
1201 3269 1394 3306 humanae
1447 3267 1565 3304 virtus
1594 3267 1757 3304 animae.
1787 3266 1865 3304 Sed
1893 3265 2034 3303 sanitas
2059 3273 2094 3303 et
2119 3265 2362 3314 pulchritudo
2389 3269 2406 3286 ²
2433 3275 2512 3301 non

498 3330 529 3374 ᾔ
550 3322 654 3371 quod
683 3322 728 3359 sit
751 3322 900 3359 habitus
922 3321 1151 3370 operativus.
1173 3321 1273 3358 Dicit
1292 3320 1394 3358 enim
1449 3328 1535 3357 sunt
1561 3319 1711 3360 habitus
1744 3318 1943 3368 operativi.
1966 3319 2068 3366 Ergo
2098 3330 2223 3367 neque
2244 3317 2358 3354 etiam
2377 3316 2507 3354 virtus.

1504 3385 1539 3410 2.
1569 3374 1808 3418 PRAETEREA,
1837 3371 1876 3415 in
1912 3371 2026 3408 rebus
2058 3370 2289 3414 naturalibus
2322 3368 2512 3408 invenitur

396 3497 422 3530 α)
438 3498 619 3529 pulchritudo.
632 3511 652 3516 -
670 3498 812 3530 aegritudo
831 3482 1010 3522 Asscnr'fflt.

2643 320 2650 335 l.

2542 413 2590 434 'In
2605 418 2712 440 corpore.

2541 1005 2594 1054 s.‘³³
2614 1011 2698 1053 ’.ἱὲοέ
2698 1005 2738 1054 ἑὲ
2742 1008 2754 1032 ⁵

2542 1057 2755 1080 ’Socraticorumi'

2541 1084 2579 1132 ξι.
2589 1090 2628 1112 qu.
2637 1089 2703 1111 nin,
2709 1087 2754 1106 art

2542 1578 2599 1634 Lgf.
2607 1578 2652 1619 loc.
2660 1577 2726 1619 eit
2710 1584 2755 1614 m-

2542 2235 2744 2285 2⁶3ffi²¹2¹2

2637 3268 2655 3285 G
