2852 4152
109 804 190 855 {agg-d
196 810 235 833 qu.
254 810 317 832 xux,

113 2636 125 2647 ⁰
137 2635 188 2663 Qu.
200 2639 264 2662 mx,
278 2638 322 2656 an.

1051 199 1315 245 QUAESTIO
1346 200 1445 246 LIV,
1475 199 1769 236 ARTICULUS
1800 201 1812 236 I

702 395 1111 472 QUAESTIO
1151 393 2161 473 QUINQUAGESIMAQUARTA

980 523 1064 564 DE
1095 523 1523 564 DISTINCTIONE
1556 523 1879 565 HABITUUM

1131 638 1165 663 IN
1195 638 1366 668 QUATUOR
1393 638 1594 664 ARTICULOS
1621 638 1735 664 DIVISA

429 747 536 774 E1N1>E
569 735 886 774 considerandum
920 744 975 774 est
997 736 1044 773 de
1073 735 1309 774 distinctione
1340 737 1405 773 ha-

431 799 577 837 bituum
607 801 638 837 *.
675 801 724 837 Et
757 801 852 838 circa
889 802 964 838 hoc
993 806 1011 823 ‘²
1044 809 1275 850 quaeruntur
1316 812 1406 849 qua-

346 873 442 902 tuor.

400 931 552 968 Primo:
588 939 715 968 utrum
749 931 856 968 multi
890 932 1040 968 habitus
1072 931 1218 980 possint
1256 944 1337 968 esse
1370 931 1407 968 in

452 1010 529 1034 una
555 997 735 1046 potentia.

1513 736 1713 773 Secundo:
1741 743 1868 773 utrum
1900 736 2049 774 habitus
2082 736 2354 786 distinguantur
2380 751 2514 778 secun-

1565 788 1658 825 dum
1686 788 1845 826 obiecta.

1513 840 1663 877 Tertio:
1693 847 1820 877 utrum
1839 840 1987 878 habitus
2012 841 2284 890 distinguantur
2302 844 2511 881 secundum

1566 893 1712 928 bonum
1742 900 1778 929 et
1805 894 1961 930 malum.

1515 945 1680 991 Quarto:
1709 953 1836 981 utrum
1856 958 1953 982 unus
1980 947 2127 984 habitus
2156 961 2201 985 ex
2228 948 2352 985 multis
2380 949 2514 987 habiti-

1567 998 1637 1034 bus
1666 997 1922 1034 constituatur.

1157 1105 1471 1148 ARTICULUS
1502 1105 1707 1148 PRIMUS

795 1199 950 1230 UTRUM
974 1198 1110 1230 MULTI
1135 1197 1322 1228 HABITUS
1345 1197 1520 1228 POSSINT
1545 1197 1644 1228 ESSE
1669 1198 1711 1228 IN
1735 1198 1824 1229 UNA
1847 1198 2067 1230 PoTENTm

603 1275 634 1301 111
653 1275 736 1305 sent„
755 1276 816 1302 dist.
834 1283 919 1306 xxxm,
939 1283 983 1308 qu.
1001 1283 1023 1305 ι.
1042 1281 1091 1301 art.
1107 1283 1127 1305 1,
1147 1276 1192 1308 qu·
1213 1282 1237 1304 1;
1258 1275 1299 1300 De
1319 1275 1407 1304 Verit„
1428 1283 1471 1307 qu.
1490 1283 1530 1304 xV.
1549 1280 1596 1300 art.
1613 1283 1640 1306 2,
1660 1276 1691 1300 ad
1710 1283 1752 1306 11;
1774 1276 1814 1301 De
1832 1276 1937 1306 Virtut„
1957 1285 2001 1310 qu.
2015 1285 2037 1307 ι,
2056 1283 2103 1302 art.
2120 1285 2163 1308 12,
2182 1278 2214 1303 ad
2232 1286 2258 1310 4.

381 1382 440 1407 n„-
567 1374 740 1401 ···1MUM
767 1374 820 1399 stc
847 1373 1085 1398 PROCEDITUR.
1114 1361 1273 1398 Videtur
1299 1361 1405 1409 quod

346 1427 351 1429 ·
381 1416 503 1463 ists?
559 1427 638 1452 non
664 1414 812 1463 possint
839 1426 923 1450 esse
950 1413 1058 1450 multi
1085 1414 1235 1450 habitus
1262 1413 1301 1449 in
1329 1425 1406 1449 una

368 1462 479 1526 ἦς’»
499 1456 739 1516 ’(’ροῐεοῑὶω
768 1467 913 1503 Eorum
944 1465 1046 1502 enim
1075 1477 1174 1513 quae
1194 1465 1404 1502 secundum

357 1499 501 1559 ‘kf-'³92
518 1514 661 1559 idern
699 1519 995 1567 distinguuntur,
1025 1518 1268 1567 multiplicato
1304 1529 1404 1564 uno,

346 1573 614 1624 'multiplicatur
633 1579 669 1609 et
687 1572 800 1610 aliud.
827 1571 903 1609 Sed
922 1570 1134 1609 secundum
1154 1570 1255 1607 idem
1274 1577 1407 1619 poten-

346 1624 422 1665 tiae
454 1633 492 1664 et
526 1625 677 1665 habitus
704 1624 994 1672 distinguuntur,
1024 1623 1164 1660 scilicet
1195 1622 1406 1660 secundum

348 1687 454 1717 actus
491 1686 529 1715 et
564 1678 723 1715 obiecta.
763 1677 942 1714 Similiter
979 1688 1069 1724 ergo
1102 1675 1406 1724 multiplicantur.

349 1733 442 1770 Non
469 1743 559 1779 ergo
588 1738 748 1780 possunt
777 1742 857 1767 esse
886 1729 994 1766 multi
1016 1726 1167 1766 habitus
1187 1729 1225 1765 in
1244 1740 1320 1765 una
1339 1740 1408 1777 po-

349 1784 475 1822 tentia.

403 1849 438 1875 2.
458 1837 692 1883 PRAETEREA,
711 1835 880 1884 potentia
901 1842 956 1871 est
969 1834 1088 1871 virtus
1108 1834 1299 1882 quaedam
1319 1833 1408 1871 sim—

348 1891 446 1940 plex.
482 1889 560 1926 Sed
591 1889 630 1926 in
663 1901 741 1925 uno
777 1888 946 1924 subiecto
982 1886 1141 1936 simplici
1174 1899 1252 1923 non
1285 1893 1410 1935 potest

350 1955 432 1980 esse
461 1941 658 1979 diversitas
691 1940 964 1978 accidentium:
994 1939 1082 1988 quia
1111 1939 1323 1976 subiectum
1355 1945 1409 1975 est

350 2007 463 2032 causa
491 1993 714 2040 accidentis;
747 1994 796 2030 ab
822 2005 902 2031 uno
930 2000 1057 2029 autem
1078 1992 1235 2041 simplici
1256 2004 1335 2028 non
1353 1991 1410 2027 vi-

350 2048 459 2085 detur
485 2047 692 2096 procedere
712 2046 782 2083 nisi
807 2057 939 2082 unum.
969 2046 1070 2092 Ergo
1091 2045 1129 2081 in
1147 2057 1224 2081 una
1243 2044 1410 2093 potentia

351 2112 432 2138 non
457 2106 619 2149 possunt
646 2111 728 2136 esse
755 2098 862 2136 multi
889 2097 1051 2135 habitus.

405 2154 440 2190 3.
468 2153 702 2198 PRAETEREA,
730 2151 827 2188 sicut
854 2162 992 2199 corpus
1019 2150 1205 2187 formatur
1227 2161 1296 2198 per
1314 2150 1409 2197 figu-

347 2217 445 2253 ram,
460 2204 511 2242 ita
525 2204 693 2254 potentia
707 2205 891 2241 formatur
904 2215 974 2252 per
987 2203 1171 2240 habiturn.
1193 2202 1270 2239 Sed
1288 2214 1409 2239 unum

349 2269 489 2307 corpus
515 2269 595 2295 non
621 2264 748 2306 potest
774 2257 886 2293 simul
914 2255 1069 2293 formari
1089 2255 1248 2292 diversis
1267 2254 1407 2302 figuris.

349 2311 453 2359 Ergo
488 2321 614 2359 neque
645 2321 724 2346 una
753 2308 923 2358 potentia
958 2315 1083 2357 potest
1115 2307 1227 2344 simul
1255 2307 1411 2343 formari

349 2362 510 2401 diversis
537 2362 737 2399 habitibus.
767 2362 858 2398 Non
888 2373 978 2408 ergo
1004 2361 1132 2412 plures
1154 2359 1305 2396 habitus
1323 2371 1411 2408 pos-

349 2423 439 2454 sunt
464 2415 577 2452 simul
604 2427 687 2452 esse
715 2414 754 2451 in
779 2425 855 2451 una
884 2413 1063 2462 potentia.

402 2469 478 2506 SED
505 2479 652 2505 coum
678 2479 745 2504 Es’r
777 2466 882 2515 quod
913 2466 1121 2503 intellectus
1154 2473 1211 2502 est
1237 2477 1314 2502 una
1340 2476 1410 2513 po-

350 2521 484 2558 tentia:
504 2521 544 2557 in
563 2532 640 2569 qua
658 2527 786 2556 tamen
806 2526 892 2556 sunt
910 2518 1147 2556 diversarum
1167 2517 1408 2554 scientiarum

349 2573 512 2610 habitus.

404 2627 631 2662 REsponnEo
650 2635 834 2661 mcENnuM
853 2623 969 2672 quod,
985 2623 1082 2659 sicut
1100 2633 1214 2670 supra
1227 2621 1248 2644 ’¹‘
1267 2621 1409 2658 dictum

351 2686 418 2725 est,
446 2677 597 2715 habitus
624 2684 712 2713 sunt
739 2675 1005 2724 dispositiones
1033 2674 1224 2722 quaedam
1252 2674 1408 2710 alicuius

350 2730 389 2767 in
417 2729 584 2778 potentia
607 2729 796 2766 existentis
815 2728 864 2765 ad
883 2727 1036 2776 aliquid,
1057 2727 1137 2764 sive
1152 2728 1200 2764 ad
1219 2734 1406 2772 naturam,

351 2783 432 2820 sive
464 2782 515 2819 ad
551 2781 814 2830 operationem
841 2781 904 2818 vel
931 2781 1051 2818 finem
1082 2787 1250 2816 naturae.
1285 2780 1334 2816 Et
1362 2779 1408 2815 de

350 2835 423 2872 illis
449 2835 607 2883 quidem
634 2833 825 2871 habitibus
853 2833 916 2882 qui
945 2840 1031 2870 sunt
1063 2827 1328 2881 dispositiones
1360 2831 1408 2868 ad

351 2895 544 2934 naturam,
573 2886 817 2924 manifestum
855 2893 911 2923 est
947 2885 1052 2934 quod
1087 2892 1247 2933 possunt
1282 2885 1409 2933 plures

352 2952 434 2977 esse
471 2940 510 2977 in
544 2951 624 2976 uno
661 2939 851 2976 subiecto:
886 2950 932 2975 eo
969 2937 1075 2985 quod
1105 2937 1220 2974 unius
1254 2937 1409 2973 subiecti

349 3000 511 3042 possunt
524 2992 781 3030 diversimode
800 2998 926 3040 partes
939 2989 1071 3038 accipi,
1087 2990 1298 3026 secundum
1318 3001 1410 3038 qua-

351 3057 436 3082 rum
465 3044 751 3094 dispositionem
774 3044 925 3080 habitus
953 3043 1138 3080 dicuntur.
1160 3042 1276 3089 Sicut,
1300 3042 1331 3078 si
1349 3053 1410 3079 ac-

352 3098 539 3147 cipiantur
554 3097 710 3135 humani
729 3096 899 3145 corporis
913 3103 1039 3145 partes
1053 3093 1069 3125 β
1086 3096 1283 3141 humores,
1297 3102 1411 3142 prout

352 3151 604 3199 disponuntur
640 3149 853 3186 secundum
890 3156 1064 3185 naturam
1096 3148 1325 3193 humanam,
1355 3154 1411 3185 est

350 3204 501 3240 habitus
514 3204 576 3240 vel
598 3202 792 3251 dispositio
813 3201 998 3238 sanitatis:
1019 3200 1049 3237 si
1067 3212 1161 3237 vero
1181 3199 1411 3247 accipiantur

349 3264 476 3305 partes
504 3255 656 3303 similes,
684 3262 728 3291 ut
744 3254 851 3292 nervi
880 3261 916 3291 et
941 3265 1031 3290 ossa
1059 3261 1096 3289 et
1113 3264 1255 3299 carnes,
1278 3263 1410 3288 earum

351 3308 548 3358 dispositio
584 3308 623 3345 in
662 3307 794 3344 ordine
832 3307 880 3344 ad
913 3313 1107 3352 naturam,
1140 3312 1196 3341 est
1233 3304 1409 3342 fortitudo

351 3369 418 3398 aut
443 3361 606 3399 macies:
635 3360 667 3397 si
694 3372 789 3398 vero
817 3359 1046 3408 accipiantur
1064 3358 1251 3404 membra,
1271 3364 1312 3394 ut
1329 3369 1410 3394 ma-

403 3474 432 3544 ἔξ

453 3474 489 3500 Et
506 3475 579 3500 circa
597 3474 653 3499 hoc.
667 3488 686 3492 -
706 3473 783 3499 Circa
798 3473 916 3505 primum
938 3473 965 3497 Ρ.

447 3513 548 3542 partes.
563 3523 580 3528 -
599 3509 660 3534 Om.
679 3509 708 3533 E.

1433 3471 1437 3535 1

1458 1373 1530 1398 nus
1559 1369 1595 1398 et
1621 1374 1689 1410 pes
1718 1370 1755 1398 et
1781 1362 2020 1411 huiusmodi,
2055 1377 2188 1402 earum
2215 1365 2410 1414 dispositio
2447 1379 2514 1404 na-

1458 1421 1564 1450 turae
1597 1414 1850 1462 conveniens,
1885 1423 1941 1452 est
1975 1417 2226 1464 pulchritudo.
2260 1419 2310 1455 Et
2341 1419 2394 1455 sic
2429 1427 2515 1457 sunt

1458 1466 1584 1514 plures
1611 1466 1761 1503 habitus
1787 1468 1850 1503 vel
1879 1467 2144 1516 dispositiones
2170 1470 2208 1506 in
2236 1470 2386 1508 eodem.

1513 1517 1552 1554 Si
1579 1529 1672 1555 vero
1701 1519 1905 1567 loquamur
1933 1520 1978 1557 de
2007 1521 2195 1559 habitibus
2227 1523 2292 1570 qui
2325 1531 2415 1560 sunt·
2442 1523 2514 1561 dis-

1459 1569 1670 1629 positiones
1694 1572 1741 1608 ad
1770 1583 1898 1620 opera,
1920 1572 1986 1620 qui
2003 1574 2155 1622 proprie
2174 1575 2361 1623 pertinent
2379 1576 2427 1613 ad
2446 1588 2514 1624 po-

1460 1630 1615 1669 tentias3
1643 1635 1696 1660 sic
1725 1623 1834 1660 etiam
1869 1625 2048 1672 contingit
2074 1626 2186 1663 unius
2213 1627 2402 1676 potentiae
2430 1641 2514 1665 esse

1461 1675 1611 1711 habitus
1641 1677 1780 1724 plureS.
1816 1677 1934 1713 Cuius
1962 1677 2055 1714 ratio
2085 1686 2159 1725 est,
2188 1679 2278 1727 quia
2304 1680 2514 1717 subiectum

1461 1727 1610 1764 habitus
1639 1735 1695 1765 est
1726 1729 1894 1777 potentia
1925 1730 2092 1778 passiva,
2120 1739 2161 1767 ut
2188 1744 2302 1780 supra
2325 1732 2346 1754 '¹‘
2374 1733 2515 1770 dictum
2542 1742 2551 1751 '
2591 1747 2634 1762 ur-

1463 1787 1534 1817 est:
1563 1781 1731 1829 potentia
1760 1782 1860 1818 enirn
1885 1782 2005 1819 activa
2025 1790 2170 1820 tantum
2189 1796 2267 1820 non
2287 1793 2343 1821 est
2361 1785 2516 1822 alicuius

1461 1833 1611 1870 habitus
1639 1834 1862 1881 subiectum,
1888 1842 1929 1871 ut
1949 1847 1994 1872 ex
2013 1836 2234 1884 supradictis
2252 1837 2272 1859 ’¹‘
2299 1845 2412 1885 patet.
2442 1839 2515 1874 Po-

1462 1886 1577 1922 tentia
1605 1894 1731 1923 autem
1766 1887 1918 1936 passiva
1951 1896 2192 1937 comparatur
2219 1889 2268 1926 ad
2296 1898 2421 1926 actum
2452 1891 2515 1927 de-

1461 1938 1703 1975 terminatum
1731 1939 1842 1976 unius
1870 1939 2024 1988 speciei,
2055 1941 2150 1977 sicut
2176 1942 2332 1978 materia
2360 1942 2408 1979 ad
2441 1943 2515 1980 for-

1462 2003 1587 2028 mam:
1618 2003 1664 2028 eo
1699 1992 1821 2039 quod,
1855 1992 1949 2029 sicut
1981 1993 2137 2030 materia
2166 1994 2435 2031 determinatur
2466 1996 2515 2032 ad

1461 2056 1578 2080 unam
1598 2044 1759 2081 formam
1779 2057 1848 2093 per
1864 2057 1985 2081 unum
2001 2058 2128 2093 agens,
2148 2046 2198 2083 ita
2218 2047 2328 2084 etiam
2347 2048 2515 2095 potentia

1462 2096 1614 2145 passiva
1642 2109 1664 2133 a
1692 2096 1837 2134 ratione
1863 2097 1974 2134 unius
2002 2098 2139 2135 obiecti
2166 2099 2277 2136 activi
2295 2105 2312 2128 Ὺ
2340 2100 2514 2139 determi-
2634 2103 2651 2128 Υ

1462 2155 1572 2186 natur
1599 2149 1647 2187 ad
1674 2161 1795 2186 unum
1820 2157 1945 2187 actum
1965 2152 2174 2188 secundum
2195 2151 2376 2201 speciem.
2403 2152 2514 2190 Unde

1463 2202 1556 2238 sicut
1581 2202 1690 2250 plura
1718 2202 1866 2239 obiecta
1891 2210 2052 2252 possunt
2071 2215 2229 2241 movere
2247 2216 2364 2243 unam
2382 2211 2516 2253 poten-

1462 2254 1553 2291 tiam
1572 2255 1778 2303 passivam,
1795 2254 1844 2291 ita
1858 2267 1935 2291 una
1948 2256 2116 2304 potentia
2130 2257 2282 2305 passiva
2295 2264 2421 2306 potest
2433 2269 2516 2295 esse

1463 2306 1674 2344 subiectum
1707 2307 1944 2344 diversorum
1974 2315 2127 2345 actuum
2153 2309 2215 2345 vel
2243 2309 2517 2358 perfectionum

1463 2359 1675 2396 secundum
1695 2358 1872 2408 speciem.
1895 2360 2055 2398 Habitus
2075 2368 2202 2398 autem
2221 2369 2308 2398 sunt
2326 2363 2514 2411 quaedam

1463 2412 1660 2460 qualitates
1689 2419 1752 2449 aut
1779 2413 1925 2449 formae
1954 2413 2191 2451 inhaerentes
2214 2414 2416 2463 potentiae,
2437 2415 2517 2463 qui-

1464 2465 1535 2501 bus
1567 2465 1766 2502 inclinatur
1790 2465 1958 2513 potentia
1990 2466 2038 2503 ad
2071 2466 2340 2504 determinatos
2367 2465 2382 2489 ⁸
2413 2475 2517 2504 actus
2641 2461 2655 2486 δ

1463 2517 1674 2554 secundum
1713 2517 1890 2566 speciem.
1925 2518 2035 2555 Unde
2068 2519 2116 2566 ad
2153 2531 2270 2556 unam
2308 2521 2516 2568 potentiam

1462 2577 1622 2618 possunt
1639 2570 1764 2618 plures
1783 2569 1933 2606 habitus
1951 2570 2138 2619 pertinere
2156 2571 2187 2619 *,
2217 2572 2312 2608 sicut
2331 2579 2368 2608 et
2389 2573 2516 2621 plures

1462 2629 1566 2658 actus
1595 2621 1720 2670 specie
1748 2622 1973 2659 differentes.
2134 2620 2143 2637 s

1514 2675 1574 2711 An
1601 2686 1738 2711 prunum
1766 2686 1864 2711 ERGO
1892 2686 2075 2712 DICENDUM
2096 2677 2212 2723 quod,
2235 2676 2329 2714 sicut
2347 2677 2385 2714 in
2404 2678 2517 2714 rebus

2542 1849 2552 1860 ⁸
2567 1849 2624 1870 Ibid.

2545 2583 2554 2591 ·
2569 2581 2596 2603 D.
2612 2587 2658 2609 ²05-

1463 2727 1695 2764 naturalibus
1731 2727 1926 2764 diversitas
1963 2727 2174 2776 specierum
2213 2737 2269 2766 est
2305 2730 2515 2767 secundum

1462 2780 1647 2826 formam,
1682 2779 1878 2816 diversitas
1912 2787 2039 2817 autem
2077 2793 2259 2829 generum
2296 2790 2350 2819 est
2384 2795 2516 2820 secun-

1463 2833 1556 2869 dum
1585 2832 1794 2879 materiam,
1823 2839 1864 2869 ut
1891 2832 2025 2869 dicitur
2052 2833 2089 2870 in
2117 2834 2153 2871 V
2169 2835 2384 2884 Metaphys.
2404 2836 2425 2856 *
2452 2837 2517 2882 (ea

1464 2884 1564 2921 enirn
1594 2891 1680 2921 sunt
1712 2884 1862 2922 diversa
1895 2897 2052 2932 genere,
2081 2897 2246 2934 quorum
2279 2895 2335 2924 est
2360 2888 2517 2924 materia

1464 2937 1648 2983 diversa):
1677 2937 1727 2973 ita
1756 2937 1869 2974 etiam
1897 2937 2091 2975 diversitas
2119 2939 2355 2976 obiectorum
2384 2952 2516 2977 secun-

1463 2989 1556 3026 dum
1576 3001 1706 3037 genus,
1726 2989 1813 3026 facit
1834 2989 2110 3027 distinctionem
2130 2992 2384 3040 potentiarum
2400 2992 2516 3039 (unde

1463 3042 1718 3090 Philosophus
1737 3042 1835 3089 dicit,
1856 3042 1894 3079 in
1914 3043 1964 3079 VI
1984 3044 2102 3080 Ethic.
2114 3043 2144 3091 ¹¹²,
2167 3045 2271 3094 quod
2290 3046 2343 3082 ad
2357 3057 2402 3082 ea
2421 3057 2518 3094 quae

1462 3100 1550 3131 sunt
1573 3105 1714 3144 genere
1743 3095 1884 3141 altera,
1912 3101 2000 3132 sunt
2029 3097 2140 3134 etiam
2173 3097 2325 3135 animae
2350 3098 2517 3146 particu-

1463 3148 1522 3184 lae
1548 3147 1678 3193 aliae);
1701 3146 1896 3184 diversitas
1920 3159 2015 3185 vero
2043 3149 2277 3188 obiectorum
2307 3150 2516 3187 secundum

1464 3199 1653 3248 speciem,
1691 3199 1778 3236 facit
1815 3199 2070 3238 diversitatem
2108 3209 2262 3239 actuum
2307 3203 2515 3240 secundum

1464 3251 1651 3301 speciem,
1682 3259 1719 3288 et
1745 3264 1813 3300 per
1841 3264 2077 3302 consequens
2108 3254 2306 3292 habituum
2329 3255 2360 3292 ²⁸⁸.
2391 3255 2517 3302 Quae-

1465 3316 1630 3353 cumque
1658 3312 1785 3341 autem
1814 3312 1900 3342 sunt
1927 3305 2076 3343 diversa
2103 3319 2260 3354 genere,
2290 3315 2376 3344 sunt
2404 3308 2517 3345 etiam

1465 3357 1589 3406 specie
1610 3356 1776 3394 diversa:
1793 3357 1859 3394 sed
1874 3370 1953 3396 non
1973 3359 2213 3396 convertitur.
2230 3361 2279 3396 Et
2292 3360 2379 3397 ideo
2395 3360 2517 3398 diver-

2543 2843 2684 2866 ·s.·rh.1ect.
2692 2850 2751 2869 ¹¹1¹:

2543 2870 2691 2897 Did.1ib.1v‚
2700 2876 2726 2891 ca
2745 2886 2751 2891 .

2543 2902 2619 2918 xxvm.
2634 2902 2656 2917 n.
2665 2902 2684 2924 5.
2694 2908 2704 2912 —
2714 2877 2750 2918 (fi.

2543 2922 2583 2944 lib.
2595 2922 2636 2949 lX,
2720 2949 2723 2952 Ι

2543 2955 2567 2970 11.
2582 2949 2608 2975 ὗς
2623 2948 2695 2970 s.'l·h.
2711 2949 2751 2970 hb.

2543 2975 2577 3002 X,
2591 2975 2643 2996 leet.
2655 2981 2684 2996 iv.

2543 3057 2626 3106 §.cffi-
2638 3063 2696 3105 1202·
2701 3063 2726 3105 1⁵:
2738 3068 2749 3073 ‘

2652 2928 2703 2950 cap.
2714 2928 2753 2948 ιιι,

2545 3267 2557 3278 ·“
2570 3267 2597 3289 D.
2615 3267 2664 3295 693.

1514 3470 1541 3504 γ)
1561 3471 1649 3495 activi.
1667 3485 1686 3489 -
1704 3471 1765 3495 Om.
1784 3471 2051 3504 ABCEFGHIKLpD.

1514 3505 1539 3539 ὃ)
1560 3506 1758 3531 determinatos.
1772 3520 1791 3526 --
1809 3506 2016 3531 determinantes
2034 3506 2066 3535 K.
2086 3506 2331 3532 determinationem
2351 3507 2398 3533 Pa.
