2852 4152
94 336 105 346 '³
120 335 176 362 Cap.
191 340 222 361 iv,
241 339 273 355 vr.

92 653 214 701 *SCTa-palv,
229 658 252 674 n.
262 658 281 679 5.
294 662 304 667 -

90 708 99 715 ·
112 695 184 727 ’νει-3.
196 682 239 727 ‘igi'
255 684 286 700 w*

93 920 101 929 ·
115 919 164 946 Qu.
173 924 218 945 xm,
229 922 270 940 an.
280 925 304 944 4.

103 3323 113 3332 ·
128 3324 180 3345 Art.
197 3323 300 3351 praeced.

326 200 402 247 278

384 290 418 316 2.
440 280 671 327 PRAETEREA,
692 280 840 317 Tullius
861 279 959 327 dicit,
980 280 1018 317 in
1039 281 1090 317 IV
1104 280 1149 316 de
1172 279 1391 316 Tusculanis

336 333 483 374 Quaest.
506 333 537 379 ²²,
559 332 664 380 quod
684 333 729 369 de
747 333 818 370 illis
837 333 1019 379 timemus,
1041 345 1126 369 cum
1135 334 1274 380 futura
1292 337 1389 376 sunt,

331 385 376 422 de
395 396 555 433 quorum
569 386 784 434 praesentia
804 386 1007 422 tristamur.
1030 385 1105 421 Sed
1126 385 1173 422 de
1192 385 1293 421 malo
1315 385 1388 420 cul-

329 450 403 486 pae
421 445 547 486 potest
575 438 708 487 aliquis
735 438 863 475 dolere
889 438 951 475 vel
979 437 1127 474 tristari.
1149 438 1250 484 Ergo
1276 436 1389 473 etiam

330 490 476 527 malurn
506 491 639 539 culpae
668 491 801 540 aliquis
829 498 953 538 potest
980 490 1123 526 timere.

386 544 419 580 3.
441 544 674 591 PRAETEREA,
695 556 780 592 spes
806 543 932 579 timori
961 542 1176 590 opponitur.
1199 540 1276 577 Sed
1305 552 1391 588 spes

330 603 456 644 potest
485 608 565 633 esse
596 597 643 633 de
673 601 690 617 ‘²
718 597 821 633 bono
840 595 999 641 virtutis,
1020 602 1061 631 ut
1088 601 1191 642 patet
1209 606 1278 642 per
1305 593 1391 631 Phi-

330 649 535 697 losophum
564 649 602 686 in
632 650 683 685 IX
711 649 829 685 Ethic.
859 647 878 669 ²⁸
904 648 952 683 Et
980 647 1186 695 Apostolus
1216 646 1314 693 dicit,
1344 646 1395 682 ad

335 702 418 738 Gal.
439 701 515 738 v*:
543 702 697 749 Confido
726 702 771 737 de
788 700 892 737 vobis
920 701 956 736 in
977 700 1155 746 Domino,
1176 700 1276 748 quod
1303 699 1394 736 nihil

331 754 436 791 aliud
460 755 618 803 sapietis.
648 755 749 801 Ergo
789 753 903 789 etiam
931 753 1046 789 timor
1073 760 1198 801 potest
1232 764 1314 788 esse
1345 752 1391 789 de

332 807 433 843 malo
463 808 608 855 culpae.

382 870 419 906 4.
441 860 673 904 PRAETEREA,
694 857 927 895 verecundia
957 865 1011 894 est
1030 857 1220 907 quaedam
1247 858 1393 906 species

331 912 494 958 timoris,
521 919 563 948 ut
590 923 704 959 supra
732 911 752 933 ⁹¹⁸
781 911 922 948 dictum
957 918 1023 948 est.
1053 911 1130 947 Sed
1160 911 1394 948 verecundia

332 972 386 1001 est
415 964 461 1000 de
490 964 589 1012 turpi
617 964 729 1011 facto,
751 964 856 1013 quod
878 971 933 1000 est
961 964 1103 1001 malum
1124 964 1269 1012 culpae.
1291 965 1393 1011 Ergo

332 1024 367 1053 et
394 1025 518 1053 timor.

386 1070 459 1106 SED
489 1080 634 1106 CONTRA
662 1080 728 1105 EsT
756 1069 861 1117 quod
889 1069 1145 1117 Philosophus
1174 1069 1272 1116 dicit,
1293 1069 1332 1105 in
1361 1070 1392 1105 II

191 1136 211 1157 v,
227 1136 241 1151 n
265 1136 280 1151 ¹·
330 1122 518 1159 Rhetoric.
542 1123 573 1169 ³¹²,
595 1122 701 1170 quod
720 1134 794 1158 non
824 1123 951 1159 omnia
977 1122 1079 1158 mala
1099 1122 1285 1168 timentur,
1300 1127 1394 1170 puta

330 1176 364 1212 si
389 1175 523 1223 aliquis
551 1175 622 1211 erit
649 1175 815 1221 iniustus,
836 1181 903 1212 aut
928 1175 1067 1211 tardus.

385 1229 610 1265 RESPONDEO
630 1240 814 1265 DICENDUM
835 1228 951 1276 quod,
969 1227 1064 1264 sicut
1083 1239 1197 1275 supra
1214 1227 1235 1249 ’¹‘
1251 1227 1394 1264 dictum

266 1266 286 1281 2'
332 1288 399 1327 est,
420 1281 515 1317 sicut
542 1281 735 1318 obiectum
765 1281 846 1329 spei
875 1288 930 1317 est
958 1281 1106 1317 bonum
1139 1281 1308 1317 futurum
1338 1293 1394 1317 ar-

332 1334 451 1371 duum
472 1335 577 1382 quod
602 1334 686 1382 quis
713 1341 838 1382 potest
857 1333 1030 1382 adipisci;
1060 1333 1111 1370 ita
1130 1333 1244 1370 timor
1272 1342 1328 1370 est
1347 1334 1394 1371 de

331 1387 432 1424 malo
462 1388 587 1424 futuro
618 1387 738 1423 arduo
768 1387 873 1434 quod
893 1399 972 1423 non
998 1394 1124 1435 potest
1149 1386 1196 1423 de
1225 1386 1321 1424 facili
1340 1387 1395 1424 vi-

331 1440 411 1477 tari.
433 1441 491 1476 Ex
511 1452 589 1488 quo
617 1447 742 1488 potest
760 1440 880 1489 accipi
909 1439 1014 1488 quod
1042 1440 1080 1476 id
1104 1440 1209 1488 quod
1236 1440 1394 1477 omnino

332 1493 501 1530 subiacet
527 1493 703 1542 potestati
724 1501 759 1530 et
786 1493 973 1530 voluntati
992 1500 1156 1543 nostrae,
1176 1505 1255 1530 non
1280 1493 1396 1529 habet

332 1546 519 1583 rationem
547 1545 737 1583 terribilis:
767 1547 834 1583 sed
863 1546 954 1583 illud
983 1547 1107 1582 solum
1137 1553 1192 1582 est
1219 1546 1393 1593 terribile,

333 1600 438 1649 quod
466 1599 581 1636 habet
610 1611 766 1636 causam
802 1599 1062 1636 extrinsecam.
1089 1599 1237 1635 Malum
1266 1606 1394 1636 autem

334 1654 466 1701 culpae
486 1652 680 1701 propriam
701 1665 856 1689 causam
876 1653 991 1689 habet
1005 1653 1242 1689 voluntatem
1261 1653 1396 1689 huma-

333 1718 435 1743 nam.
453 1706 502 1742 Et
516 1705 602 1742 ideo
618 1705 770 1755 proprie
786 1718 864 1742 non
879 1706 993 1742 habet
1008 1705 1195 1742 rationem
1210 1705 1394 1741 terribilis.

389 1759 467 1796 Sed
487 1758 575 1807 quia
589 1760 767 1795 voluntas
786 1756 985 1795 humanat
1007 1758 1054 1794 ab
1075 1758 1202 1806 aliquo
1223 1758 1396 1794 exteriori

334 1819 459 1860 potest
487 1811 655 1848 inclinari
675 1812 725 1848 ad
752 1811 1010 1860 peccandum3
1043 1810 1073 1847 si
1096 1811 1185 1848 illud
1214 1810 1396 1847 inclinans

334 1865 473 1901 habeat
501 1876 681 1912 magnam
709 1864 788 1901 vim
813 1865 862 1901 ad
890 1863 1161 1910 inclinandum,
1183 1864 1395 1900 secundum

334 1918 409 1954 hoc
436 1917 573 1966 poterit
601 1929 684 1954 esse
711 1917 827 1954 timor
856 1917 902 1954 de
931 1917 1032 1953 malo
1063 1917 1209 1964 culpae,
1239 1917 1396 1964 inquan-

334 1978 416 2007 tum
446 1978 501 2007 est
529 1971 576 2007 ab
605 1975 620 1998 's
650 1970 822 2007 exteriori
851 1982 986 2007 causa:
1016 1977 1106 2018 puta
1141 1981 1229 2006 cum
1263 1969 1396 2017 aliquis

335 2023 441 2060 timet
470 2023 701 2061 commorari
721 2023 760 2060 in
779 2023 957 2060 societate
978 2023 1179 2069 malorum,
1201 2034 1248 2059 ne
1273 2023 1320 2059 ab
1342 2022 1395 2059 eis

389 2127 415 2159 α)
436 2128 476 2152 de.
494 2142 512 2146 -
531 2127 557 2152 in
577 2127 806 2152 ABCDFGHIKL.

389 2161 413 2195 β)
433 2163 559 2187 humana.
577 2177 593 2182 —
614 2163 674 2187 Om.
694 2163 739 2188 Ρα.

1008 202 1273 248 QUAESTIO
1303 203 1423 247 XLII,
1453 201 1748 237 ARTICULUS
1778 201 1829 237 lv

1445 279 1494 315 ad
1523 277 1763 327 peccandum
1791 278 2001 317 inducatur.
2024 280 2099 317 Sed
2119 280 2272 329 proprie
2296 280 2502 328 loquendo,

1445 331 1482 367 in
1511 331 1574 368 tali
1603 330 1848 379 dispositione
1877 331 1996 379 magis
2023 333 2131 369 timet
2164 333 2283 370 homo
2317 333 2503 370 seductio-

1446 395 1535 420 nem
1556 395 1673 431 quam
1695 384 1846 431 culpam
1867 385 2077 422 secundum
2093 386 2288 434 propriam
2304 385 2503 432 rationem,

1445 435 1541 473 idest
1578 436 1803 484 inquantum
1838 443 1893 472 est
1927 437 2162 475 voluntaria:
2196 438 2248 475 sic
2288 437 2389 474 enim
2427 451 2505 475 non

1445 489 1560 525 habet
1587 496 1629 525 ut
1655 488 1842 526 timeatur.

1500 543 1558 577 AD
1579 553 1715 577 PRlMUM
1734 552 1832 577 ERGO
1852 552 2035 579 DICENDUM
2056 543 2160 592 quod
2179 542 2366 592 separatio
2383 555 2405 579 a
2420 543 2504 579 Deo

1448 601 1503 630 est
1541 594 1731 641 quaedam
1769 605 1895 642 poena
1933 607 2172 643 consequens
2209 603 2432 645 peccatum:
2471 602 2507 632 et

1448 646 1572 683 omnis
1601 658 1726 694 poena
1755 645 1881 695 aliquo
1900 647 2019 684 modo
2040 655 2094 685 est
2114 649 2161 685 ab
2183 648 2354 685 exteriori
2379 660 2504 685 causa.

1501 701 1558 735 AD
1588 710 1778 736 SECUNDUM
1806 701 2123 749 n1cENDUMUquod
2159 701 2303 739 tristitia
2332 709 2367 738 et
2393 701 2507 738 timor

1447 752 1486 789 in
1514 764 1591 788 uno
1622 751 1866 799 conveniunt,
1888 752 1977 799 quia
2003 760 2207 802 utrumque
2228 762 2282 791 est
2310 755 2358 791 de
2386 755 2505 791 malo:

1449 804 1627 842 differunt
1655 811 1782 841 autem
1801 804 1839 840 in
1869 804 2030 841 duobus.
2052 806 2095 841 In
2122 818 2201 843 uno
2230 807 2398 856 quidem,
2419 807 2509 855 quia

1448 858 1592 895 tristitia
1621 865 1676 894 est
1705 858 1752 895 de
1772 858 1874 894 malo
1902 857 2104 906 praesenti,
2123 858 2239 895 timor
2262 859 2310 896 de
2330 861 2431 896 malo
2452 861 2507 896 fu-
2543 890 2550 896 ,

1447 919 1546 948 turo.
1568 912 1609 947 In
1638 911 1711 948 alio
1740 923 1847 958 vero,
1869 910 1957 958 quia
1985 910 2139 957 tristitia,
2164 923 2252 948 cum
2281 912 2325 948 sit
2351 913 2390 949 in
2419 925 2508 949 con-

1449 963 1668 1012 cupiscibili,
1690 963 1839 1012 respicit
1862 964 2006 1000 malurn
2036 963 2226 1000 absolute:
2253 966 2356 1002 unde
2383 973 2510 1014 potest

1449 1028 1531 1052 esse
1553 1017 1599 1053 de
1620 1028 1867 1064 quocumque
1887 1017 2002 1063 malo,
2019 1016 2098 1053 sive
2118 1028 2240 1065 parvo
2255 1016 2335 1054 sive
2354 1030 2507 1066 magno.

1449 1069 1585 1106 Timor
1603 1081 1708 1116 vero,
1731 1081 1818 1105 cum
1847 1068 1894 1105 sit
1915 1069 1953 1105 in
1981 1068 2167 1116 irascibili,
2188 1069 2337 1118 respicit
2363 1072 2509 1108 malum

1449 1134 1537 1158 cum
1562 1122 1729 1170 quadarn
1758 1121 1940 1158 arduitate
1960 1133 2028 1158 seu
2056 1121 2295 1159 difficultate:
2323 1135 2423 1172 quae
2441 1125 2510 1160 tol-

1447 1175 1544 1222 litur,
1561 1174 1788 1223 inquantum
1803 1174 1945 1223 aliquid
1965 1174 2134 1211 subiacet
2146 1175 2343 1212 voluntati.
2360 1176 2409 1212 Et
2423 1176 2509 1213 ideo

1449 1240 1527 1264 non
1552 1228 1680 1265 omnia
1708 1227 1888 1264 timemus
1908 1240 2007 1276 quae
2036 1235 2122 1265 sunt
2140 1228 2276 1276 futura,
2297 1228 2345 1265 de
2374 1228 2511 1277 quibus

1448 1281 1641 1318 tristamur
1668 1293 1756 1317 cum
1784 1288 1871 1317 sunt
1893 1281 2128 1329 praesentia,
2158 1281 2227 1319 sed
2255 1281 2391 1330 aliqua,
2413 1294 2511 1331 quae

1450 1334 1588 1371 scilicet
1616 1341 1703 1370 sunt
1731 1333 1861 1370 ardua.

1502 1389 1562 1424 An
1589 1399 1748 1424 TERTIUM
1776 1398 1960 1424 mcENDUM
1987 1386 2093 1436 quod
2121 1399 2208 1436 spes
2242 1395 2298 1424 est
2326 1387 2373 1424 de
2406 1387 2510 1424 bono

1450 1440 1555 1488 quod
1584 1440 1667 1489 quis
1700 1446 1825 1488 potest
1852 1439 2020 1488 adipisci.
2051 1441 2181 1476 Potest
2217 1447 2344 1476 autem
2378 1440 2512 1490 aliquis

1450 1493 1606 1542 adipisci
1625 1494 1774 1530 bonum
1793 1493 1854 1530 vel
1873 1505 1942 1541 per
1960 1505 2012 1540 se,
2032 1493 2095 1530 vel
2114 1505 2183 1541 per
2202 1492 2344 1530 alium&
2369 1500 2405 1530 et
2423 1493 2511 1531 ideo

1450 1558 1537 1595 spes
1565 1553 1690 1594 potest
1718 1558 1800 1582 esse
1831 1545 1877 1582 de
1905 1553 1991 1582 actu
2019 1545 2178 1592 virtutis,
2200 1546 2266 1593 qui
2295 1553 2351 1582 est
2377 1545 2415 1582 in
2442 1559 2512 1594 po—

1450 1606 1581 1635 testate
1611 1606 1739 1635 nostra
1767 1598 2002 1635 constitutus.
2025 1597 2102 1634 Sed
2121 1597 2235 1634 timor
2263 1605 2318 1634 est
2337 1598 2385 1635 de
2409 1599 2512 1635 malo

1451 1652 1557 1700 quod
1577 1664 1655 1688 non
1674 1651 1843 1687 subiacet
1865 1658 2016 1687 nostrae
2035 1650 2229 1699 potestati:
2251 1657 2288 1687 et
2306 1650 2393 1687 ideo
2415 1663 2514 1688 sem·-

1451 1717 1519 1753 per
1538 1705 1682 1740 malum
1710 1704 1815 1752 quod
1836 1703 1999 1749 timetur,
2021 1710 2076 1740 est
2104 1715 2127 1740 a
2151 1715 2265 1740 631133
2294 1703 2512 1742 extrinseca.

1451 1759 1605 1794 Bonum
1636 1764 1762 1793 autem
1793 1756 1896 1805 quod
1933 1763 2123 1805 speratur,
2151 1763 2277 1804 potest
2311 1768 2393 1794 esse
2427 1764 2464 1794 et
2491 1769 2514 1794 a

1451 1822 1566 1847 causa
1593 1817 1803 1857 1ntr1nseca,
1824 1816 1861 1846 et
1889 1822 1911 1846 a
1940 1821 2053 1846 causa
2082 1816 2299 1846 extrinseca.

1503 1865 1562 1899 Αι)
1591 1874 1763 1905 QUARTUM
1791 1874 1976 1899 DICENDUM
2006 1862 2122 1911 quod,
2144 1862 2239 1899 sicut
2267 1874 2383 1911 supra
2410 1861 2430 1884 ²⁸
2459 1862 2513 1900 di·
2540 1870 2552 1882 ·

1451 1923 1553 1952 ctum
1582 1923 1648 1962 est,
1668 1915 1901 1952 verecundia
1930 1927 2008 1952 non
2028 1923 2084 1952 est
2111 1915 2225 1952 timor
2245 1914 2291 1952 de
2320 1922 2406 1952 actu
2430 1915 2513 1964 ipso

1450 1968 1615 2017 peccati,
1644 1969 1711 2005 sed
1744 1969 1791 2005 de
1819 1968 2050 2016 turpitudine
2082 1969 2145 2005 vel
2173 1968 2383 2016 ignominia
2415 1980 2514 2016 quae

1451 2021 1695 2071 consequitur
1723 2021 1870 2071 ipsum‘:
1896 2033 1994 2070 quae
2025 2029 2079 2058 est
2107 2033 2130 2058 a
2158 2033 2273 2058 causa
2293 2021 2513 2058 extrinseca.

1504 2127 1531 2160 γ)
1550 2127 1593 2152 ab.
1611 2141 1630 2145 -
1649 2127 1681 2151 de
1700 2127 1810 2152 codices.

1114 2298 1432 2340 ARTICULUS
1462 2297 1733 2349 QUARTUS

1034 2382 1189 2413 UTRUM
1212 2382 1353 2413 T1MOR
1377 2381 1465 2412 IPSE
1488 2381 1638 2412 TIMER1
1661 2381 1808 2412 possm*

375 2482 431 2513 ῳ»
455 2499 470 2513 Ὺ,
485 2488 498 2516 5
549 2475 571 2500 D
592 2474 763 2505 QUARTUM
783 2474 836 2498 Slc
855 2473 1095 2499 PROCEDITUR.
1111 2461 1271 2499 Videtur
1290 2461 1395 2510 quod

462 2510 522 2564 Ἣ
549 2516 662 2552 timor
697 2515 820 2551 timeri
857 2527 936 2552 non
972 2514 1102 2563 possit.
1136 2515 1262 2551 Omne
1292 2514 1394 2551 enim

355 2568 474 2617 ’,ἥκῃ
494 2568 655 2618 (quod
691 2568 864 2615 timetur,
900 2568 1068 2604 timendo
1106 2568 1313 2604 custoditur
1347 2579 1395 2604 ne

393 2614 758 2659 &xx-amittatur:
789 2621 883 2658 sicut
910 2620 970 2657 ille
999 2620 1064 2669 qui
1093 2620 1198 2657 timet
1225 2620 1396 2657 amittere

337 2674 548 2722 sanitatem,
569 2675 738 2712 timendo
769 2673 930 2711 custodit
958 2686 1055 2711 earn.
1079 2674 1118 2711 Si
1146 2674 1256 2722 igitur
1283 2674 1398 2710 timor

337 2728 524 2775 timeatur,
545 2728 715 2765 timendo
746 2740 786 2764 se
815 2727 1000 2764 custodiet
1027 2728 1146 2764 homo
1177 2739 1224 2764 ne
1253 2727 1395 2764 timeat.

340 2781 456 2828 Quod
483 2781 632 2818 videtur
661 2794 741 2818 esse
770 2780 1053 2817 inconveniens.

394 2846 428 2871 2.
456 2836 692 2882 PRAETEREA,
719 2834 834 2871 timor
872 2841 926 2870 est
961 2833 1150 2882 quaedam
1190 2833 1288 2880 fuga.
1320 2832 1397 2869 Sed

340 2887 431 2924 nihil
459 2888 549 2936 fugit
577 2888 756 2937 seipsum.
787 2888 888 2935 Ergo
909 2887 1023 2924 timor
1048 2898 1126 2923 non
1154 2886 1261 2923 timet
1288 2885 1398 2922 timo-

340 2953 434 2978 rem.

396 2996 430 3031 3.
454 2995 686 3041 PRAETEREA,
707 2993 821 3030 timor
841 3001 896 3030 est
916 2994 962 3030 de
992 2993 1130 3029 futuro.
1153 2993 1230 3029 Sed
1253 2992 1312 3028 ille
1333 2991 1398 3039 qui

341 3047 457 3094 timet,
479 3048 553 3084 iam
569 3048 683 3084 habet
702 3047 891 3083 timorem.
909 3047 1001 3083 Non
1022 3058 1110 3093 ergo
1126 3053 1250 3094 potest
1264 3045 1398 3082 timere

341 3100 531 3137 timorem.

396 3155 468 3191 SED
489 3165 634 3191 CONTRA
653 3165 718 3189 EST
738 3153 843 3202 quod
862 3154 981 3190 homo
997 3159 1122 3201 potest
1142 3163 1271 3188 amare
1291 3163 1397 3187 amo—

342 3220 442 3254 rem,
473 3215 509 3244 et
537 3207 663 3244 dolere
694 3206 741 3242 de
771 3206 913 3243 dolore.
945 3206 1046 3253 Ergo
1071 3205 1203 3252 etiam,
1232 3203 1314 3253 pari
1342 3216 1399 3240 ra-

341 3261 463 3307 tione,
492 3267 617 3309 potest
644 3259 776 3296 timere
805 3259 994 3296 timorem.

395 3315 619 3350 3113Ρο111)Εο
648 3323 830 3349 DICENDUM
860 3312 975 3361 quod,
997 3312 1093 3348 sicut
1121 3310 1262 3348 dictum
1287 3317 1342 3346 est
1365 3309 1397 3356 ²⁸,

341 3367 433 3404 illud
467 3368 590 3404 solum
625 3366 740 3403 habet
774 3365 960 3402 rationem
995 3364 1183 3411 terribilis,
1213 3363 1318 3411 quod
1354 3374 1399 3399 ex

343 3428 456 3457 causa
484 3419 690 3456 extrinseca
713 3417 909 3468 provenit:
930 3430 1008 3455 non
1037 3424 1165 3454 autem
1191 3416 1294 3465 quod
1312 3428 1400 3464 pro-

1448 2460 1554 2498 venit
1583 2473 1628 2497 ex
1656 2461 1851 2497 voluntate
1880 2467 2019 2497 nostra.
2047 2460 2185 2497 Timor
2212 2468 2340 2498 autem
2376 2461 2514 2512 partim

1449 2513 1626 2562 provenit
1655 2525 1700 2549 ex
1729 2525 1843 2549 causa
1872 2513 2092 2560 extrinseca,
2118 2521 2154 2550 et
2180 2513 2316 2562 partim
2344 2514 2515 2552 subiacet

1450 2566 1647 2604 voluntati.
1667 2565 1850 2603 Provenit
1877 2565 2034 2614 quidem
2067 2578 2113 2602 ex
2141 2578 2256 2603 causa
2283 2566 2512 2616 extrinseca,

1451 2619 1677 2668 inquantum
1698 2626 1752 2655 est
1771 2618 1898 2667 passio
1924 2618 2114 2668 quaedam
2135 2631 2375 2668 consequens
2394 2620 2514 2669 phan-.

1450 2672 1586 2710 tasiam
1605 2671 1839 2709 imminentis
1859 2671 1958 2708 mali.
1980 2672 2029 2708 Et
2047 2672 2259 2710 secundum
2283 2673 2369 2720 hoc,
2389 2680 2516 2722 potest

1451 2725 1584 2774 aliquis
1613 2725 1743 2762 timere
1771 2724 1969 2762 timorem:
1999 2737 2046 2762 ne
2077 2723 2217 2762 scilicet
2253 2725 2452 2763 immineat
2481 2725 2514 2764 ei

1451 2778 1654 2815 necessitas
1669 2777 1839 2825 timendi,
1851 2785 2006 2827 propter
2018 2778 2268 2826 ingruentiam
2279 2778 2437 2816 alicuius
2453 2791 2514 2816 ex·

1452 2831 1616 2868 cellentis
1637 2830 1738 2868 mali.
1754 2852 1777 2858 -
1794 2831 1974 2868 Subiacet
1992 2838 2120 2868 autem
2138 2831 2335 2878 voluntati,
2355 2831 2515 2880 inquan-

1451 2893 1533 2922 tum
1553 2884 1740 2933 appetitus
1759 2883 1913 2921 inferior
1936 2883 2067 2920 obedit
2086 2883 2237 2921 rationi:
2262 2884 2364 2921 unde
2393 2885 2513 2922 homo

1451 2945 1576 2987 potest
1595 2937 1772 2974 timorem
1793 2937 1984 2986 repellere.
2001 2938 2051 2974 Et
2069 2937 2282 2974 secundum
2297 2938 2383 2985 hoc,
2400 2937 2515 2975 timor

1452 3003 1531 3028 non
1559 2997 1683 3039 potest
1711 2990 1855 3037 timeri,
1883 2998 1925 3027 ut
1957 2989 2046 3027 dicit
2072 2990 2322 3037 Augustinus,
2353 2990 2390 3027 in
2418 2990 2513 3028 libro

1457 3044 1654 3093 Octoginta
1694 3043 1807 3080 trium
1839 3043 1987 3085 Quaest.
2017 3042 2038 3064 '¹‘
2068 3043 2145 3080 Sed
2179 3043 2268 3092 quia
2304 3043 2513 3080 rationibus

1453 3109 1547 3146 quas
1575 3096 1728 3144 inducit,
1750 3096 1883 3144 aliquis
1910 3103 2040 3144 posset
2066 3095 2121 3132 uti
2149 3096 2199 3132 ad
2231 3096 2513 3134 ostendendum

1453 3149 1559 3198 quod
1587 3149 1702 3187 timor
1738 3150 1841 3186 nullo
1874 3149 1993 3186 modo
2022 3148 2218 3196 timeatur,
2247 3149 2336 3187 ideo
2372 3149 2420 3187 ad
2449 3161 2513 3186 633

1454 3203 1765 3252 respondendum
1794 3209 1861 3238 est.

1506 3258 1565 3293 An
1594 3267 1730 3293 pannum
1756 3266 1853 3291 ERGO
1883 3266 2067 3291 DICENDUM
2096 3255 2200 3303 quod
2220 3267 2299 3291 non
2327 3253 2452 3291 omnis
2471 3253 2514 3291 ti-

1454 3321 1540 3346 mor
1560 3316 1615 3345 est
1633 3321 1732 3346 unus
1752 3308 1887 3344 timor:
1909 3308 1976 3344 sed
2000 3307 2212 3345 secundum
2238 3307 2387 3345 diversa
2415 3318 2512 3356 quae

1453 3362 1645 3409 timentur,
1666 3369 1752 3398 sunt
1781 3359 1919 3398 diversi
1946 3360 2115 3398 timores.
2137 3359 2239 3397 Nihil
2269 3371 2358 3408 ergo
2384 3358 2513 3410 prohi-

1455 3415 1518 3452 bet
1546 3415 1636 3464 quin
1663 3427 1742 3451 uno
1773 3419 1790 3435 ‘²
1817 3413 1955 3450 timore
1989 3413 2122 3462 aliquis
2149 3419 2369 3462 praeservet
2395 3423 2436 3449 se
2464 3411 2512 3449 ab

397 3531 423 3563 α)
443 3538 504 3555 uno.
523 3544 540 3548 —
558 3531 584 3555 in
606 3537 658 3554 uno
676 3530 722 3554 Pa.

2541 3056 2551 3066 '
2566 3055 2615 3084 Qu.
2628 3060 2713 3076 xxxin.
