2852 4152
94 526 103 535 ·
118 524 185 546 Vers.
199 529 232 550 14.

91 843 102 854 ⁶
116 843 168 865 Art.
182 841 289 870 praeced.

59 1414 238 1467 ἴὲἒῗιῖεὲ

1026 283 1292 329 QUAESTIO
1324 284 1390 330 lX,
1421 284 1715 322 ARTICULUS
1746 286 1794 322 III

331 359 564 406 sensitivum,
586 359 809 409 inquantum
830 362 1015 410 appetitus
1039 362 1238 399 sensitivus
1258 363 1387 399 obedit

331 412 476 450 rationi.
498 412 599 463 Ergo
628 413 815 461 appetitus
835 415 1034 452 sensitivus
1063 427 1140 452 non
1170 422 1301 452 movet
1318 427 1386 452 vo-

331 466 525 502 luntatem.

385 518 459 554 SED
484 528 631 554 CONTRA
657 529 724 554 EST
754 520 858 566 quod
888 519 1020 556 dicitur
1056 522 1128 557 Iac.
1159 532 1169 557 1
1196 520 1233 557 *ε
1268 522 1387 558 Unus-

330 571 485 619 quisque
503 575 666 606 tentatur
683 582 708 606 a
726 572 1020 619 concupiscentia
1038 585 1108 610 sua
1126 573 1333 610 abstractus
1352 579 1388 610 et

331 623 482 660 illectus.
512 623 604 659 Non
633 630 760 659 autem
788 624 1064 661 abstraheretur
1087 626 1170 674 quis
1198 638 1220 662 a
1248 638 1386 662 concu-

330 673 522 725 piscentia,
543 674 613 712 nisi
631 676 809 712 voluntas
824 676 904 713 eius
919 685 1139 715 moveretur
1152 679 1200 715 ab
1216 679 1383 728 appetitu

330 727 522 774 sensitivo,
555 727 594 764 in
627 739 703 776 quo
731 733 747 756 Υ
776 736 832 765 est
859 730 1171 778 concupiscentia.
1201 732 1302 779 Ergo
1323 742 1387 779 ap-

330 781 466 830 petitus
493 780 694 817 sensitivus
722 789 854 818 movet
879 783 1126 820 voluntatem.

382 834 607 870 Responnno
627 844 810 871 DICENDUM
829 836 944 883 quod,
965 835 1060 872 sicut
1078 847 1191 885 supra
1205 835 1226 858 ’²
1245 835 1385 872 dictum

331 893 397 933 est,
427 886 466 923 id
494 886 600 935 quod
637 887 931 935 apprehenditur
958 889 1028 925 sub
1057 889 1200 926 ratione
1233 888 1322 924 boni
1353 895 1387 924 et

331 938 602 986 convenientis,
618 947 749 976 movet
767 941 1003 977 voluntatem
1023 953 1092 990 per
1107 941 1267 978 modum
1284 941 1386 977 obie-

331 991 390 1029 cti.
412 991 528 1038 Quod
548 999 675 1029 autem
696 992 835 1041 aliquid
861 994 1036 1030 videatur
1059 994 1204 1030 bonum
1234 1000 1269 1029 et
1298 1006 1386 1030 con-

328 1044 499 1091 veniens,
528 1057 574 1082 ex
603 1045 752 1082 duobus
787 1046 984 1094 contingit.
1014 1046 1152 1083 scilicet
1185 1058 1230 1082 ex
1259 1046 1386 1083 condi—

329 1097 432 1134 tione
447 1098 527 1134 eius
547 1099 651 1147 quod
671 1098 904 1147 proponitur,
926 1106 962 1135 et
977 1099 1056 1135 eius
1077 1099 1136 1135 cui
1150 1099 1384 1148 proponitur.

331 1150 577 1187 Conveniens
610 1150 712 1187 enim
741 1151 952 1188 secundum
974 1151 1193 1188 relationem
1228 1151 1384 1189 dicitur:

329 1203 432 1240 unde
461 1215 506 1240 ex
533 1211 694 1252 utroque
724 1212 978 1241 extremorum
1008 1205 1207 1253 dependet.
1232 1205 1281 1241 Et
1299 1205 1385 1242 inde

331 1263 386 1293 est
424 1256 529 1304 quod
556 1264 686 1304 gustus
713 1255 726 1278 δ
755 1257 1010 1294 diversimode
1049 1257 1269 1305 dispositus,
1309 1270 1386 1294 non

331 1309 469 1346 eodem
497 1309 616 1346 modo
645 1309 779 1357 accipit
807 1309 946 1356 aliquid
973 1317 1014 1345 ut
1043 1309 1273 1345 conveniens
1293 1317 1328 1345 et
1346 1318 1388 1346 ut

330 1373 408 1398 non
429 1361 672 1397 conveniens.
689 1361 813 1407 Unde,
833 1369 875 1397 ut
894 1361 1148 1408 Philosophus
1173 1361 1286 1397 dicit'
1278 1373 1316 1397 in
1336 1363 1385 1398 111

249 1421 303 1464 'Zmss
328 1412 472 1449 Ethic.*
473 1441 491 1459 ‚
494 1413 620 1460 qualis
635 1414 886 1461 unusquisque
900 1419 963 1458 est,
980 1413 1160 1460 talisfinis
1178 1413 1323 1449 indetur
1341 1415 1384 1450 ei.

268 1480 279 1483 ⁴
313 1471 377 1481 Α*
383 1462 629 1501 Manifestum
663 1472 718 1501 est
749 1473 875 1501 autem
908 1465 1014 1524 quod
1056 1465 1268 1502 secundum
1302 1477 1387 1514 pas-

330 1516 477 1562 sionem
506 1517 693 1567 appetitus
725 1517 912 1563 sensitivi,
942 1517 1164 1554 immutatur
1190 1518 1309 1555 homo
1338 1518 1387 1555 ad

279 1563 312 1626 ι’
329 1559 497 1618 aliquam
539 1570 838 1620 dispositionem.
877 1570 988 1607 Unde
1029 1570 1240 1607 secundum
1283 1571 1387 1619 quod

328 1621 449 1660 homo
478 1630 534 1660 est
560 1623 599 1660 in
620 1623 798 1672 passione
827 1623 963 1671 aliqua,
983 1623 1133 1660 videtur
1151 1623 1221 1660 sibi
1248 1623 1387 1672 aliquid

330 1676 582 1724 conveniens,
617 1676 723 1725 quod
764 1689 843 1713 non
878 1676 1030 1713 videtur
1056 1681 1068 1697 ⁸
1107 1684 1207 1713 extra
1243 1676 1388 1724 passio-

2442 301 2491 337 77

1440 375 1529 400 nem
1559 364 1745 401 existenti:
1779 364 1873 402 sicut
1900 365 1993 402 irato
2021 366 2169 403 videtur
2200 368 2356 414 bonum,
2387 369 2491 417 quod

1440 428 1517 454 non
1536 416 1685 453 videtur
1703 417 1843 465 quieto.
1864 419 1912 454 Et
1929 430 1999 477 per
2011 419 2112 455 hunc
2131 420 2302 467 modum,
2324 433 2368 457 ex
2387 429 2490 470 parte

1441 469 1588 516 obiecti,
1609 470 1795 518 appetitus
1823 471 2021 508 sensitivus
2050 479 2182 509 movet
2208 474 2454 510 voluntatem.

1492 524 1551 559 An
1579 532 1715 559 1>R1MUM
1743 533 1840 560 ERGO
1868 535 2050 561 memnon
2079 525 2183 573 quod
2203 525 2292 562 nihil
2318 526 2492 574 prohibet

1440 574 1478 612 id
1496 575 1600 623 quod
1621 582 1675 612 est
1692 575 1911 624 simpliciter
1942 584 1978 614 et
2005 577 2215 614 secundum
2241 590 2281 614 se
2299 586 2489 626 praestan-

1439 627 1522 674 tius,
1543 628 1671 676 quoad
1699 628 1838 677 aliquid
1867 641 1948 666 esse
1976 629 2146 667 debilius.
2173 630 2356 667 Voluntas
2384 631 2492 679 igitur

1440 680 1658 728 simpliciter
1685 682 1933 729 praestantior
1961 690 2016 719 est
2048 694 2164 730 quam
2193 683 2379 732 appetitus
2407 696 2490 721 sen-

1441 733 1590 769 sitivus:
1621 733 1688 770 sed
1716 734 1844 781 quoad
1862 734 1976 771 istum
2008 734 2046 771 in
2074 747 2150 784 quo
2169 736 2294 784 passio
2319 736 2489 773 domina-

1439 793 1510 831 tur,
1531 785 1754 834 inquantum
1774 787 1943 824 subiacet
1968 788 2146 836 passioni,
2167 789 2400 837 praeeminet
2427 801 2491 838 ap—

1440 838 1575 886 petitus
1603 838 1812 875 sensitivus.

1492 891 1550 927 An
1578 902 1765 928 SECUNDUM
1794 903 1974 929 DicENDUM
2003 893 2105 942 quod
2143 901 2246 930 actus
2275 901 2311 930 et
2339 894 2485 930 electio-

1440 955 1507 979 nes
1534 943 1734 980 hominum
1755 951 1841 980 sunt
1861 944 1958 981 circa
1986 946 2194 993 singularia.
2213 946 2325 983 Unde
2354 958 2398 983 ex
2416 948 2491 983 hoc

1440 995 1522 1044 ipso
1552 996 1655 1044 quod
1684 997 1869 1044 appetitus
1889 998 2086 1035 sensitivus
2116 1006 2170 1035 est
2187 998 2304 1035 virtus
2330 999 2490 1048 particu—

1440 1048 1537 1094 laris,
1563 1049 1677 1085 habet
1703 1060 1880 1097 magnam
1907 1050 2084 1087 virtutem
2113 1051 2162 1088 ad
2190 1052 2264 1088 hoc
2291 1053 2395 1100 quod
2423 1062 2491 1100 per

1440 1100 1564 1149 ipsum
1593 1101 1645 1137 sic
1674 1101 1894 1150 disponatur
1919 1103 2050 1149 homo,
2071 1111 2111 1140 ut
2139 1103 2172 1140 ei
2196 1104 2334 1152 aliquid
2361 1104 2490 1141 videa-

1439 1161 1499 1190 tur
1526 1154 1579 1190 sic
1609 1154 1671 1190 vel
1699 1154 1813 1201 aliter,
1836 1155 1932 1192 circa
1960 1155 2168 1203 singularia.

1492 1208 1551 1242 An
1578 1218 1736 1243 TERTmM
1763 1219 1944 1245 DICENDUM
1972 1209 2087 1256 quod,
2118 1209 2211 1245 sicut
2237 1209 2490 1258 Philosophus

1442 1258 1529 1295 dicit
1546 1258 1584 1295 in
1600 1260 1613 1295 I
1629 1259 1734 1296 Polit.
1751 1259 1782 1306 ²⁸,
1798 1260 1905 1307 ratio,
1925 1260 1962 1297 in
1983 1273 2057 1309 qua
2076 1268 2131 1298 est
2150 1262 2339 1308 voluntas,
2359 1269 2491 1298 movet

1441 1323 1509 1347 suo
1538 1311 1696 1360 imperio
1726 1311 1947 1349 irascibilem
1978 1321 2014 1350 et
2043 1314 2383 1373 concupiscibilem,
2412 1326 2490 1351 non

1441 1363 1595 1411 quidem
1623 1365 1804 1411 despotico
1826 1366 2055 1413 principatu,
2085 1366 2180 1403 sicut
2210 1374 2386 1403 movetur
2414 1379 2490 1403 ser-

1440 1427 1512 1451 vus
1531 1427 1554 1451 a
1572 1416 1749 1461 domino3
1779 1418 1845 1454 sed
1859 1418 2072 1466 principatu
2104 1419 2227 1468 regali
2247 1431 2311 1455 seu
2323 1418 2488 1467 politicO,

1442 1467 1536 1503 sicut
1562 1467 1666 1503 liberi
1694 1469 1866 1506 homines
1894 1478 2071 1517 reguntur
2098 1483 2120 1507 a
2148 1471 2395 1519 gubernante,
2425 1471 2489 1520 qui

1441 1528 1569 1556 tamen
1595 1527 1755 1568 possunt
1783 1529 1912 1558 contra
1939 1535 2107 1560 movere.
2129 1523 2238 1561 Unde
2263 1532 2299 1561 et
2326 1523 2490 1561 irascibi-

1440 1571 1484 1608 lis
1518 1579 1553 1608 et
1581 1572 1878 1621 concupiscibilis
1906 1583 2063 1622 possunt
2090 1575 2128 1612 in
2153 1577 2379 1613 contrarium
2408 1589 2489 1613 mo·

1440 1637 1532 1661 vere
1552 1624 1601 1661 ad
1618 1626 1865 1663 voluntatem.
1895 1627 1943 1662 Et
1966 1627 2018 1663 sic
2050 1628 2139 1664 nihil
2166 1629 2340 1676 prohibet
2355 1631 2490 1667 volun-

1443 1684 1557 1713 tatem
1585 1677 1789 1725 aliquando
1817 1679 1864 1714 ab
1893 1679 1944 1715 eis
1973 1680 2131 1716 moveri.

381 1791 408 1824 γ)
427 1791 453 1816 in
473 1798 533 1823 quo.
551 1804 570 1809 —
587 1790 614 1815 in
634 1798 684 1823 quo
703 1790 822 1823 appetitu
841 1792 887 1816 Pa.

381 1825 406 1858 ὃ)
425 1829 528 1859 gustus.
545 1840 563 1845 -
584 1826 669 1851 iustus
687 1827 733 1851 Pa.

1491 1793 1512 1824 ε)
1532 1793 1644 1817 videtur.
1663 1806 1681 1811 -
1699 1793 1724 1817 ei
1742 1794 1837 1818 addunt
1856 1794 1916 1818 PFI.

1004 1901 1334 1934 Commentaria
1356 1901 1605 1934 Cardinalis
1627 1902 1826 1935 Caietam

394 1990 466 2011 mCA
489 1990 604 2020 corpus
628 1980 758 2011 secundi
785 1980 907 2011 articuli
930 1980 1071 2010 eiusdem
1098 1980 1306 2020 quaestionis,
1331 1981 1387 2010 du-

331 1990 486 2055 Cbium
508 2024 643 2055 occurrit
660 2034 718 2064 pro
742 2024 888 2060 novitiis;
912 2024 987 2064 quia
1009 2024 1088 2054 ratio
1111 2033 1208 2064 quare
1231 2023 1388 2064 appetitus

329 2067 495 2099 sensitivus
517 2075 626 2099 movet
648 2066 862 2104 voluntatem,
887 2067 1061 2118 assignat-ur
1083 2077 1119 2097 ex
1143 2074 1229 2107 parte
1255 2067 1387 2107 disposi-

328 2111 424 2143 tionis
451 2111 582 2143 subiecti
610 2112 803 2152 appetentis;
828 2118 859 2142 et
885 2117 991 2142 tamen
1018 2112 1051 2142 in
1079 2111 1161 2142 calce
1190 2111 1388 2142 concluditur

329 2155 419 2197 quod
442 2154 600 2196 appetitus
623 2155 789 2186 sensitivus
805 2162 912 2186 movet
934 2155 1131 2186 voluntatem
1147 2165 1184 2185 ex
1198 2161 1286 2195 parte
1301 2155 1388 2186 obie-

329 2199 387 2231 cti:
412 2200 580 2240 quomodo
603 2199 681 2230 haec
705 2199 867 2230 conclusio
891 2199 1032 2240 sequitur
1055 2209 1092 2229 ex
1114 2198 1174 2229 illis
1197 2199 1385 2250 praemissis.

385 2243 423 2274 11.
447 2244 499 2274 Ad
526 2243 588 2274 hoc
611 2243 725 2274 dicitur
747 2244 837 2284 quod
860 2243 1022 2274 conclusio
1046 2243 1128 2274 dicta
1150 2253 1187 2273 ex
1210 2243 1386 2283 praemissis

328 2287 391 2319 iuis
408 2287 550 2324 habetur,
574 2287 601 2318 si
619 2297 694 2318 sane
709 2287 811 2318 littera
825 2287 1024 2327 intelligatur.
1049 2286 1223 2327 Dupliciter
1241 2286 1327 2316 enim
1341 2287 1387 2317 in-

329 2330 427 2371 telligi
454 2337 559 2372 potest
589 2332 677 2372 quod
709 2331 875 2372 dispositio
905 2330 1062 2371 appetitus
1092 2330 1231 2361 sensitivi
1262 2338 1389 2362 moveat

327 2374 537 2406 voluntatem.
552 2375 627 2406 Uno
645 2375 756 2412 modo,
774 2375 889 2406 directe
904 2381 934 2405 et
948 2374 1147 2405 immediate:
1163 2381 1315 2415 tanquam
1331 2374 1388 2405 sci-

327 2417 401 2450 licet
422 2418 597 2450 immutans
626 2419 744 2460 ipsam,
774 2418 838 2449 sive
861 2418 969 2459 quoad
992 2418 1173 2449 exercitium
1196 2424 1298 2455 actus,
1323 2418 1388 2449 sive

329 2463 438 2504 quoad
453 2462 721 2503 specificationem
737 2469 835 2494 actus.
848 2462 889 2493 Et
899 2462 962 2493 hoc
978 2469 1023 2493 est
1039 2462 1185 2493 falsum.-
1191 2461 1264 2492 Alio
1277 2463 1386 2499 modo,

328 2506 567 2538 occasionaliter
589 2514 620 2538 et
642 2507 787 2538 mediate.
813 2507 854 2538 Et
876 2506 938 2537 hoc
961 2506 1060 2537 modo
1082 2506 1231 2537 immutat
1249 2516 1286 2537 ex
1301 2513 1388 2547 parte

329 2550 453 2588 obiecti,
470 2551 551 2582 idest
569 2552 677 2591 quoad
693 2550 959 2591 specificationem
974 2557 1071 2587 actuS,
1087 2561 1152 2581 non
1169 2551 1276 2591 quoad
1305 2560 1387 2581 exer-

329 2594 450 2626 citium.
481 2595 524 2625 Et
552 2595 615 2626 hoc
641 2594 677 2626 fit
704 2595 758 2626 sic.
789 2595 1072 2632 Quemadmodum
1100 2594 1184 2627 enim
1213 2594 1387 2634 frigescenti

328 2638 455 2680 corpori
479 2639 670 2670 conveniens
693 2638 729 2670 fit
751 2638 970 2670 calefactivum
993 2638 1075 2675 eius,
1101 2645 1131 2669 et
1153 2648 1190 2669 ex
1213 2637 1275 2669 hoc
1298 2648 1387 2669 occa-

1439 1980 1581 2011 sionatur
1590 1981 1636 2022 jn
1659 1981 1712 2011 tali
1734 1981 1864 2012 homine
1894 1983 2099 2022 apprehensio
2124 1984 2292 2015 calefactivi
2315 1991 2352 2016 ut
2374 1995 2486 2016 conve-

1440 2024 1563 2061 nientis,
1588 2031 1619 2055 et
1634 2031 1867 2064 praesentatum
1882 2026 2035 2057 voluntati
2052 2027 2249 2064 desideratur,
2266 2035 2334 2065 etc.;
2353 2029 2396 2059 ita
2411 2029 2489 2061 irato

1439 2068 1592 2108 appetitui
1615 2069 1804 2099 conveniens
1827 2068 1862 2099 fit
1883 2069 2041 2106 vindicta,
2066 2078 2097 2101 et
2119 2081 2155 2101 ex
2182 2071 2243 2102 hoc
2273 2072 2489 2104 occasionatur

1439 2112 1527 2152 quod
1554 2111 1728 2143 intellectus
1756 2112 1909 2153 practicus
1933 2094 2137 2154 apprehendit
2159 2116 2427 2155 repercussionem
2455 2124 2491 2147 ut

1439 2156 1679 2186 convenientem
1697 2155 1779 2193 huic,
1800 2166 1894 2194 nunc,
1918 2164 1975 2188 etc.
1999 2157 2040 2188 Et
2062 2158 2105 2188 sic
2121 2159 2279 2198 percussio
2296 2160 2489 2200 apprehensa

1440 2206 1475 2230 ut
1498 2199 1687 2230 conveniens
1710 2209 1794 2230 nunc
1817 2207 1892 2237 etc..
1916 2208 2024 2232 movet
2045 2202 2241 2232 voluntatem
2264 2203 2424 2235 obiective.
2448 2204 2490 2235 Et

1439 2243 1482 2273 sic
1505 2249 1590 2283 patet
1613 2243 1702 2283 quod
1724 2243 1887 2284 dispositio
1911 2245 2094 2285 appetentis,
2114 2246 2260 2286 quamvis
2275 2256 2308 2277 se
2323 2253 2427 2278 teneat
2451 2257 2488 2278 ex

1440 2293 1527 2326 parte
1550 2287 1690 2323 subiecti,
1714 2297 1779 2317 non
1803 2295 1911 2318 movet
1928 2295 2033 2318 tamen
2048 2289 2244 2320 voluntatem
2270 2290 2330 2320 nisi
2349 2301 2386 2321 ex
2403 2298 2490 2331 parte

1440 2330 1570 2361 obiecti:
1594 2330 1669 2371 quia
1692 2341 1757 2361 non
1781 2338 1888 2362 movet
1910 2331 2012 2372 ipsam
2041 2332 2100 2362 nisi
2115 2342 2173 2373 pro
2197 2340 2316 2374 quanto
2335 2335 2490 2366 redundat

1439 2374 1473 2404 in
1492 2374 1587 2404 talem
1610 2374 1892 2414 apprehensionem
1915 2375 2028 2407 obiecti
2050 2376 2230 2408 voluntatis.
2255 2377 2388 2409 Constat
2405 2378 2490 2408 enim

1439 2417 1636 2448 voluntatem
1659 2419 1698 2448 ab
1722 2418 1845 2449 obiecto
1869 2419 2078 2459 apprehenso,
2102 2427 2138 2451 ut
2160 2420 2220 2457 sic,
2244 2422 2375 2452 moveri.
2398 2421 2491 2453 Unde

1439 2463 1561 2492 Auctor
1583 2462 1615 2492 in
1638 2462 1739 2493 littera
1767 2462 1927 2503 duplicem
1954 2463 2061 2503 posuit
2091 2464 2227 2495 radicem
2249 2465 2317 2495 talis
2347 2466 2398 2496 vel
2421 2465 2490 2496 talis

1440 2505 1698 2546 apprehensionis
1714 2506 1841 2537 obiecti:
1862 2507 1989 2537 alteram
2005 2517 2041 2538 ex
2056 2514 2142 2548 parte
2157 2508 2255 2548 ipsius
2270 2509 2393 2545 obiecti,
2411 2515 2488 2549 puta

1440 2550 1529 2590 quod
1557 2556 1604 2580 est
1629 2550 1752 2580 bonum
1780 2550 1830 2580 vel
1858 2551 1979 2581 malum
2010 2552 2184 2585 secundum
2215 2561 2265 2588 se;
2289 2552 2418 2583 alteram
2451 2563 2488 2583 ex

1438 2600 1525 2634 parte
1548 2593 1731 2634 appetentis.
1757 2594 1910 2635 Utrinque
1933 2594 2017 2625 enim
2041 2595 2256 2626 convenientia
2283 2596 2333 2627 vel
2361 2597 2485 2628 discon-

1438 2637 1594 2668 venientia
1617 2637 1725 2674 oritur,
1750 2644 1785 2668 ut
1806 2638 1840 2668 in
1862 2638 1963 2669 littera
1986 2638 2108 2670 dicitur.

1126 2800 1336 2842 ARTICU
1343 2799 1440 2842 LUS
1468 2799 1693 2842 TERTIUS

1005 2891 1160 2923 UTRUM
1183 2891 1415 2922 VOLUNTAS
1437 2885 1620 2922 MOVEAT
1644 2891 1819 2922 SEIPSAM

1290 2971 1331 2995 De
1349 2970 1431 3001 Malo,
1452 2978 1534 3003 qis-Vi

452 3097 453 3100 ,
462 3082 516 3117 f<
541 3071 563 3099 ι)
591 3070 750 3096 TERTltJM
769 3070 822 3096 stc
845 3069 1082 3096 PRocemrua.
1102 3058 1261 3095 Videtur
1280 3059 1383 3106 quod

382 3107 406 3162 ζ’
462 3099 513 3166 ’ξ’,ιᾏ
540 3113 716 3149 voluntas
748 3124 827 3148 non
860 3119 1014 3149 moveat
1050 3110 1226 3159 seipsam.
1255 3111 1383 3147 Omne

350 3162 430 3208 1J‘
410 3178 469 3204 ν
490 3154 512 3202 ’ἦ
542 3164 645 3202 enim
672 3177 857 3212 movens,
885 3163 1111 3212 inquantum
1143 3162 1383 3211 huiusmodi,

352 3207 358 3218 ²
390 3231 399 3241 ⁸
422 3209 486 3247 7²³¹)
502 3207 598 3255 &est
624 3217 663 3254 in
691 3225 796 3254 actu:
826 3217 933 3266 quod
959 3224 1086 3254 autem
1114 3223 1302 3264 movetur,
1329 3224 1384 3253 est

328 3270 367 3308 in
385 3270 564 3319 potentia,
585 3282 675 3307 nam
694 3276 815 3307 motus
842 3275 896 3307 est
920 3275 1024 3307 actus
1051 3269 1236 3306 existentis
1264 3269 1301 3306 in
1314 3281 1383 3318 po-

293 3349 302 3360 ,
329 3324 454 3370 tentia,
470 3323 690 3371 inquantum
717 3323 932 3360 huiusmodi
947 3322 977 3359 ²⁸.
1009 3322 1085 3359 Sed
1104 3333 1183 3359 non
1202 3329 1257 3359 est
1280 3321 1384 3359 idem

295 3375 302 3408 ἶ
329 3376 369 3414 in
404 3375 574 3425 potentia
611 3383 646 3412 et
673 3375 710 3412 in
739 3383 825 3413 actu
861 3382 1034 3425 respectu
1067 3374 1248 3412 eiusdem.
1282 3375 1384 3423 Ergo

327 3428 417 3467 nihil
455 3435 587 3465 movet
620 3428 800 3477 seipsum.
829 3428 967 3476 Neque
1002 3440 1091 3475 ergo
1125 3428 1299 3464 voluntas
1327 3440 1384 3464 se-

328 3482 452 3531 ipsam
479 3493 637 3518 movere
665 3489 799 3529 potest.

2166 3009 2197 3022 ,κ

1493 3070 1527 3095 2.
1548 3059 1778 3106 PRAETEREA,
1799 3058 1938 3094 mobile
1957 3065 2135 3095 movetur
2161 3058 2210 3096 ad
2237 3058 2489 3107 praesentiam

1439 3111 1639 3147 moventis.
1663 3110 1739 3147 Sed
1765 3111 1940 3147 voluntas
1959 3122 2110 3160 semper
2137 3110 2205 3148 sibi
2225 3118 2280 3148 est
2297 3123 2487 3160 praesens.

1440 3163 1479 3200 Si
1508 3175 1595 3211 ergo
1624 3163 1705 3212 ipsa
1725 3168 1741 3184 ‘²
1769 3163 1932 3212 seipsam
1961 3171 2146 3212 moveret,
2179 3175 2331 3212 semper
2357 3176 2489 3201 move-

1439 3223 1550 3253 retur.
1581 3215 1698 3262 Quod
1723 3223 1826 3264 patet
1854 3228 1934 3253 esse
1963 3216 2110 3254 falsum.

1493 3270 1527 3306 3.
1554 3269 1784 3316 PRAETEREA,
1808 3269 1982 3306 voluntas
2011 3276 2187 3306 movetur
2214 3268 2261 3305 ab
2289 3268 2487 3317 intellectu,

1439 3329 1480 3358 ut
1499 3321 1640 3358 dictum
1660 3328 1716 3358 est
1729 3320 1759 3358 ²¹⁸.
1786 3321 1826 3358 Si
1844 3321 1953 3369 igitur
1970 3322 2144 3358 voluntas
2163 3328 2294 3358 movet
2311 3322 2487 3370 seipsam,
2516 3331 2526 3340 ‘

1440 3374 1608 3423 sequitur
1644 3374 1746 3423 quod
1774 3373 1878 3411 idem
1915 3374 2026 3411 simul
2062 3381 2262 3411 moveatur
2288 3386 2310 3410 a
2339 3373 2488 3411 duobus

1441 3427 1652 3464 motoribus
1667 3425 1900 3463 immediate:
1922 3427 2024 3476 quod
2039 3426 2186 3464 videtur
2205 3426 2486 3464 inconveniens.

1440 3480 1531 3516 Non
1560 3491 1648 3527 ergo
1676 3479 1850 3516 voluntas
1879 3487 2008 3516 movet
2037 3479 2210 3528 seipsam.

382 3602 411 3637 α)
431 3603 497 3635 ipsa.
515 3616 533 3621 —
552 3603 612 3628 Om.
632 3603 677 3628 Pa.

2516 1266 2601 1316 §.⁶31

2609 1273 2634 1294 11,
2645 1273 2668 1289 n.
2678 1273 2705 1289 11.
2714 1277 2724 1284 ·

2616 1294 2667 1316 lect.
2683 1299 2718 1315 m.
