2846 4146
144 1836 214 1858 'Vide
222 1836 353 1857 Comment.

144 1862 216 1884 Caiet.
240 1865 292 1889 post
310 1865 352 1883 art.

142 1894 218 1916 praec.

141 2097 150 2106 '
165 2096 220 2124 Cap.
237 2102 266 2117 ix.

143 2681 152 2688 ‘
167 2678 223 2704 Cap.
238 2684 306 2699 xxxv.

144 2731 152 2739 ·
168 2731 233 2752 Vers.
248 2736 284 2758 29.

143 2836 154 2847 ⁴*
169 2835 235 2857 Vers.
250 2840 277 2856 12.

146 2999 154 3007 ·
169 2997 236 3019 Vers.
251 3003 286 3023 ²4-

145 3204 154 3212 “
169 3203 221 3224 Art.
236 3202 340 3230 praeced,

382 262 459 296 442

383 339 419 358 ex
442 336 527 368 parte
551 330 689 365 subiecti,
712 335 791 359 esset
806 329 980 359 secundum
1004 328 1090 368 quid,
1108 335 1138 358 et
1161 337 1226 357 non
1242 327 1431 366 simpliciter.

383 372 543 409 Quoniam
559 383 595 403 ex
608 373 669 403 hoc
684 383 749 403 non
765 373 896 402 habetur
912 373 999 412 quod
1021 371 1196 402 subiectum
1210 371 1351 400 absolute
1368 379 1433 399 non

381 416 484 446 videat
505 417 584 446 illud
607 416 772 446 creditum:
797 417 851 447 sed
867 416 953 456 quod
970 415 1154 450 subiectum,
1179 414 1368 454 inquantum
1389 419 1434 443 est

382 461 440 489 sub
463 460 518 490 illo
535 460 642 490 habitu
664 461 713 490 vel
730 467 809 496 actu,
827 470 891 490 non
910 459 993 489 videt
1015 459 1092 488 illud
1111 457 1271 491 creditum,
1289 463 1324 486 ut
1338 462 1431 495 patet.

382 504 416 533 In
439 504 539 540 littera
563 511 668 534 autern
692 503 803 533 dicitur
826 503 913 544 quod
935 502 1021 537 fides,
1046 501 1154 541 opinio
1179 507 1209 530 et
1232 499 1358 530 scientia
1374 499 1432 528 dif-

381 546 484 577 ferunt
507 548 680 577 secundum
700 547 872 586 perfectum
890 553 919 576 et
937 546 1156 585 imperfectum
1173 554 1209 573 ex
1223 550 1310 582 parte
1329 542 1432 572 subie-

382 591 430 627 cti,
446 591 488 620 ita
504 591 592 631 quod
608 591 734 621 credens
751 600 816 620 non
828 591 911 620 videt
926 589 958 619 id
974 589 1062 628 quod
1079 587 1227 618 creditur:
1244 587 1331 626 quod
1347 586 1431 615 idem

381 641 427 664 est
449 644 484 664 ac
508 634 533 664 si
556 634 669 664 diceret
695 644 730 664 ex
752 641 838 673 parte
862 632 991 663 subiecti
1020 630 1201 670 simpliciter
1225 637 1254 660 et
1277 630 1430 660 absolute.

435 678 487 708 111.
507 678 557 708 Ad
580 678 817 716 intelligendum
840 686 913 715 ergo
942 675 1107 716 quomodo
1132 684 1168 704 ex
1191 681 1278 713 parte
1301 673 1432 703 subiecti

381 722 523 751 absolute
546 722 672 761 propria
695 720 889 760 imperfectio
912 719 984 749 fidei
1009 718 1056 754 sit,
1081 718 1158 748 scito
1182 718 1269 757 quod
1293 716 1369 746 fides
1386 716 1431 746 di-

381 765 460 795 citur
482 764 661 804 imperfecta
678 775 714 794 ex
729 771 814 803 parte
831 763 969 798 subiecti,
988 762 1061 802 quia
1078 761 1239 791 constituit
1254 760 1430 790 subiectum

380 809 522 839 absolute
538 809 569 837 in
585 818 651 838 esse
674 807 872 847 imperfecto;
890 817 954 841 seu,
972 806 1060 845 quod
1083 805 1116 834 in
1132 805 1217 834 idem
1233 804 1320 840 redit,
1338 804 1431 843 exigit

381 853 556 882 subiectum
579 852 720 881 absolute
743 850 972 890 imperfectum.
994 849 1034 879 Et
1063 855 1108 879 est
1130 858 1234 878 sermo
1259 849 1296 878 de
1319 848 1432 887 imper-

381 896 461 926 fecto
490 895 653 935 privative:
678 895 720 924 ita
743 894 831 934 quod
854 893 944 933 ponit
968 893 1143 923 subiectum
1167 892 1310 922 absolute
1332 891 1431 931 priva-

380 947 448 970 tum
471 939 590 968 visione
613 938 696 968 illius
713 938 799 978 quod
823 937 966 967 creditur.
982 937 1022 966 Et
1037 943 1082 966 est
1098 936 1199 966 simile
1216 936 1254 965 de
1276 935 1341 965 istis
1358 935 1430 965 acti-

380 984 447 1018 bus,
465 989 494 1012 et
517 987 621 1012 motu:
638 982 679 1011 ita
694 982 790 1021 quod,
809 981 888 1011 sicut
904 987 1009 1011 motus
1027 990 1063 1010 ex
1079 980 1138 1010 hoc
1157 979 1227 1019 ipso
1247 979 1334 1019 quod
1350 979 1431 1009 inest

379 1026 480 1062 alicui,
506 1025 665 1056 constituit
686 1025 792 1065 ipsum
814 1024 846 1054 in
866 1034 931 1054 esse
955 1023 1118 1063 potentiali
1134 1030 1275 1063 respectu
1295 1023 1429 1058 termini,

379 1080 413 1100 ac
436 1080 490 1110 per
513 1070 574 1099 hoc
597 1069 628 1098 in
646 1069 818 1109 privatione
834 1068 946 1098 actuali
960 1067 1098 1104 termini;
1115 1067 1158 1098 ita
1174 1067 1296 1097 credere
1313 1073 1343 1096 et
1358 1076 1428 1106 spe-

378 1123 444 1143 rare
468 1113 662 1143 constituunt
678 1112 815 1142 subiecta
838 1112 870 1141 in
887 1111 1061 1151 privatione
1078 1110 1185 1141 crediti
1201 1117 1231 1140 et
1250 1110 1372 1150 sperati.
1390 1110 1430 1140 Et

378 1157 457 1187 sicut
480 1164 586 1187 motus
610 1163 656 1186 est
678 1163 765 1186 actus
789 1156 867 1186 entis
890 1156 922 1185 in
941 1155 1081 1195 potentia
1099 1162 1133 1185 ut
1152 1155 1204 1190 sic,
1225 1154 1268 1184 ita
1291 1153 1367 1184 fides
1385 1160 1431 1184 est

378 1211 520 1230 assensus
544 1200 765 1230 determinatus
782 1199 1004 1234 non-videntis,
1026 1205 1061 1229 ut
1084 1199 1139 1235 sic;
1160 1205 1190 1228 et
1213 1208 1283 1238 spes
1306 1205 1352 1228 est
1375 1208 1428 1237 ap-

377 1245 491 1284 petitus
515 1244 744 1280 non-habentis,
769 1250 804 1274 ut
821 1243 872 1273 sic.
898 1243 937 1273 Et
957 1250 1122 1282 propterea
1144 1242 1294 1282 importat
1316 1241 1428 1281 imper-

376 1288 543 1318 fectionem
564 1288 692 1318 subiecti
709 1297 773 1317 non
789 1287 963 1317 secundum
980 1287 1065 1327 quid,
1083 1286 1136 1316 sed
1151 1285 1344 1325 simpliciter;
1365 1295 1431 1315 non

377 1332 605 1371 peraccidens,
630 1332 684 1361 sed
708 1342 762 1371 per
791 1341 832 1361 se.
857 1331 898 1361 Et
920 1337 1101 1370 propterea,
1127 1330 1206 1360 sicut
1236 1336 1342 1360 motus
1366 1339 1431 1359 non

377 1382 436 1406 stat
450 1385 523 1406 cum
542 1376 687 1411 termino,
706 1375 887 1405 excludente
906 1374 1114 1415 privationem
1130 1373 1206 1410 eius,
1223 1373 1265 1403 ita
1289 1383 1432 1412 necssspes

1037 250 1300 296 QUAESTIO
1331 250 1486 295 LXVII,
1516 248 1810 285 ARTICULUS
1840 249 1891 285 IV

1487 332 1546 356 stat
1569 336 1643 356 cum
1666 326 1732 356 eius
1755 326 1901 362 termino,
1927 333 1962 357 ut
1984 327 2017 356 in
2039 327 2170 358 articulo
2194 332 2306 367 quarto
2338 325 2458 361 dicitur,
2483 334 2541 355 nec

1486 369 1562 399 fides
1587 376 1646 400 stat
1669 379 1743 400 cum
1765 369 1899 399 visione:
1920 369 1995 410 quia
2018 371 2186 411 utrobique
2202 369 2375 401 excluditur
2389 368 2540 409 privativa

1486 412 1680 452 imperfectio
1697 413 1836 448 subiecti,
1856 423 1953 452 quam
1969 419 2100 454 uterque
2116 421 2203 444 actus
2226 412 2467 443 substantialiter
2481 411 2540 442 sibi

1485 456 1670 492 vindicabat,
1695 463 1730 486 ut
1753 456 1786 485 in
1809 455 1909 486 littera
1932 456 2052 487 dicitur.

1541 500 1592 530 IV.
1610 499 1656 529 Et·
1666 499 1740 529 huic
1755 499 1860 529 sensui
1876 505 2037 530 attestatur
2051 500 2151 531 littera
2171 501 2209 530 de
2225 499 2416 540 perfectione
2435 504 2465 529 et
2479 498 2539 528 im-

1484 543 1675 582 perfectione
1699 552 1736 572 ex
1758 549 1844 582 parte
1867 543 1990 579 obiecti,
2007 550 2038 574 et
2060 545 2096 573 ex
2114 550 2201 583 parte
2224 543 2329 573 medii.
2346 542 2432 572 Sicut
2454 541 2540 571 enim

1484 587 1633 626 perfectio
1656 586 1706 616 vel
1735 585 1930 625 imperfectio
1954 587 2073 626 proprii
2099 587 2212 618 obiecti
2241 585 2403 617 constituit
2433 585 2539 624 cogni-

1485 630 1605 660 tionem
1627 629 1798 669 perfectam
1826 630 1875 659 vel
1897 629 2113 669 imperfectam
2141 630 2308 666 obiective;
2338 635 2368 660 et
2398 628 2540 664 similiter

1484 674 1633 713 perfectio
1657 673 1706 703 vel
1727 672 1923 712 imperfectio
1948 683 1984 703 ex
2006 680 2092 714 parte
2115 674 2234 714 proprii
2257 672 2362 709 medii,
2379 671 2540 702 constituit

1484 717 1653 757 perfectam
1672 716 1722 746 vel
1737 715 1953 755 imperfectam
1965 716 2178 756 cognitionem
2191 717 2366 747 secundum
2381 715 2538 746 medium:

1483 761 1525 791 ita
1548 760 1744 800 imperfectio
1763 760 1813 789 vel
1837 760 1985 800 perfectio
2003 760 2122 800 proprii
2145 760 2274 791 subiecti
2290 759 2442 795 absolute,
2463 767 2539 789 con-

1484 804 1584 834 stituit
1617 803 1830 843 cognitionem
1856 803 2026 843 perfectam
2059 804 2109 833 vel
2140 804 2356 843 imperfectum
2384 813 2421 833 ex
2452 808 2539 842 parte

1484 847 1624 878 subiecti.
1637 865 1658 870 -
1676 847 1741 877 Nec
1765 847 1894 883 mireris,
1910 847 1936 877 si
1951 847 2021 878 dico
2038 847 2214 878 subiectum
2229 847 2448 886 imperfectum
2465 855 2539 876 con-

1484 892 1610 923 stituere
1634 891 1849 930 cognitionem
1863 890 2089 930 imperfectam,
2106 901 2180 921 cum
2202 890 2288 931 pn'us
2302 891 2319 910 *
2335 889 2465 920 dixerim
2487 899 2540 920 co-

1483 935 1658 975 gnitionem
1688 934 1905 974 imperfectam
1927 934 2112 965 huiusmodi
2143 934 2331 965 constituere
2362 933 2540 964 subiectum

1483 979 1516 1010 in
1534 989 1599 1009 esse
1615 978 1810 1018 imperfecto.
1827 979 1989 1009 Memento
2006 978 2095 1019 quod
2110 987 2227 1008 causae
2241 983 2317 1008 sunt
2333 977 2393 1008 sibi
2405 977 2538 1008 invicem

1483 1030 1617 1053 causae:
1632 1029 1662 1052 et
1677 1022 1775 1062 quod,
1790 1022 1871 1052 sicut
1882 1028 1989 1052 motus
2006 1021 2168 1052 constituit
2179 1020 2351 1052 formaliter
2363 1020 2540 1051 subiectum

1482 1067 1515 1096 in
1539 1075 1605 1096 esse
1629 1065 1672 1096 sic
1695 1071 1766 1096 actu
1783 1071 1814 1095 et
1836 1065 1878 1095 sic
1897 1065 1930 1095 in
1954 1065 2109 1105 potentia,
2132 1065 2176 1095 ita
2199 1071 2230 1095 et
2252 1075 2269 1095 e
2291 1073 2442 1095 converso
2466 1064 2539 1094 sub-

1483 1110 1601 1140 iectum
1624 1109 1668 1139 sic
1691 1116 1762 1139 actu
1779 1115 1810 1139 et
1832 1109 1875 1139 sic
1897 1109 1931 1139 in
1950 1109 2099 1149 potentia,
2116 1109 2278 1142 constituit
2296 1107 2464 1139 subiecn've
2483 1117 2540 1138 seu

1484 1153 1682 1183 materialiter
1697 1159 1822 1183 motum
1845 1153 1878 1183 in
1899 1163 1965 1183 esse
1988 1152 2183 1193 imperfecto·
2200 1152 2308 1183 Simile
2330 1151 2415 1183 enim
2431 1150 2542 1182 accidit

1483 1197 1516 1227 in
1539 1196 1713 1237 proposito.

1540 1241 1580 1271 Et
1595 1240 1676 1270 hanc
1693 1240 1869 1270 doctrinam
1881 1241 1959 1271 bene
1972 1246 2096 1271 notato:
2115 1239 2268 1280 quoniam
2281 1249 2317 1270 ex
2333 1249 2370 1269 ea
2379 1238 2474 1268 habes
2490 1247 2540 1268 so-

1484 1284 1640 1315 lutionem
1651 1285 1690 1314 ad
1705 1284 1813 1314 omnia
1826 1284 1986 1324 opposita;
2005 1290 2035 1314 et
2044 1294 2140 1324 quare
2150 1283 2238 1319 fides,
2248 1282 2358 1323 opinio
2372 1289 2402 1312 et
2413 1281 2541 1312 scientia

1486 1329 1525 1358 de
1541 1329 1654 1358 eodem
1674 1336 1746 1359 sunt
1765 1323 2042 1367 incompossibiles'
2057 1328 2091 1358 in
2107 1328 2230 1364 eodem,
2249 1337 2286 1357 ex
2305 1326 2389 1367 quod
2401 1325 2480 1366 quid
2495 1330 2542 1356 est

1486 1381 1608 1402 eorum.
1624 1389 1645 1395 -
1661 1372 1702 1402 Et
1724 1372 1801 1402 haec
1824 1372 1886 1402 sint
1908 1381 1967 1412 pro
1990 1378 2045 1402 art.
2069 1379 2103 1402 ἰιι
2126 1378 2156 1402 et
2178 1381 2219 1407 ιν,
2235 1377 2301 1402 fretc-

1152 1533 1467 1576 ARTICULUS
1497 1532 1767 1585 QUARTUS

823 1627 978 1657 UTRUM
1002 1626 1098 1657 SPES
1121 1626 1303 1656 MANEAT
1326 1625 1435 1656 POST
1458 1624 1647 1656 MORTEM
1671 1625 1714 1654 IN
1737 1624 1881 1655 STATU
1905 1624 2094 1654 GLORIAE

714 1706 743 1729 11·
765 1704 816 1734 11¹⁶,
836 1713 880 1738 qu.
894 1712 964 1734 xv1n‚
984 1710 1029 1729 art.
1046 1711 1074 1735 25
1093 1704 1124 1728 111
1144 1705 1226 1733 Sent„
1247 1704 1303 1728 dist.
1321 1710 1386 1733 xxvr,
1406 1711 1451 1735 qu.
1469 1710 1496 1733 11,
1515 1707 1562 1727 art.
1578 1701 1607 1732 5,
1627 1703 1671 1734 qu*
1690 1687 1797 1731 maist.
1815 1709 1881 1731 xxxr,
1900 1709 1943 1733 qu.
1956 1708 1983 1731 11,
2002 1705 2048 1725 art.
2067 1708 2088 1729 1,
2108 1702 2153 1732 qu·
2171 1708 2200 1731 2;

1263 1738 1303 1763 De
1327 1738 1431 1767 Vir-tut„
1450 1745 1493 1770 qu.
1508 1745 1541 1768 w,
1561 1741 1607 1762 art.
1625 1744 1650 1768 4÷

434 1853 455 1865 x.
494 1868 500 1879 .
525 1859 537 1867 s
589 1841 610 1866 D
627 1839 797 1870 QUARTUM
812 1839 864 1864 sic
880 1826 1145 1864 PROCEDITUR*.
1155 1826 1313 1863 Videtur
1327 1825 1431 1873 quod

431 1874 460 1914 ''e-‘¹
507 1873 568 1932 {53
589 1893 673 1929 spes
699 1888 850 1917 maneat
872 1887 958 1928 post
982 1887 1144 1916 mortem
1171 1879 1209 1914 in
1238 1885 1334 1914 statu
1353 1878 1430 1924 glo-

393 1916 510 1993 μγαπν
524 1920 674 1985 riae.
701 1934 796 1980 Spes
816 1932 916 1968 enim
938 1931 1112 1968 nobiliori
1140 1930 1258 1967 modo
1286 1929 1432 1978 perficit

433 1963 522 2018 5⁴2&
543 1979 795 2034 &appetitum
815 1986 1028 2021 humanum
1046 1996 1161 2032 quam
1177 1983 1334 2020 virtutes
1349 1994 1431 2018 mo-

378 2040 484 2075 rales.
515 2039 590 2075 Sed
617 2039 771 2075 virtutes
791 2038 954 2074 morales
975 2044 1129 2074 manent
1146 2043 1233 2084 post
1259 2036 1357 2071 hanc
1375 2035 1430 2072 vi-

377 2101 473 2128 tam:
503 2099 544 2127 ut
561 2098 663 2139 patet
690 2103 759 2139 per
777 2090 1042 2137 Augustinum,
1064 2089 1102 2126 in
1122 2089 1211 2125 XIV
1229 2089 1274 2124 de
1292 2088 1394 2124 Irin.
1411 2087 1431 2109 ’⁵‘

377 2146 477 2192 Ergo
508 2145 626 2180 multo
655 2143 773 2191 magis
802 2155 899 2191 spes.

430 2209 466 2234 2.
491 2197 722 2243 PRAETEREA‚
744 2195 824 2244 spei
844 2195 1047 2244 opponitur
1065 2194 1189 2230 timor.
1212 2193 1288 2229 Sed
1316 2193 1430 2229 timor

377 2257 505 2286 manet
519 2256 604 2297 post
623 2250 721 2285 hanc
739 2248 873 2285 vitam:
896 2255 932 2284 et
951 2247 988 2283 in
1008 2247 1126 2283 beatis
1142 2246 1297 2294 quidem
1317 2245 1430 2281 timor

377 2302 518 2349 filialis,
548 2302 612 2350 qui
648 2309 775 2338 manet
802 2301 839 2336 in
868 2300 1080 2346 saeculum3
1111 2307 1146 2335 et
1177 2298 1215 2334 in
1245 2297 1430 2334 damnatis

377 2355 491 2391 timor
522 2366 745 2402 poenarum.
767 2354 868 2400 Ergo
897 2365 994 2401 spes,
1022 2351 1103 2400 pari
1131 2351 1286 2397 ratione,
1307 2357 1431 2398 potest

378 2419 616 2456 permanere.

435 2461 468 2497 3.
498 2461 733 2505 PRAETEREA,
768 2458 862 2495 sicut
895 2469 981 2505 spes
1011 2464 1065 2493 est
1098 2455 1211 2492 futuri
1245 2454 1351 2501 boni,
1380 2454 1430 2491 ita

381 2520 417 2549 et
445 2512 688 2549 desiderium:
715 2511 791 2548 Sed
819 2510 856 2546 in
885 2509 1003 2546 beatis
1033 2515 1088 2545 est
1116 2507 1346 2545 desiderium
1374 2508 1429 2543 fu-

378 2565 449 2602 turi
474 2565 580 2602 boni:
611 2572 646 2600 et
665 2571 849 2612 quantum
869 2563 917 2599 ad
936 2562 1092 2609 gloriam
1113 2560 1293 2609 corporis,
1315 2572 1430 2608 quam

379 2618 527 2654 animae
564 2618 761 2654 beatorum
796 2615 1029 2661 desiderant⁷
1064 2622 1105 2650 ut
1138 2613 1224 2650 dicit
1255 2612 1431 2660 Augusti-

379 2684 461 2718 nus,
483 2672 551 2707 XII
570 2682 681 2718 super
708 2671 798 2706 Gen.
820 2670 871 2705 ad
896 2668 959 2704 litt.
980 2667 1016 2712 *;
1049 2675 1083 2703 et
1112 2667 1224 2703 etiam
1245 2673 1429 2714 quantum

380 2725 428 2761 ad
452 2723 609 2771 gloriam
629 2722 790 2770 animae,
812 2721 1020 2758 secundum
1045 2720 1135 2756 illud
1154 2719 1269 2755 Eccli.
1289 2730 1373 2755 xxlv
1391 2718 1429 2754 *ε

385 2777 456 2818 Qui
483 2777 595 2812 edunt
620 2788 689 2822 me,
715 2776 836 2811 adhuc
864 2774 1034 2818 esurient,
1057 2778 1092 2808 et
1117 2773 1182 2820 qui
1208 2773 1338 2808 bibunt
1359 2783 1429 2817 me,

380 2830 501 2866 adhuc
526 2829 666 2872 sitient,·
687 2835 722 2864 et
749 2829 762 2864 Ι
793 2828 871 2863 Pet.
902 2826 960 2872 1²¹⁶,
988 2826 1136 2862 dicitur:
1167 2826 1213 2862 In
1242 2836 1351 2873 quem
1371 2825 1431 2861 de-

378 2882 543 2919 siderant
555 2881 683 2930 angeli
693 2880 919 2929 prospicere.
937 2880 1037 2926 Ergo
1057 2878 1207 2915 videtur
1225 2877 1330 2926 quod
1345 2889 1431 2925 pos—

380 2935 425 2972 sit
452 2946 533 2971 esse
561 2946 647 2982 spes
675 2940 761 2982 post
787 2934 884 2969 hanc
911 2932 1028 2969 vitam
1054 2931 1092 2967 in
1119 2931 1248 2967 beatis.

434 2989 507 3024 SED
522 2998 666 3024 CONTRA
680 2998 746 3022 EsT
760 2986 863 3034 quod
879 2985 1085 3033 Apostolus
1100 2983 1198 3030 dicit,
1210 2982 1431 3020 Rom.vui*':

384 3041 493 3082 Quod
517 3039 616 3076 videt
642 3040 738 3087 quis,
774 3038 864 3087 quid
888 3037 1040 3085 sperat?
1070 3037 1145 3073 Sed
1175 3037 1273 3073 beati
1301 3036 1434 3074 vident

380 3093 419 3129 id
447 3092 550 3141 quod
579 3099 633 3128 est
660 3091 853 3128 obiectum
882 3090 974 3139 spei,
1004 3090 1141 3126 scilicet
1160 3090 1300 3126 Deum.
1330 3090 1433 3137 Ergo

381 3158 459 3182 non
487 3152 649 3193 sperant.
1068 3156 1071 3159 ’

433 3199 657 3234 RESPONDEO
687 3207 868 3238 DICENDUM
896 3195 1012 3243 quod,
1034 3195 1128 3231 sicut
1157 3194 1299 3231 dictum
1329 3201 1383 3231 est
1401 3193 1432 3241 *‚

380 3250 417 3288 id
447 3250 550 3298 quod
580 3250 626 3286 de
656 3249 800 3286 ratione
821 3248 877 3284 sui
901 3248 1079 3296 importat
1107 3247 1435 3296 imperfectionem

381 3303 557 3349 subiecti,
592 3315 670 3339 non
701 3308 827 3350 potest
861 3300 971 3337 simul
1004 3308 1101 3337 stare
1140 3312 1227 3337 cum
1264 3300 1433 3337 subiecto

382 3355 555 3404 opposita
582 3354 813 3403 perfectione
846 3354 1024 3402 perfecto.
1060 3353 1164 3390 Sicut
1195 3360 1297 3401 patet
1330 3352 1435 3401 quod

382 3415 508 3445 motus
544 3408 583 3444 in
620 3407 764 3444 ratione
800 3406 856 3442 sui
893 3406 1072 3454 importat
1108 3405 1435 3454 imperfectionem

416 1876 429 1889 ἰ

404 1895 405 1900 1
426 1892 434 1903 ο

1482 1824 1651 1870 subiecti,
1686 1831 1741 1860 est
1770 1823 1869 1860 enim
1896 1829 1999 1860 actus
2027 1823 2215 1859 existentis
2233 1823 2271 1859 in
2284 1823 2466 1871 potentia,
2486 1824 2542 1862 in-

1484 1883 1664 1925 quantum
1691 1876 1904 1913 huiusmodi
1921 1875 1961 1912 *t
1981 1875 2083 1912 unde
2112 1876 2266 1924 quando
2294 1875 2356 1912 illa
2373 1877 2542 1924 potentia

1485 1929 1675 1966 reducitur
1702 1929 1750 1965 ad
1773 1936 1912 1975 actum,
1933 1928 2010 1965 iam
2031 1936 2153 1965 cessat
2172 1935 2320 1974 motus;
2341 1941 2420 1966 non
2439 1929 2541 1967 enim

1485 1981 1610 2018 adhuc
1637 1981 1794 2028 albatur‚
1822 1988 2027 2030 postquam
2053 1980 2131 2017 iarn
2159 1980 2302 2029 aliquid
2325 1981 2465 2019 factum
2487 1989 2549 2022 est.

1485 2035 1627 2071 album.
1665 2035 1760 2082 Spes
1792 2041 1920 2071 autem
1939 2033 2132 2082 *importat
2165 2041 2314 2070 motum
2347 2027 2546 2082 quendam

1483 2086 1521 2123 in
1549 2087 1588 2123 id
1617 2086 1723 2135 quod
1754 2099 1832 2123 non
1864 2086 2042 2132 habetur3
2072 2093 2113 2122 ut
2139 2093 2243 2134 patet
2275 2098 2320 2122 ex
2350 2087 2409 2124 his
2442 2082 2540 2136 quae

1483 2152 1597 2188 supra
1617 2140 1664 2175 de
1682 2139 1862 2187 passione
1882 2138 1963 2187 spei
1984 2138 2147 2175 diximus
2161 2138 2192 2176 ³¹².
2209 2139 2259 2177 Et
2276 2138 2364 2176 ideo
2384 2139 2540 2188 quando

1482 2191 1682 2229 habebitur
1701 2197 1718 2213 α
1737 2191 1775 2228 id
1794 2191 1899 2240 quod
1927 2198 2109 2240 speratur,
2135 2191 2275 2228 scilicet
2303 2191 2429 2229 divina
2453 2192 2541 2231 frui,-

1482 2245 1546 2292 tio,
1566 2245 1643 2282 iam
1672 2257 1758 2292 spes
1787 2256 1870 2281 esse
1898 2257 1977 2281 non
2003 2244 2151 2292 poterit.

1536 2298 1594 2334 An
1622 2309 1760 2334 PRIMUM
1787 2308 1885 2334 ERGO
1913 2309 2097 2334 mcENDUM
2125 2297 2231 2345 quod
2249 2309 2336 2346 spes
2356 2304 2412 2334 est
2434 2291 2545 2340 nobi}

1481 2349 1552 2386 lior
1579 2349 1779 2386 virtutibus
1807 2349 2015 2386 moralibus
2043 2357 2228 2397 quantum
2257 2349 2310 2386 ad·
2334 2347 2547 2399 obiectum,;

1483 2401 1587 2450 quod
1609 2409 1664 2438 est
1682 2402 1798 2438 Deus.
1821 2401 1897 2438 Sed
1917 2409 2021 2438 actus
2039 2401 2221 2446 virtutum
2239 2402 2443 2440 moralium
2461 2415 2542 2440 non

1483 2458 1692 2503 repugnant
1710 2453 1930 2502 perfectioni
1950 2453 2201 2501 beatitudinis,
2217 2454 2310 2492 sicut
2324 2462 2429 2492 actus
2443 2455 2538 2505 spei;

1483 2507 1553 2543 nisi
1582 2507 1676 2543 forte
1704 2506 1847 2543 ratione
1877 2506 2069 2554 materiae,
2095 2507 2306 2549 secundum
2327 2519 2442 2557 quam
2461 2521 2540 2546 non

1484 2566 1650 2596 manent.
1676 2559 1767 2596 Non
1797 2559 1897 2596 enim
1925 2559 2043 2596 virtus
2071 2560 2225 2596 moralis
2251 2559 2399 2609 perficit
2425 2573 2541 2611 appe-

1483 2611 1593 2648 titum
1630 2613 1755 2648 solum
1787 2611 1826 2648 in
1853 2611 1891 2648 id
1919 2612 2024 2660 quod
2059 2613 2231 2650 nondum
2261 2613 2439 2660 habetur3
2472 2613 2541 2652 sed

1485 2664 1597 2701 etiam
1627 2665 1724 2701 circa
1752 2664 1788 2701 id
1819 2664 1923 2713 quod
1941 2665 2235 2714 praesentialiter
2260 2666 2432 2703 habetur.

1537 2719 1596 2754 AD
1624 2729 1814 2754 SECUNDUM
1841 2729 2025 2754 DICENDUM
2054 2718 2160 2765 quod
2179 2718 2293 2755 timor
2312 2726 2367 2755 est
2387 2719 2538 2768 duplex,

1485 2770 1629 2807 servilis
1659 2778 1694 2806 et
1721 2770 1854 2817 filialis,
1883 2778 1925 2807 ut
1944 2770 2039 2807 infra
2057 2770 2077 2792 ’¹‘
2097 2771 2250 2809 dicetur.
2281 2771 2435 2809 Servilis
2459 2771 2541 2821 qui-

1486 2823 1575 2860 dem
1603 2830 1659 2860 est
1686 2823 1799 2860 timor
1826 2835 1995 2872 poenae:
2026 2823 2090 2872 qui
2118 2836 2196 2861 non
2222 2824 2360 2873 poterit
2392 2836 2474 2862 esse
2502 2825 2541 2862 in

1484 2875 1613 2924 gloria,
1630 2877 1731 2912 nulla
1749 2875 1995 2924 possibilitate
2014 2876 2063 2914 ad
2081 2889 2248 2925 poenam
2267 2885 2499 2914 remanente.
2516 2898 2539 2905 -

1486 2929 1624 2966 Timor
1649 2941 1743 2965 vero
1772 2929 1893 2966 filialis
1911 2930 2027 2966 habet
2055 2929 2152 2967 duos
2179 2937 2304 2969 actus:
2324 2929 2463 2967 scilicet
2486 2942 2542 2967 re-

1485 2982 1609 3019 vereri
1637 2983 1777 3029 Deum,
1799 2989 1836 3018 et
1854 2989 2039 3031 quantum
2060 2982 2108 3020 ad
2126 2982 2229 3019 hunc
2248 2990 2374 3020 actum
2394 2989 2540 3029 manet;

1488 3042 1524 3072 et
1550 3034 1682 3071 timere
1710 3035 1990 3084 separationem
2019 3035 2066 3072 ab
2095 3035 2190 3083 ipso,
2221 3043 2257 3072 et
2282 3042 2469 3083 quantum
2492 3036 2540 3074 ad

1487 3089 1589 3125 hunc
1622 3095 1749 3124 actum
1782 3100 1860 3124 non
1893 3095 2033 3124 manet.
2069 3087 2244 3136 Separari
2277 3087 2376 3125 enim
2405 3100 2428 3125 a
2454 3088 2540 3125 Deo

1487 3142 1601 3178 habet
1629 3141 1815 3177 rationem
1843 3140 1948 3177 mali:
1979 3141 2126 3177 nullum
2159 3147 2288 3177 autem
2316 3141 2461 3177 malum
2488 3140 2539 3178 ibi

1487 3193 1681 3230 timebitur
1695 3192 1721 3241 β,
1733 3193 1945 3230 secundum
1960 3192 2051 3230 illud
2064 3194 2245 3231 Proverb.
2262 3192 2316 3230 1²⁸:
2335 3193 2541 3231 Abundan-

1487 3247 1537 3283 tia
1564 3247 1784 3295 perfruetur
1793 3275 1802 3293 ‚
1837 3245 2025 3283 malorum
2058 3246 2191 3283 timore
2219 3245 2376 3283 sublato.
2406 3246 2541 3284 Timor

1488 3307 1615 3336 autem
1644 3299 1849 3348 opponitur
1871 3298 1952 3347 spei
1972 3298 2210 3347 oppositione
2230 3303 2245 3326 Υ
2265 3298 2356 3336 boni
2375 3306 2412 3336 et
2438 3298 2539 3347 mali,

1488 3360 1530 3389 ut
1557 3364 1672 3400 supra
1694 3351 1714 3373 ‘¹‘
1743 3351 1885 3389 dictum
1914 3358 1986 3388 est:
2016 3358 2051 3388 et
2079 3351 2166 3388 ideo
2195 3350 2309 3388 timor
2336 3351 2401 3400 qui
2418 3363 2541 3388 rema-

1491 3412 1554 3442 net
1582 3405 1620 3441 in
1648 3404 1775 3452 gloria,
1806 3416 1884 3440 non
1913 3403 2118 3452 opponitur
2144 3403 2236 3452 spei.

434 3520 461 3554 α)
482 3520 626 3545 habebitur.
638 3535 656 3539 -
674 3521 785 3545 habetur
804 3521 873 3544 PKa.

435 3555 460 3590 β)
481 3556 622 3580 timebitur.
636 3569 654 3574 -
672 3556 780 3580 timetur
798 3555 987 3587 AEEGHLpD.

1539 3524 1564 3552 γ)
1584 3519 1757 3551 oppositione.
1770 3532 1789 3539 ·-
1803 3525 1854 3550 per·
1871 3517 2062 3550 oppositionem
2081 3516 2111 3542 P.

2566 896 2576 906 '¹
2586 895 2657 917 Num.
2672 894 2778 922 praeced.

2569 1882 2579 1892 ·
2606 1881 2643 1904 Cf.
2671 1881 2779 1910 Ariston,

2532 1924 2536 1925 γ
2567 1907 2660 1936 nysa.
2679 1908 2720 1930 ub.
2734 1908 2779 1936 m,

2568 1940 2716 1983 ΞἪΡιοὲῑ.
2731 1935 2756 1983 {³12
2769 1946 2779 1951 ·

2567 2147 2578 2158 '¹
2589 2147 2638 2175 Qu.
2651 2153 2689 2174 ιι,
2704 2150 2746 2168 nrt.
2761 2153 2778 2174 r,

2566 2179 2589 2196 2.

2667 2209 2684 2226 α

2567 2782 2578 2794 “
2585 2781 2617 2804 11-
2624 2782 2654 2804 11·
2659 2785 2675 2809 ·,
2686 2787 2725 2810 qu.
2730 2787 2778 2809 xix,

2567 2821 2609 2840 m.
2623 2823 2644 2839 2.

2666 3189 2681 3223 β

2567 3225 2577 3235 ·’
2593 3223 2660 3246 νει-ε.
2673 3230 2706 3253 33.

2664 3299 2681 3325 t

2567 3351 2579 3363 ‘⁵
2594 3351 2642 3378 Qu.
2656 3356 2721 3378 xxm,
2735 3354 2779 3373 m.

2568 3383 2589 3404 ²3
2605 3383 2644 3405 qu.
2657 3383 2695 3404 ιι,
2709 3380 2752 3399 ιη.
2761 3383 2778 3399 ι.
