2852 4152
288 1422 293 1427 .
339 1348 511 1437 ὶςὲήῇἧ

335 188 405 232 148

328 266 504 302 voluntas
532 266 578 302 sit
604 265 683 302 eius
712 267 818 315 quod
846 274 900 303 est
920 268 1129 304 secundum
1159 280 1198 304 se
1227 268 1384 313 malurn,

330 317 442 354 etiam
462 315 474 339 δ
495 319 565 354 sub
585 318 728 355 ratione
749 319 855 365 boni;
877 320 956 356 sive
978 320 1022 356 sit
1042 320 1132 356 boni
1152 321 1221 356 sub
1242 319 1385 355 ratione

329 370 432 416 mali,
455 382 607 418 semper
625 372 800 408 voluntas
817 372 883 408 erit
898 372 1009 408 mala.
1028 372 1103 408 Sed
1123 371 1172 407 ad
1191 372 1265 407 1100
1281 371 1386 418 quod

331 487 335 491 ’
380 490 405 526 ὃ)
425 493 513 517 etiam.
532 507 550 512 —
568 497 594 518 et
612 494 876 518 PABCEFGHIKLa.
888 507 907 512 -
922 494 971 518 Pro
984 494 1039 518 sive
1056 493 1091 517 sit
1110 493 1178 522 boni,
1196 493 1251 517 sive
1269 493 1304 517 sit
1318 493 1386 517 bona
1411 494 1414 558 ι

329 527 593 553 PABCDFGHIKLa.

991 190 1255 235 QUAESTIO
1286 191 1389 236 XIX,
1419 191 1713 227 ARTICULUS
1742 192 1826 228 VIII

1442 267 1487 303 sit
1514 268 1689 304 voluntas
1719 269 1831 315 bona,
1852 270 2051 318 requiritur
2077 273 2183 321 quod
2211 273 2256 310 sit
2284 273 2377 310 boni
2395 278 2408 294 ε
2427 274 2497 310 sub

1441 319 1585 407 Latione
1614 320 1725 365 boni3
1746 320 1842 357 idest
1861 323 1965 369 quod
1983 323 2073 360 velit
2100 325 2258 372 bonum,
2285 333 2321 363 et
2343 334 2499 375 propter

1469 383 1600 407 onum.

1494 493 1516 525 ε)
1536 494 1605 518 boni.
1622 507 1642 514 —-
1660 495 1727 519 bona
1747 495 1856 520 codices.

996 614 1327 647 Commentario,
1350 615 1600 648 Garamans
1622 616 1822 650 Caietam

393 711 462 731 ch
490 702 618 732 titulum
646 701 764 731 articuli
788 701 926 740 septimi,
956 701 1080 731 adverte
1109 701 1211 740 quod,
1235 701 1308 731 licet
1329 701 1384 731 ha—

331 711 502 775 Cetenus
525 746 563 775 de
584 745 759 779 voluntate,
784 744 863 774 idest
883 745 921 774 de
945 752 1017 775 actu
1041 744 1182 775 interiori
1200 745 1382 782 voluntatis,

325 787 358 817 in
381 789 439 818 hac
466 789 648 829 quaestione
672 794 837 818 tractatum
861 787 912 823 sit;
937 788 968 818 in
992 788 1054 819 hoc
1084 789 1215 819 articulo
1239 789 1382 829 quaestio

326 839 373 861 est
396 832 433 862 de
458 833 628 867 voluntate,
652 831 731 861 idest
755 832 792 861 de
815 838 886 862 actu
910 832 1050 862 interiori
1078 833 1265 869 voluntatis,
1288 839 1323 863 ut
1337 834 1383 864 di-

1437 703 1614 743 stinguitur
1625 708 1737 733 contra
1753 705 1965 736 intentionem.
1979 706 2025 736 Ea
2039 713 2146 745 autem
2158 707 2323 739 necessitas
2339 707 2497 748 quaestio-

1438 746 1486 776 nis
1509 746 1604 776 huius
1623 746 1696 782 fuit,
1722 747 1796 787 quia
1812 748 1959 779 voluntas
1981 750 2021 780 ab
2044 750 2218 781 intentione
2237 761 2330 792 saepe
2346 752 2495 793 distingui

1438 790 1534 826 solet,
1559 797 1590 821 et
1612 791 1787 831 plurimum
1817 791 1951 823 Intentio
1973 793 2104 824 iudicari
2126 795 2159 824 in
2189 795 2340 826 continua
2368 805 2496 826 morum

1437 833 1623 874 frequentia,
1643 835 1854 876 voluntasque
1869 846 1906 866 ex
1922 835 2097 868 intentione
2115 839 2254 871 accusari
2271 839 2322 870 vel
2346 840 2494 871 excusari.

1099 1001 1310 1042 ARTICU
1319 1001 1415 1043 LUS
1446 1002 1717 1044 OCTAVUS

560 1082 735 1132 VUTRUM
759 1101 1009 1138 QUANTITAS
1032 1101 1264 1132 BONITATIS
1287 1101 1371 1132 VEL
1396 1102 1605 1133 MALITIAE
1630 1103 1671 1134 IN
1696 1104 1980 1142 VOLUNTATE,
2005 1106 2238 1143 SEQUATUR

886 1145 1207 1182 QUANTITATEM
1230 1144 1331 1176 BONI
1355 1145 1440 1176 VEL
1463 1146 1568 1176 MALI
1593 1147 1637 1177 IN
1660 1147 1927 1180 INTENTIONE

408 1261 416 1275 »
458 1272 480 1284 ,Ι
533 1253 555 1278 D
576 1252 747 1278 OCTAVUM
766 1253 819 1277 SIC
838 1252 1077 1278 PROCEDITUR.
1099 1240 1257 1278 Videtur
1275 1241 1380 1289 quod

388 1270 400 1277 a

360 1286 383 1302 κ·
391 1294 398 1301 .
442 1282 499 1325 '1550

373 1306 393 1316 ι-
466 1302 514 1339 vay-

533 1293 720 1341 quantitas
749 1293 922 1330 bonitatis
947 1293 984 1329 in
1012 1293 1219 1340 voluntate,
1241 1294 1380 1342 depen-

533 1347 617 1382 deat
634 1358 678 1382 ex
692 1346 898 1394 quantitate
913 1345 1088 1382 bonitatis
1103 1346 1141 1384 in
1161 1346 1378 1384 intenti0ne.

491 1393 632 1446 &Quia
647 1411 760 1447 super
774 1398 864 1435 illud
876 1399 1009 1435 Matth.
1022 1398 1111 1446 xl1'¹‘,
1123 1401 1252 1436 Bonus
1267 1401 1379 1436 homo

321 1454 366 1489 de
393 1454 565 1489 thesauro
594 1453 690 1488 bono
720 1452 842 1488 cordis
869 1452 928 1488 sui
947 1453 1125 1500 “profert
1148 1453 1267 1498 bona,
1293 1452 1381 1489 dicit

322 1506 457 1542 Glossa
484 1506 524 1541 *z
558 1505 718 1542 Tantum
753 1505 842 1540 boni
868 1505 948 1552 quis
971 1505 1086 1551 facit,
1116 1510 1297 1555 quantum
1326 1506 1380 1541 in-

321 1559 443 1595 tendit.
467 1558 543 1595 Sed
558 1557 713 1594 intentio
730 1569 808 1593 non
825 1558 948 1593 solum
970 1557 1033 1594 dat
1052 1557 1260 1594 bonitatem
1282 1558 1379 1594 actui

322 1611 504 1657 exteriori,
522 1611 588 1647 sed
606 1610 717 1647 etiam
732 1610 927 1656 voluntati,
943 1617 984 1646 ut
999 1609 1141 1647 dictum
1161 1617 1216 1647 est
1229 1610 1259 1647 ²¹².
1277 1611 1379 1658 Ergo

320 1672 466 1701 tantum
486 1663 618 1712 aliquis
638 1663 751 1699 habet
766 1663 909 1699 bonam
928 1664 1175 1711 voluntatem,
1194 1671 1378 1711 quantum

320 1717 489 1754 intendit.

375 1782 408 1806 2.
431 1771 663 1814 PRAETEREA,
693 1775 934 1815 augmentata
962 1780 1086 1815 causa,
1117 1776 1380 1816 augmentatur

320 1823 487 1859 effectus.
514 1822 591 1858 Sed
610 1821 825 1857 intentionis
846 1820 993 1857 bonitas
1014 1829 1069 1858 est
1088 1834 1201 1858 causa
1221 1819 1235 1850 β
1255 1821 1379 1858 bonae

317 1875 534 1912 voluntatis.
556 1875 658 1921 Ergo
679 1881 864 1921 quantum
893 1873 977 1920 quis
1000 1873 1157 1911 intendit
1186 1875 1232 1911 de
1261 1875 1376 1922 bono,

317 1935 463 1964 tantum
491 1927 667 1963 voluntas
697 1933 752 1962 est
779 1926 892 1961 bona.

373 1981 408 2017 3.
428 1981 661 2025 PRAETEREA,
686 1978 724 2014 in
753 1978 860 2014 malis
884 1985 1071 2025 quantum
1100 1979 1233 2026 aliquis
1261 1979 1379 2016 inten-

318 2032 381 2079 dit,
402 2040 548 2069 tantum
576 2038 725 2080 peccat:
753 2031 782 2067 si
812 2030 914 2067 enim
939 2031 1071 2078 aliquis
1099 2031 1298 2080 proiiciens
1327 2033 1378 2068 la-

316 2085 462 2134 pidem,
491 2085 701 2121 intenderet
728 2083 851 2120 facere
879 2083 1139 2131 homicidium,
1166 2096 1252 2121 reus
1282 2092 1379 2122 esset

316 2137 523 2175 homicidii.
545 2138 659 2184 Ergo,
686 2136 767 2185 pari
787 2136 943 2183 ratione,
965 2136 1003 2173 in
1023 2137 1133 2174 bonis
1157 2145 1303 2174 tantum
1323 2146 1379 2175 est

317 2192 419 2228 bona
445 2191 635 2236 voluntas,
656 2196 842 2237 quantum
870 2189 1004 2237 aliquis
1032 2190 1179 2226 bonum
1208 2190 1376 2228 intendit.

372 2245 446 2280 SED
467 2254 623 2289 CONTRA,
638 2250 763 2290 potest
782 2252 864 2278 esse
883 2241 1039 2278 intentio
1059 2242 1172 2289 bona,
1189 2250 1226 2279 et
1243 2243 1377 2280 volun-

317 2304 374 2333 tas
402 2296 514 2332 mala.
535 2295 650 2342 Ergo,
670 2294 751 2342 pari
786 2295 941 2341 ratione,
961 2302 1086 2343 potest
1111 2306 1194 2332 esse
1221 2295 1375 2332 intentio

318 2348 438 2396 magis
466 2349 580 2394 bona,
602 2355 637 2384 et
663 2348 840 2384 voluntas
866 2348 991 2384 minus
1019 2348 1133 2384 bona.

372 2403 597 2438 Rnspomn-:o
625 2412 808 2437 memnon
841 2400 946 2448 quod
980 2400 1078 2436 circa
1105 2408 1232 2437 actum
1261 2408 1298 2437 et
1323 2401 1377 2437 in-

317 2454 526 2491 tentionem
553 2453 651 2499 finis,
673 2453 812 2501 duplex
841 2453 1027 2501 quantitas
1054 2460 1179 2501 potest
1205 2453 1376 2490 conside-

318 2507 407 2544 rari:
428 2518 506 2543 una
520 2517 565 2542 ex
580 2513 686 2554 parte
706 2505 855 2552 obiecti,
871 2506 960 2553 quia
978 2506 1060 2542 vult
1074 2505 1197 2542 maius
1218 2507 1375 2554 bonum,

316 2560 379 2596 vel
407 2559 498 2606 agit3
528 2558 599 2595 alia
628 2570 672 2595 ex
707 2558 919 2595 intensione
953 2565 1079 2606 actus,
1110 2558 1199 2606 quia
1232 2559 1377 2596 intense

316 2613 398 2649 vult
423 2612 486 2648 vel
514 2611 605 2659 agit,
634 2611 739 2659 quod
773 2618 829 2647 est
856 2610 980 2647 maius
1008 2622 1054 2647 ex
1087 2618 1193 2660 parte
1221 2612 1375 2659 agentis.

318 2665 360 2702 Si
386 2665 495 2712 igitur
513 2665 714 2711 loquamur
742 2664 790 2701 de
810 2664 1015 2712 quantitate
1043 2664 1238 2713 utriusque
1258 2676 1376 2713 quan-

317 2725 398 2754 tum
416 2717 466 2754 ad
486 2717 690 2762 obiectum,
711 2716 954 2753 manifestum
979 2724 1034 2752 est
1061 2717 1165 2765 quod
1189 2718 1376 2765 quantitas

317 2777 422 2807 actus
441 2781 520 2806 non
539 2769 707 2818 sequitur
731 2769 979 2816 quantitatem
1009 2768 1235 2807 intentionis.
1260 2770 1377 2817 Quod

316 2822 472 2871 quidem
492 2833 537 2858 ex
551 2829 658 2871 parte
676 2829 782 2858 actus
803 2821 1006 2868 exterioris,
1024 2821 1239 2870 contingere
1253 2830 1378 2871 potest

317 2875 523 2924 dupliciter.
544 2875 631 2912 Uno
656 2874 788 2921 modo,
808 2874 898 2922 quia
925 2874 1117 2911 obiectum
1146 2875 1250 2923 quod
1278 2875 1377 2912 ordi-

317 2936 426 2965 natur
445 2928 494 2964 ad
517 2928 635 2964 finem
655 2927 851 2974 intentum,
872 2939 950 2964 non
973 2935 1028 2963 est
1045 2928 1375 2976 proportionatum

315 2981 384 3018 fini
403 2981 470 3017 illi:
501 2980 595 3017 sicut
613 2980 642 3016 si
665 2980 747 3028 quis
768 2980 873 3017 daret
893 2980 1027 3017 decem
1047 2980 1169 3027 libras,
1192 2993 1270 3018 non
1288 2993 1375 3030 pos-

317 3041 374 3070 set
388 3033 569 3080 consequi
584 3045 693 3070 suam
707 3032 966 3080 intentionem,
978 3033 1008 3069 si
1022 3032 1234 3070 intenderet
1249 3037 1376 3070 emere

317 3098 400 3122 rem
428 3086 619 3123 valentem
640 3093 791 3122 centum
815 3086 939 3122 libras.
960 3085 1046 3122 Alio
1071 3086 1202 3133 modo,
1223 3094 1378 3135 propter

317 3138 590 3186 impedimenta
618 3150 714 3185 quae
739 3139 982 3186 supervenire
1005 3146 1166 3187 possunt
1194 3139 1291 3176 circa
1315 3151 1376 3176 ex-

317 3191 493 3228 teriorem
518 3198 656 3238 actum,
678 3203 775 3238 quae
795 3203 873 3229 non
902 3198 958 3228 est
985 3191 1023 3228 in
1042 3199 1227 3240 potestate
1248 3199 1376 3229 nostra

317 3255 537 3281 removere:
565 3251 667 3292 puta,
687 3243 821 3291 aliquis
849 3243 1007 3281 intendit
1033 3244 1086 3281 ire
1113 3255 1234 3293 usque
1255 3250 1270 3273 Ὺ
1298 3245 1375 3281 Ro-

318 3308 434 3344 mam,
456 3304 493 3334 et
511 3303 712 3333 occurrunt
731 3296 765 3332 ei
784 3295 1067 3344 impedimenta,
1088 3298 1192 3346 quod
1210 3309 1288 3334 non
1307 3308 1375 3346 po-

379 1324 524 1383 ‘anibi'

371 3427 397 3459 α)
418 3429 541 3453 thesauro
556 3428 622 3452 bono
636 3427 725 3452 cordis
739 3427 788 3451 sui.
802 3441 820 3446 —
832 3428 912 3451 corde
926 3428 1044 3452 thesauri
1056 3428 1098 3453 sui
1111 3428 1292 3458 ABCDGHIL,
1309 3429 1376 3453 bono

318 3462 442 3487 thesauro
461 3463 489 3493 F,
509 3463 575 3488 bono
595 3463 718 3488 thesauro
737 3469 785 3487 suo
805 3463 834 3486 K.

372 3496 395 3530 β)
415 3505 504 3522 causa.
522 3512 540 3518 -
558 3499 687 3530 quaedam
706 3505 787 3522 causa
807 3497 1043 3522 ABCDEFGHKL.

1434 1250 1507 1279 test
1525 1243 1599 1279 hoc
1617 1243 1752 1281 facere.
1769 1265 1792 1271 -
1810 1245 1887 1282 Sed
1907 1257 1952 1282 ex
1970 1253 2075 1294 parte
2100 1245 2283 1284 interioris
2303 1255 2408 1285 actus
2426 1260 2494 1286 vo-

1435 1295 1596 1343 luntatis,
1619 1308 1696 1333 non
1726 1303 1781 1333 est
1808 1297 1878 1334 nisi
1905 1310 1983 1334 uno
2013 1299 2153 1336 modo:
2184 1299 2273 1347 quia
2299 1299 2494 1338 interiores

1437 1355 1541 1384 actus
1568 1349 1771 1386 voluntatis
1791 1357 1877 1387 sunt
1904 1350 1942 1386 in
1961 1358 2146 1399 potestate
2169 1360 2309 1400 nostra,
2330 1365 2409 1390 non
2428 1366 2493 1391 au-

1438 1408 1515 1436 tem
1545 1402 1747 1438 exteriores
1785 1411 1900 1439 actus.
1938 1403 2013 1440 Sed
2041 1405 2218 1441 voluntas
2245 1413 2370 1453 potest
2395 1407 2493 1444 velle

1435 1453 1589 1500 aliquod
1605 1454 1795 1491 obiectum
1810 1467 1888 1491 non
1907 1457 2235 1504 proportionatum
2250 1458 2318 1494 fini
2333 1458 2492 1496 intento:

1437 1513 1473 1542 et
1500 1506 1553 1542 510
1579 1507 1756 1543 voluntas
1781 1519 1877 1555 quae
1903 1508 2018 1544 fertur
2044 1508 2082 1546 in
2106 1509 2197 1546 illud
2217 1510 2409 1547 obiectum
2429 1512 2493 1548 ab·

1434 1559 1555 1595 solute
1575 1558 1865 1606 consideratum,
1887 1572 1965 1596 non
1995 1568 2050 1597 est
2068 1568 2214 1598 tantum
2241 1562 2354 1610 bona,
2375 1575 2493 1611 quan-

1435 1619 1516 1648 tum
1546 1619 1601 1648 est
1637 1611 1806 1649 intentio.
1835 1613 1911 1649 Sed
1948 1613 2036 1661 quia
2074 1614 2188 1651 etiam
2224 1614 2306 1663 ipsa
2338 1615 2492 1652 intentio

1434 1663 1725 1712 quodammodo
1759 1665 1920 1718 pertine-t
1948 1667 1997 1702 ad
2031 1674 2158 1703 actum
2186 1667 2409 1715 voluntatis,
2439 1668 2494 1705 in-

1435 1724 1619 1765 quantum
1640 1717 1778 1754 scilicet
1798 1725 1853 1754 est
1867 1718 1961 1754 ratio
1982 1718 2076 1764 eius;
2091 1727 2247 1768 propter
2264 1721 2338 1757 hoc
2357 1721 2493 1758 redun-

1435 1771 1498 1806 dat
1534 1770 1721 1818 quantitas
1758 1771 1882 1807 bonae
1916 1771 2130 1808 intentionis
2164 1772 2202 1808 in
2234 1773 2490 1820 voluntatem,

1433 1822 1657 1871 inquantum
1685 1823 1825 1859 scilicet
1851 1824 2028 1860 voluntas
2054 1825 2138 1861 vult
2165 1825 2318 1874 aliquod
2345 1825 2491 1864 bonum

1434 1887 1617 1922 magnum
1636 1883 1679 1912 ut
1696 1876 1831 1922 finem,
1861 1876 1946 1913 licet
1964 1876 2055 1914 illud
2082 1889 2151 1926 per
2174 1878 2280 1926 quod
2302 1875 2384 1916 vult
2401 1890 2491 1916 con-

1434 1928 1540 1975 sequi
1567 1935 1714 1964 tantum
1744 1929 1900 1975 bonum,
1922 1941 1999 1965 non
2028 1929 2075 1966 sit
2098 1929 2254 1977 dignum
2282 1930 2344 1968 illo
2373 1931 2489 1969 bono.

1488 1980 1527 2016 Si
1559 1978 1671 2017 vero·
1692 1981 1951 2018 consideretur
1977 1982 2167 2030 quantitas
2202 1982 2418 2020 intentionis
2454 1991 2491 2021 et

1433 2039 1538 2069 actus
1550 2033 1760 2070 secundum
1776 2033 2028 2071 intensionem
2043 2035 2250 2083 utriusque,
2262 2035 2315 2072 sic
2328 2035 2490 2073 intensio

1433 2085 1648 2122 intentionis
1673 2085 1860 2123 redundat
1878 2087 1916 2123 in
1935 2094 2063 2123 actum
2089 2087 2307 2124 interiorem
2327 2095 2365 2124 et
2392 2095 2490 2126 exte·

1433 2138 1573 2175 riorem
1587 2138 1810 2176 voluntatis:
1827 2139 1915 2188 quia
1931 2139 2012 2188 ipsa
2026 2139 2183 2177 intentio
2199 2140 2489 2188 quodammodo

1432 2203 1472 2228 se
1501 2192 1615 2227 habet
1643 2191 1848 2228 formaliter
1876 2192 1924 2229 ad
1951 2200 2168 2241 utrumque,
2188 2200 2230 2229 ut
2257 2205 2302 2230 ex
2329 2205 2444 2243 supra
2470 2193 2491 2216 ¹⁸
2516 2203 2726 2253 *Qu-marn&

1433 2243 1538 2280 dictis
1574 2251 1686 2291 patet.
1717 2244 1823 2281 Licet
1849 2244 2107 2292 materialiter,
2140 2245 2346 2283 intentione
2374 2244 2387 2268 ὅ
2415 2246 2490 2283 exi-
2518 2236 2558 2259 ‘³¹¹'
2573 2234 2693 2283 '‘wi-2⁸⁸³*
2721 2246 2727 2252 “

1431 2303 1551 2332 stente
1579 2296 1741 2343 intensa,
1770 2297 1890 2345 possit
1919 2309 1999 2333 esse
2027 2304 2133 2334 actus
2159 2297 2313 2334 interior
2339 2298 2401 2335 vel
2428 2309 2489 2335 ex-

1432 2348 1547 2385 terior
1583 2360 1661 2385 non
1698 2349 1747 2385 ita
1784 2349 1972 2396 intensus,
2002 2349 2242 2387 materialiter
2273 2350 2487 2399 loquendo:

1431 2408 1523 2450 puta
1552 2413 1640 2438 curn
1660 2401 1793 2449 aliquis
1812 2414 1890 2439 non
1917 2402 1967 2438 ita
1994 2402 2138 2439 intense
2161 2403 2243 2440 vult
2260 2403 2489 2440 medicinam

1432 2466 1599 2502 sumere,
1629 2454 1724 2491 sicut
1751 2455 1834 2492 vult
1860 2454 2070 2491 sanitatem.
2091 2456 2242 2492 Tamen
2260 2455 2335 2492 hoc
2361 2455 2487 2504 ipsum

1432 2507 1539 2555 quod
1567 2514 1622 2543 est
1649 2506 1794 2543 intense
1831 2507 2025 2544 intendere
2059 2507 2275 2555 sanitatem,
2301 2508 2488 2546 redundat

1433 2559 1640 2596 formaliter
1667 2559 1705 2596 in
1732 2560 1807 2596 1100
1845 2560 1951 2607 quod
1984 2568 2040 2597 est
2066 2560 2210 2598 intense
2241 2561 2340 2598 velle
2368 2562 2486 2598 medi-

1433 2613 1558 2649 cinam
1586 2617 1610 2648 ‘.
2616 2622 2627 2639 ⁸

1486 2666 1562 2702 Sed
1590 2672 1720 2702 tamen
1748 2665 1822 2701 hoc
1851 2672 1906 2702 est
1934 2665 2272 2713 considerandum,
2303 2665 2408 2714 quod
2435 2665 2488 2702 in·

1433 2717 1554 2755 tensio
1591 2725 1697 2754 actus
1731 2717 1917 2754 interioris
1952 2718 2015 2754 vel
2049 2718 2241 2755 exterioris
2273 2725 2399 2767 potest
2433 2729 2489 2755 re-

1431 2770 1518 2807 ferri
1547 2770 1595 2806 ad
1623 2770 1871 2807 intentionem
1899 2778 1942 2807 ut
1968 2770 2182 2808 obiectum:
2202 2778 2294 2819 puta
2314 2782 2401 2808 cum
2426 2770 2490 2808 ali*-

1431 2823 1515 2871 quis
1530 2823 1688 2860 intendit
1706 2822 1851 2860 intense
1869 2823 1978 2870 velle,
1994 2824 2057 2860 vel
2076 2823 2217 2873 aliquid
2235 2823 2380 2861 intense
2399 2835 2489 2874 ope-

1433 2876 1516 2912 rari.
1538 2876 1587 2912 Et
1605 2882 1734 2912 tamen
1761 2887 1840 2912 non
1867 2883 2024 2924 propter
2046 2877 2121 2913 hoc
2148 2876 2292 2913 intense
2319 2877 2402 2914 vult
2427 2876 2489 2914 vel

1431 2935 1628 2977 operatur:
1659 2928 1749 2976 quia
1777 2928 2022 2976 quantitatem
2050 2929 2140 2966 boni
2167 2929 2298 2966 intenti
2327 2941 2406 2966 non
2433 2941 2489 2966 se-

1433 2981 1559 3030 quitur
1592 2981 1741 3018 bonitas
1770 2989 1876 3018 actus
1904 2981 2096 3018 interioris.
2115 2983 2178 3019 vel
2207 2982 2421 3029 exterioris,
2449 2979 2491 3020 ut
2542 2999 2545 3002 ⁴
2574 2999 2582 3010 ’-

1433 3034 1575 3071 dictum
1609 3041 1665 3071 est
1691 3034 1722 3071 ²⁸.
1759 3035 1808 3071 Et
1840 3033 1928 3071 inde
1961 3041 2017 3071 est
2049 3035 2155 3083 quod
2189 3047 2268 3072 non
2304 3043 2488 3084 quantum
2516 3045 2565 3067 ·1n
2582 3043 2629 3067 is'to
2643 3048 2686 3067 m.

1433 3086 1566 3135 aliquis
1594 3086 1754 3124 intendit
1782 3086 1938 3133 mereri,
1968 3094 2151 3124 meretur:
2187 3087 2274 3136 quia
2302 3086 2489 3136 quantitas

1433 3139 1556 3176 meriti
1585 3139 1751 3176 consistit
1769 3139 1807 3176 in
1827 3139 2036 3176 intensione
2065 3147 2180 3188 actus,
2210 3148 2251 3177 ut
2277 3140 2373 3177 infra
2390 3139 2412 3164 ¹⁸
2435 3138 2488 3177 di-

1431 3199 1546 3229 cetur.

1483 3246 1541 3281 An
1570 3255 1708 3281 Panium
1731 3255 1830 3281 eaeo
1858 3255 2042 3281 0105ΝοοΜ
2062 3245 2168 3294 quod
2191 3245 2327 3283 Glossa
2352 3244 2415 3282 illa
2432 3244 2485 3281 lo-

1431 3297 1557 3346 quitur
1574 3305 1759 3346 quantum
1780 3297 1827 3334 ad
1856 3297 2132 3346 reputationem
2159 3298 2243 3347 Dei,
2263 3297 2328 3347 qui
2345 3295 2487 3348 praeci-

2538 3150 2576 3173 ef.
2586 3156 2625 3178 qu.
2635 3156 2673 3177 xx,
2684 3153 2726 3172 art.

2543 3184 2548 3203 ;
2563 3182 2602 3204 qu.
2613 3182 2673 3202 cxiv.
2684 3180 2728 3198 nrt.

2516 3151 2527 3162 Ι

2517 3184 2533 3203 4

2514 3210 2529 3229 4

1474 3425 1509 3461 ’γ)
1531 3436 1619 3461 usque.
1636 3442 1655 3448 -
1674 3436 1754 3461 usque
1772 3429 1809 3453 ad
1827 3430 1855 3459 B,
1875 3437 1927 3454 om.
1941 3430 1981 3454 Π.

1447 3488 1449 3490 .
1484 3463 1508 3495 ὂ)
1530 3464 1682 3488 intentione.
1701 3477 1719 3483 —-
1738 3467 1810 3489 recta
1830 3464 1925 3488 addunt
1945 3465 1989 3489 Pa.

1486 3499 1506 3531 ε)
1527 3499 1694 3524 medicinam.
1712 3513 1729 3517 -
1749 3499 1876 3524 medicari
1895 3499 1941 3524 Pa.
