2852 4152
964 257 1228 303 QUAESTIO
1257 259 1397 307 xxvi,
1426 260 1719 298 ARTicULUs
1749 262 1798 307 11,
1829 263 1878 298 111

1103 393 1417 436 ARTICULUS
1447 395 1743 438 SECUNDUS

1146 495 1299 526 UTRUM
1322 496 1446 527 AMOR
1469 496 1534 527 SIT
1548 496 1700 528 PASS10

371 598 427 639 f‘n
427 600 440 623 ει
471 606 527 648 1‘<
553 593 574 620 D
590 592 778 618 SECUNDUM
793 593 845 618 sm
865 593 1101 620 paocemrmz.
1113 583 1270 620 Videtur
1289 583 1394 642 quod

471 627 527 694 ’ἔῆ
553 645 662 670 amor
681 645 759 670 non
779 633 824 670 sit
841 634 978 682 passio.
1010 636 1123 672 Nulla
1147 636 1248 672 enim
1276 636 1394 673 virtus

360 690 440 765 ’,γᾷ
420 672 538 731 *⁷³¹6
553 685 680 736 passio
710 694 775 723 est.
806 687 881 724 Sed
911 688 1033 725 omnis
1061 701 1170 725 amor
1199 696 1253 725 est
1278 689 1395 725 virtus

362 731 373 742 ”
396 754 408 769 ³
398 715 494 770 '³4³5
508 732 541 773 Χ
554 739 750 788 quaedam,
776 747 816 776 ut
844 740 930 777 dicit
956 741 1173 789 Dionysius,
1194 753 1230 778 1v
1249 753 1329 790 cap.
1350 741 1395 778 de

105 794 313 818 ⁸⁵·Th·¹²0¹-¹¹¹·
341 791 428 828 Diu.
448 791 564 828 Nom.
585 791 605 812 ’¹‘
633 792 734 842 Ergo
764 804 873 829 amor
900 805 977 830 non
1007 801 1062 830 est
1087 793 1225 842 passio.

395 855 431 881 2.
461 845 700 892 PRAETEREA,
736 857 846 882 amor
884 853 938 882 est
974 846 1064 883 unio
1107 846 1297 894 quaedam
1333 846 1395 881 vel

104 903 175 926 'mv-
181 903 248 932 vm
263 908 314 932 ων·
340 908 473 944 nexus,
494 897 705 934 secundum
728 898 1022 945 Augustinum,'
1014 911 1052 935 m
1071 898 1165 935 libro
1185 899 1230 935 de
1252 899 1288 934 T
1283 910 1354 934 rm
1375 897 1395 919 '³‘

343 949 420 988 Sed
452 949 544 986 unio
581 950 642 986 vel
675 962 792 987 nexus
820 963 898 987 non
927 958 982 987 est
1008 950 1150 1000 passio,
1181 951 1248 988 sed
1275 950 1394 999 magis

341 1001 484 1040 relatio.
514 1002 615 1050 Ergo
645 1015 754 1039 amor
780 1015 859 1040 non
887 1011 942 1040 est
968 1004 1106 1052 passio.

397 1055 431 1092 3.
461 1055 692 1102 PRAETEREA,
717 1056 979 1092 Damascenus
1008 1056 1105 1103 dicit,
1126 1056 1164 1093 in
1192 1057 1224 1092 II
1248 1055 1382 1092 libro*

339 1107 448 1157 quod
467 1108 593 1156 passio
619 1115 673 1145 est
696 1113 817 1145 motus
835 1109 998 1157 quidam.
1029 1111 1150 1146 Amor
1169 1116 1296 1145 autem
1316 1120 1395 1145 non

337 1159 521 1209 importat
551 1169 700 1198 motum
734 1157 937 1210 appetitus,
967 1161 1031 1209 qui
1061 1170 1116 1198 est
1143 1160 1393 1207 desiderium

337 1213 410 1252 sed
427 1213 655 1262 principium
669 1213 887 1250 huiusmodi
907 1221 1046 1250 motus.
1067 1215 1168 1262 Ergo
1188 1226 1298 1251 amor
1316 1226 1394 1250 non

342 1273 397 1303 est
422 1265 560 1315 passio.

159 1356 162 1357 ⁷
395 1319 469 1356 SED
489 1329 633 1355 CONTRA
652 1329 718 1354 EST
737 1317 842 1366 quod
860 1317 1114 1365 Philosophus
1133 1318 1229 1365 dicit,
1250 1317 1288 1354 in
1307 1318 1393 1354 VIII

101 1393 132 1416 s
163 1361 313 1416 ;ἷ,ὀξ·’ν5··
339 1371 459 1408 Ethic.
479 1370 511 1417 *,
524 1366 645 1425 quod
671 1381 782 1406 amor
809 1375 862 1406 est
880 1370 1020 1417 passio.

394 1419 617 1459 ΚΕεΡΟΝυι-ῑο
646 1433 828 1458 DICENDUM
861 1421 965 1470 quod
999 1421 1124 1470 passio
1159 1429 1212 1458 est
1240 1421 1395 1457 effectus

341 1474 483 1522 agentis
511 1473 549 1510 in
575 1473 752 1522 patiente.
782 1475 909 1521 Agens
938 1481 1065 1510 autem
1083 1472 1257 1510 'naturale
1279 1474 1397 1522 dupli-

341 1538 424 1563 cem
445 1526 621 1563 effectum
650 1525 818 1563 inducit'
810 1538 849 1563 1n
866 1526 1034 1574 patiens:
1064 1537 1152 1562 nam
1172 1525 1297 1574 primo
1317 1526 1396 1573 qui-

276 1578 279 1581 ’
342 1579 431 1616 dem
447 1579 511 1616 dat
524 1579 701 1626 formam,
722 1579 891 1615 secundo
912 1586 1039 1615 autem
1060 1579 1123 1615 dat
1141 1586 1288 1615 motum
1308 1590 1396 1615 con-

341 1639 564 1681 sequentem
601 1631 785 1676 formam;
816 1631 910 1668 sicut
937 1643 1120 1679 generans
1156 1631 1219 1667 dat
1247 1630 1395 1679 corpori

341 1684 584 1732 gravitatem,
614 1691 651 1721 et
679 1692 827 1721 motum
858 1691 1155 1732 consequentem
1184 1683 1318 1732 ipsam.
1349 1684 1397 1719 Et

340 1737 423 1786 ipsa
437 1736 611 1785 gravitas,
628 1749 726 1786 quae
743 1744 798 1773 est
815 1737 1041 1786 principium
1052 1736 1188 1773 vmotus
1204 1737 1253 1773 ad
1267 1736 1394 1772 locum

197 1794 216 1812 ⁸
341 1790 624 1826 connaturalem
652 1797 808 1838 propter
836 1789 1076 1838 gravitatem,
1105 1795 1230 1838 potest
1258 1794 1274 1809 ‘²
1302 1801 1397 1837 quo-

341 1841 552 1879 dammodo
573 1842 643 1879 dici
663 1854 774 1878 amor
792 1842 968 1879 naturalis
987 1841 1017 1878 ²¹³.
1049 1841 1111 1878 Sic
1139 1841 1252 1878 etiam
1272 1841 1396 1890 ipsum

153 1934 160 1939 ,
339 1894 541 1943 appetibile
562 1894 625 1932 dat
643 1894 834 1944 appetitui,
854 1894 979 1943 primo
1009 1894 1176 1943 quidem,
1202 1894 1395 1942 quandam

184 1941 216 1976 ’β
340 1947 622 1996 coaptationem
651 1947 700 1984 ad
723 1947 861 1996 ipsum,
886 1959 984 1996 quae
1005 1954 1061 1983 est
1089 1946 1362 1995 complacentia
1382 1944 1396 1975 β

338 1999 570 2048 appetibilis;
600 2012 646 2036 ex
673 2012 749 2049 qua
773 2000 942 2048 sequitur
968 2007 1094 2036 motus
1114 2000 1162 2037 ad
1183 1999 1394 2048 appetibile.

98 2089 112 2103 ⁵
265 2088 279 2111 8
299 2100 311 2105 -
339 2052 443 2091 Nam
470 2053 688 2102 appetitivus
715 2058 836 2090 motus
864 2053 1003 2089 circulo
1032 2053 1170 2103 agitur,
1190 2059 1232 2088 ut
1264 2051 1397 2088 dicitur

96 2089 298 2160 sf‘ffflssavt
336 2104 375 2141 in
407 2104 458 2142 111
493 2105 539 2142 de
569 2105 747 2143 Anima*

102 1061 116 1073 ⁸
125 1061 162 1084 De
169 1060 227 1083 Fide
237 1061 313 1087 Orth„

104 1087 146 1110 tib.
157 1087 186 1116 11,
196 1093 246 1116 cap.
256 1093 314 1109 xxu.

761 2119 769 2142 :
799 2105 1000 2155 appetibile
1038 2105 1140 2142 enim
1169 2111 1300 2142 movet
1332 2117 1395 2154 ap-

391 2219 418 2252 α)
433 2221 547 2251 propter
564 2219 738 2252 gravitatem,
754 2222 853 2251 potest.
870 2233 889 2239 —
903 2222 1016 2252 propter
1034 2219 1283 2244 connaturalitatem
1304 2222 1394 2252 potest

338 2254 462 2280 editiones
482 2254 591 2286 aliquae.

391 2287 416 2322 β)
436 2289 635 2321 complacentia.
653 2303 672 2308 —
690 2290 820 2322 quaedam
839 2290 1030 2321 complacentia
1047 2289 1093 2314 Pa.

2432 260 2501 310 189

1447 583 1624 632 petitum,
1654 584 1794 622 faciens
1813 597 1852 621 se
1870 589 1886 612 Υ
1906 585 2192 634 quodammodo
2220 585 2258 622 in
2287 586 2363 624 eius
2382 587 2499 624 inten-
2622 592 2638 617 's

1447 636 1567 681 tione;
1604 643 1639 672 et
1673 637 1858 686 appetitus
1894 637 2012 675 tendit
2049 638 2087 675 in
2120 638 2320 687 appetibile
2355 640 2499 686 realiter

1449 689 1773 737 consequendum,
1802 697 1843 726 ut
1869 689 1915 726 sit
1942 690 1993 726 ibi
2010 687 2023 711 ὅ
2050 690 2137 727 finis
2164 698 2309 738 motus,
2338 692 2403 728 ubi
2431 692 2499 729 fuit
2622 686 2637 711 ὃ

1447 741 1686 790 principium.
1718 742 1844 779 Prima
1872 754 1961 790 ergo
1994 742 2206 780 immutatio
2235 743 2420 792 appetitus
2448 745 2496 781 ab

1448 793 1638 842 appetibili
1665 802 1824 832 vocatur
1851 807 1970 842 amor,
1990 795 2054 843 qui
2073 795 2164 832 nihil
2183 803 2239 833 est
2257 795 2357 833 aliud
2381 808 2498 844 quam

1449 846 1720 894 complacentia
1748 847 1958 895 appetibilis
1977 847 2012 893 *ς
2040 855 2079 884 et
2097 859 2142 885 ex
2162 848 2232 885 hac
2260 849 2498 897 complacen-

1447 897 1497 935 tia
1525 898 1692 947 sequitur
1719 907 1845 936 motus
1874 899 1911 936 in
1940 900 2150 949 appetibile,
2180 900 2244 950 qui
2272 908 2328 938 est
2352 901 2497 938 deside-

1448 950 1566 997 rium;
1603 958 1639 987 et
1674 951 1806 988 ultimo
1842 951 1968 999 quies,
1998 964 2094 1001 quae
2124 960 2179 990 est
2209 953 2400 1001 gaudium.
2436 953 2498 991 Sic

1449 1015 1554 1051 ergo,
1585 1015 1672 1040 cum
1701 1016 1810 1040 amor
1842 1004 2018 1042 consistat
2049 1005 2087 1042 in
2121 1006 2287 1053 quadarn
2320 1005 2497 1043 immuta-

1447 1055 1548 1092 tione
1568 1056 1755 1104 appetitus
1774 1057 1821 1093 ab
1842 1057 2043 1105 appetibili,
2059 1058 2299 1095 manifestum
2319 1066 2374 1095 est
2392 1059 2496 1106 quod

1448 1120 1558 1145 amor
1595 1116 1650 1146 est
1684 1108 1835 1157 passio:
1872 1109 2024 1158 proprie
2065 1110 2244 1158 quidem,
2286 1112 2496 1148 secundum

1449 1162 1550 1210 quod
1586 1159 1640 1198 est
1667 1161 1705 1197 in
1734 1161 2029 1210 concupiscibili3
2067 1162 2319 1200 communiter
2350 1170 2495 1210 autem,

1449 1221 1486 1250 et
1513 1221 1665 1251 extenso
1694 1213 1869 1261 nomine,
1903 1215 2112 1252 secundum
2145 1214 2250 1262 quod
2283 1222 2337 1252 est
2364 1215 2402 1252 in
2428 1228 2498 1253 vo-

1448 1266 1601 1303 luntate.

1501 1321 1559 1354 An
1588 1330 1724 1355 PR1MUM
1746 1329 1843 1355 ERGO
1862 1330 2044 1356 mel-:NDUM
2064 1319 2180 1368 quod,
2201 1319 2288 1368 quia
2315 1319 2433 1357 virtus
2451 1319 2498 1356 si-

1449 1370 1599 1417 gnificat
1613 1370 1837 1418 principium
1857 1379 1983 1407 motus
1998 1372 2059 1407 vel
2078 1371 2245 1418 actionis,
2265 1372 2352 1410 ideo
2377 1384 2496 1420 amor,

1449 1422 1674 1470 inquantum
1711 1430 1766 1458 est
1801 1422 2026 1471 principium
2065 1424 2258 1472 appetitivi
2294 1432 2438 1472 motus,
2476 1437 2498 1461 a

1450 1474 1633 1522 Dionysio
1661 1482 1820 1511 vocatur
1846 1475 1975 1512 virtus.

1502 1528 1560 1562 AD
1589 1538 1776 1563 SECUNDUM
1805 1538 1986 1564 DICENDUM
2014 1529 2119 1576 quod
2146 1528 2237 1565 unio
2265 1529 2423 1577 pertinet
2450 1529 2499 1566 ad

1450 1590 1633 1624 amorem,
1654 1578 1878 1625 inquantum
1896 1591 1965 1627 per
1985 1581 2298 1628 complacentiam
2314 1581 2499 1630 appetitus

1450 1643 1582 1667 amans
1611 1643 1650 1666 se
1679 1631 1792 1667 habet
1820 1631 1867 1667 ad
1896 1631 1934 1667 id
1968 1632 2072 1680 quod
2101 1641 2216 1679 amat,
2247 1634 2340 1670 sicut
2367 1635 2415 1671 ad
2444 1646 2500 1670 se-

1449 1683 1583 1731 ipsum,
1599 1683 1661 1719 vel
1686 1683 1733 1720 ad
1755 1683 1893 1730 aliquid
1914 1684 1982 1720 sui.
2005 1685 2052 1720 Et
2076 1684 2128 1720 sic
2146 1692 2248 1732 patet
2271 1686 2373 1733 quod
2393 1698 2502 1722 amor

1449 1748 1528 1772 non
1557 1743 1611 1772 est
1638 1735 1719 1784 ipsa
1747 1735 1875 1772 relatio
1905 1736 2066 1782 unionis,
2097 1737 2163 1773 sed
2186 1737 2277 1773 unio
2298 1746 2352 1774 est
2372 1750 2502 1774 conse-

1450 1801 1570 1837 quens
1590 1800 1762 1824 amorem
1781 1787 1811 1824 ²¹².
1829 1788 1938 1825 Unde
1960 1796 1995 1825 et
2012 1789 2218 1837 Dionysius
2239 1789 2326 1826 dicit
2344 1789 2384 1812 ³⁸*
2398 1791 2538 1838 quod·

2524 856 2534 865 '¹
2547 855 2575 877 D.
2590 861 2641 883 979.

2529 1809 2593 1840 “D'e
2599 1820 2644 1841 Βιν
2646 1819 2734 1846 .Nom.,

1450 1852 1559 1878 amor
1587 1849 1640 1877 est
1667 1841 1785 1877 virtus
1813 1841 1970 1878 unitiva:
2001 1849 2036 1878 et
2059 1842 2310 1890 Philosophus
2340 1842 2437 1890 dicit,
2466 1843 2503 1879 in
2529 1851 2581 1894 ,⁰233
2594 1846 2735 1898 {13-xfi3ffi

1451 1895 1481 1930 II
1501 1893 1607 1930 Polit.
1628 1893 1658 1940 ²⁸,
1688 1893 1792 1941 quod
1820 1893 1910 1930 unio
1942 1901 1996 1930 est
2024 1906 2120 1942 opus
2146 1895 2300 1932 amoris.
2529 1907 2554 1955 *S
2555 1906 2610 1955 (ᾗ)
2622 1907 2739 1955 ¹3:13—

1501 1948 1560 1982 An
1588 1957 1746 1983 TERTmM
1775 1957 1956 1983 DlCENDUM
1981 1946 2084 1995 quod
2113 1959 2232 1995 amor,
2254 1947 2320 1984 etsi
2339 1960 2416 1984 non
2436 1959 2503 1985 no-

1449 1998 1566 2036 minet
1593 2005 1741 2034 motum
1771 1999 1956 2047 appetitus
1985 1999 2203 2036 tendentem
2226 2000 2266 2036 in
2289 2000 2502 2049 appetibile,

1450 2051 1622 2088 nominat
1649 2058 1777 2088 tamen
1797 2059 1945 2088 motum
1971 2051 2157 2100 appetitus
2187 2065 2262 2101 quo
2283 2052 2503 2091 immutatur

1452 2105 1499 2141 ab
1528 2103 1729 2153 appetibili,
1759 2111 1800 2140 ut
1828 2103 1860 2140 ei
1889 2104 2088 2153 appetibile
2118 2105 2364 2154 complaceat.

1500 2219 1526 2251 γ)
1540 2218 1646 2251 faciens
1664 2225 1700 2243 se.
1713 2231 1731 2236 -
1741 2218 1847 2251 faciens
1865 2218 2132 2244 PABCDEGHIKLa.
2160 2219 2210 2243 Pro
2230 2219 2255 2243 in
2275 2219 2332 2245 eius
2350 2220 2503 2250 intentione,

1448 2253 1473 2278 in
1489 2254 1544 2278 eius
1564 2253 1734 2278 intentionem
1754 2253 1799 2282 Ea,
1820 2253 1845 2277 in
1866 2260 1896 2277 eo
1915 2253 1970 2277 eius
1990 2253 2159 2278 intentionem
2179 2254 2207 2278 P.

1500 2287 1524 2320 δ)
1543 2288 1579 2312 sit
1598 2288 1642 2313 ibi.
1660 2301 1678 2307 -
1695 2288 1733 2312 sic
1752 2288 1788 2312 ibi
1804 2287 1839 2312 εἶτ
1857 2287 2114 2313 ABCDEGHKLsF.

1139 2446 1454 2488 ARTICULUS
1483 2445 1709 2487 TERTIUS

926 2567 929 2569 .
976 2544 1131 2575 UTRUM
1154 2543 1279 2575 AMOR
1301 2543 1367 2574 SIT
1391 2543 1496 2573 IDEM
1521 2542 1642 2580 QUOD
1667 2542 1871 2574 DILECTIO

724 2622 732 2646 1
753 2622 834 2651 sent..
855 2621 913 2646 dist.
927 2629 956 2650 x.

379 2727 438 2754 »ἡ
461 2733 528 2771 “25'
545 2715 573 2747 'D
592 2721 750 2747 TERTmM
770 2721 822 2746 sic
843 2721 1081 2746 enocemrun.
1110 2709 1268 2746 Videtur
1292 2709 1395 2756 quod

384 2760 457 2879 ζμ
480 2773 662 2823 »samer
679 2762 726 2799 sit
752 2761 856 2799 idem
875 2761 979 2810 quod
999 2761 1159 2799 dilectio.
1189 2761 1396 2810 Dionysius

496 2806 667 2862 Genim,
688 2826 724 2851 iv
742 2826 825 2863 cap.
840 2815 886 2851 de
902 2815 989 2851 Div.
1005 2815 1123 2851 Nom.
1138 2813 1169 2862 *,
1187 2813 1277 2850 dicit
1291 2814 1394 2862 quod

455 2836 541 2903 {x
553 2868 627 2904 hoc
655 2867 774 2904 modo
804 2879 844 2904 se
871 2868 1012 2904 habent
1040 2879 1150 2904 amor
1178 2874 1218 2902 et
1233 2866 1393 2913 dilectio,

340 2922 435 2959 sicut
465 2927 627 2970 quatuor
661 2925 697 2956 et
728 2920 783 2956 bis
817 2919 912 2965 duo,
941 2919 1170 2956 rectilineum
1198 2925 1234 2955 et
1257 2920 1397 2956 habens

342 2979 462 3012 rectas
498 2974 626 3011 lineas.
671 2972 748 3010 Sed
783 2972 853 3008 ista
888 2971 1099 3019 significant
1135 2971 1249 3008 idem.
1292 2972 1394 3019 Ergo

342 3039 453 3064 amor
481 3034 517 3064 et
545 3025 693 3064 dilectio
723 3024 933 3073 significant
959 3024 1073 3062 idem.

396 3091 432 3117 2.
454 3073 686 3125 PRmEREA,
706 3077 901 3126 appetitivi
920 3084 1046 3114 motus
1066 3076 1275 3113 secundum
1294 3075 1397 3112 obie-

345 3140 404 3169 cta
431 3132 618 3169 differunt.
647 3130 725 3168 Sed
751 3130 857 3167 idem
885 3137 941 3166 est
967 3129 1158 3166 obiectum
1189 3128 1396 3165 dilectionis

345 3192 381 3222 et
408 3185 559 3222 amoris.
589 3184 690 3232 Ergo
720 3191 806 3220 sunt
834 3183 948 3220 idem.
1301 3196 1304 3200 ·

398 3238 432 3274 3.
453 3239 684 3283 PRAETEREA,
705 3236 735 3272 si
758 3235 906 3273 dilectio
927 3242 964 3272 et
983 3246 1093 3271 amor
1119 3234 1156 3271 in
1182 3233 1310 3282 ¹aliquo
1330 3233 1398 3270 dif-

342 3290 486 3338 ferunt,
516 3289 681 3327 maxime
712 3288 751 3325 in
788 3289 863 3325 hoc
891 3287 1041 3325 differre
1066 3286 1262 3333 videntur,
1292 3286 1398 3334 quod

344 3343 487 3381 dilectio
521 3343 567 3380 sit
598 3343 635 3379 in
669 3341 765 3378 hono
799 3341 1040 3390 accipienda,
1064 3351 1174 3376 amor
1205 3344 1330 3376 autem
1358 3339 1396 3375 in

343 3396 458 3444 malo,
488 3402 528 3432 ut
553 3395 704 3444 quidam
732 3394 922 3439 dixerunt,
951 3392 1161 3430 secundum
1190 3391 1294 3440 quod
1320 3393 1398 3428 Au-

100 2824 110 2833 ·
122 2822 148 2845 S.
157 2821 203 2844 Th.
217 2821 269 2844 leet.
280 2827 312 2843 ιι.

344 3449 514 3497 gustinus
542 3455 682 3495 narrat,
712 3447 750 3484 in
778 3443 867 3483 XIV
893 3447 939 3483 de
970 3446 1048 3483 Civ.
1069 3445 1144 3482 Dei
1159 3444 1190 3482 ³¹⁶.
1220 3444 1296 3481 Sed
1323 3444 1398 3480 hoc

977 2621 1079 2653 Expos.
1098 2621 1177 2650 Litt.,·
1195 2621 1234 2650 111,
1255 2621 1312 2646 dist.
1330 2628 1404 2650 xxvn,
1424 2628 1469 2653 qu.
1488 2628 1515 2651 11,
1536 2625 1584 2645 art.
1602 2629 1609 2645 1
1620 2629 1627 2651 ;
1649 2620 1689 2646 De
1704 2620 1767 2646 Div.
1780 2620 1867 2650 Nom„
1887 2628 1942 2653 cap.
1956 2627 1989 2649 xv,
2009 2602 2068 2645 lect.
2085 2627 2117 2645 1x.

1449 2708 1566 2744 modo
1596 2721 1674 2745 non
1703 2708 1895 2745 differunt:
1926 2708 2025 2756 quia,
2045 2715 2092 2744 utv
2110 2707 2251 2745 ibidem
2271 2705 2502 2757 Augustinus

1449 2760 1552 2807 dicit,
1580 2760 1618 2797 in
1647 2760 1760 2798 sacris
1796 2760 1994 2809 Scripturis
2020 2767 2225 2809 utrumque
2258 2761 2437 2814 accipitur
2463 2762 2502 2799 in

1449 2814 1551 2850 bono
1581 2821 1617 2850 et
1645 2814 1683 2850 in
1711 2814 1824 2850 malo.
1854 2814 1955 2861 Ergo
1985 2825 2094 2850 amor
2114 2822 2149 2851 et
2169 2812 2316 2851 dilectio
2336 2828 2414 2852 non
2434 2815 2502 2852 dif-

1449 2866 1571 2903 feru'nt
1595 2871 1633 2912 “3
1662 2866 1757 2903 sicut
1782 2867 1863 2915 ipse
1891 2865 2121 2914 Augustinus
2149 2866 2290 2903 ibidem
2314 2867 2503 2905 concludit
2624 2872 2640 2889 ⁶

1449 2919 1554 2967 quod
1582 2931 1656 2955 non
1684 2925 1738 2955 est
1762 2919 1865 2956 aliud
1891 2931 2060 2956 amorem
2087 2919 2220 2965 dicere,
2240 2925 2276 2956 et
2292 2920 2397 2957 aliud
2413 2920 2501 2957 dile-

1449 2972 1606 3007 ctionem
1634 2972 1766 3008 dzcere.

1503 3024 1577 3060 San
1606 3035 1751 3060 CONTRA
1778 3035 1843 3060 EST
1870 3024 1973 3072 quod
2001 3022 2204 3072 Dionysius
2234 3024 2331 3072 dicit,
2353 3032 2393 3062 iv
2416 3031 2497 3074 c'ap.

1449 3076 1494 3112 de
1507 3076 1594 3112 Div.
1609 3070 1726 3113 Nom.
1742 3076 1773 3123 ²⁸,
1789 3076 1894 3123 quod
1909 3076 2128 3124 quibusdam
2143 3054 2366 3115 Sanctoru⁷m
2380 3079 2500 3115 visum
2528 3088 2572 3111 ·.s
2583 3088 2627 3110 rh.
2638 3090 2658 3110 ι
2659 3093 2688 3110 cn
2713 3095 2736 3110 x.

1449 3133 1503 3164 est
1527 3128 1686 3164 divinius
1713 3140 1791 3165 esse
1817 3140 1951 3165 nomen
1979 3129 2121 3166 amoris
2147 3141 2261 3178 quam
2290 3142 2424 3167 nomen
2448 3131 2502 3167 di·

1448 3180 1623 3217 lectionis.
1679 3182 1681 3184 ’

1502 3234 1726 3269 ΚΕεΡοΝῡΕο
1745 3244 1926 3270 montinum
1945 3232 2071 3282 quod
2073 3241 2236 3283 quatuor
2263 3235 2419 3272 nomina
2446 3235 2500 3271 in-

1449 3285 1654 3323 veniuntur
1672 3286 1720 3323 ad
1742 3285 1845 3322 idem
1864 3286 2155 3346 quodammodo
2174 3287 2412 3346 pertinentia:
2432 3287 2500 3324 sci-

1450 3338 1534 3375 licet
1557 3350 1676 3396 amor,
1706 3337 1865 3386 dilectio,
1891 3339 2023 3376 caritas
2052 3347 2087 3376 et
2114 3340 2284 3376 amicitia.
2314 3339 2502 3376 Differunt

1451 3398 1578 3428 tamen
1596 3390 1635 3427 in
1661 3391 1746 3437 hoc,
1768 3391 1872 3439 quod
1900 3392 2075 3438 amicitia,
2096 3392 2305 3429 secundum
2329 3392 2500 3429 Philoso-

1451 3444 1571 3492 phum
1599 3442 1637 3480 in
1665 3443 1750 3479 VIII
1779 3444 1896 3481 Ethic.
1916 3443 1952 3491 ²¹⁸,
1983 3450 2037 3481 est
2061 3445 2169 3493 quasi
2198 3445 2364 3489 habitus‚·
2391 3456 2501 3482 amor
2527 3459 2551 3481 s
2551 3433 2639 3480 Tfisv'
2620 3459 2663 3480 ieet

399 3570 426 3605 α)
446 3574 472 3596 et
491 3571 596 3596 dilectio
616 3578 666 3595 non
687 3569 822 3603 differunt.
840 3582 858 3588 -
876 3576 892 3593 α
911 3568 1049 3593 dilectione
1069 3575 1118 3593 non
1140 3567 1228 3600 differt
1246 3566 1355 3591 codices.
