<?xml version="1.0" encoding="UTF-8"?>
<!DOCTYPE html PUBLIC "-//W3C//DTD XHTML 1.0 Transitional//EN"
    "http://www.w3.org/TR/xhtml1/DTD/xhtml1-transitional.dtd">
<html xmlns="http://www.w3.org/1999/xhtml" xml:lang="en" lang="en">
 <head>
  <title>
</title>
<meta http-equiv="Content-Type" content="text/html;charset=utf-8" />
  <meta name='ocr-system' content='tesseract 3.04.00' />
  <meta name='ocr-capabilities' content='ocr_page ocr_carea ocr_par ocr_line ocrx_word'/>
</head>
<body>
  <div class='ocr_page' id='page_1' title='image "./operaomniaiussui06thom/operaomniaiussui06thom_0203.png"; bbox 0 0 2852 4152; ppageno 0'>
   <div class='ocr_carea' id='block_1_1' title="bbox 0 975 44 4152">
    <p class='ocr_par' dir='ltr' id='par_1_1' title="bbox 0 975 44 4152">
     <span class='ocr_line' id='line_1_1' title="bbox 0 975 44 4152; baseline 0 0"><span class='ocrx_word' id='word_1_1' title='bbox 0 975 44 4152; x_wconf 95' lang='lat' dir='ltr'> </span> 
     </span>
    </p>
   </div>
   <div class='ocr_carea' id='block_1_2' title="bbox 994 249 1837 298">
    <p class='ocr_par' dir='ltr' id='par_1_2' title="bbox 994 249 1837 298">
     <span class='ocr_line' id='line_1_2' title="bbox 994 249 1837 298; baseline 0.005 -13"><span class='ocrx_word' id='word_1_2' title='bbox 994 249 1272 296; x_wconf 87' lang='lat' dir='ltr'>QUAESTIO-</span> <span class='ocrx_word' id='word_1_3' title='bbox 1287 251 1429 298; x_wconf 89' lang='lat' dir='ltr'>XXVI,</span> <span class='ocrx_word' id='word_1_4' title='bbox 1458 251 1752 289; x_wconf 91' lang='lat' dir='ltr'><strong>ARTICULUS</strong></span> <span class='ocrx_word' id='word_1_5' title='bbox 1787 252 1837 289; x_wconf 92' lang='lat' dir='ltr'>IV</span> 
     </span>
    </p>
   </div>
   <div class='ocr_carea' id='block_1_3' title="bbox 2424 267 2489 303">
    <p class='ocr_par' dir='ltr' id='par_1_3' title="bbox 2424 267 2489 303">
     <span class='ocr_line' id='line_1_3' title="bbox 2424 267 2489 303; baseline 0 -11"><span class='ocrx_word' id='word_1_6' title='bbox 2424 267 2489 303; x_wconf 83' lang='lat'>19¹</span> 
     </span>
    </p>
   </div>
   <div class='ocr_carea' id='block_1_4' title="bbox 331 325 2496 378">
    <p class='ocr_par' dir='ltr' id='par_1_4' title="bbox 331 325 2496 378">
     <span class='ocr_line' id='line_1_4' title="bbox 331 325 2496 378; baseline 0.003 -13"><span class='ocrx_word' id='word_1_7' title='bbox 331 329 392 365; x_wconf 92' lang='lat' dir='ltr'>ille</span> <span class='ocrx_word' id='word_1_8' title='bbox 419 326 570 376; x_wconf 87' lang='lat' dir='ltr'>proprie</span> <span class='ocrx_word' id='word_1_9' title='bbox 605 325 738 363; x_wconf 89' lang='lat' dir='ltr'>dicitur</span> <span class='ocrx_word' id='word_1_10' title='bbox 769 326 929 373; x_wconf 89' lang='lat' dir='ltr'>amicus,</span> <span class='ocrx_word' id='word_1_11' title='bbox 964 327 1024 364; x_wconf 91' lang='lat' dir='ltr'>cui</span> <span class='ocrx_word' id='word_1_12' title='bbox 1057 327 1209 376; x_wconf 84' lang='lat' dir='ltr'>aliquod</span> <span class='ocrx_word' id='word_1_13' title='bbox 1243 329 1389 366; x_wconf 91' lang='lat' dir='ltr'>bonum</span> <span class='ocrx_word' id='word_1_14' title='bbox 1442 330 1582 366; x_wconf 89' lang='lat' dir='ltr'>amico:</span> <span class='ocrx_word' id='word_1_15' title='bbox 1613 337 1649 366; x_wconf 94' lang='lat' dir='ltr'>et</span> <span class='ocrx_word' id='word_1_16' title='bbox 1672 338 1855 378; x_wconf 89' lang='lat' dir='ltr'>quantum</span> <span class='ocrx_word' id='word_1_17' title='bbox 1876 332 1924 368; x_wconf 94' lang='lat' dir='ltr'>ad</span> <span class='ocrx_word' id='word_1_18' title='bbox 1942 332 2017 368; x_wconf 92' lang='lat' dir='ltr'>hoc</span> <span class='ocrx_word' id='word_1_19' title='bbox 2036 333 2200 369; x_wconf 89' lang='lat' dir='ltr'>salvatur</span> <span class='ocrx_word' id='word_1_20' title='bbox 2219 334 2269 370; x_wconf 92' lang='lat' dir='ltr'>ibi</span> <span class='ocrx_word' id='word_1_21' title='bbox 2289 334 2381 371; x_wconf 92' lang='lat' dir='ltr'>ratio</span> <span class='ocrx_word' id='word_1_22' title='bbox 2402 335 2496 372; x_wconf 90' lang='lat' dir='ltr'>ami-</span> 
     </span>
    </p>
   </div>
   <div class='ocr_carea' id='block_1_5' title="bbox 330 379 1388 640">
    <p class='ocr_par' dir='ltr' id='par_1_5' title="bbox 330 379 1388 470">
     <span class='ocr_line' id='line_1_5' title="bbox 331 379 1388 430; baseline 0.002 -13"><span class='ocrx_word' id='word_1_23' title='bbox 331 380 530 418; x_wconf 83' lang='lat' dir='ltr'>volumus:</span> <span class='ocrx_word' id='word_1_24' title='bbox 550 379 642 416; x_wconf 91' lang='lat' dir='ltr'>illud</span> <span class='ocrx_word' id='word_1_25' title='bbox 661 386 789 415; x_wconf 90' lang='lat' dir='ltr'>autem</span> <span class='ocrx_word' id='word_1_26' title='bbox 811 379 970 417; x_wconf 89' lang='lat' dir='ltr'>dicimur</span> <span class='ocrx_word' id='word_1_27' title='bbox 989 381 1267 430; x_wconf 87' lang='lat' dir='ltr'>concupiscere,</span> <span class='ocrx_word' id='word_1_28' title='bbox 1285 383 1388 430; x_wconf 91' lang='lat' dir='ltr'>quod</span> 
     </span>
     <span class='ocr_line' id='line_1_6' title="bbox 330 431 660 470; baseline -0.006 0"><span class='ocrx_word' id='word_1_29' title='bbox 330 432 511 470; x_wconf 88' lang='lat' dir='ltr'>volumus</span> <span class='ocrx_word' id='word_1_30' title='bbox 538 431 660 468; x_wconf 85' lang='lat' dir='ltr'>nobis.</span> 
     </span>
    </p>

    <p class='ocr_par' dir='ltr' id='par_1_6' title="bbox 384 484 1209 534">
     <span class='ocr_line' id='line_1_7' title="bbox 384 484 1209 534; baseline 0.004 -13"><span class='ocrx_word' id='word_1_31' title='bbox 384 485 434 521; x_wconf 92' lang='lat' dir='ltr'>Et</span> <span class='ocrx_word' id='word_1_32' title='bbox 460 497 528 534; x_wconf 91' lang='lat' dir='ltr'>per</span> <span class='ocrx_word' id='word_1_33' title='bbox 550 485 624 521; x_wconf 90' lang='lat' dir='ltr'>hoc</span> <span class='ocrx_word' id='word_1_34' title='bbox 642 490 745 533; x_wconf 90' lang='lat' dir='ltr'>patet</span> <span class='ocrx_word' id='word_1_35' title='bbox 763 484 899 521; x_wconf 92' lang='lat' dir='ltr'>solutio</span> <span class='ocrx_word' id='word_1_36' title='bbox 919 486 967 523; x_wconf 92' lang='lat' dir='ltr'>ad</span> <span class='ocrx_word' id='word_1_37' title='bbox 987 486 1209 524; x_wconf 89' lang='lat' dir='ltr'>secundum.</span> 
     </span>
    </p>

    <p class='ocr_par' dir='ltr' id='par_1_7' title="bbox 333 538 1388 640">
     <span class='ocr_line' id='line_1_8' title="bbox 384 538 1388 586; baseline 0.001 -11"><span class='ocrx_word' id='word_1_38' title='bbox 384 538 443 575; x_wconf 80' lang='lat' dir='ltr'>An</span> <span class='ocrx_word' id='word_1_39' title='bbox 471 548 630 574; x_wconf 73' lang='lat' dir='ltr'>’rt-:nrum</span> <span class='ocrx_word' id='word_1_40' title='bbox 653 548 837 574; x_wconf 83' lang='lat' dir='ltr'>DlCENDUM</span> <span class='ocrx_word' id='word_1_41' title='bbox 856 539 960 586; x_wconf 93' lang='lat' dir='ltr'>quod</span> <span class='ocrx_word' id='word_1_42' title='bbox 981 539 1018 575; x_wconf 89' lang='lat' dir='ltr'>in</span> <span class='ocrx_word' id='word_1_43' title='bbox 1042 539 1204 576; x_wconf 89' lang='lat' dir='ltr'>amicitia</span> <span class='ocrx_word' id='word_1_44' title='bbox 1226 539 1322 576; x_wconf 92' lang='lat' dir='ltr'>utilis</span> <span class='ocrx_word' id='word_1_45' title='bbox 1351 547 1388 576; x_wconf 88' lang='lat' dir='ltr'>et</span> 
     </span>
     <span class='ocr_line' id='line_1_9' title="bbox 333 589 1384 640; baseline 0.003 -14"><span class='ocrx_word' id='word_1_46' title='bbox 333 589 579 637; x_wconf 87' lang='lat' dir='ltr'>delectabilis,</span> <span class='ocrx_word' id='word_1_47' title='bbox 607 590 689 626; x_wconf 88' lang='lat' dir='ltr'>vult</span> <span class='ocrx_word' id='word_1_48' title='bbox 717 589 871 638; x_wconf 90' lang='lat' dir='ltr'>quidem</span> <span class='ocrx_word' id='word_1_49' title='bbox 900 591 1032 639; x_wconf 90' lang='lat' dir='ltr'>aliquis</span> <span class='ocrx_word' id='word_1_50' title='bbox 1060 592 1211 640; x_wconf 86' lang='lat' dir='ltr'>aliquod</span> <span class='ocrx_word' id='word_1_51' title='bbox 1239 593 1384 629; x_wconf 91' lang='lat' dir='ltr'>bonurn</span> 
     </span>
    </p>
   </div>
   <div class='ocr_carea' id='block_1_6' title="bbox 1439 382 2495 630">
    <p class='ocr_par' dir='ltr' id='par_1_8' title="bbox 1439 382 2495 630">
     <span class='ocr_line' id='line_1_10' title="bbox 1443 382 2494 432; baseline 0.006 -14"><span class='ocrx_word' id='word_1_52' title='bbox 1443 382 1560 420; x_wconf 90' lang='lat' dir='ltr'>citiae.</span> <span class='ocrx_word' id='word_1_53' title='bbox 1591 382 1669 420; x_wconf 91' lang='lat' dir='ltr'>Sed</span> <span class='ocrx_word' id='word_1_54' title='bbox 1700 383 1789 432; x_wconf 89' lang='lat' dir='ltr'>quia</span> <span class='ocrx_word' id='word_1_55' title='bbox 1822 383 1911 421; x_wconf 93' lang='lat' dir='ltr'>illud</span> <span class='ocrx_word' id='word_1_56' title='bbox 1945 385 2089 421; x_wconf 88' lang='lat' dir='ltr'>bonum</span> <span class='ocrx_word' id='word_1_57' title='bbox 2123 386 2234 422; x_wconf 87' lang='lat' dir='ltr'>refert</span> <span class='ocrx_word' id='word_1_58' title='bbox 2264 387 2417 423; x_wconf 89' lang='lat' dir='ltr'>ulterius</span> <span class='ocrx_word' id='word_1_59' title='bbox 2445 388 2494 424; x_wconf 88' lang='lat' dir='ltr'>ad</span> 
     </span>
     <span class='ocr_line' id='line_1_11' title="bbox 1442 435 2494 487; baseline 0.004 -15"><span class='ocrx_word' id='word_1_60' title='bbox 1442 447 1550 472; x_wconf 89' lang='lat' dir='ltr'>suam</span> <span class='ocrx_word' id='word_1_61' title='bbox 1570 435 1856 473; x_wconf 85' lang='lat' dir='ltr'>delectationem</span> <span class='ocrx_word' id='word_1_62' title='bbox 1873 436 1936 473; x_wconf 91' lang='lat' dir='ltr'>vel</span> <span class='ocrx_word' id='word_1_63' title='bbox 1954 437 2167 484; x_wconf 84' lang='lat' dir='ltr'>utilitatem,</span> <span class='ocrx_word' id='word_1_64' title='bbox 2196 437 2284 474; x_wconf 90' lang='lat' dir='ltr'>inde</span> <span class='ocrx_word' id='word_1_65' title='bbox 2311 446 2365 475; x_wconf 89' lang='lat' dir='ltr'>est</span> <span class='ocrx_word' id='word_1_66' title='bbox 2389 440 2494 487; x_wconf 90' lang='lat' dir='ltr'>quod</span> 
     </span>
     <span class='ocr_line' id='line_1_12' title="bbox 1441 487 2495 539; baseline 0.004 -15"><span class='ocrx_word' id='word_1_67' title='bbox 1441 487 1604 525; x_wconf 88' lang='lat' dir='ltr'>amicitia</span> <span class='ocrx_word' id='word_1_68' title='bbox 1630 488 1729 525; x_wconf 88' lang='lat' dir='ltr'>utilis</span> <span class='ocrx_word' id='word_1_69' title='bbox 1758 496 1793 525; x_wconf 89' lang='lat' dir='ltr'>et</span> <span class='ocrx_word' id='word_1_70' title='bbox 1822 489 2059 536; x_wconf 88' lang='lat' dir='ltr'>delectabilis,</span> <span class='ocrx_word' id='word_1_71' title='bbox 2089 490 2311 539; x_wconf 88' lang='lat' dir='ltr'>inquantum</span> <span class='ocrx_word' id='word_1_72' title='bbox 2339 491 2495 529; x_wconf 83' lang='lat' dir='ltr'>trahitur</span> 
     </span>
     <span class='ocr_line' id='line_1_13' title="bbox 1439 540 2492 590; baseline 0.003 -13"><span class='ocrx_word' id='word_1_73' title='bbox 1439 540 1488 577; x_wconf 88' lang='lat' dir='ltr'>ad</span> <span class='ocrx_word' id='word_1_74' title='bbox 1503 553 1675 578; x_wconf 87' lang='lat' dir='ltr'>amorem</span> <span class='ocrx_word' id='word_1_75' title='bbox 1690 542 2027 590; x_wconf 88' lang='lat' dir='ltr'>concupiscentiae,</span> <span class='ocrx_word' id='word_1_76' title='bbox 2044 542 2170 579; x_wconf 88' lang='lat' dir='ltr'>deficit</span> <span class='ocrx_word' id='word_1_77' title='bbox 2185 555 2207 580; x_wconf 90' lang='lat' dir='ltr'>a</span> <span class='ocrx_word' id='word_1_78' title='bbox 2221 543 2364 580; x_wconf 86' lang='lat' dir='ltr'>ratione</span> <span class='ocrx_word' id='word_1_79' title='bbox 2378 555 2492 581; x_wconf 88' lang='lat' dir='ltr'>verae</span> 
     </span>
     <span class='ocr_line' id='line_1_14' title="bbox 1440 601 1636 630; baseline 0.005 -1"><span class='ocrx_word' id='word_1_80' title='bbox 1440 601 1636 630; x_wconf 76' lang='lat' dir='ltr'>amicitiae.</span> 
     </span>
    </p>
   </div>
   <div class='ocr_carea' id='block_1_7' title="bbox 1007 695 1822 730">
    <p class='ocr_par' dir='ltr' id='par_1_9' title="bbox 1007 695 1822 730">
     <span class='ocr_line' id='line_1_15' title="bbox 1007 695 1822 730; baseline 0.004 -3"><span class='ocrx_word' id='word_1_81' title='bbox 1007 695 1334 729; x_wconf 76' lang='lat' dir='ltr'>Commentaria</span> <span class='ocrx_word' id='word_1_82' title='bbox 1356 696 1603 729; x_wconf 79' lang='lat' dir='ltr'>Cardinalis</span> <span class='ocrx_word' id='word_1_83' title='bbox 1625 697 1822 730; x_wconf 75' lang='lat' dir='ltr'>Caietam</span> 
     </span>
    </p>
   </div>
   <div class='ocr_carea' id='block_1_8' title="bbox 328 781 1390 1308">
    <p class='ocr_par' dir='ltr' id='par_1_10' title="bbox 361 781 1389 825">
     <span class='ocr_line' id='line_1_16' title="bbox 361 781 1389 825; baseline 0.004 -13"><span class='ocrx_word' id='word_1_84' title='bbox 361 792 383 813; x_wconf 67' lang='grc' dir='ltr'>Ν</span> <span class='ocrx_word' id='word_1_85' title='bbox 396 781 580 823; x_wconf 85' lang='lat' dir='ltr'>quaestione</span> <span class='ocrx_word' id='word_1_86' title='bbox 594 782 839 822; x_wconf 85' lang='lat' dir='ltr'>vigesimasexta,</span> <span class='ocrx_word' id='word_1_87' title='bbox 857 784 981 815; x_wconf 86' lang='lat' dir='ltr'>omissis</span> <span class='ocrx_word' id='word_1_88' title='bbox 1000 784 1110 825; x_wconf 89' lang='lat' dir='ltr'>primis</span> <span class='ocrx_word' id='word_1_89' title='bbox 1128 785 1226 816; x_wconf 84' lang='lat' dir='ltr'>tribus</span> <span class='ocrx_word' id='word_1_90' title='bbox 1242 785 1389 822; x_wconf 85' lang='lat' dir='ltr'>articulis,</span> 
     </span>
    </p>

    <p class='ocr_par' dir='ltr' id='par_1_11' title="bbox 328 826 1390 1308">
     <span class='ocr_line' id='line_1_17' title="bbox 360 826 1390 869; baseline 0.004 -13"><span class='ocrx_word' id='word_1_91' title='bbox 360 826 394 857; x_wconf 89' lang='lat' dir='ltr'>in</span> <span class='ocrx_word' id='word_1_92' title='bbox 417 833 530 867; x_wconf 90' lang='lat' dir='ltr'>quarto</span> <span class='ocrx_word' id='word_1_93' title='bbox 553 826 616 857; x_wconf 91' lang='lat' dir='ltr'>hoc</span> <span class='ocrx_word' id='word_1_94' title='bbox 638 827 745 857; x_wconf 92' lang='lat' dir='ltr'>solum</span> <span class='ocrx_word' id='word_1_95' title='bbox 767 828 905 865; x_wconf 86' lang='lat' dir='ltr'>adverte,</span> <span class='ocrx_word' id='word_1_96' title='bbox 930 829 1018 869; x_wconf 91' lang='lat' dir='ltr'>quod</span> <span class='ocrx_word' id='word_1_97' title='bbox 1041 829 1198 860; x_wconf 86' lang='lat' dir='ltr'>distinctio</span> <span class='ocrx_word' id='word_1_98' title='bbox 1222 829 1338 859; x_wconf 86' lang='lat' dir='ltr'>amoris</span> <span class='ocrx_word' id='word_1_99' title='bbox 1357 830 1390 859; x_wconf 86' lang='lat' dir='ltr'>in</span> 
     </span>
     <span class='ocr_line' id='line_1_18' title="bbox 329 870 1389 912; baseline 0.002 -11"><span class='ocrx_word' id='word_1_100' title='bbox 329 879 473 902; x_wconf 83' lang='lat' dir='ltr'>amorem</span> <span class='ocrx_word' id='word_1_101' title='bbox 499 870 654 901; x_wconf 82' lang='lat' dir='ltr'>amicitiae</span> <span class='ocrx_word' id='word_1_102' title='bbox 682 878 712 902; x_wconf 87' lang='lat' dir='ltr'>et</span> <span class='ocrx_word' id='word_1_103' title='bbox 735 872 1006 912; x_wconf 83' lang='lat' dir='ltr'>concupiscentiae</span> <span class='ocrx_word' id='word_1_104' title='bbox 1032 883 1098 903; x_wconf 91' lang='lat' dir='ltr'>non</span> <span class='ocrx_word' id='word_1_105' title='bbox 1121 880 1167 904; x_wconf 88' lang='lat' dir='ltr'>est</span> <span class='ocrx_word' id='word_1_106' title='bbox 1189 879 1254 904; x_wconf 86' lang='lat' dir='ltr'>tam</span> <span class='ocrx_word' id='word_1_107' title='bbox 1277 873 1389 904; x_wconf 86' lang='lat' dir='ltr'>divisio</span> 
     </span>
     <span class='ocr_line' id='line_1_19' title="bbox 330 914 1389 955; baseline 0.003 -11"><span class='ocrx_word' id='word_1_108' title='bbox 330 914 457 951; x_wconf 86' lang='lat' dir='ltr'>amoris,</span> <span class='ocrx_word' id='word_1_109' title='bbox 485 924 583 955; x_wconf 87' lang='lat' dir='ltr'>quam</span> <span class='ocrx_word' id='word_1_110' title='bbox 607 922 799 946; x_wconf 88' lang='lat' dir='ltr'>amatorum:</span> <span class='ocrx_word' id='word_1_111' title='bbox 824 926 895 952; x_wconf 89' lang='lat' dir='ltr'>seu,</span> <span class='ocrx_word' id='word_1_112' title='bbox 921 923 951 947; x_wconf 90' lang='lat' dir='ltr'>et</span> <span class='ocrx_word' id='word_1_113' title='bbox 972 916 1005 947; x_wconf 91' lang='lat' dir='ltr'>in</span> <span class='ocrx_word' id='word_1_114' title='bbox 1027 916 1112 947; x_wconf 89' lang='lat' dir='ltr'>idem</span> <span class='ocrx_word' id='word_1_115' title='bbox 1134 917 1229 953; x_wconf 90' lang='lat' dir='ltr'>redit,</span> <span class='ocrx_word' id='word_1_116' title='bbox 1254 927 1320 947; x_wconf 88' lang='lat' dir='ltr'>non</span> <span class='ocrx_word' id='word_1_117' title='bbox 1344 923 1389 948; x_wconf 91' lang='lat' dir='ltr'>est</span> 
     </span>
     <span class='ocr_line' id='line_1_20' title="bbox 330 957 1389 996; baseline 0.003 -8"><span class='ocrx_word' id='word_1_118' title='bbox 330 957 442 988; x_wconf 86' lang='lat' dir='ltr'>divisio</span> <span class='ocrx_word' id='word_1_119' title='bbox 472 959 588 989; x_wconf 88' lang='lat' dir='ltr'>amoris</span> <span class='ocrx_word' id='word_1_120' title='bbox 617 960 792 990; x_wconf 88' lang='lat' dir='ltr'>secundum</span> <span class='ocrx_word' id='word_1_121' title='bbox 815 970 861 996; x_wconf 90' lang='lat' dir='ltr'>se,</span> <span class='ocrx_word' id='word_1_122' title='bbox 891 960 945 990; x_wconf 88' lang='lat' dir='ltr'>sed</span> <span class='ocrx_word' id='word_1_123' title='bbox 973 961 1149 991; x_wconf 89' lang='lat' dir='ltr'>secundum</span> <span class='ocrx_word' id='word_1_124' title='bbox 1180 960 1389 992; x_wconf 86' lang='lat' dir='ltr'>diversimode</span> 
     </span>
     <span class='ocr_line' id='line_1_21' title="bbox 331 1002 1386 1045; baseline 0.003 -13"><span class='ocrx_word' id='word_1_125' title='bbox 331 1008 445 1033; x_wconf 85' lang='lat' dir='ltr'>amata.</span> <span class='ocrx_word' id='word_1_126' title='bbox 470 1002 556 1033; x_wconf 93' lang='lat' dir='ltr'>Cum</span> <span class='ocrx_word' id='word_1_127' title='bbox 575 1003 660 1033; x_wconf 89' lang='lat' dir='ltr'>enim</span> <span class='ocrx_word' id='word_1_128' title='bbox 679 1013 774 1034; x_wconf 88' lang='lat' dir='ltr'>omne</span> <span class='ocrx_word' id='word_1_129' title='bbox 791 1004 998 1044; x_wconf 90' lang='lat' dir='ltr'>concupitum</span> <span class='ocrx_word' id='word_1_130' title='bbox 1021 1004 1113 1035; x_wconf 89' lang='lat' dir='ltr'>alicui</span> <span class='ocrx_word' id='word_1_131' title='bbox 1137 1005 1386 1045; x_wconf 83' lang='lat' dir='ltr'>concupiscatur,</span> 
     </span>
     <span class='ocr_line' id='line_1_22' title="bbox 329 1046 1388 1087; baseline 0.003 -11"><span class='ocrx_word' id='word_1_132' title='bbox 329 1046 438 1076; x_wconf 85' lang='lat' dir='ltr'>nullus</span> <span class='ocrx_word' id='word_1_133' title='bbox 461 1056 551 1077; x_wconf 89' lang='lat' dir='ltr'>arnor</span> <span class='ocrx_word' id='word_1_134' title='bbox 575 1047 845 1087; x_wconf 88' lang='lat' dir='ltr'>concupiscentiae</span> <span class='ocrx_word' id='word_1_135' title='bbox 860 1055 906 1079; x_wconf 90' lang='lat' dir='ltr'>est</span> <span class='ocrx_word' id='word_1_136' title='bbox 925 1047 991 1078; x_wconf 86' lang='lat' dir='ltr'>sine</span> <span class='ocrx_word' id='word_1_137' title='bbox 1008 1058 1116 1079; x_wconf 88' lang='lat' dir='ltr'>amore</span> <span class='ocrx_word' id='word_1_138' title='bbox 1133 1048 1286 1079; x_wconf 83' lang='lat' dir='ltr'>amicitiae</span> <span class='ocrx_word' id='word_1_139' title='bbox 1304 1049 1388 1080; x_wconf 90' lang='lat' dir='ltr'>illius</span> 
     </span>
     <span class='ocr_line' id='line_1_23' title="bbox 329 1089 1388 1134; baseline 0.003 -14"><span class='ocrx_word' id='word_1_140' title='bbox 329 1089 382 1120; x_wconf 92' lang='lat' dir='ltr'>cui</span> <span class='ocrx_word' id='word_1_141' title='bbox 410 1091 658 1130; x_wconf 87' lang='lat' dir='ltr'>concupiscitur:</span> <span class='ocrx_word' id='word_1_142' title='bbox 688 1099 718 1123; x_wconf 86' lang='lat' dir='ltr'>et</span> <span class='ocrx_word' id='word_1_143' title='bbox 744 1102 870 1128; x_wconf 87' lang='lat' dir='ltr'>rursus,</span> <span class='ocrx_word' id='word_1_144' title='bbox 904 1102 978 1123; x_wconf 90' lang='lat' dir='ltr'>cum</span> <span class='ocrx_word' id='word_1_145' title='bbox 1006 1092 1095 1122; x_wconf 92' lang='lat' dir='ltr'>omni</span> <span class='ocrx_word' id='word_1_146' title='bbox 1123 1092 1225 1123; x_wconf 89' lang='lat' dir='ltr'>amico</span> <span class='ocrx_word' id='word_1_147' title='bbox 1257 1093 1388 1134; x_wconf 86' lang='lat' dir='ltr'>aliquod</span> 
     </span>
     <span class='ocr_line' id='line_1_24' title="bbox 328 1133 1387 1173; baseline 0.003 -9"><span class='ocrx_word' id='word_1_148' title='bbox 328 1133 453 1164; x_wconf 88' lang='lat' dir='ltr'>bonum</span> <span class='ocrx_word' id='word_1_149' title='bbox 475 1134 619 1172; x_wconf 87' lang='lat' dir='ltr'>velimus,</span> <span class='ocrx_word' id='word_1_150' title='bbox 644 1136 751 1166; x_wconf 88' lang='lat' dir='ltr'>nullus</span> <span class='ocrx_word' id='word_1_151' title='bbox 767 1146 857 1166; x_wconf 86' lang='lat' dir='ltr'>amor</span> <span class='ocrx_word' id='word_1_152' title='bbox 872 1136 1026 1173; x_wconf 84' lang='lat' dir='ltr'>amicitiae</span> <span class='ocrx_word' id='word_1_153' title='bbox 1043 1143 1088 1167; x_wconf 88' lang='lat' dir='ltr'>est</span> <span class='ocrx_word' id='word_1_154' title='bbox 1107 1137 1173 1167; x_wconf 90' lang='lat' dir='ltr'>sine</span> <span class='ocrx_word' id='word_1_155' title='bbox 1189 1147 1296 1167; x_wconf 89' lang='lat' dir='ltr'>amore</span> <span class='ocrx_word' id='word_1_156' title='bbox 1313 1147 1387 1167; x_wconf 87' lang='lat' dir='ltr'>con-</span> 
     </span>
     <span class='ocr_line' id='line_1_25' title="bbox 331 1177 1387 1220; baseline 0.003 -12"><span class='ocrx_word' id='word_1_157' title='bbox 331 1177 540 1218; x_wconf 87' lang='lat' dir='ltr'>cupiscentiae</span> <span class='ocrx_word' id='word_1_158' title='bbox 563 1179 639 1209; x_wconf 86' lang='lat' dir='ltr'>boni</span> <span class='ocrx_word' id='word_1_159' title='bbox 663 1180 824 1220; x_wconf 88' lang='lat' dir='ltr'>concupiti</span> <span class='ocrx_word' id='word_1_160' title='bbox 847 1186 962 1211; x_wconf 90' lang='lat' dir='ltr'>amato.</span> <span class='ocrx_word' id='word_1_161' title='bbox 986 1180 1061 1210; x_wconf 91' lang='lat' dir='ltr'>Non</span> <span class='ocrx_word' id='word_1_162' title='bbox 1085 1190 1159 1220; x_wconf 86' lang='lat' dir='ltr'>ergo</span> <span class='ocrx_word' id='word_1_163' title='bbox 1187 1180 1387 1220; x_wconf 88' lang='lat' dir='ltr'>distinguitur</span> 
     </span>
     <span class='ocr_line' id='line_1_26' title="bbox 329 1222 1386 1265; baseline 0.004 -14"><span class='ocrx_word' id='word_1_164' title='bbox 329 1231 420 1252; x_wconf 85' lang='lat' dir='ltr'>arnor</span> <span class='ocrx_word' id='word_1_165' title='bbox 441 1222 475 1252; x_wconf 89' lang='lat' dir='ltr'>in</span> <span class='ocrx_word' id='word_1_166' title='bbox 489 1233 632 1254; x_wconf 86' lang='lat' dir='ltr'>amorem</span> <span class='ocrx_word' id='word_1_167' title='bbox 655 1224 808 1254; x_wconf 86' lang='lat' dir='ltr'>amicitiae</span> <span class='ocrx_word' id='word_1_168' title='bbox 829 1231 859 1254; x_wconf 90' lang='lat' dir='ltr'>et</span> <span class='ocrx_word' id='word_1_169' title='bbox 882 1224 1162 1263; x_wconf 85' lang='lat' dir='ltr'>concupiscentiae,</span> <span class='ocrx_word' id='word_1_170' title='bbox 1186 1231 1338 1265; x_wconf 82' lang='lat' dir='ltr'>tanquam</span> <span class='ocrx_word' id='word_1_171' title='bbox 1353 1225 1386 1255; x_wconf 89' lang='lat' dir='ltr'>in</span> 
     </span>
     <span class='ocr_line' id='line_1_27' title="bbox 330 1264 1385 1308; baseline 0.002 -12"><span class='ocrx_word' id='word_1_172' title='bbox 330 1264 470 1296; x_wconf 86' lang='lat' dir='ltr'>diversos</span> <span class='ocrx_word' id='word_1_173' title='bbox 493 1276 626 1304; x_wconf 87' lang='lat' dir='ltr'>amores,</span> <span class='ocrx_word' id='word_1_174' title='bbox 651 1268 705 1297; x_wconf 89' lang='lat' dir='ltr'>sed</span> <span class='ocrx_word' id='word_1_175' title='bbox 728 1274 880 1308; x_wconf 85' lang='lat' dir='ltr'>tanquam</span> <span class='ocrx_word' id='word_1_176' title='bbox 902 1267 936 1297; x_wconf 92' lang='lat' dir='ltr'>in</span> <span class='ocrx_word' id='word_1_177' title='bbox 952 1267 1091 1298; x_wconf 86' lang='lat' dir='ltr'>diversos</span> <span class='ocrx_word' id='word_1_178' title='bbox 1111 1267 1225 1298; x_wconf 90' lang='lat' dir='ltr'>modos</span> <span class='ocrx_word' id='word_1_179' title='bbox 1242 1268 1385 1299; x_wconf 86' lang='lat' dir='ltr'>amandi:</span> 
     </span>
    </p>
   </div>
   <div class='ocr_carea' id='block_1_9' title="bbox 1440 786 2496 1137">
    <p class='ocr_par' dir='ltr' id='par_1_12' title="bbox 1442 786 2496 871">
     <span class='ocr_line' id='line_1_28' title="bbox 1442 786 2496 830; baseline 0.005 -14"><span class='ocrx_word' id='word_1_180' title='bbox 1442 796 1524 816; x_wconf 91' lang='lat' dir='ltr'>unus</span> <span class='ocrx_word' id='word_1_181' title='bbox 1549 786 1634 817; x_wconf 89' lang='lat' dir='ltr'>enim</span> <span class='ocrx_word' id='word_1_182' title='bbox 1657 793 1687 818; x_wconf 87' lang='lat' dir='ltr'>et</span> <span class='ocrx_word' id='word_1_183' title='bbox 1705 787 1790 818; x_wconf 91' lang='lat' dir='ltr'>idem</span> <span class='ocrx_word' id='word_1_184' title='bbox 1813 798 1903 818; x_wconf 89' lang='lat' dir='ltr'>amor</span> <span class='ocrx_word' id='word_1_185' title='bbox 1925 795 1971 819; x_wconf 87' lang='lat' dir='ltr'>est</span> <span class='ocrx_word' id='word_1_186' title='bbox 1994 787 2149 819; x_wconf 86' lang='lat' dir='ltr'>amicitiae</span> <span class='ocrx_word' id='word_1_187' title='bbox 2172 795 2314 830; x_wconf 89' lang='lat' dir='ltr'>respectu</span> <span class='ocrx_word' id='word_1_188' title='bbox 2338 790 2440 826; x_wconf 88' lang='lat' dir='ltr'>amici,</span> <span class='ocrx_word' id='word_1_189' title='bbox 2465 797 2496 821; x_wconf 88' lang='lat' dir='ltr'>et</span> 
     </span>
     <span class='ocr_line' id='line_1_29' title="bbox 1442 830 2172 871; baseline 0.004 -11"><span class='ocrx_word' id='word_1_190' title='bbox 1442 830 1713 871; x_wconf 87' lang='lat' dir='ltr'>concupiscentiae</span> <span class='ocrx_word' id='word_1_191' title='bbox 1736 838 1877 871; x_wconf 85' lang='lat' dir='ltr'>respectu</span> <span class='ocrx_word' id='word_1_192' title='bbox 1900 832 1976 862; x_wconf 89' lang='lat' dir='ltr'>boni</span> <span class='ocrx_word' id='word_1_193' title='bbox 2002 832 2047 863; x_wconf 91' lang='lat' dir='ltr'>illi</span> <span class='ocrx_word' id='word_1_194' title='bbox 2072 832 2172 864; x_wconf 83' lang='lat' dir='ltr'>voliti.</span> 
     </span>
    </p>

    <p class='ocr_par' dir='ltr' id='par_1_13' title="bbox 1440 874 2494 1137">
     <span class='ocr_line' id='line_1_30' title="bbox 1497 874 2494 916; baseline 0.003 -12"><span class='ocrx_word' id='word_1_195' title='bbox 1497 874 1538 904; x_wconf 93' lang='lat' dir='ltr'>Et</span> <span class='ocrx_word' id='word_1_196' title='bbox 1560 874 1586 904; x_wconf 89' lang='lat' dir='ltr'>si</span> <span class='ocrx_word' id='word_1_197' title='bbox 1609 875 1802 916; x_wconf 91' lang='lat' dir='ltr'>quandoque</span> <span class='ocrx_word' id='word_1_198' title='bbox 1829 875 1968 906; x_wconf 86' lang='lat' dir='ltr'>invenias</span> <span class='ocrx_word' id='word_1_199' title='bbox 1997 876 2134 907; x_wconf 87' lang='lat' dir='ltr'>diversos</span> <span class='ocrx_word' id='word_1_200' title='bbox 2162 886 2228 907; x_wconf 85' lang='lat' dir='ltr'>esse</span> <span class='ocrx_word' id='word_1_201' title='bbox 2255 886 2395 913; x_wconf 87' lang='lat' dir='ltr'>amores,</span> <span class='ocrx_word' id='word_1_202' title='bbox 2420 887 2494 908; x_wconf 88' lang='lat' dir='ltr'>sane</span> 
     </span>
     <span class='ocr_line' id='line_1_31' title="bbox 1440 917 2492 961; baseline 0.003 -13"><span class='ocrx_word' id='word_1_203' title='bbox 1440 917 1657 958; x_wconf 87' lang='lat' dir='ltr'>interpretare;</span> <span class='ocrx_word' id='word_1_204' title='bbox 1689 925 1720 949; x_wconf 93' lang='lat' dir='ltr'>et</span> <span class='ocrx_word' id='word_1_205' title='bbox 1749 919 1945 950; x_wconf 88' lang='lat' dir='ltr'>denominari</span> <span class='ocrx_word' id='word_1_206' title='bbox 1973 930 2116 950; x_wconf 88' lang='lat' dir='ltr'>amorem</span> <span class='ocrx_word' id='word_1_207' title='bbox 2144 920 2336 961; x_wconf 89' lang='lat' dir='ltr'>quandoque</span> <span class='ocrx_word' id='word_1_208' title='bbox 2367 931 2385 951; x_wconf 88' lang='lat' dir='ltr'>a</span> <span class='ocrx_word' id='word_1_209' title='bbox 2416 931 2492 951; x_wconf 91' lang='lat' dir='ltr'>con-</span> 
     </span>
     <span class='ocr_line' id='line_1_32' title="bbox 1440 962 2491 1005; baseline 0.003 -13"><span class='ocrx_word' id='word_1_210' title='bbox 1440 962 1644 1002; x_wconf 87' lang='lat' dir='ltr'>cupiscentia,</span> <span class='ocrx_word' id='word_1_211' title='bbox 1669 963 1862 1004; x_wconf 84' lang='lat' dir='ltr'>quandoque</span> <span class='ocrx_word' id='word_1_212' title='bbox 1889 964 1927 994; x_wconf 91' lang='lat' dir='ltr'>ab</span> <span class='ocrx_word' id='word_1_213' title='bbox 1951 963 2102 1000; x_wconf 89' lang='lat' dir='ltr'>amicitia,</span> <span class='ocrx_word' id='word_1_214' title='bbox 2127 964 2220 1001; x_wconf 88' lang='lat' dir='ltr'>scito,</span> <span class='ocrx_word' id='word_1_215' title='bbox 2253 971 2381 1005; x_wconf 90' lang='lat' dir='ltr'>propter</span> <span class='ocrx_word' id='word_1_216' title='bbox 2404 965 2491 995; x_wconf 92' lang='lat' dir='ltr'>obie-</span> 
     </span>
     <span class='ocr_line' id='line_1_33' title="bbox 1441 1006 2493 1047; baseline 0.003 -12"><span class='ocrx_word' id='word_1_217' title='bbox 1441 1012 1527 1036; x_wconf 89' lang='lat' dir='ltr'>ctum</span> <span class='ocrx_word' id='word_1_218' title='bbox 1558 1006 1597 1035; x_wconf 89' lang='lat' dir='ltr'>de</span> <span class='ocrx_word' id='word_1_219' title='bbox 1626 1016 1691 1046; x_wconf 93' lang='lat' dir='ltr'>quo</span> <span class='ocrx_word' id='word_1_220' title='bbox 1719 1014 1764 1037; x_wconf 88' lang='lat' dir='ltr'>est</span> <span class='ocrx_word' id='word_1_221' title='bbox 1796 1017 1910 1038; x_wconf 88' lang='lat' dir='ltr'>sermo.</span> <span class='ocrx_word' id='word_1_222' title='bbox 1943 1007 1987 1038; x_wconf 92' lang='lat' dir='ltr'>Ut</span> <span class='ocrx_word' id='word_1_223' title='bbox 2018 1014 2103 1047; x_wconf 87' lang='lat' dir='ltr'>patet</span> <span class='ocrx_word' id='word_1_224' title='bbox 2135 1018 2208 1038; x_wconf 91' lang='lat' dir='ltr'>cum</span> <span class='ocrx_word' id='word_1_225' title='bbox 2241 1015 2288 1039; x_wconf 87' lang='lat' dir='ltr'>est</span> <span class='ocrx_word' id='word_1_226' title='bbox 2319 1018 2422 1039; x_wconf 91' lang='lat' dir='ltr'>sermo</span> <span class='ocrx_word' id='word_1_227' title='bbox 2455 1008 2493 1038; x_wconf 84' lang='lat' dir='ltr'>de</span> 
     </span>
     <span class='ocr_line' id='line_1_34' title="bbox 1440 1050 2492 1087; baseline 0.003 -8"><span class='ocrx_word' id='word_1_228' title='bbox 1440 1059 1547 1080; x_wconf 88' lang='lat' dir='ltr'>amore</span> <span class='ocrx_word' id='word_1_229' title='bbox 1570 1050 1610 1080; x_wconf 91' lang='lat' dir='ltr'>ad</span> <span class='ocrx_word' id='word_1_230' title='bbox 1631 1050 1836 1087; x_wconf 87' lang='lat' dir='ltr'>irrationalia,</span> <span class='ocrx_word' id='word_1_231' title='bbox 1861 1051 1911 1081; x_wconf 89' lang='lat' dir='ltr'>vel</span> <span class='ocrx_word' id='word_1_232' title='bbox 1934 1051 2140 1087; x_wconf 87' lang='lat' dir='ltr'>delectabilia,</span> <span class='ocrx_word' id='word_1_233' title='bbox 2170 1052 2220 1082; x_wconf 88' lang='lat' dir='ltr'>vel</span> <span class='ocrx_word' id='word_1_234' title='bbox 2248 1052 2351 1083; x_wconf 87' lang='lat' dir='ltr'>utilia:</span> <span class='ocrx_word' id='word_1_235' title='bbox 2383 1052 2415 1082; x_wconf 91' lang='lat' dir='ltr'>in</span> <span class='ocrx_word' id='word_1_236' title='bbox 2443 1052 2492 1082; x_wconf 90' lang='lat' dir='ltr'>his</span> 
     </span>
     <span class='ocr_line' id='line_1_35' title="bbox 1441 1093 2493 1137; baseline 0.003 -14"><span class='ocrx_word' id='word_1_237' title='bbox 1441 1093 1524 1123; x_wconf 89' lang='lat' dir='ltr'>enirn</span> <span class='ocrx_word' id='word_1_238' title='bbox 1540 1103 1559 1123; x_wconf 90' lang='lat' dir='ltr'>a</span> <span class='ocrx_word' id='word_1_239' title='bbox 1577 1094 1830 1133; x_wconf 88' lang='lat' dir='ltr'>concupiscentia</span> <span class='ocrx_word' id='word_1_240' title='bbox 1853 1104 1944 1125; x_wconf 88' lang='lat' dir='ltr'>arnor</span> <span class='ocrx_word' id='word_1_241' title='bbox 1966 1095 2196 1132; x_wconf 87' lang='lat' dir='ltr'>denominatur,</span> <span class='ocrx_word' id='word_1_242' title='bbox 2220 1096 2275 1137; x_wconf 92' lang='lat' dir='ltr'>qui</span> <span class='ocrx_word' id='word_1_243' title='bbox 2298 1102 2403 1126; x_wconf 88' lang='lat' dir='ltr'>tamen</span> <span class='ocrx_word' id='word_1_244' title='bbox 2426 1106 2493 1126; x_wconf 92' lang='lat' dir='ltr'>non</span> 
     </span>
    </p>
   </div>
   <div class='ocr_carea' id='block_1_10' title="bbox 1439 1137 2493 1304">
    <p class='ocr_par' dir='ltr' id='par_1_14' title="bbox 1439 1137 2493 1304">
     <span class='ocr_line' id='line_1_36' title="bbox 1440 1137 2493 1170; baseline 0.003 -3"><span class='ocrx_word' id='word_1_245' title='bbox 1440 1143 1486 1167; x_wconf 88' lang='lat' dir='ltr'>est</span> <span class='ocrx_word' id='word_1_246' title='bbox 1508 1137 1574 1168; x_wconf 86' lang='lat' dir='ltr'>sine</span> <span class='ocrx_word' id='word_1_247' title='bbox 1603 1147 1710 1168; x_wconf 88' lang='lat' dir='ltr'>amore</span> <span class='ocrx_word' id='word_1_248' title='bbox 1740 1138 1893 1169; x_wconf 87' lang='lat' dir='ltr'>amicitiae</span> <span class='ocrx_word' id='word_1_249' title='bbox 1920 1138 1960 1168; x_wconf 89' lang='lat' dir='ltr'>ad</span> <span class='ocrx_word' id='word_1_250' title='bbox 1983 1148 2015 1168; x_wconf 88' lang='lat' dir='ltr'>se</span> <span class='ocrx_word' id='word_1_251' title='bbox 2038 1138 2088 1168; x_wconf 91' lang='lat' dir='ltr'>vel</span> <span class='ocrx_word' id='word_1_252' title='bbox 2110 1138 2217 1170; x_wconf 89' lang='lat' dir='ltr'>alium.</span> <span class='ocrx_word' id='word_1_253' title='bbox 2248 1139 2333 1170; x_wconf 90' lang='lat' dir='ltr'>Cum</span> <span class='ocrx_word' id='word_1_254' title='bbox 2355 1150 2430 1170; x_wconf 90' lang='lat' dir='ltr'>vero</span> <span class='ocrx_word' id='word_1_255' title='bbox 2454 1140 2493 1170; x_wconf 89' lang='lat' dir='ltr'>de</span> 
     </span>
     <span class='ocr_line' id='line_1_37' title="bbox 1440 1181 2493 1221; baseline 0.003 -10"><span class='ocrx_word' id='word_1_256' title='bbox 1440 1191 1548 1211; x_wconf 89' lang='lat' dir='ltr'>amore</span> <span class='ocrx_word' id='word_1_257' title='bbox 1582 1188 1749 1221; x_wconf 90' lang='lat' dir='ltr'>parentum</span> <span class='ocrx_word' id='word_1_258' title='bbox 1783 1188 1838 1212; x_wconf 87' lang='lat' dir='ltr'>aut</span> <span class='ocrx_word' id='word_1_259' title='bbox 1869 1181 2027 1218; x_wconf 87' lang='lat' dir='ltr'>filiorum,</span> <span class='ocrx_word' id='word_1_260' title='bbox 2061 1182 2099 1212; x_wconf 89' lang='lat' dir='ltr'>ab</span> <span class='ocrx_word' id='word_1_261' title='bbox 2137 1182 2272 1213; x_wconf 89' lang='lat' dir='ltr'>amicitia</span> <span class='ocrx_word' id='word_1_262' title='bbox 2307 1183 2493 1214; x_wconf 87' lang='lat' dir='ltr'>denomina-</span> 
     </span>
     <span class='ocr_line' id='line_1_38' title="bbox 1439 1224 2492 1267; baseline 0.002 -12"><span class='ocrx_word' id='word_1_263' title='bbox 1439 1225 1484 1255; x_wconf 94' lang='lat' dir='ltr'>tio</span> <span class='ocrx_word' id='word_1_264' title='bbox 1517 1224 1552 1255; x_wconf 88' lang='lat' dir='ltr'>fit</span> <span class='ocrx_word' id='word_1_265' title='bbox 1584 1225 1700 1256; x_wconf 90' lang='lat' dir='ltr'>amoris</span> <span class='ocrx_word' id='word_1_266' title='bbox 1714 1249 1721 1262; x_wconf 92' lang='lat'>,</span> <span class='ocrx_word' id='word_1_267' title='bbox 1757 1226 1812 1266; x_wconf 89' lang='lat' dir='ltr'>qui</span> <span class='ocrx_word' id='word_1_268' title='bbox 1845 1232 1951 1256; x_wconf 88' lang='lat' dir='ltr'>tamen</span> <span class='ocrx_word' id='word_1_269' title='bbox 1986 1226 2029 1256; x_wconf 91' lang='lat' dir='ltr'>eis</span> <span class='ocrx_word' id='word_1_270' title='bbox 2065 1226 2257 1267; x_wconf 89' lang='lat' dir='ltr'>concupiscit</span> <span class='ocrx_word' id='word_1_271' title='bbox 2290 1227 2413 1258; x_wconf 89' lang='lat' dir='ltr'>bonum</span> <span class='ocrx_word' id='word_1_272' title='bbox 2445 1227 2492 1257; x_wconf 85' lang='lat' dir='ltr'>vi-</span> 
     </span>
     <span class='ocr_line' id='line_1_39' title="bbox 1439 1275 1584 1304; baseline 0.007 -6"><span class='ocrx_word' id='word_1_273' title='bbox 1439 1275 1502 1304; x_wconf 85' lang='lat' dir='ltr'>tae,</span> <span class='ocrx_word' id='word_1_274' title='bbox 1527 1275 1584 1299; x_wconf 89' lang='lat' dir='ltr'>etc.</span> 
     </span>
    </p>
   </div>
   <div class='ocr_carea' id='block_1_11' title="bbox 1085 2086 1746 2590">
    <p class='ocr_par' dir='ltr' id='par_1_15' title="bbox 1085 2086 1746 2590">
     <span class='ocr_line' id='line_1_40' title="bbox 1085 2086 1746 2590; baseline 0 1562"><span class='ocrx_word' id='word_1_275' title='bbox 1085 2086 1746 2590; x_wconf 95' lang='lat' dir='ltr'> </span> 
     </span>
    </p>
   </div>
  </div>
 </body>
</html>
