<?xml version="1.0" encoding="UTF-8"?>
<!DOCTYPE html PUBLIC "-//W3C//DTD XHTML 1.0 Transitional//EN"
    "http://www.w3.org/TR/xhtml1/DTD/xhtml1-transitional.dtd">
<html xmlns="http://www.w3.org/1999/xhtml" xml:lang="en" lang="en">
 <head>
  <title>
</title>
<meta http-equiv="Content-Type" content="text/html;charset=utf-8" />
  <meta name='ocr-system' content='tesseract 3.04.00' />
  <meta name='ocr-capabilities' content='ocr_page ocr_carea ocr_par ocr_line ocrx_word'/>
</head>
<body>
  <div class='ocr_page' id='page_1' title='image "./operaomniaiussui06thom_0147.png"; bbox 0 0 2852 4152; ppageno 0'>
   <div class='ocr_carea' id='block_1_1' title="bbox 0 875 40 3176">
    <p class='ocr_par' dir='ltr' id='par_1_1' title="bbox 0 875 40 3176">
     <span class='ocr_line' id='line_1_1' title="bbox 0 875 40 3176; baseline 0 0"><span class='ocrx_word' id='word_1_1' title='bbox 0 875 40 3176; x_wconf 95' lang='lat' dir='ltr'> </span> 
     </span>
    </p>
   </div>
   <div class='ocr_carea' id='block_1_2' title="bbox 81 431 290 480">
    <p class='ocr_par' dir='ltr' id='par_1_2' title="bbox 81 431 290 480">
     <span class='ocr_line' id='line_1_2' title="bbox 81 431 290 480; baseline -0.005 -27"><span class='ocrx_word' id='word_1_2' title='bbox 81 432 160 480; x_wconf 53' lang='lat' dir='ltr'>{fg-{¹³⁸</span> <span class='ocrx_word' id='word_1_3' title='bbox 171 433 200 453; x_wconf 80' lang='lat' dir='ltr'>de</span> <span class='ocrx_word' id='word_1_4' title='bbox 211 431 290 459; x_wconf 79' lang='lat' dir='ltr'>Oppo-</span> 
     </span>
    </p>
   </div>
   <div class='ocr_carea' id='block_1_3' title="bbox 79 1658 291 1714">
    <p class='ocr_par' dir='ltr' id='par_1_3' title="bbox 79 1658 291 1714">
     <span class='ocr_line' id='line_1_3' title="bbox 79 1658 291 1686; baseline -0.009 -5"><span class='ocrx_word' id='word_1_5' title='bbox 79 1659 92 1671; x_wconf 76' lang='lat'>⁸</span> <span class='ocrx_word' id='word_1_6' title='bbox 110 1658 168 1681; x_wconf 75' lang='lat' dir='ltr'>Loe.</span> <span class='ocrx_word' id='word_1_7' title='bbox 189 1658 241 1686; x_wconf 63' lang='lat' dir='ltr'>cit„</span> <span class='ocrx_word' id='word_1_8' title='bbox 262 1658 291 1680; x_wconf 79' lang='lat' dir='ltr'>nd</span> 
     </span>
     <span class='ocr_line' id='line_1_4' title="bbox 80 1691 164 1714; baseline 0.012 -6"><span class='ocrx_word' id='word_1_9' title='bbox 80 1691 129 1714; x_wconf 68' lang='lat' dir='ltr'>arn.</span> <span class='ocrx_word' id='word_1_10' title='bbox 141 1691 164 1709; x_wconf 71' lang='lat' dir='ltr'>a.</span> 
     </span>
    </p>
   </div>
   <div class='ocr_carea' id='block_1_4' title="bbox 81 1872 214 1896">
    <p class='ocr_par' dir='ltr' id='par_1_4' title="bbox 81 1872 214 1896">
     <span class='ocr_line' id='line_1_5' title="bbox 81 1872 214 1896; baseline -0.008 0"><span class='ocrx_word' id='word_1_11' title='bbox 81 1873 95 1885; x_wconf 79' lang='lat'>‘⁸</span> <span class='ocrx_word' id='word_1_12' title='bbox 107 1873 160 1896; x_wconf 76' lang='lat' dir='ltr'>ub.</span> <span class='ocrx_word' id='word_1_13' title='bbox 173 1872 214 1896; x_wconf 86' lang='lat' dir='ltr'>m.</span> 
     </span>
    </p>
   </div>
   <div class='ocr_carea' id='block_1_5' title="bbox 86 2138 295 2163">
    <p class='ocr_par' dir='ltr' id='par_1_5' title="bbox 86 2138 295 2163">
     <span class='ocr_line' id='line_1_6' title="bbox 86 2138 295 2163; baseline 0.005 -1"><span class='ocrx_word' id='word_1_14' title='bbox 86 2139 99 2152; x_wconf 65' lang='lat'>⁴*</span> <span class='ocrx_word' id='word_1_15' title='bbox 105 2138 180 2163; x_wconf 71' lang='lat' dir='ltr'>S.Tlt.</span> <span class='ocrx_word' id='word_1_16' title='bbox 186 2140 232 2162; x_wconf 80' lang='lat' dir='ltr'>lect</span> <span class='ocrx_word' id='word_1_17' title='bbox 239 2145 295 2163; x_wconf 75' lang='lat' dir='ltr'>xxxi.</span> 
     </span>
    </p>
   </div>
   <div class='ocr_carea' id='block_1_6' title="bbox 962 247 1395 296">
    <p class='ocr_par' dir='ltr' id='par_1_6' title="bbox 962 247 1395 296">
     <span class='ocr_line' id='line_1_7' title="bbox 962 247 1395 296; baseline 0.005 -14"><span class='ocrx_word' id='word_1_18' title='bbox 962 247 1226 292; x_wconf 87' lang='lat' dir='ltr'>QUAESTIO</span> <span class='ocrx_word' id='word_1_19' title='bbox 1256 248 1376 284; x_wconf 93' lang='lat' dir='ltr'>XVlII</span> <span class='ocrx_word' id='word_1_20' title='bbox 1385 277 1395 296; x_wconf 88' lang='lat'>,</span> 
     </span>
    </p>
   </div>
   <div class='ocr_carea' id='block_1_7' title="bbox 314 320 1371 795">
    <p class='ocr_par' dir='ltr' id='par_1_7' title="bbox 314 320 1371 795">
     <span class='ocr_line' id='line_1_8' title="bbox 316 320 1371 370; baseline 0.005 -13"><span class='ocrx_word' id='word_1_21' title='bbox 316 320 536 358; x_wconf 88' lang='lat' dir='ltr'>immediata</span> <span class='ocrx_word' id='word_1_22' title='bbox 551 333 639 357; x_wconf 90' lang='lat' dir='ltr'>cum</span> <span class='ocrx_word' id='word_1_23' title='bbox 655 321 830 370; x_wconf 92' lang='lat' dir='ltr'>opposito</span> <span class='ocrx_word' id='word_1_24' title='bbox 845 324 986 361; x_wconf 87' lang='lat' dir='ltr'>habitu.</span> <span class='ocrx_word' id='word_1_25' title='bbox 1004 326 1052 361; x_wconf 90' lang='lat' dir='ltr'>Et</span> <span class='ocrx_word' id='word_1_26' title='bbox 1065 326 1139 361; x_wconf 87' lang='lat' dir='ltr'>hoc</span> <span class='ocrx_word' id='word_1_27' title='bbox 1154 325 1272 362; x_wconf 91' lang='lat' dir='ltr'>modo</span> <span class='ocrx_word' id='word_1_28' title='bbox 1293 337 1371 362; x_wconf 89' lang='lat' dir='ltr'>ma-</span> 
     </span>
     <span class='ocr_line' id='line_1_9' title="bbox 316 373 1369 426; baseline 0.006 -17"><span class='ocrx_word' id='word_1_29' title='bbox 316 374 395 410; x_wconf 91' lang='lat' dir='ltr'>lum</span> <span class='ocrx_word' id='word_1_30' title='bbox 420 379 474 409; x_wconf 88' lang='lat' dir='ltr'>est</span> <span class='ocrx_word' id='word_1_31' title='bbox 491 373 652 422; x_wconf 88' lang='lat' dir='ltr'>privatio</span> <span class='ocrx_word' id='word_1_32' title='bbox 674 375 774 421; x_wconf 88' lang='lat' dir='ltr'>boni,</span> <span class='ocrx_word' id='word_1_33' title='bbox 795 383 837 412; x_wconf 93' lang='lat' dir='ltr'>ut</span> <span class='ocrx_word' id='word_1_34' title='bbox 856 376 1068 426; x_wconf 88' lang='lat' dir='ltr'>Simplicius</span> <span class='ocrx_word' id='word_1_35' title='bbox 1088 377 1175 414; x_wconf 91' lang='lat' dir='ltr'>dicit</span> <span class='ocrx_word' id='word_1_36' title='bbox 1199 378 1237 415; x_wconf 91' lang='lat' dir='ltr'>in</span> <span class='ocrx_word' id='word_1_37' title='bbox 1262 379 1369 415; x_wconf 89' lang='lat' dir='ltr'>Com-</span> 
     </span>
     <span class='ocr_line' id='line_1_10' title="bbox 317 427 1369 478; baseline 0.006 -16"><span class='ocrx_word' id='word_1_38' title='bbox 317 431 439 462; x_wconf 89' lang='lat' dir='ltr'>mento</span> <span class='ocrx_word' id='word_1_39' title='bbox 466 438 579 475; x_wconf 82' lang='lat' dir='ltr'>super</span> <span class='ocrx_word' id='word_1_40' title='bbox 606 427 742 464; x_wconf 86' lang='lat' dir='ltr'>librum</span> <span class='ocrx_word' id='word_1_41' title='bbox 769 429 937 466; x_wconf 85' lang='lat' dir='ltr'>Praedic.</span> <span class='ocrx_word' id='word_1_42' title='bbox 964 430 999 467; x_wconf 77' lang='lat'>*2</span> <span class='ocrx_word' id='word_1_43' title='bbox 1027 430 1115 478; x_wconf 89' lang='lat' dir='ltr'>quia</span> <span class='ocrx_word' id='word_1_44' title='bbox 1142 443 1220 467; x_wconf 92' lang='lat' dir='ltr'>non</span> <span class='ocrx_word' id='word_1_45' title='bbox 1248 438 1369 467; x_wconf 91' lang='lat' dir='ltr'>totum</span> 
     </span>
     <span class='ocr_line' id='line_1_11' title="bbox 317 479 1369 532; baseline 0.005 -16"><span class='ocrx_word' id='word_1_46' title='bbox 317 479 464 516; x_wconf 90' lang='lat' dir='ltr'>bonum</span> <span class='ocrx_word' id='word_1_47' title='bbox 497 479 627 526; x_wconf 90' lang='lat' dir='ltr'>aufert,</span> <span class='ocrx_word' id='word_1_48' title='bbox 648 480 715 516; x_wconf 92' lang='lat' dir='ltr'>sed</span> <span class='ocrx_word' id='word_1_49' title='bbox 748 480 887 530; x_wconf 89' lang='lat' dir='ltr'>aliquid</span> <span class='ocrx_word' id='word_1_50' title='bbox 911 483 1094 531; x_wconf 85' lang='lat' dir='ltr'>relinquit.</span> <span class='ocrx_word' id='word_1_51' title='bbox 1115 484 1226 520; x_wconf 84' lang='lat' dir='ltr'>Unde</span> <span class='ocrx_word' id='word_1_52' title='bbox 1245 491 1369 532; x_wconf 89' lang='lat' dir='ltr'>potest</span> 
     </span>
     <span class='ocr_line' id='line_1_12' title="bbox 318 531 1301 580; baseline 0.006 -13"><span class='ocrx_word' id='word_1_53' title='bbox 318 543 400 568; x_wconf 91' lang='lat' dir='ltr'>esse</span> <span class='ocrx_word' id='word_1_54' title='bbox 420 531 572 580; x_wconf 88' lang='lat' dir='ltr'>aliquod</span> <span class='ocrx_word' id='word_1_55' title='bbox 600 532 769 570; x_wconf 89' lang='lat' dir='ltr'>medium</span> <span class='ocrx_word' id='word_1_56' title='bbox 789 533 884 571; x_wconf 93' lang='lat' dir='ltr'>inter</span> <span class='ocrx_word' id='word_1_57' title='bbox 903 535 1048 572; x_wconf 90' lang='lat' dir='ltr'>bonurn</span> <span class='ocrx_word' id='word_1_58' title='bbox 1077 543 1114 572; x_wconf 89' lang='lat' dir='ltr'>et</span> <span class='ocrx_word' id='word_1_59' title='bbox 1145 537 1301 573; x_wconf 91' lang='lat' dir='ltr'>malum.</span> 
     </span>
     <span class='ocr_line' id='line_1_13' title="bbox 369 586 1367 635; baseline 0.006 -15"><span class='ocrx_word' id='word_1_60' title='bbox 369 586 428 621; x_wconf 84' lang='lat' dir='ltr'>AD</span> <span class='ocrx_word' id='word_1_61' title='bbox 456 595 644 621; x_wconf 80' lang='lat' dir='ltr'>SECUNDUM</span> <span class='ocrx_word' id='word_1_62' title='bbox 678 597 861 624; x_wconf 70' lang='lat' dir='ltr'>mel-:unum</span> <span class='ocrx_word' id='word_1_63' title='bbox 899 589 1004 635; x_wconf 91' lang='lat' dir='ltr'>quod</span> <span class='ocrx_word' id='word_1_64' title='bbox 1033 601 1147 625; x_wconf 91' lang='lat' dir='ltr'>omne</span> <span class='ocrx_word' id='word_1_65' title='bbox 1176 589 1367 626; x_wconf 89' lang='lat' dir='ltr'>obiectum</span> 
     </span>
     <span class='ocr_line' id='line_1_14' title="bbox 315 637 1367 689; baseline 0.005 -15"><span class='ocrx_word' id='word_1_66' title='bbox 315 637 385 689; x_wconf 51' lang='lat' dir='ltr'>vel¹</span> <span class='ocrx_word' id='word_1_67' title='bbox 406 637 492 674; x_wconf 92' lang='lat' dir='ltr'><strong>finis</strong></span> <span class='ocrx_word' id='word_1_68' title='bbox 519 637 634 674; x_wconf 90' lang='lat' dir='ltr'>habet</span> <span class='ocrx_word' id='word_1_69' title='bbox 668 638 833 687; x_wconf 80' lang='lat' dir='ltr'>aliquam</span> <span class='ocrx_word' id='word_1_70' title='bbox 857 641 1063 678; x_wconf 84' lang='lat' dir='ltr'>bonitatem</span> <span class='ocrx_word' id='word_1_71' title='bbox 1082 643 1144 678; x_wconf 91' lang='lat' dir='ltr'>vel</span> <span class='ocrx_word' id='word_1_72' title='bbox 1173 642 1367 689; x_wconf 89' lang='lat' dir='ltr'>malitiam,</span> 
     </span>
     <span class='ocr_line' id='line_1_15' title="bbox 315 690 1370 742; baseline 0.006 -17"><span class='ocrx_word' id='word_1_73' title='bbox 315 690 448 726; x_wconf 87' lang='lat' dir='ltr'>saltem</span> <span class='ocrx_word' id='word_1_74' title='bbox 482 691 709 728; x_wconf 87' lang='lat' dir='ltr'>naturalem:</span> <span class='ocrx_word' id='word_1_75' title='bbox 739 704 817 728; x_wconf 92' lang='lat' dir='ltr'>non</span> <span class='ocrx_word' id='word_1_76' title='bbox 851 701 979 730; x_wconf 90' lang='lat' dir='ltr'>tamen</span> <span class='ocrx_word' id='word_1_77' title='bbox 1014 706 1165 742; x_wconf 84' lang='lat' dir='ltr'><strong>semper</strong></span> <span class='ocrx_word' id='word_1_78' title='bbox 1192 695 1370 742; x_wconf 86' lang='lat' dir='ltr'>importat</span> 
     </span>
     <span class='ocr_line' id='line_1_16' title="bbox 314 741 1369 795; baseline 0.006 -17"><span class='ocrx_word' id='word_1_79' title='bbox 314 741 521 780; x_wconf 86' lang='lat' dir='ltr'>bonitatem</span> <span class='ocrx_word' id='word_1_80' title='bbox 554 744 616 780; x_wconf 93' lang='lat' dir='ltr'>vel</span> <span class='ocrx_word' id='word_1_81' title='bbox 644 744 825 782; x_wconf 91' lang='lat' dir='ltr'>malitiam</span> <span class='ocrx_word' id='word_1_82' title='bbox 853 747 1049 794; x_wconf 87' lang='lat' dir='ltr'>moralem,</span> <span class='ocrx_word' id='word_1_83' title='bbox 1077 759 1174 795; x_wconf 91' lang='lat' dir='ltr'>quae</span> <span class='ocrx_word' id='word_1_84' title='bbox 1195 747 1369 789; x_wconf 74' lang='lat' dir='ltr'>¹conside-</span> 
     </span>
    </p>
   </div>
   <div class='ocr_carea' id='block_1_8' title="bbox 968 808 971 843">
    <p class='ocr_par' dir='ltr' id='par_1_8' title="bbox 968 808 971 843">
     <span class='ocr_line' id='line_1_17' title="bbox 968 808 971 843; baseline 0 0"><span class='ocrx_word' id='word_1_85' title='bbox 968 808 971 843; x_wconf 71' lang='lat'><strong>⁴</strong></span> 
     </span>
    </p>
   </div>
   <div class='ocr_carea' id='block_1_9' title="bbox 319 886 1372 1004">
    <p class='ocr_par' dir='ltr' id='par_1_9' title="bbox 319 886 1372 1004">
     <span class='ocr_line' id='line_1_18' title="bbox 980 886 984 902; baseline 0 0"><span class='ocrx_word' id='word_1_86' title='bbox 980 886 984 902; x_wconf 78' lang='lat' dir='ltr'>l</span> 
     </span>
     <span class='ocr_line' id='line_1_19' title="bbox 319 904 1372 1004; baseline 0.003 -67"><span class='ocrx_word' id='word_1_87' title='bbox 319 918 451 982; x_wconf 77' lang='lat' dir='ltr'>CtRCA</span> <span class='ocrx_word' id='word_1_88' title='bbox 475 914 633 945; x_wconf 87' lang='lat' dir='ltr'>octavum,</span> <span class='ocrx_word' id='word_1_89' title='bbox 655 916 685 940; x_wconf 94' lang='lat' dir='ltr'>et</span> <span class='ocrx_word' id='word_1_90' title='bbox 708 920 831 941; x_wconf 88' lang='lat' dir='ltr'>nonum</span> <span class='ocrx_word' id='word_1_91' title='bbox 852 904 1017 1004; x_wconf 50' lang='lat' dir='ltr'>praecipite</span> <span class='ocrx_word' id='word_1_92' title='bbox 1042 911 1218 948; x_wconf 87' lang='lat' dir='ltr'>articulum,</span> <span class='ocrx_word' id='word_1_93' title='bbox 1240 911 1372 941; x_wconf 90' lang='lat' dir='ltr'>dubium</span> 
     </span>
    </p>
   </div>
   <div class='ocr_carea' id='block_1_10' title="bbox 315 952 1388 2706">
    <p class='ocr_par' dir='ltr' id='par_1_10' title="bbox 315 952 1374 1206">
     <span class='ocr_line' id='line_1_20' title="bbox 383 952 1372 986; baseline 0.004 -5"><span class='ocrx_word' id='word_1_94' title='bbox 383 952 517 983; x_wconf 90' lang='lat' dir='ltr'>occurrit</span> <span class='ocrx_word' id='word_1_95' title='bbox 535 953 574 982; x_wconf 90' lang='lat' dir='ltr'>de</span> <span class='ocrx_word' id='word_1_96' title='bbox 596 953 649 983; x_wconf 91' lang='lat' dir='ltr'>illa</span> <span class='ocrx_word' id='word_1_97' title='bbox 668 954 883 985; x_wconf 88' lang='lat' dir='ltr'>conditionali:</span> <span class='ocrx_word' id='word_1_98' title='bbox 909 956 944 985; x_wconf 89' lang='lat' dir='ltr'>Si</span> <span class='ocrx_word' id='word_1_99' title='bbox 963 961 1053 986; x_wconf 85' lang='lat' dir='ltr'>actus</span> <span class='ocrx_word' id='word_1_100' title='bbox 1071 966 1091 986; x_wconf 91' lang='lat' dir='ltr'>a</span> <span class='ocrx_word' id='word_1_101' title='bbox 1115 957 1238 986; x_wconf 85' lang='lat' dir='ltr'>ratione</span> <span class='ocrx_word' id='word_1_102' title='bbox 1260 955 1372 985; x_wconf 88' lang='lat' dir='ltr'>delibe-</span> 
     </span>
     <span class='ocr_line' id='line_1_21' title="bbox 316 996 1374 1040; baseline 0.003 -14"><span class='ocrx_word' id='word_1_103' title='bbox 316 997 421 1028; x_wconf 83' lang='lat' dir='ltr'>rativa</span> <span class='ocrx_word' id='word_1_104' title='bbox 437 996 616 1036; x_wconf 81' lang='lat' dir='ltr'>procedens</span> <span class='ocrx_word' id='word_1_105' title='bbox 639 1007 701 1028; x_wconf 90' lang='lat' dir='ltr'>non</span> <span class='ocrx_word' id='word_1_106' title='bbox 725 1000 765 1029; x_wconf 86' lang='lat' dir='ltr'>sit</span> <span class='ocrx_word' id='word_1_107' title='bbox 787 999 830 1030; x_wconf 84' lang='lat' dir='ltr'>ad</span> <span class='ocrx_word' id='word_1_108' title='bbox 852 999 988 1030; x_wconf 89' lang='lat' dir='ltr'>debitum</span> <span class='ocrx_word' id='word_1_109' title='bbox 1003 1000 1106 1040; x_wconf 89' lang='lat' dir='ltr'>finem</span> <span class='ocrx_word' id='word_1_110' title='bbox 1131 999 1312 1037; x_wconf 89' lang='lat' dir='ltr'>ordinatus,</span> <span class='ocrx_word' id='word_1_111' title='bbox 1333 1008 1374 1029; x_wconf 88' lang='lat' dir='ltr'>ex</span> 
     </span>
     <span class='ocr_line' id='line_1_22' title="bbox 316 1040 1374 1083; baseline 0.004 -13"><span class='ocrx_word' id='word_1_112' title='bbox 316 1040 375 1071; x_wconf 84' lang='lat' dir='ltr'>hoc</span> <span class='ocrx_word' id='word_1_113' title='bbox 398 1041 463 1080; x_wconf 82' lang='lat' dir='ltr'>ipso</span> <span class='ocrx_word' id='word_1_114' title='bbox 486 1047 647 1082; x_wconf 83' lang='lat' dir='ltr'>repugnat</span> <span class='ocrx_word' id='word_1_115' title='bbox 663 1043 790 1080; x_wconf 80' lang='lat' dir='ltr'>rationi,</span> <span class='ocrx_word' id='word_1_116' title='bbox 807 1048 837 1073; x_wconf 87' lang='lat' dir='ltr'>et</span> <span class='ocrx_word' id='word_1_117' title='bbox 851 1043 943 1074; x_wconf 84' lang='lat' dir='ltr'>habet</span> <span class='ocrx_word' id='word_1_118' title='bbox 965 1045 1119 1074; x_wconf 87' lang='lat' dir='ltr'>rationem</span> <span class='ocrx_word' id='word_1_119' title='bbox 1140 1044 1216 1073; x_wconf 88' lang='lat' dir='ltr'>mali</span> <span class='ocrx_word' id='word_1_120' title='bbox 1229 1043 1255 1073; x_wconf 89' lang='lat'>*.</span> <span class='ocrx_word' id='word_1_121' title='bbox 1273 1043 1374 1083; x_wconf 86' lang='lat' dir='ltr'>Super</span> 
     </span>
     <span class='ocr_line' id='line_1_23' title="bbox 315 1084 1373 1126; baseline 0.003 -12"><span class='ocrx_word' id='word_1_122' title='bbox 315 1084 374 1115; x_wconf 88' lang='lat' dir='ltr'>hac</span> <span class='ocrx_word' id='word_1_123' title='bbox 402 1094 540 1126; x_wconf 90' lang='lat' dir='ltr'>namque</span> <span class='ocrx_word' id='word_1_124' title='bbox 568 1085 786 1126; x_wconf 88' lang='lat' dir='ltr'>propositione</span> <span class='ocrx_word' id='word_1_125' title='bbox 815 1086 965 1118; x_wconf 87' lang='lat' dir='ltr'>fundatur</span> <span class='ocrx_word' id='word_1_126' title='bbox 988 1087 1129 1118; x_wconf 86' lang='lat' dir='ltr'>doctrina</span> <span class='ocrx_word' id='word_1_127' title='bbox 1151 1087 1299 1118; x_wconf 90' lang='lat' dir='ltr'>Auctoris</span> <span class='ocrx_word' id='word_1_128' title='bbox 1319 1097 1373 1117; x_wconf 92' lang='lat' dir='ltr'>ne-</span> 
     </span>
     <span class='ocr_line' id='line_1_24' title="bbox 315 1128 1372 1168; baseline 0.003 -10"><span class='ocrx_word' id='word_1_129' title='bbox 315 1128 416 1168; x_wconf 86' lang='lat' dir='ltr'>gantis</span> <span class='ocrx_word' id='word_1_130' title='bbox 433 1128 499 1159; x_wconf 88' lang='lat' dir='ltr'>dari</span> <span class='ocrx_word' id='word_1_131' title='bbox 514 1129 546 1159; x_wconf 90' lang='lat' dir='ltr'>in</span> <span class='ocrx_word' id='word_1_132' title='bbox 565 1129 728 1160; x_wconf 90' lang='lat' dir='ltr'>individuo</span> <span class='ocrx_word' id='word_1_133' title='bbox 744 1137 851 1165; x_wconf 84' lang='lat' dir='ltr'>actum</span> <span class='ocrx_word' id='word_1_134' title='bbox 869 1131 1047 1162; x_wconf 90' lang='lat' dir='ltr'>humanum</span> <span class='ocrx_word' id='word_1_135' title='bbox 1064 1131 1299 1167; x_wconf 83' lang='lat' dir='ltr'>indifferentem,</span> <span class='ocrx_word' id='word_1_136' title='bbox 1317 1141 1372 1161; x_wconf 92' lang='lat' dir='ltr'>seu</span> 
     </span>
     <span class='ocr_line' id='line_1_25' title="bbox 317 1172 1090 1206; baseline 0.005 -4"><span class='ocrx_word' id='word_1_137' title='bbox 317 1172 459 1203; x_wconf 89' lang='lat' dir='ltr'>medium</span> <span class='ocrx_word' id='word_1_138' title='bbox 478 1173 558 1203; x_wconf 91' lang='lat' dir='ltr'>inter</span> <span class='ocrx_word' id='word_1_139' title='bbox 579 1174 703 1204; x_wconf 90' lang='lat' dir='ltr'>bonum</span> <span class='ocrx_word' id='word_1_140' title='bbox 727 1181 757 1205; x_wconf 91' lang='lat' dir='ltr'>et</span> <span class='ocrx_word' id='word_1_141' title='bbox 779 1175 901 1205; x_wconf 89' lang='lat' dir='ltr'>malum</span> <span class='ocrx_word' id='word_1_142' title='bbox 924 1176 1090 1206; x_wconf 87' lang='lat' dir='ltr'>moraliter.</span> 
     </span>
    </p>

    <p class='ocr_par' dir='ltr' id='par_1_11' title="bbox 317 1217 1373 1336">
     <span class='ocr_line' id='line_1_26' title="bbox 384 1217 1371 1258; baseline 0.001 -11"><span class='ocrx_word' id='word_1_143' title='bbox 384 1217 422 1247; x_wconf 94' lang='lat'>11.</span> <span class='ocrx_word' id='word_1_144' title='bbox 446 1217 487 1247; x_wconf 94' lang='lat' dir='ltr'>Et</span> <span class='ocrx_word' id='word_1_145' title='bbox 510 1217 639 1257; x_wconf 90' lang='lat' dir='ltr'>quidem</span> <span class='ocrx_word' id='word_1_146' title='bbox 666 1218 789 1254; x_wconf 90' lang='lat' dir='ltr'>Scotus,</span> <span class='ocrx_word' id='word_1_147' title='bbox 813 1218 846 1248; x_wconf 92' lang='lat' dir='ltr'>in</span> <span class='ocrx_word' id='word_1_148' title='bbox 870 1219 896 1248; x_wconf 95' lang='lat' dir='ltr'>II</span> <span class='ocrx_word' id='word_1_149' title='bbox 921 1219 1019 1258; x_wconf 64' lang='lat' dir='ltr'>Sem„</span> <span class='ocrx_word' id='word_1_150' title='bbox 1045 1219 1115 1249; x_wconf 89' lang='lat' dir='ltr'>dist.</span> <span class='ocrx_word' id='word_1_151' title='bbox 1136 1229 1195 1255; x_wconf 76' lang='lat' dir='ltr'>xm,</span> <span class='ocrx_word' id='word_1_152' title='bbox 1221 1218 1371 1249; x_wconf 88' lang='lat' dir='ltr'>sustinere</span> 
     </span>
     <span class='ocr_line' id='line_1_27' title="bbox 318 1261 1373 1302; baseline 0.001 -11"><span class='ocrx_word' id='word_1_153' title='bbox 318 1267 450 1292; x_wconf 89' lang='lat' dir='ltr'>conatur</span> <span class='ocrx_word' id='word_1_154' title='bbox 465 1261 651 1302; x_wconf 90' lang='lat' dir='ltr'>oppositum</span> <span class='ocrx_word' id='word_1_155' title='bbox 670 1262 839 1302; x_wconf 82' lang='lat' dir='ltr'>tripliciter.</span> <span class='ocrx_word' id='word_1_156' title='bbox 859 1262 977 1298; x_wconf 90' lang='lat' dir='ltr'>Primo,</span> <span class='ocrx_word' id='word_1_157' title='bbox 995 1263 1069 1302; x_wconf 89' lang='lat' dir='ltr'>quia</span> <span class='ocrx_word' id='word_1_158' title='bbox 1085 1273 1150 1293; x_wconf 89' lang='lat' dir='ltr'>non</span> <span class='ocrx_word' id='word_1_159' title='bbox 1167 1263 1271 1292; x_wconf 90' lang='lat' dir='ltr'>omnis</span> <span class='ocrx_word' id='word_1_160' title='bbox 1286 1269 1373 1292; x_wconf 85' lang='lat' dir='ltr'>actus</span> 
     </span>
     <span class='ocr_line' id='line_1_28' title="bbox 317 1303 1371 1336; baseline 0 -1"><span class='ocrx_word' id='word_1_161' title='bbox 317 1305 476 1335; x_wconf 89' lang='lat' dir='ltr'>humanus</span> <span class='ocrx_word' id='word_1_162' title='bbox 501 1305 593 1335; x_wconf 91' lang='lat' dir='ltr'>debet</span> <span class='ocrx_word' id='word_1_163' title='bbox 614 1305 728 1335; x_wconf 89' lang='lat' dir='ltr'>habere</span> <span class='ocrx_word' id='word_1_164' title='bbox 751 1303 937 1336; x_wconf 90' lang='lat' dir='ltr'>huiusmodi</span> <span class='ocrx_word' id='word_1_165' title='bbox 955 1306 1129 1336; x_wconf 88' lang='lat' dir='ltr'>bonitatem</span> <span class='ocrx_word' id='word_1_166' title='bbox 1143 1306 1192 1335; x_wconf 88' lang='lat' dir='ltr'>vel</span> <span class='ocrx_word' id='word_1_167' title='bbox 1210 1306 1371 1336; x_wconf 90' lang='lat' dir='ltr'>malitiam.</span> 
     </span>
    </p>

    <p class='ocr_par' dir='ltr' id='par_1_12' title="bbox 317 1348 1374 1475">
     <span class='ocr_line' id='line_1_29' title="bbox 383 1348 1373 1389; baseline 0 -11"><span class='ocrx_word' id='word_1_168' title='bbox 383 1349 540 1384; x_wconf 88' lang='lat' dir='ltr'>Secundo,</span> <span class='ocrx_word' id='word_1_169' title='bbox 565 1348 639 1388; x_wconf 89' lang='lat' dir='ltr'>quia</span> <span class='ocrx_word' id='word_1_170' title='bbox 662 1355 759 1385; x_wconf 84' lang='lat' dir='ltr'>actus,</span> <span class='ocrx_word' id='word_1_171' title='bbox 784 1359 821 1378; x_wconf 84' lang='lat' dir='ltr'>ex</span> <span class='ocrx_word' id='word_1_172' title='bbox 839 1349 955 1389; x_wconf 89' lang='lat' dir='ltr'>quibus</span> <span class='ocrx_word' id='word_1_173' title='bbox 976 1349 1011 1379; x_wconf 93' lang='lat' dir='ltr'>fit</span> <span class='ocrx_word' id='word_1_174' title='bbox 1026 1349 1151 1379; x_wconf 88' lang='lat' dir='ltr'>habitus</span> <span class='ocrx_word' id='word_1_175' title='bbox 1165 1349 1288 1380; x_wconf 86' lang='lat' dir='ltr'>virtutis</span> <span class='ocrx_word' id='word_1_176' title='bbox 1303 1359 1373 1379; x_wconf 90' lang='lat' dir='ltr'>mo-</span> 
     </span>
     <span class='ocr_line' id='line_1_30' title="bbox 317 1391 1374 1432; baseline 0 -10"><span class='ocrx_word' id='word_1_177' title='bbox 317 1392 400 1428; x_wconf 85' lang='lat' dir='ltr'>ralis,</span> <span class='ocrx_word' id='word_1_178' title='bbox 424 1401 491 1422; x_wconf 84' lang='lat' dir='ltr'>non</span> <span class='ocrx_word' id='word_1_179' title='bbox 514 1398 571 1427; x_wconf 42' lang='lat' dir='ltr'>est„</span> <span class='ocrx_word' id='word_1_180' title='bbox 581 1391 695 1427; x_wconf 80' lang='lat' dir='ltr'>malus,</span> <span class='ocrx_word' id='word_1_181' title='bbox 720 1400 755 1422; x_wconf 92' lang='lat' dir='ltr'>ut</span> <span class='ocrx_word' id='word_1_182' title='bbox 777 1399 880 1431; x_wconf 83' lang='lat' dir='ltr'>patet;</span> <span class='ocrx_word' id='word_1_183' title='bbox 905 1402 962 1423; x_wconf 90' lang='lat' dir='ltr'>nec</span> <span class='ocrx_word' id='word_1_184' title='bbox 985 1393 1088 1423; x_wconf 91' lang='lat' dir='ltr'>bonus</span> <span class='ocrx_word' id='word_1_185' title='bbox 1112 1393 1279 1428; x_wconf 86' lang='lat' dir='ltr'>moraliter,</span> <span class='ocrx_word' id='word_1_186' title='bbox 1300 1393 1374 1432; x_wconf 91' lang='lat' dir='ltr'>quia</span> 
     </span>
     <span class='ocr_line' id='line_1_31' title="bbox 317 1435 915 1475; baseline -0.002 -8"><span class='ocrx_word' id='word_1_187' title='bbox 317 1440 514 1467; x_wconf 57' lang='lat' dir='ltr'>non‘es&#39;t‘ex</span> <span class='ocrx_word' id='word_1_188' title='bbox 536 1435 649 1465; x_wconf 88' lang='lat' dir='ltr'>virtute</span> <span class='ocrx_word' id='word_1_189' title='bbox 673 1435 795 1466; x_wconf 88' lang='lat' dir='ltr'>morali.</span> <span class='ocrx_word' id='word_1_190' title='bbox 820 1436 915 1475; x_wconf 89' lang='lat' dir='ltr'>Ergo.</span> 
     </span>
    </p>

    <p class='ocr_par' dir='ltr' id='par_1_13' title="bbox 317 1478 1378 1686">
     <span class='ocr_line' id='line_1_32' title="bbox 383 1478 1375 1519; baseline 0.001 -11"><span class='ocrx_word' id='word_1_191' title='bbox 383 1478 504 1514; x_wconf 89' lang='lat' dir='ltr'>Tertio,</span> <span class='ocrx_word' id='word_1_192' title='bbox 528 1478 603 1518; x_wconf 89' lang='lat' dir='ltr'>quia</span> <span class='ocrx_word' id='word_1_193' title='bbox 626 1478 744 1509; x_wconf 82' lang='lat' dir='ltr'>habens</span> <span class='ocrx_word' id='word_1_194' title='bbox 767 1479 915 1510; x_wconf 89' lang='lat' dir='ltr'>virtutem</span> <span class='ocrx_word' id='word_1_195' title='bbox 938 1490 1005 1510; x_wconf 88' lang='lat' dir='ltr'>non</span> <span class='ocrx_word' id='word_1_196' title='bbox 1028 1490 1153 1519; x_wconf 87' lang='lat' dir='ltr'>semper</span> <span class='ocrx_word' id='word_1_197' title='bbox 1175 1486 1298 1510; x_wconf 90' lang='lat' dir='ltr'>tenetur</span> <span class='ocrx_word' id='word_1_198' title='bbox 1322 1479 1375 1509; x_wconf 90' lang='lat' dir='ltr'>illa</span> 
     </span>
     <span class='ocr_line' id='line_1_33' title="bbox 318 1522 1376 1564; baseline 0.001 -12"><span class='ocrx_word' id='word_1_199' title='bbox 318 1522 381 1552; x_wconf 80' lang='lat' dir='ltr'>uti:</span> <span class='ocrx_word' id='word_1_200' title='bbox 405 1532 442 1552; x_wconf 88' lang='lat' dir='ltr'>ac</span> <span class='ocrx_word' id='word_1_201' title='bbox 464 1532 521 1562; x_wconf 91' lang='lat' dir='ltr'>per</span> <span class='ocrx_word' id='word_1_202' title='bbox 542 1522 614 1558; x_wconf 90' lang='lat' dir='ltr'>hoc,</span> <span class='ocrx_word' id='word_1_203' title='bbox 631 1529 735 1562; x_wconf 88' lang='lat' dir='ltr'>potest</span> <span class='ocrx_word' id='word_1_204' title='bbox 758 1524 951 1564; x_wconf 85' lang='lat' dir='ltr'>quandoque</span> <span class='ocrx_word' id='word_1_205' title='bbox 974 1524 1096 1563; x_wconf 88' lang='lat' dir='ltr'>operari</span> <span class='ocrx_word' id='word_1_206' title='bbox 1115 1533 1180 1553; x_wconf 92' lang='lat' dir='ltr'>non</span> <span class='ocrx_word' id='word_1_207' title='bbox 1197 1523 1288 1559; x_wconf 89' lang='lat' dir='ltr'>male,</span> <span class='ocrx_word' id='word_1_208' title='bbox 1310 1533 1376 1553; x_wconf 92' lang='lat' dir='ltr'>non</span> 
     </span>
     <span class='ocr_line' id='line_1_34' title="bbox 318 1566 1375 1606; baseline 0.001 -10"><span class='ocrx_word' id='word_1_209' title='bbox 318 1567 437 1597; x_wconf 91' lang='lat' dir='ltr'>utendo</span> <span class='ocrx_word' id='word_1_210' title='bbox 467 1566 591 1597; x_wconf 91' lang='lat' dir='ltr'>virtute.</span> <span class='ocrx_word' id='word_1_211' title='bbox 616 1584 636 1588; x_wconf 89' lang='lat'><em>-</em></span> <span class='ocrx_word' id='word_1_212' title='bbox 654 1567 720 1597; x_wconf 86' lang='lat' dir='ltr'>Nec</span> <span class='ocrx_word' id='word_1_213' title='bbox 748 1567 839 1606; x_wconf 90' lang='lat' dir='ltr'>ponit</span> <span class='ocrx_word' id='word_1_214' title='bbox 866 1568 972 1598; x_wconf 88' lang='lat' dir='ltr'>solum</span> <span class='ocrx_word' id='word_1_215' title='bbox 999 1574 1104 1598; x_wconf 89' lang='lat' dir='ltr'>actum</span> <span class='ocrx_word' id='word_1_216' title='bbox 1133 1567 1375 1603; x_wconf 88' lang='lat' dir='ltr'>indifferentem;</span> 
     </span>
     <span class='ocr_line' id='line_1_35' title="bbox 318 1610 1378 1651; baseline -0.001 -9"><span class='ocrx_word' id='word_1_217' title='bbox 318 1610 374 1642; x_wconf 74' lang='lat' dir='ltr'>sed</span> <span class='ocrx_word' id='word_1_218' title='bbox 395 1610 490 1641; x_wconf 88' lang='lat' dir='ltr'>etiam</span> <span class='ocrx_word' id='word_1_219' title='bbox 512 1610 656 1640; x_wconf 90' lang='lat' dir='ltr'>habitum</span> <span class='ocrx_word' id='word_1_220' title='bbox 679 1610 916 1648; x_wconf 87' lang='lat' dir='ltr'>indifferentem,</span> <span class='ocrx_word' id='word_1_221' title='bbox 933 1619 1116 1651; x_wconf 86' lang='lat' dir='ltr'>generatum</span> <span class='ocrx_word' id='word_1_222' title='bbox 1136 1621 1172 1641; x_wconf 81' lang='lat' dir='ltr'>ex</span> <span class='ocrx_word' id='word_1_223' title='bbox 1194 1611 1378 1641; x_wconf 92' lang='lat' dir='ltr'>huiusmodi</span> 
     </span>
     <span class='ocr_line' id='line_1_36' title="bbox 317 1654 641 1686; baseline -0.012 0"><span class='ocrx_word' id='word_1_224' title='bbox 317 1654 438 1686; x_wconf 83' lang='lat' dir='ltr'>actibus</span> <span class='ocrx_word' id='word_1_225' title='bbox 460 1654 488 1684; x_wconf 86' lang='lat'>*.</span> <span class='ocrx_word' id='word_1_226' title='bbox 636 1660 641 1664; x_wconf 88' lang='grc'>·</span> 
     </span>
    </p>

    <p class='ocr_par' dir='ltr' id='par_1_14' title="bbox 320 1697 1380 2258">
     <span class='ocr_line' id='line_1_37' title="bbox 373 1697 1379 1740; baseline 0 -12"><span class='ocrx_word' id='word_1_227' title='bbox 373 1698 474 1729; x_wconf 88' lang='lat' dir='ltr'>111.1n</span> <span class='ocrx_word' id='word_1_228' title='bbox 493 1697 666 1734; x_wconf 86' lang='lat' dir='ltr'>Quolibetis</span> <span class='ocrx_word' id='word_1_229' title='bbox 680 1709 820 1740; x_wconf 90' lang='lat' dir='ltr'>quoque,</span> <span class='ocrx_word' id='word_1_230' title='bbox 838 1710 891 1740; x_wconf 92' lang='lat' dir='ltr'>qu.</span> <span class='ocrx_word' id='word_1_231' title='bbox 908 1699 1019 1735; x_wconf 92' lang='lat' dir='ltr'>XVIII,</span> <span class='ocrx_word' id='word_1_232' title='bbox 1037 1706 1092 1733; x_wconf 85' lang='lat' dir='ltr'>art.</span> <span class='ocrx_word' id='word_1_233' title='bbox 1112 1710 1136 1735; x_wconf 88' lang='lat'>1,</span> <span class='ocrx_word' id='word_1_234' title='bbox 1154 1699 1268 1729; x_wconf 90' lang='lat' dir='ltr'>directe</span> <span class='ocrx_word' id='word_1_235' title='bbox 1285 1698 1379 1729; x_wconf 89' lang='lat' dir='ltr'>etiam</span> 
     </span>
     <span class='ocr_line' id='line_1_38' title="bbox 321 1742 1379 1783; baseline -0.001 -10"><span class='ocrx_word' id='word_1_236' title='bbox 321 1749 429 1773; x_wconf 88' lang='lat' dir='ltr'>contra</span> <span class='ocrx_word' id='word_1_237' title='bbox 450 1742 532 1772; x_wconf 91' lang='lat' dir='ltr'>hanc</span> <span class='ocrx_word' id='word_1_238' title='bbox 552 1742 798 1773; x_wconf 85' lang='lat' dir='ltr'>conditionalem</span> <span class='ocrx_word' id='word_1_239' title='bbox 821 1743 957 1774; x_wconf 87' lang='lat' dir='ltr'>somniat</span> <span class='ocrx_word' id='word_1_240' title='bbox 980 1743 1134 1783; x_wconf 84' lang='lat' dir='ltr'>triplicem</span> <span class='ocrx_word' id='word_1_241' title='bbox 1154 1749 1260 1773; x_wconf 87' lang='lat' dir='ltr'>actum</span> <span class='ocrx_word' id='word_1_242' title='bbox 1280 1749 1310 1772; x_wconf 92' lang='lat' dir='ltr'>et</span> <span class='ocrx_word' id='word_1_243' title='bbox 1325 1742 1379 1772; x_wconf 87' lang='lat' dir='ltr'>ha-</span> 
     </span>
     <span class='ocr_line' id='line_1_39' title="bbox 320 1786 1378 1827; baseline -0.002 -9"><span class='ocrx_word' id='word_1_244' title='bbox 320 1787 437 1818; x_wconf 85' lang='lat' dir='ltr'>bitum:</span> <span class='ocrx_word' id='word_1_245' title='bbox 462 1786 579 1817; x_wconf 91' lang='lat' dir='ltr'>scilicet</span> <span class='ocrx_word' id='word_1_246' title='bbox 601 1787 734 1823; x_wconf 90' lang='lat' dir='ltr'>bonum,</span> <span class='ocrx_word' id='word_1_247' title='bbox 751 1794 781 1818; x_wconf 91' lang='lat' dir='ltr'>et</span> <span class='ocrx_word' id='word_1_248' title='bbox 795 1788 916 1818; x_wconf 89' lang='lat' dir='ltr'>malum</span> <span class='ocrx_word' id='word_1_249' title='bbox 939 1787 1098 1827; x_wconf 86' lang='lat' dir='ltr'>privative,</span> <span class='ocrx_word' id='word_1_250' title='bbox 1114 1794 1144 1817; x_wconf 90' lang='lat' dir='ltr'>et</span> <span class='ocrx_word' id='word_1_251' title='bbox 1160 1787 1280 1817; x_wconf 89' lang='lat' dir='ltr'>malum</span> <span class='ocrx_word' id='word_1_252' title='bbox 1305 1796 1378 1817; x_wconf 90' lang='lat' dir='ltr'>con-</span> 
     </span>
     <span class='ocr_line' id='line_1_40' title="bbox 321 1830 1377 1871; baseline -0.001 -9"><span class='ocrx_word' id='word_1_253' title='bbox 321 1831 422 1862; x_wconf 84' lang='lat' dir='ltr'>trarie.</span> <span class='ocrx_word' id='word_1_254' title='bbox 440 1830 628 1870; x_wconf 89' lang='lat' dir='ltr'>Fundatque</span> <span class='ocrx_word' id='word_1_255' title='bbox 644 1841 676 1861; x_wconf 91' lang='lat' dir='ltr'>se</span> <span class='ocrx_word' id='word_1_256' title='bbox 692 1841 786 1871; x_wconf 90' lang='lat' dir='ltr'>super</span> <span class='ocrx_word' id='word_1_257' title='bbox 798 1831 887 1862; x_wconf 92' lang='lat' dir='ltr'>dictis</span> <span class='ocrx_word' id='word_1_258' title='bbox 902 1831 1013 1867; x_wconf 91' lang='lat' dir='ltr'>Boetii‚</span> <span class='ocrx_word' id='word_1_259' title='bbox 1026 1841 1123 1871; x_wconf 83' lang='lat' dir='ltr'>super</span> <span class='ocrx_word' id='word_1_260' title='bbox 1136 1830 1377 1861; x_wconf 87' lang='lat' dir='ltr'>Praedicamen-</span> 
     </span>
     <span class='ocr_line' id='line_1_41' title="bbox 323 1874 1378 1914; baseline -0.002 -8"><span class='ocrx_word' id='word_1_261' title='bbox 323 1876 363 1906; x_wconf 75' lang='lat' dir='ltr'>tis</span> <span class='ocrx_word' id='word_1_262' title='bbox 373 1875 400 1911; x_wconf 83' lang='lat'>*,</span> <span class='ocrx_word' id='word_1_263' title='bbox 411 1874 444 1904; x_wconf 91' lang='lat' dir='ltr'>in</span> <span class='ocrx_word' id='word_1_264' title='bbox 456 1874 558 1914; x_wconf 87' lang='lat' dir='ltr'>prima</span> <span class='ocrx_word' id='word_1_265' title='bbox 571 1875 762 1914; x_wconf 84' lang='lat' dir='ltr'>proprietate</span> <span class='ocrx_word' id='word_1_266' title='bbox 781 1875 957 1912; x_wconf 89' lang='lat' dir='ltr'>Qualitatis‚</span> <span class='ocrx_word' id='word_1_267' title='bbox 970 1875 1103 1906; x_wconf 92' lang='lat' dir='ltr'>volentis</span> <span class='ocrx_word' id='word_1_268' title='bbox 1115 1875 1299 1905; x_wconf 86' lang='lat' dir='ltr'>iniustitiam</span> <span class='ocrx_word' id='word_1_269' title='bbox 1312 1885 1378 1905; x_wconf 92' lang='lat' dir='ltr'>non</span> 
     </span>
     <span class='ocr_line' id='line_1_42' title="bbox 322 1918 1379 1960; baseline -0.002 -10"><span class='ocrx_word' id='word_1_270' title='bbox 322 1918 542 1960; x_wconf 79' lang='lat' dir='ltr'>privationem,</span> <span class='ocrx_word' id='word_1_271' title='bbox 567 1918 623 1948; x_wconf 89' lang='lat' dir='ltr'>sed</span> <span class='ocrx_word' id='word_1_272' title='bbox 645 1919 838 1950; x_wconf 88' lang='lat' dir='ltr'>contrarium</span> <span class='ocrx_word' id='word_1_273' title='bbox 861 1919 996 1950; x_wconf 90' lang='lat' dir='ltr'>iustitiae</span> <span class='ocrx_word' id='word_1_274' title='bbox 1020 1918 1206 1959; x_wconf 85' lang='lat' dir='ltr'>significare:</span> <span class='ocrx_word' id='word_1_275' title='bbox 1232 1925 1261 1949; x_wconf 89' lang='lat' dir='ltr'>et</span> <span class='ocrx_word' id='word_1_276' title='bbox 1285 1929 1379 1959; x_wconf 89' lang='lat' dir='ltr'>super</span> 
     </span>
     <span class='ocr_line' id='line_1_43' title="bbox 322 1962 1377 2003; baseline 0.001 -10"><span class='ocrx_word' id='word_1_277' title='bbox 322 1962 444 1995; x_wconf 87' lang='lat' dir='ltr'>ratione</span> <span class='ocrx_word' id='word_1_278' title='bbox 467 1962 675 1994; x_wconf 88' lang='lat' dir='ltr'>distinctionis</span> <span class='ocrx_word' id='word_1_279' title='bbox 697 1963 776 1994; x_wconf 90' lang='lat' dir='ltr'>inter</span> <span class='ocrx_word' id='word_1_280' title='bbox 795 1963 945 2003; x_wconf 86' lang='lat' dir='ltr'>privative</span> <span class='ocrx_word' id='word_1_281' title='bbox 962 1970 991 1994; x_wconf 92' lang='lat' dir='ltr'>et</span> <span class='ocrx_word' id='word_1_282' title='bbox 1007 1963 1159 1994; x_wconf 87' lang='lat' dir='ltr'>contrarie</span> <span class='ocrx_word' id='word_1_283' title='bbox 1182 1963 1377 2002; x_wconf 85' lang='lat' dir='ltr'>oppositum.</span> 
     </span>
     <span class='ocr_line' id='line_1_44' title="bbox 323 2006 1378 2048; baseline -0.001 -11"><span class='ocrx_word' id='word_1_284' title='bbox 323 2007 365 2038; x_wconf 92' lang='lat' dir='ltr'>Et</span> <span class='ocrx_word' id='word_1_285' title='bbox 387 2016 530 2046; x_wconf 84' lang='lat' dir='ltr'>expresse</span> <span class='ocrx_word' id='word_1_286' title='bbox 546 2006 620 2037; x_wconf 88' lang='lat' dir='ltr'>dicit</span> <span class='ocrx_word' id='word_1_287' title='bbox 634 2007 732 2047; x_wconf 91' lang='lat' dir='ltr'>quod,</span> <span class='ocrx_word' id='word_1_288' title='bbox 748 2007 774 2037; x_wconf 92' lang='lat' dir='ltr'>si</span> <span class='ocrx_word' id='word_1_289' title='bbox 789 2007 860 2048; x_wconf 90' lang='lat' dir='ltr'>quis</span> <span class='ocrx_word' id='word_1_290' title='bbox 875 2014 982 2039; x_wconf 91' lang='lat' dir='ltr'>actum</span> <span class='ocrx_word' id='word_1_291' title='bbox 1000 2017 1066 2038; x_wconf 92' lang='lat' dir='ltr'>non</span> <span class='ocrx_word' id='word_1_292' title='bbox 1083 2007 1205 2037; x_wconf 91' lang='lat' dir='ltr'>ordinet</span> <span class='ocrx_word' id='word_1_293' title='bbox 1225 2007 1264 2037; x_wconf 88' lang='lat' dir='ltr'>ad</span> <span class='ocrx_word' id='word_1_294' title='bbox 1282 2006 1378 2037; x_wconf 87' lang='lat' dir='ltr'>finem</span> 
     </span>
     <span class='ocr_line' id='line_1_45' title="bbox 325 2050 1379 2091; baseline -0.001 -9"><span class='ocrx_word' id='word_1_295' title='bbox 325 2050 479 2086; x_wconf 80' lang='lat' dir='ltr'>debitum,</span> <span class='ocrx_word' id='word_1_296' title='bbox 510 2050 580 2081; x_wconf 88' lang='lat' dir='ltr'>talis</span> <span class='ocrx_word' id='word_1_297' title='bbox 604 2058 650 2081; x_wconf 88' lang='lat' dir='ltr'>est</span> <span class='ocrx_word' id='word_1_298' title='bbox 672 2051 775 2081; x_wconf 86' lang='lat' dir='ltr'>malus</span> <span class='ocrx_word' id='word_1_299' title='bbox 802 2051 966 2091; x_wconf 88' lang='lat' dir='ltr'>privative,</span> <span class='ocrx_word' id='word_1_300' title='bbox 995 2062 1060 2081; x_wconf 91' lang='lat' dir='ltr'>non</span> <span class='ocrx_word' id='word_1_301' title='bbox 1085 2051 1252 2082; x_wconf 88' lang='lat' dir='ltr'>contrarie:</span> <span class='ocrx_word' id='word_1_302' title='bbox 1276 2052 1330 2081; x_wconf 91' lang='lat' dir='ltr'>sed</span> <span class='ocrx_word' id='word_1_303' title='bbox 1354 2051 1379 2081; x_wconf 90' lang='lat' dir='ltr'>si</span> 
     </span>
     <span class='ocr_line' id='line_1_46' title="bbox 325 2094 1377 2130; baseline 0.001 -5"><span class='ocrx_word' id='word_1_304' title='bbox 325 2095 487 2126; x_wconf 87' lang='lat' dir='ltr'>ordinetur</span> <span class='ocrx_word' id='word_1_305' title='bbox 510 2095 550 2125; x_wconf 87' lang='lat' dir='ltr'>ad</span> <span class='ocrx_word' id='word_1_306' title='bbox 572 2094 668 2125; x_wconf 88' lang='lat' dir='ltr'>finem</span> <span class='ocrx_word' id='word_1_307' title='bbox 698 2095 888 2130; x_wconf 87' lang='lat' dir='ltr'>indebitum,</span> <span class='ocrx_word' id='word_1_308' title='bbox 913 2102 988 2126; x_wconf 91' lang='lat' dir='ltr'>tunc</span> <span class='ocrx_word' id='word_1_309' title='bbox 1012 2102 1058 2126; x_wconf 87' lang='lat' dir='ltr'>est</span> <span class='ocrx_word' id='word_1_310' title='bbox 1085 2096 1188 2125; x_wconf 89' lang='lat' dir='ltr'>malus</span> <span class='ocrx_word' id='word_1_311' title='bbox 1216 2095 1377 2126; x_wconf 88' lang='lat' dir='ltr'>contrarie.</span> 
     </span>
     <span class='ocr_line' id='line_1_47' title="bbox 323 2138 1380 2179; baseline -0.001 -9"><span class='ocrx_word' id='word_1_312' title='bbox 323 2139 465 2179; x_wconf 89' lang='lat' dir='ltr'>Vultque</span> <span class='ocrx_word' id='word_1_313' title='bbox 479 2138 681 2178; x_wconf 90' lang='lat' dir='ltr'>Dionysium,</span> <span class='ocrx_word' id='word_1_314' title='bbox 698 2149 764 2178; x_wconf 84' lang='lat' dir='ltr'>cap.</span> <span class='ocrx_word' id='word_1_315' title='bbox 780 2149 811 2168; x_wconf 93' lang='lat' dir='ltr'>1v</span> <span class='ocrx_word' id='word_1_316' title='bbox 825 2139 865 2170; x_wconf 87' lang='lat' dir='ltr'>de</span> <span class='ocrx_word' id='word_1_317' title='bbox 879 2140 951 2170; x_wconf 87' lang='lat' dir='ltr'>Div.</span> <span class='ocrx_word' id='word_1_318' title='bbox 968 2140 1061 2170; x_wconf 89' lang='lat' dir='ltr'>Nom.</span> <span class='ocrx_word' id='word_1_319' title='bbox 1078 2139 1104 2175; x_wconf 86' lang='lat'>*,</span> <span class='ocrx_word' id='word_1_320' title='bbox 1120 2140 1246 2169; x_wconf 87' lang='lat' dir='ltr'>Malum</span> <span class='ocrx_word' id='word_1_321' title='bbox 1263 2140 1380 2169; x_wconf 80' lang='lat' dir='ltr'>contin-</span> 
     </span>
     <span class='ocr_line' id='line_1_48' title="bbox 323 2183 1378 2224; baseline -0.001 -10"><span class='ocrx_word' id='word_1_322' title='bbox 323 2185 372 2224; x_wconf 83' lang='lat' dir='ltr'>git</span> <span class='ocrx_word' id='word_1_323' title='bbox 395 2193 436 2214; x_wconf 87' lang='lat' dir='ltr'>ex</span> <span class='ocrx_word' id='word_1_324' title='bbox 457 2183 678 2223; x_wconf 82' lang='lat' dir='ltr'>singularibus</span> <span class='ocrx_word' id='word_1_325' title='bbox 706 2183 889 2223; x_wconf 84' lang='lat' dir='ltr'>defectibus,</span> <span class='ocrx_word' id='word_1_326' title='bbox 910 2183 1040 2224; x_wconf 89' lang='lat' dir='ltr'>intelligi</span> <span class='ocrx_word' id='word_1_327' title='bbox 1060 2184 1098 2214; x_wconf 91' lang='lat' dir='ltr'>de</span> <span class='ocrx_word' id='word_1_328' title='bbox 1117 2183 1202 2213; x_wconf 85' lang='lat' dir='ltr'>malo</span> <span class='ocrx_word' id='word_1_329' title='bbox 1219 2183 1378 2223; x_wconf 88' lang='lat' dir='ltr'>privative,</span> 
     </span>
     <span class='ocr_line' id='line_1_49' title="bbox 324 2227 576 2258; baseline -0.004 0"><span class='ocrx_word' id='word_1_330' title='bbox 324 2237 390 2258; x_wconf 89' lang='lat' dir='ltr'>non</span> <span class='ocrx_word' id='word_1_331' title='bbox 415 2227 576 2258; x_wconf 88' lang='lat' dir='ltr'>contrarie.</span> 
     </span>
    </p>

    <p class='ocr_par' dir='ltr' id='par_1_15' title="bbox 323 2271 1388 2706">
     <span class='ocr_line' id='line_1_50' title="bbox 332 2271 1380 2311; baseline 0 -10"><span class='ocrx_word' id='word_1_332' title='bbox 332 2294 335 2295; x_wconf 23' lang='grc' dir='ltr'><em>ν</em></span> <span class='ocrx_word' id='word_1_333' title='bbox 380 2271 432 2302; x_wconf 86' lang='lat' dir='ltr'>IV.</span> <span class='ocrx_word' id='word_1_334' title='bbox 458 2271 494 2300; x_wconf 94' lang='lat' dir='ltr'>In</span> <span class='ocrx_word' id='word_1_335' title='bbox 517 2271 544 2300; x_wconf 93' lang='lat' dir='ltr'>Il</span> <span class='ocrx_word' id='word_1_336' title='bbox 568 2280 698 2311; x_wconf 88' lang='lat' dir='ltr'>quoque</span> <span class='ocrx_word' id='word_1_337' title='bbox 716 2271 815 2309; x_wconf 70' lang='lat' dir='ltr'>Sent„</span> <span class='ocrx_word' id='word_1_338' title='bbox 838 2271 907 2302; x_wconf 90' lang='lat' dir='ltr'>dist.</span> <span class='ocrx_word' id='word_1_339' title='bbox 927 2281 985 2307; x_wconf 88' lang='lat' dir='ltr'>vn,</span> <span class='ocrx_word' id='word_1_340' title='bbox 1010 2282 1063 2311; x_wconf 92' lang='lat' dir='ltr'>qu.</span> <span class='ocrx_word' id='word_1_341' title='bbox 1083 2282 1108 2307; x_wconf 89' lang='lat'>1,</span> <span class='ocrx_word' id='word_1_342' title='bbox 1133 2271 1316 2301; x_wconf 88' lang='lat' dir='ltr'>contradicit</span> <span class='ocrx_word' id='word_1_343' title='bbox 1331 2278 1380 2301; x_wconf 87' lang='lat' dir='ltr'>to-</span> 
     </span>
     <span class='ocr_line' id='line_1_51' title="bbox 323 2314 1381 2355; baseline 0.001 -11"><span class='ocrx_word' id='word_1_344' title='bbox 323 2314 424 2345; x_wconf 83' lang='lat' dir='ltr'>taliter</span> <span class='ocrx_word' id='word_1_345' title='bbox 447 2314 601 2354; x_wconf 84' lang='lat' dir='ltr'>praesenti</span> <span class='ocrx_word' id='word_1_346' title='bbox 624 2315 794 2351; x_wconf 87' lang='lat' dir='ltr'>doctrinae,</span> <span class='ocrx_word' id='word_1_347' title='bbox 816 2315 926 2345; x_wconf 90' lang='lat' dir='ltr'>volens</span> <span class='ocrx_word' id='word_1_348' title='bbox 949 2316 1036 2355; x_wconf 85' lang='lat' dir='ltr'>quod</span> <span class='ocrx_word' id='word_1_349' title='bbox 1059 2316 1183 2345; x_wconf 92' lang='lat' dir='ltr'>bonum</span> <span class='ocrx_word' id='word_1_350' title='bbox 1206 2322 1236 2345; x_wconf 93' lang='lat' dir='ltr'>et</span> <span class='ocrx_word' id='word_1_351' title='bbox 1259 2315 1381 2345; x_wconf 85' lang='lat' dir='ltr'>malum</span> 
     </span>
     <span class='ocr_line' id='line_1_52' title="bbox 323 2358 1381 2398; baseline -0.002 -8"><span class='ocrx_word' id='word_1_352' title='bbox 323 2358 484 2390; x_wconf 79' lang='lat' dir='ltr'>moraliter</span> <span class='ocrx_word' id='word_1_353' title='bbox 499 2368 535 2388; x_wconf 87' lang='lat' dir='ltr'>ex</span> <span class='ocrx_word' id='word_1_354' title='bbox 551 2364 638 2398; x_wconf 88' lang='lat' dir='ltr'>parte</span> <span class='ocrx_word' id='word_1_355' title='bbox 661 2358 776 2389; x_wconf 88' lang='lat' dir='ltr'>obiecti</span> <span class='ocrx_word' id='word_1_356' title='bbox 794 2365 919 2389; x_wconf 84' lang='lat' dir='ltr'>careant</span> <span class='ocrx_word' id='word_1_357' title='bbox 941 2359 1056 2394; x_wconf 88' lang='lat' dir='ltr'>medio,</span> <span class='ocrx_word' id='word_1_358' title='bbox 1078 2369 1113 2389; x_wconf 86' lang='lat' dir='ltr'>ex</span> <span class='ocrx_word' id='word_1_359' title='bbox 1132 2365 1219 2398; x_wconf 91' lang='lat' dir='ltr'>parte</span> <span class='ocrx_word' id='word_1_360' title='bbox 1234 2369 1309 2389; x_wconf 92' lang='lat' dir='ltr'>vero</span> <span class='ocrx_word' id='word_1_361' title='bbox 1325 2359 1381 2389; x_wconf 93' lang='lat' dir='ltr'>cir-</span> 
     </span>
     <span class='ocr_line' id='line_1_53' title="bbox 325 2402 1380 2442; baseline -0.001 -8"><span class='ocrx_word' id='word_1_362' title='bbox 325 2402 531 2434; x_wconf 89' lang='lat' dir='ltr'>cumstantiae</span> <span class='ocrx_word' id='word_1_363' title='bbox 554 2402 689 2432; x_wconf 89' lang='lat' dir='ltr'>habeant</span> <span class='ocrx_word' id='word_1_364' title='bbox 710 2402 863 2433; x_wconf 89' lang='lat' dir='ltr'>medium.</span> <span class='ocrx_word' id='word_1_365' title='bbox 887 2403 929 2433; x_wconf 89' lang='lat' dir='ltr'>Et</span> <span class='ocrx_word' id='word_1_366' title='bbox 951 2409 1116 2442; x_wconf 87' lang='lat' dir='ltr'>propterea</span> <span class='ocrx_word' id='word_1_367' title='bbox 1132 2413 1197 2432; x_wconf 94' lang='lat' dir='ltr'>non</span> <span class='ocrx_word' id='word_1_368' title='bbox 1213 2403 1304 2433; x_wconf 88' lang='lat' dir='ltr'>datur</span> <span class='ocrx_word' id='word_1_369' title='bbox 1323 2403 1380 2433; x_wconf 93' lang='lat' dir='ltr'>hu-</span> 
     </span>
     <span class='ocr_line' id='line_1_54' title="bbox 324 2445 1388 2483; baseline 0.001 -7"><span class='ocrx_word' id='word_1_370' title='bbox 324 2456 438 2477; x_wconf 81' lang='lat' dir='ltr'>manus</span> <span class='ocrx_word' id='word_1_371' title='bbox 461 2452 549 2477; x_wconf 90' lang='lat' dir='ltr'>actus</span> <span class='ocrx_word' id='word_1_372' title='bbox 571 2445 749 2476; x_wconf 90' lang='lat' dir='ltr'>indifferens</span> <span class='ocrx_word' id='word_1_373' title='bbox 772 2447 812 2477; x_wconf 90' lang='lat' dir='ltr'>ad</span> <span class='ocrx_word' id='word_1_374' title='bbox 834 2447 958 2477; x_wconf 91' lang='lat' dir='ltr'>bonum</span> <span class='ocrx_word' id='word_1_375' title='bbox 974 2453 1004 2477; x_wconf 92' lang='lat' dir='ltr'>et</span> <span class='ocrx_word' id='word_1_376' title='bbox 1022 2447 1143 2477; x_wconf 89' lang='lat' dir='ltr'>malum</span> <span class='ocrx_word' id='word_1_377' title='bbox 1161 2447 1330 2483; x_wconf 88' lang='lat' dir='ltr'>moraliter,</span> <span class='ocrx_word' id='word_1_378' title='bbox 1346 2457 1388 2481; x_wconf 55' lang='lat' dir='ltr'>ex.</span> 
     </span>
     <span class='ocr_line' id='line_1_55' title="bbox 325 2490 1381 2530; baseline 0.001 -10"><span class='ocrx_word' id='word_1_379' title='bbox 325 2490 465 2521; x_wconf 86' lang='lat' dir='ltr'>obiecto:</span> <span class='ocrx_word' id='word_1_380' title='bbox 490 2491 544 2521; x_wconf 89' lang='lat' dir='ltr'>sed</span> <span class='ocrx_word' id='word_1_381' title='bbox 566 2491 646 2520; x_wconf 92' lang='lat' dir='ltr'>bene</span> <span class='ocrx_word' id='word_1_382' title='bbox 670 2490 762 2521; x_wconf 88' lang='lat' dir='ltr'>datur</span> <span class='ocrx_word' id='word_1_383' title='bbox 783 2490 852 2521; x_wconf 89' lang='lat' dir='ltr'>talis</span> <span class='ocrx_word' id='word_1_384' title='bbox 876 2497 963 2521; x_wconf 86' lang='lat' dir='ltr'>actus</span> <span class='ocrx_word' id='word_1_385' title='bbox 978 2490 1155 2521; x_wconf 88' lang='lat' dir='ltr'>indifferens</span> <span class='ocrx_word' id='word_1_386' title='bbox 1171 2501 1207 2521; x_wconf 88' lang='lat' dir='ltr'>ex</span> <span class='ocrx_word' id='word_1_387' title='bbox 1223 2498 1309 2530; x_wconf 89' lang='lat' dir='ltr'>parte</span> <span class='ocrx_word' id='word_1_388' title='bbox 1326 2491 1381 2521; x_wconf 92' lang='lat' dir='ltr'>cir-</span> 
     </span>
     <span class='ocr_line' id='line_1_56' title="bbox 326 2534 1383 2575; baseline -0.002 -8"><span class='ocrx_word' id='word_1_389' title='bbox 326 2534 595 2567; x_wconf 81' lang='lat' dir='ltr'>cumstantiarum.</span> <span class='ocrx_word' id='word_1_390' title='bbox 627 2534 668 2564; x_wconf 92' lang='lat' dir='ltr'>Et</span> <span class='ocrx_word' id='word_1_391' title='bbox 696 2534 775 2565; x_wconf 84' lang='lat' dir='ltr'>ratio</span> <span class='ocrx_word' id='word_1_392' title='bbox 805 2534 899 2574; x_wconf 88' lang='lat' dir='ltr'>primi</span> <span class='ocrx_word' id='word_1_393' title='bbox 929 2535 1121 2574; x_wconf 88' lang='lat' dir='ltr'>assignatur,</span> <span class='ocrx_word' id='word_1_394' title='bbox 1153 2535 1227 2574; x_wconf 88' lang='lat' dir='ltr'>quia</span> <span class='ocrx_word' id='word_1_395' title='bbox 1258 2542 1383 2575; x_wconf 91' lang='lat' dir='ltr'>oportet</span> 
     </span>
     <span class='ocr_line' id='line_1_57' title="bbox 326 2578 1382 2620; baseline 0 -11"><span class='ocrx_word' id='word_1_396' title='bbox 326 2585 433 2609; x_wconf 84' lang='lat' dir='ltr'>actum</span> <span class='ocrx_word' id='word_1_397' title='bbox 455 2578 570 2608; x_wconf 87' lang='lat' dir='ltr'>habere</span> <span class='ocrx_word' id='word_1_398' title='bbox 593 2578 768 2614; x_wconf 88' lang='lat' dir='ltr'>obiectum;</span> <span class='ocrx_word' id='word_1_399' title='bbox 793 2578 954 2609; x_wconf 88' lang='lat' dir='ltr'>obiectum</span> <span class='ocrx_word' id='word_1_400' title='bbox 977 2586 1083 2609; x_wconf 89' lang='lat' dir='ltr'>autem</span> <span class='ocrx_word' id='word_1_401' title='bbox 1107 2585 1232 2620; x_wconf 80' lang='lat' dir='ltr'>oportet</span> <span class='ocrx_word' id='word_1_402' title='bbox 1251 2589 1316 2609; x_wconf 92' lang='lat' dir='ltr'>esse</span> <span class='ocrx_word' id='word_1_403' title='bbox 1332 2579 1382 2609; x_wconf 91' lang='lat' dir='ltr'>vel</span> 
     </span>
     <span class='ocr_line' id='line_1_58' title="bbox 327 2621 1382 2658; baseline 0.001 -6"><span class='ocrx_word' id='word_1_404' title='bbox 327 2622 516 2653; x_wconf 85' lang='lat' dir='ltr'>conveniens</span> <span class='ocrx_word' id='word_1_405' title='bbox 539 2621 623 2652; x_wconf 86' lang='lat' dir='ltr'>actui</span> <span class='ocrx_word' id='word_1_406' title='bbox 646 2622 822 2652; x_wconf 89' lang='lat' dir='ltr'>secundum</span> <span class='ocrx_word' id='word_1_407' title='bbox 845 2628 960 2652; x_wconf 91' lang='lat' dir='ltr'>rectam</span> <span class='ocrx_word' id='word_1_408' title='bbox 976 2622 1139 2658; x_wconf 88' lang='lat' dir='ltr'>rationem,</span> <span class='ocrx_word' id='word_1_409' title='bbox 1156 2623 1206 2652; x_wconf 87' lang='lat' dir='ltr'>vel</span> <span class='ocrx_word' id='word_1_410' title='bbox 1221 2622 1382 2653; x_wconf 90' lang='lat' dir='ltr'>disconve-</span> 
     </span>
     <span class='ocr_line' id='line_1_59' title="bbox 327 2665 1381 2706; baseline 0 -10"><span class='ocrx_word' id='word_1_411' title='bbox 327 2666 426 2697; x_wconf 87' lang='lat' dir='ltr'>niens.</span> <span class='ocrx_word' id='word_1_412' title='bbox 438 2682 458 2689; x_wconf 93' lang='lat'>-</span> <span class='ocrx_word' id='word_1_413' title='bbox 470 2665 562 2696; x_wconf 84' lang='lat' dir='ltr'>Ratio</span> <span class='ocrx_word' id='word_1_414' title='bbox 585 2675 660 2696; x_wconf 89' lang='lat' dir='ltr'>vero</span> <span class='ocrx_word' id='word_1_415' title='bbox 676 2665 805 2696; x_wconf 88' lang='lat' dir='ltr'>secundi</span> <span class='ocrx_word' id='word_1_416' title='bbox 823 2675 889 2695; x_wconf 89' lang='lat' dir='ltr'>non</span> <span class='ocrx_word' id='word_1_417' title='bbox 906 2666 965 2695; x_wconf 90' lang='lat' dir='ltr'>alia</span> <span class='ocrx_word' id='word_1_418' title='bbox 986 2665 1160 2704; x_wconf 88' lang='lat' dir='ltr'>assignatur</span> <span class='ocrx_word' id='word_1_419' title='bbox 1175 2665 1234 2695; x_wconf 90' lang='lat' dir='ltr'>nisi</span> <span class='ocrx_word' id='word_1_420' title='bbox 1250 2667 1334 2706; x_wconf 88' lang='lat' dir='ltr'>quia,</span> <span class='ocrx_word' id='word_1_421' title='bbox 1356 2666 1381 2696; x_wconf 89' lang='lat' dir='ltr'>si</span> 
     </span>
    </p>
   </div>
   <div class='ocr_carea' id='block_1_11' title="bbox 287 2707 1380 2751">
    <p class='ocr_par' dir='ltr' id='par_1_16' title="bbox 287 2707 1380 2751">
     <span class='ocr_line' id='line_1_60' title="bbox 287 2707 1380 2751; baseline 0 -11"><span class='ocrx_word' id='word_1_422' title='bbox 287 2725 290 2728; x_wconf 59' lang='lat'><strong>&gt;</strong></span> <span class='ocrx_word' id='word_1_423' title='bbox 327 2709 398 2749; x_wconf 74' lang='lat' dir='ltr'>quis</span> <span class='ocrx_word' id='word_1_424' title='bbox 415 2710 467 2740; x_wconf 91' lang='lat' dir='ltr'>det</span> <span class='ocrx_word' id='word_1_425' title='bbox 485 2709 720 2749; x_wconf 86' lang='lat' dir='ltr'>eleemosynam</span> <span class='ocrx_word' id='word_1_426' title='bbox 742 2709 873 2749; x_wconf 90' lang='lat' dir='ltr'>pauperi</span> <span class='ocrx_word' id='word_1_427' title='bbox 892 2719 958 2739; x_wconf 93' lang='lat' dir='ltr'>non</span> <span class='ocrx_word' id='word_1_428' title='bbox 976 2715 1106 2749; x_wconf 90' lang='lat' dir='ltr'>propter</span> <span class='ocrx_word' id='word_1_429' title='bbox 1118 2709 1214 2740; x_wconf 90' lang='lat' dir='ltr'>finem</span> <span class='ocrx_word' id='word_1_430' title='bbox 1238 2707 1291 2751; x_wconf 89' lang='lat' dir='ltr'>(de</span> <span class='ocrx_word' id='word_1_431' title='bbox 1315 2720 1380 2750; x_wconf 91' lang='lat' dir='ltr'>quo</span> 
     </span>
    </p>
   </div>
   <div class='ocr_carea' id='block_1_12' title="bbox 86 3152 251 3176">
    <p class='ocr_par' dir='ltr' id='par_1_17' title="bbox 86 3152 251 3176">
     <span class='ocr_line' id='line_1_61' title="bbox 86 3152 251 3176; baseline -0.012 0"><span class='ocrx_word' id='word_1_432' title='bbox 86 3154 99 3164; x_wconf 77' lang='grc'><strong>’</strong></span> <span class='ocrx_word' id='word_1_433' title='bbox 112 3152 184 3176; x_wconf 81' lang='lat' dir='ltr'>Num.</span> <span class='ocrx_word' id='word_1_434' title='bbox 198 3159 251 3175; x_wconf 82' lang='lat' dir='ltr'>vm.</span> 
     </span>
    </p>
   </div>
   <div class='ocr_carea' id='block_1_13' title="bbox 89 3547 281 3569">
    <p class='ocr_par' dir='ltr' id='par_1_18' title="bbox 89 3547 281 3569">
     <span class='ocr_line' id='line_1_62' title="bbox 89 3547 281 3569; baseline -0.005 0"><span class='ocrx_word' id='word_1_435' title='bbox 89 3547 100 3559; x_wconf 69' lang='grc'><em>’</em></span> <span class='ocrx_word' id='word_1_436' title='bbox 117 3547 154 3569; x_wconf 86' lang='lat' dir='ltr'>Cf.</span> <span class='ocrx_word' id='word_1_437' title='bbox 169 3553 233 3569; x_wconf 86' lang='lat' dir='ltr'>num.</span> <span class='ocrx_word' id='word_1_438' title='bbox 250 3553 281 3568; x_wconf 84' lang='lat' dir='ltr'>rx.</span> 
     </span>
    </p>
   </div>
   <div class='ocr_carea' id='block_1_14' title="bbox 325 2751 1382 3583">
    <p class='ocr_par' dir='ltr' id='par_1_19' title="bbox 325 2751 1382 2965">
     <span class='ocr_line' id='line_1_63' title="bbox 327 2751 1381 2794; baseline 0 -10"><span class='ocrx_word' id='word_1_439' title='bbox 327 2763 392 2784; x_wconf 90' lang='lat' dir='ltr'>non</span> <span class='ocrx_word' id='word_1_440' title='bbox 409 2751 549 2794; x_wconf 83' lang='lat' dir='ltr'>cogitat),</span> <span class='ocrx_word' id='word_1_441' title='bbox 573 2762 630 2782; x_wconf 91' lang='lat' dir='ltr'>nec</span> <span class='ocrx_word' id='word_1_442' title='bbox 653 2753 827 2783; x_wconf 88' lang='lat' dir='ltr'>secundum</span> <span class='ocrx_word' id='word_1_443' title='bbox 845 2753 920 2783; x_wconf 90' lang='lat' dir='ltr'>alias</span> <span class='ocrx_word' id='word_1_444' title='bbox 940 2753 1195 2789; x_wconf 86' lang='lat' dir='ltr'>circumstantias,</span> <span class='ocrx_word' id='word_1_445' title='bbox 1212 2753 1280 2784; x_wconf 90' lang='lat' dir='ltr'>talis</span> <span class='ocrx_word' id='word_1_446' title='bbox 1295 2761 1381 2784; x_wconf 88' lang='lat' dir='ltr'>actus</span> 
     </span>
     <span class='ocr_line' id='line_1_64' title="bbox 327 2797 1382 2837; baseline 0.001 -10"><span class='ocrx_word' id='word_1_447' title='bbox 327 2807 394 2827; x_wconf 90' lang='lat' dir='ltr'>non</span> <span class='ocrx_word' id='word_1_448' title='bbox 418 2803 464 2827; x_wconf 90' lang='lat' dir='ltr'>est</span> <span class='ocrx_word' id='word_1_449' title='bbox 491 2797 595 2826; x_wconf 90' lang='lat' dir='ltr'>bonus</span> <span class='ocrx_word' id='word_1_450' title='bbox 620 2797 798 2832; x_wconf 80' lang='lat' dir='ltr'>moraliter,</span> <span class='ocrx_word' id='word_1_451' title='bbox 823 2797 897 2837; x_wconf 88' lang='lat' dir='ltr'>quia</span> <span class='ocrx_word' id='word_1_452' title='bbox 919 2807 985 2828; x_wconf 92' lang='lat' dir='ltr'>non</span> <span class='ocrx_word' id='word_1_453' title='bbox 1009 2797 1111 2827; x_wconf 90' lang='lat' dir='ltr'>debite</span> <span class='ocrx_word' id='word_1_454' title='bbox 1135 2797 1382 2828; x_wconf 88' lang='lat' dir='ltr'>circumstantio-</span> 
     </span>
     <span class='ocr_line' id='line_1_65' title="bbox 326 2840 1382 2882; baseline 0.001 -11"><span class='ocrx_word' id='word_1_455' title='bbox 326 2847 436 2877; x_wconf 83' lang='lat' dir='ltr'>natus;</span> <span class='ocrx_word' id='word_1_456' title='bbox 461 2850 518 2870; x_wconf 90' lang='lat' dir='ltr'>nec</span> <span class='ocrx_word' id='word_1_457' title='bbox 541 2840 654 2875; x_wconf 84' lang='lat' dir='ltr'>malus,</span> <span class='ocrx_word' id='word_1_458' title='bbox 671 2840 745 2880; x_wconf 89' lang='lat' dir='ltr'>quia</span> <span class='ocrx_word' id='word_1_459' title='bbox 767 2850 834 2870; x_wconf 90' lang='lat' dir='ltr'>non</span> <span class='ocrx_word' id='word_1_460' title='bbox 850 2848 978 2881; x_wconf 92' lang='lat' dir='ltr'>propter</span> <span class='ocrx_word' id='word_1_461' title='bbox 991 2841 1166 2872; x_wconf 89' lang='lat' dir='ltr'>indebitum</span> <span class='ocrx_word' id='word_1_462' title='bbox 1182 2841 1287 2878; x_wconf 90' lang='lat' dir='ltr'>finem,</span> <span class='ocrx_word' id='word_1_463' title='bbox 1305 2849 1382 2882; x_wconf 89' lang='lat' dir='ltr'>puta</span> 
     </span>
     <span class='ocr_line' id='line_1_66' title="bbox 325 2883 1380 2924; baseline 0.001 -9"><span class='ocrx_word' id='word_1_464' title='bbox 325 2895 443 2915; x_wconf 86' lang='lat' dir='ltr'>vanam</span> <span class='ocrx_word' id='word_1_465' title='bbox 464 2883 607 2924; x_wconf 88' lang='lat' dir='ltr'>gloriam.</span> <span class='ocrx_word' id='word_1_466' title='bbox 632 2884 716 2923; x_wconf 87' lang='lat' dir='ltr'>Ergo</span> <span class='ocrx_word' id='word_1_467' title='bbox 740 2884 928 2921; x_wconf 80' lang='lat' dir='ltr'>indifferens,</span> <span class='ocrx_word' id='word_1_468' title='bbox 951 2891 982 2915; x_wconf 89' lang='lat' dir='ltr'>et</span> <span class='ocrx_word' id='word_1_469' title='bbox 994 2885 1145 2924; x_wconf 88' lang='lat' dir='ltr'>privative</span> <span class='ocrx_word' id='word_1_470' title='bbox 1167 2892 1291 2916; x_wconf 91' lang='lat' dir='ltr'>tantum</span> <span class='ocrx_word' id='word_1_471' title='bbox 1313 2897 1380 2916; x_wconf 88' lang='lat' dir='ltr'>ma-</span> 
     </span>
     <span class='ocr_line' id='line_1_67' title="bbox 326 2927 664 2965; baseline -0.006 -6"><span class='ocrx_word' id='word_1_472' title='bbox 326 2929 386 2965; x_wconf 85' lang='lat' dir='ltr'>lus,</span> <span class='ocrx_word' id='word_1_473' title='bbox 411 2939 477 2959; x_wconf 90' lang='lat' dir='ltr'>non</span> <span class='ocrx_word' id='word_1_474' title='bbox 501 2927 664 2958; x_wconf 91' lang='lat' dir='ltr'>contrarie.</span> 
     </span>
    </p>

    <p class='ocr_par' dir='ltr' id='par_1_20' title="bbox 326 2971 1382 3530">
     <span class='ocr_line' id='line_1_68' title="bbox 392 2971 1381 3009; baseline 0 -6"><span class='ocrx_word' id='word_1_475' title='bbox 392 2973 431 3003; x_wconf 91' lang='lat' dir='ltr'>V.</span> <span class='ocrx_word' id='word_1_476' title='bbox 455 2972 517 3003; x_wconf 88' lang='lat' dir='ltr'>Sed</span> <span class='ocrx_word' id='word_1_477' title='bbox 539 2971 616 3002; x_wconf 88' lang='lat' dir='ltr'>haec</span> <span class='ocrx_word' id='word_1_478' title='bbox 639 2981 704 3001; x_wconf 90' lang='lat' dir='ltr'>non</span> <span class='ocrx_word' id='word_1_479' title='bbox 729 2971 834 3001; x_wconf 91' lang='lat' dir='ltr'>solum</span> <span class='ocrx_word' id='word_1_480' title='bbox 856 2981 931 3001; x_wconf 89' lang='lat' dir='ltr'>vero</span> <span class='ocrx_word' id='word_1_481' title='bbox 955 2982 1021 3002; x_wconf 92' lang='lat' dir='ltr'>non</span> <span class='ocrx_word' id='word_1_482' title='bbox 1037 2979 1228 3009; x_wconf 83' lang='lat' dir='ltr'>consonant,</span> <span class='ocrx_word' id='word_1_483' title='bbox 1249 2974 1303 3003; x_wconf 92' lang='lat' dir='ltr'>sed</span> <span class='ocrx_word' id='word_1_484' title='bbox 1324 2974 1381 3003; x_wconf 91' lang='lat' dir='ltr'>sibi</span> 
     </span>
     <span class='ocr_line' id='line_1_69' title="bbox 326 3015 1380 3057; baseline 0 -10"><span class='ocrx_word' id='word_1_485' title='bbox 326 3017 402 3057; x_wconf 90' lang='lat' dir='ltr'>ipsis</span> <span class='ocrx_word' id='word_1_486' title='bbox 421 3016 502 3046; x_wconf 88' lang='lat' dir='ltr'>forte</span> <span class='ocrx_word' id='word_1_487' title='bbox 521 3016 731 3046; x_wconf 84' lang='lat' dir='ltr'>adversantur.</span> <span class='ocrx_word' id='word_1_488' title='bbox 749 3015 781 3045; x_wconf 87' lang='lat' dir='ltr'>Si</span> <span class='ocrx_word' id='word_1_489' title='bbox 797 3015 882 3046; x_wconf 90' lang='lat' dir='ltr'>enim</span> <span class='ocrx_word' id='word_1_490' title='bbox 901 3022 988 3046; x_wconf 93' lang='lat' dir='ltr'>actus</span> <span class='ocrx_word' id='word_1_491' title='bbox 1006 3022 1036 3046; x_wconf 92' lang='lat' dir='ltr'>et</span> <span class='ocrx_word' id='word_1_492' title='bbox 1053 3016 1176 3046; x_wconf 92' lang='lat' dir='ltr'>habitus</span> <span class='ocrx_word' id='word_1_493' title='bbox 1194 3016 1380 3054; x_wconf 88' lang='lat' dir='ltr'>indifferens,</span> 
     </span>
     <span class='ocr_line' id='line_1_70' title="bbox 327 3059 1381 3100; baseline 0 -9"><span class='ocrx_word' id='word_1_494' title='bbox 327 3068 358 3091; x_wconf 90' lang='lat' dir='ltr'>et</span> <span class='ocrx_word' id='word_1_495' title='bbox 380 3060 483 3091; x_wconf 78' lang='lat' dir='ltr'>malus</span> <span class='ocrx_word' id='word_1_496' title='bbox 506 3059 666 3099; x_wconf 86' lang='lat' dir='ltr'>privative,</span> <span class='ocrx_word' id='word_1_497' title='bbox 691 3059 872 3089; x_wconf 88' lang='lat' dir='ltr'>coincidunt</span> <span class='ocrx_word' id='word_1_498' title='bbox 888 3059 973 3099; x_wconf 90' lang='lat' dir='ltr'>apud</span> <span class='ocrx_word' id='word_1_499' title='bbox 988 3059 1104 3099; x_wconf 90' lang='lat' dir='ltr'>ipsum,</span> <span class='ocrx_word' id='word_1_500' title='bbox 1124 3066 1159 3090; x_wconf 90' lang='lat' dir='ltr'>ut</span> <span class='ocrx_word' id='word_1_501' title='bbox 1173 3070 1209 3089; x_wconf 86' lang='lat' dir='ltr'>ex</span> <span class='ocrx_word' id='word_1_502' title='bbox 1225 3061 1381 3100; x_wconf 88' lang='lat' dir='ltr'>praedicta</span> 
     </span>
     <span class='ocr_line' id='line_1_71' title="bbox 327 3103 1379 3143; baseline -0.001 -8"><span class='ocrx_word' id='word_1_503' title='bbox 327 3105 397 3135; x_wconf 91' lang='lat' dir='ltr'>dist.</span> <span class='ocrx_word' id='word_1_504' title='bbox 421 3114 464 3134; x_wconf 88' lang='lat' dir='ltr'>vn</span> <span class='ocrx_word' id='word_1_505' title='bbox 487 3103 585 3143; x_wconf 83' lang='lat' dir='ltr'>accipi</span> <span class='ocrx_word' id='word_1_506' title='bbox 608 3109 724 3142; x_wconf 89' lang='lat' dir='ltr'>potest;</span> <span class='ocrx_word' id='word_1_507' title='bbox 750 3113 823 3133; x_wconf 90' lang='lat' dir='ltr'>cum</span> <span class='ocrx_word' id='word_1_508' title='bbox 846 3103 967 3134; x_wconf 89' lang='lat' dir='ltr'>malum</span> <span class='ocrx_word' id='word_1_509' title='bbox 990 3103 1138 3143; x_wconf 82' lang='lat' dir='ltr'>privative</span> <span class='ocrx_word' id='word_1_510' title='bbox 1162 3110 1192 3134; x_wconf 92' lang='lat' dir='ltr'>et</span> <span class='ocrx_word' id='word_1_511' title='bbox 1211 3104 1379 3141; x_wconf 86' lang='lat' dir='ltr'>contrarie,</span> 
     </span>
     <span class='ocr_line' id='line_1_72' title="bbox 327 3147 1380 3187; baseline -0.001 -8"><span class='ocrx_word' id='word_1_512' title='bbox 327 3155 364 3179; x_wconf 91' lang='lat' dir='ltr'>ut</span> <span class='ocrx_word' id='word_1_513' title='bbox 382 3149 494 3179; x_wconf 89' lang='lat' dir='ltr'>Scotus</span> <span class='ocrx_word' id='word_1_514' title='bbox 514 3147 634 3186; x_wconf 84' lang='lat' dir='ltr'>accipit,</span> <span class='ocrx_word' id='word_1_515' title='bbox 653 3147 686 3177; x_wconf 89' lang='lat' dir='ltr'>in</span> <span class='ocrx_word' id='word_1_516' title='bbox 701 3153 772 3178; x_wconf 88' lang='lat' dir='ltr'>actu</span> <span class='ocrx_word' id='word_1_517' title='bbox 789 3147 901 3177; x_wconf 88' lang='lat' dir='ltr'>morali</span> <span class='ocrx_word' id='word_1_518' title='bbox 916 3147 978 3177; x_wconf 89' lang='lat' dir='ltr'>sint</span> <span class='ocrx_word' id='word_1_519' title='bbox 995 3147 1089 3183; x_wconf 89' lang='lat' dir='ltr'>idern,</span> <span class='ocrx_word' id='word_1_520' title='bbox 1107 3154 1142 3178; x_wconf 93' lang='lat' dir='ltr'>ut</span> <span class='ocrx_word' id='word_1_521' title='bbox 1157 3148 1380 3187; x_wconf 86' lang='lat' dir='ltr'>probabitur*;</span> 
     </span>
     <span class='ocr_line' id='line_1_73' title="bbox 328 3191 1381 3233; baseline -0.001 -10"><span class='ocrx_word' id='word_1_522' title='bbox 328 3198 476 3233; x_wconf 90' lang='lat' dir='ltr'>sequetur</span> <span class='ocrx_word' id='word_1_523' title='bbox 498 3191 587 3232; x_wconf 91' lang='lat' dir='ltr'>quod</span> <span class='ocrx_word' id='word_1_524' title='bbox 609 3197 696 3222; x_wconf 87' lang='lat' dir='ltr'>actus</span> <span class='ocrx_word' id='word_1_525' title='bbox 719 3191 896 3222; x_wconf 89' lang='lat' dir='ltr'>indifferens</span> <span class='ocrx_word' id='word_1_526' title='bbox 920 3198 950 3221; x_wconf 88' lang='lat' dir='ltr'>et</span> <span class='ocrx_word' id='word_1_527' title='bbox 973 3191 1074 3222; x_wconf 85' lang='lat' dir='ltr'>malus</span> <span class='ocrx_word' id='word_1_528' title='bbox 1098 3192 1250 3222; x_wconf 90' lang='lat' dir='ltr'>contrarie</span> <span class='ocrx_word' id='word_1_529' title='bbox 1266 3192 1381 3222; x_wconf 88' lang='lat' dir='ltr'>coinci-</span> 
     </span>
     <span class='ocr_line' id='line_1_74' title="bbox 328 3234 1382 3276; baseline -0.001 -9"><span class='ocrx_word' id='word_1_530' title='bbox 328 3237 412 3267; x_wconf 87' lang='lat' dir='ltr'>dant.</span> <span class='ocrx_word' id='word_1_531' title='bbox 430 3236 527 3273; x_wconf 94' lang='lat' dir='ltr'>Quod</span> <span class='ocrx_word' id='word_1_532' title='bbox 549 3234 699 3274; x_wconf 84' lang='lat' dir='ltr'>implicat.</span> <span class='ocrx_word' id='word_1_533' title='bbox 724 3235 756 3265; x_wconf 92' lang='lat' dir='ltr'>Si</span> <span class='ocrx_word' id='word_1_534' title='bbox 772 3242 878 3266; x_wconf 90' lang='lat' dir='ltr'>autem</span> <span class='ocrx_word' id='word_1_535' title='bbox 901 3241 1037 3276; x_wconf 91' lang='lat' dir='ltr'>quatuor</span> <span class='ocrx_word' id='word_1_536' title='bbox 1057 3235 1127 3276; x_wconf 92' lang='lat' dir='ltr'>quis</span> <span class='ocrx_word' id='word_1_537' title='bbox 1143 3235 1252 3266; x_wconf 88' lang='lat' dir='ltr'>dixerit</span> <span class='ocrx_word' id='word_1_538' title='bbox 1270 3246 1382 3275; x_wconf 87' lang='lat' dir='ltr'>genera</span> 
     </span>
     <span class='ocr_line' id='line_1_75' title="bbox 328 3277 1382 3322; baseline -0.001 -11"><span class='ocrx_word' id='word_1_539' title='bbox 328 3286 458 3311; x_wconf 89' lang='lat' dir='ltr'>actuum</span> <span class='ocrx_word' id='word_1_540' title='bbox 482 3285 511 3309; x_wconf 93' lang='lat' dir='ltr'>et</span> <span class='ocrx_word' id='word_1_541' title='bbox 534 3278 700 3309; x_wconf 89' lang='lat' dir='ltr'>habituum</span> <span class='ocrx_word' id='word_1_542' title='bbox 724 3279 893 3309; x_wconf 88' lang='lat' dir='ltr'>moralium</span> <span class='ocrx_word' id='word_1_543' title='bbox 916 3279 1090 3310; x_wconf 90' lang='lat' dir='ltr'>secundum</span> <span class='ocrx_word' id='word_1_544' title='bbox 1113 3280 1236 3310; x_wconf 90' lang='lat' dir='ltr'>bonurn</span> <span class='ocrx_word' id='word_1_545' title='bbox 1260 3277 1304 3322; x_wconf 93' lang='lat' dir='ltr'>[et</span> <span class='ocrx_word' id='word_1_546' title='bbox 1327 3281 1382 3310; x_wconf 91' lang='lat' dir='ltr'>bo-</span> 
     </span>
     <span class='ocr_line' id='line_1_76' title="bbox 328 3321 1382 3366; baseline -0.002 -11"><span class='ocrx_word' id='word_1_547' title='bbox 328 3321 421 3366; x_wconf 90' lang='lat' dir='ltr'>num]</span> <span class='ocrx_word' id='word_1_548' title='bbox 445 3330 475 3354; x_wconf 91' lang='lat' dir='ltr'>et</span> <span class='ocrx_word' id='word_1_549' title='bbox 490 3322 612 3353; x_wconf 89' lang='lat' dir='ltr'>malum</span> <span class='ocrx_word' id='word_1_550' title='bbox 635 3322 803 3359; x_wconf 86' lang='lat' dir='ltr'>moraliter,</span> <span class='ocrx_word' id='word_1_551' title='bbox 819 3323 931 3362; x_wconf 84' lang='lat' dir='ltr'>gratias</span> <span class='ocrx_word' id='word_1_552' title='bbox 951 3333 1080 3363; x_wconf 87' lang='lat' dir='ltr'>agamus</span> <span class='ocrx_word' id='word_1_553' title='bbox 1097 3323 1151 3359; x_wconf 90' lang='lat' dir='ltr'>illi,</span> <span class='ocrx_word' id='word_1_554' title='bbox 1168 3323 1223 3363; x_wconf 92' lang='lat' dir='ltr'>qui</span> <span class='ocrx_word' id='word_1_555' title='bbox 1240 3333 1276 3353; x_wconf 87' lang='lat' dir='ltr'>ea</span> <span class='ocrx_word' id='word_1_556' title='bbox 1294 3324 1382 3354; x_wconf 89' lang='lat' dir='ltr'>adin-</span> 
     </span>
     <span class='ocr_line' id='line_1_77' title="bbox 328 3366 1382 3407; baseline 0 -9"><span class='ocrx_word' id='word_1_557' title='bbox 328 3368 414 3398; x_wconf 87' lang='lat' dir='ltr'>venit</span> <span class='ocrx_word' id='word_1_558' title='bbox 429 3367 461 3398; x_wconf 89' lang='lat' dir='ltr'>in</span> <span class='ocrx_word' id='word_1_559' title='bbox 480 3366 593 3397; x_wconf 91' lang='lat' dir='ltr'>nostris</span> <span class='ocrx_word' id='word_1_560' title='bbox 607 3367 759 3402; x_wconf 90' lang='lat' dir='ltr'>moribus,</span> <span class='ocrx_word' id='word_1_561' title='bbox 776 3377 857 3407; x_wconf 87' lang='lat' dir='ltr'>quae</span> <span class='ocrx_word' id='word_1_562' title='bbox 873 3377 930 3397; x_wconf 93' lang='lat' dir='ltr'>nec</span> <span class='ocrx_word' id='word_1_563' title='bbox 945 3367 1012 3407; x_wconf 89' lang='lat' dir='ltr'>ipse</span> <span class='ocrx_word' id='word_1_564' title='bbox 1028 3377 1085 3398; x_wconf 93' lang='lat' dir='ltr'>nec</span> <span class='ocrx_word' id='word_1_565' title='bbox 1100 3367 1178 3397; x_wconf 89' lang='lat' dir='ltr'>alius</span> <span class='ocrx_word' id='word_1_566' title='bbox 1192 3367 1224 3396; x_wconf 93' lang='lat' dir='ltr'>in</span> <span class='ocrx_word' id='word_1_567' title='bbox 1241 3367 1382 3398; x_wconf 82' lang='lat' dir='ltr'>motibus</span> 
     </span>
     <span class='ocr_line' id='line_1_78' title="bbox 329 3410 1381 3452; baseline 0 -11"><span class='ocrx_word' id='word_1_568' title='bbox 329 3411 463 3452; x_wconf 91' lang='lat' dir='ltr'>propriis</span> <span class='ocrx_word' id='word_1_569' title='bbox 483 3417 537 3441; x_wconf 91' lang='lat' dir='ltr'>aut</span> <span class='ocrx_word' id='word_1_570' title='bbox 560 3410 667 3440; x_wconf 91' lang='lat' dir='ltr'>alienis</span> <span class='ocrx_word' id='word_1_571' title='bbox 691 3410 796 3450; x_wconf 91' lang='lat' dir='ltr'>potuit</span> <span class='ocrx_word' id='word_1_572' title='bbox 819 3411 957 3450; x_wconf 85' lang='lat' dir='ltr'>experiri.</span> <span class='ocrx_word' id='word_1_573' title='bbox 977 3412 1172 3451; x_wconf 83' lang='lat' dir='ltr'>Proponant,</span> <span class='ocrx_word' id='word_1_574' title='bbox 1197 3421 1325 3451; x_wconf 89' lang='lat' dir='ltr'>quaeso,</span> <span class='ocrx_word' id='word_1_575' title='bbox 1349 3411 1381 3441; x_wconf 93' lang='lat' dir='ltr'>in</span> 
     </span>
     <span class='ocr_line' id='line_1_79' title="bbox 330 3454 1382 3496; baseline -0.001 -10"><span class='ocrx_word' id='word_1_576' title='bbox 330 3455 491 3496; x_wconf 89' lang='lat' dir='ltr'>speciebus</span> <span class='ocrx_word' id='word_1_577' title='bbox 516 3461 546 3485; x_wconf 92' lang='lat' dir='ltr'>et</span> <span class='ocrx_word' id='word_1_578' title='bbox 569 3454 631 3484; x_wconf 89' lang='lat' dir='ltr'>suis</span> <span class='ocrx_word' id='word_1_579' title='bbox 655 3454 823 3484; x_wconf 88' lang='lat' dir='ltr'>individuis</span> <span class='ocrx_word' id='word_1_580' title='bbox 847 3461 934 3485; x_wconf 88' lang='lat' dir='ltr'>actus</span> <span class='ocrx_word' id='word_1_581' title='bbox 957 3455 1033 3485; x_wconf 91' lang='lat' dir='ltr'>istos</span> <span class='ocrx_word' id='word_1_582' title='bbox 1057 3455 1252 3491; x_wconf 88' lang='lat' dir='ltr'>deliberatos,</span> <span class='ocrx_word' id='word_1_583' title='bbox 1276 3461 1306 3485; x_wconf 92' lang='lat' dir='ltr'>et</span> <span class='ocrx_word' id='word_1_584' title='bbox 1329 3455 1382 3485; x_wconf 90' lang='lat' dir='ltr'>ad-</span> 
     </span>
     <span class='ocr_line' id='line_1_80' title="bbox 329 3506 738 3530; baseline -0.005 0"><span class='ocrx_word' id='word_1_585' title='bbox 329 3506 450 3530; x_wconf 85' lang='lat' dir='ltr'>vertent</span> <span class='ocrx_word' id='word_1_586' title='bbox 474 3508 610 3528; x_wconf 90' lang='lat' dir='ltr'>errorem</span> <span class='ocrx_word' id='word_1_587' title='bbox 634 3508 738 3528; x_wconf 91' lang='lat' dir='ltr'>suum.</span> 
     </span>
    </p>

    <p class='ocr_par' dir='ltr' id='par_1_21' title="bbox 381 3541 1382 3583">
     <span class='ocr_line' id='line_1_81' title="bbox 381 3541 1382 3583; baseline -0.001 -10"><span class='ocrx_word' id='word_1_588' title='bbox 381 3543 434 3574; x_wconf 89' lang='lat' dir='ltr'>VI.</span> <span class='ocrx_word' id='word_1_589' title='bbox 447 3543 594 3580; x_wconf 86' lang='lat' dir='ltr'>Quatuor</span> <span class='ocrx_word' id='word_1_590' title='bbox 610 3551 683 3582; x_wconf 87' lang='lat' dir='ltr'>ergo</span> <span class='ocrx_word' id='word_1_591' title='bbox 699 3541 817 3582; x_wconf 87' lang='lat' dir='ltr'>agenda</span> <span class='ocrx_word' id='word_1_592' title='bbox 833 3541 882 3572; x_wconf 91' lang='lat' dir='ltr'>hic</span> <span class='ocrx_word' id='word_1_593' title='bbox 897 3549 979 3573; x_wconf 89' lang='lat' dir='ltr'>sunt.</span> <span class='ocrx_word' id='word_1_594' title='bbox 995 3543 1078 3572; x_wconf 85' lang='lat' dir='ltr'>Nam</span> <span class='ocrx_word' id='word_1_595' title='bbox 1091 3542 1204 3583; x_wconf 89' lang='lat' dir='ltr'>primo,</span> <span class='ocrx_word' id='word_1_596' title='bbox 1217 3541 1382 3579; x_wconf 88' lang='lat' dir='ltr'>obiectis*;</span> 
     </span>
    </p>
   </div>
   <div class='ocr_carea' id='block_1_15' title="bbox 1424 250 2476 295">
    <p class='ocr_par' dir='ltr' id='par_1_22' title="bbox 1424 250 2476 295">
     <span class='ocr_line' id='line_1_82' title="bbox 1424 250 2476 295; baseline 0.01 -11"><span class='ocrx_word' id='word_1_597' title='bbox 1424 250 1717 287; x_wconf 87' lang='lat' dir='ltr'>ARTICULUS</span> <span class='ocrx_word' id='word_1_598' title='bbox 1745 253 1830 288; x_wconf 89' lang='lat' dir='ltr'>VIII</span> <span class='ocrx_word' id='word_1_599' title='bbox 2409 259 2450 295; x_wconf 81' lang='lat'>13</span> <span class='ocrx_word' id='word_1_600' title='bbox 2459 260 2476 295; x_wconf 90' lang='lat'><strong>5</strong></span> 
     </span>
    </p>
   </div>
   <div class='ocr_carea' id='block_1_16' title="bbox 1422 330 2479 694">
    <p class='ocr_par' dir='ltr' id='par_1_23' title="bbox 1426 330 2475 431">
     <span class='ocr_line' id='line_1_83' title="bbox 1426 330 2475 382; baseline 0.01 -19"><span class='ocrx_word' id='word_1_601' title='bbox 1426 334 1526 364; x_wconf 91' lang='lat' dir='ltr'>ratur</span> <span class='ocrx_word' id='word_1_602' title='bbox 1547 340 1616 376; x_wconf 93' lang='lat' dir='ltr'>per</span> <span class='ocrx_word' id='word_1_603' title='bbox 1636 330 1959 378; x_wconf 89' lang='lat' dir='ltr'>comparationem</span> <span class='ocrx_word' id='word_1_604' title='bbox 1984 332 2032 369; x_wconf 91' lang='lat' dir='ltr'>ad</span> <span class='ocrx_word' id='word_1_605' title='bbox 2060 334 2256 382; x_wconf 90' lang='lat' dir='ltr'>rationem,</span> <span class='ocrx_word' id='word_1_606' title='bbox 2275 343 2316 372; x_wconf 90' lang='lat' dir='ltr'>ut</span> <span class='ocrx_word' id='word_1_607' title='bbox 2335 336 2475 373; x_wconf 89' lang='lat' dir='ltr'>dictum</span> 
     </span>
     <span class='ocr_line' id='line_1_84' title="bbox 1426 380 2057 431; baseline 0.008 -15"><span class='ocrx_word' id='word_1_608' title='bbox 1426 387 1480 416; x_wconf 91' lang='lat' dir='ltr'>est</span> <span class='ocrx_word' id='word_1_609' title='bbox 1497 380 1528 417; x_wconf 69' lang='lat'>²¹⁶.</span> <span class='ocrx_word' id='word_1_610' title='bbox 1550 381 1597 417; x_wconf 90' lang='lat' dir='ltr'>Et</span> <span class='ocrx_word' id='word_1_611' title='bbox 1625 381 1671 418; x_wconf 91' lang='lat' dir='ltr'>de</span> <span class='ocrx_word' id='word_1_612' title='bbox 1699 382 1771 418; x_wconf 89' lang='lat' dir='ltr'>hac</span> <span class='ocrx_word' id='word_1_613' title='bbox 1799 395 1899 420; x_wconf 89' lang='lat' dir='ltr'>nune</span> <span class='ocrx_word' id='word_1_614' title='bbox 1927 384 2057 431; x_wconf 87' lang='lat' dir='ltr'>agitur.</span> 
     </span>
    </p>

    <p class='ocr_par' dir='ltr' id='par_1_24' title="bbox 1422 434 2479 694">
     <span class='ocr_line' id='line_1_85' title="bbox 1477 434 2476 487; baseline 0.008 -18"><span class='ocrx_word' id='word_1_615' title='bbox 1477 434 1535 469; x_wconf 86' lang='lat' dir='ltr'>AD</span> <span class='ocrx_word' id='word_1_616' title='bbox 1554 445 1712 472; x_wconf 75' lang='lat' dir='ltr'>TERTlUM</span> <span class='ocrx_word' id='word_1_617' title='bbox 1732 447 1914 472; x_wconf 72' lang='lat' dir='ltr'>mel-:unum</span> <span class='ocrx_word' id='word_1_618' title='bbox 1933 436 2037 484; x_wconf 92' lang='lat' dir='ltr'>quod</span> <span class='ocrx_word' id='word_1_619' title='bbox 2065 449 2142 474; x_wconf 92' lang='lat' dir='ltr'>non</span> <span class='ocrx_word' id='word_1_620' title='bbox 2161 437 2342 487; x_wconf 90' lang='lat' dir='ltr'>quidquid</span> <span class='ocrx_word' id='word_1_621' title='bbox 2363 440 2476 477; x_wconf 90' lang='lat' dir='ltr'>habet</span> 
     </span>
     <span class='ocr_line' id='line_1_86' title="bbox 1424 487 2478 537; baseline 0.007 -16"><span class='ocrx_word' id='word_1_622' title='bbox 1424 493 1539 532; x_wconf 91' lang='lat' dir='ltr'>actus,</span> <span class='ocrx_word' id='word_1_623' title='bbox 1559 487 1718 534; x_wconf 90' lang='lat' dir='ltr'>pertinet</span> <span class='ocrx_word' id='word_1_624' title='bbox 1741 488 1789 524; x_wconf 92' lang='lat' dir='ltr'>ad</span> <span class='ocrx_word' id='word_1_625' title='bbox 1817 489 1983 537; x_wconf 90' lang='lat' dir='ltr'>speciem</span> <span class='ocrx_word' id='word_1_626' title='bbox 2012 489 2102 526; x_wconf 91' lang='lat' dir='ltr'>eius.</span> <span class='ocrx_word' id='word_1_627' title='bbox 2132 490 2242 527; x_wconf 91' lang='lat' dir='ltr'>Unde</span> <span class='ocrx_word' id='word_1_628' title='bbox 2271 491 2337 527; x_wconf 91' lang='lat' dir='ltr'>etsi</span> <span class='ocrx_word' id='word_1_629' title='bbox 2364 491 2402 528; x_wconf 92' lang='lat' dir='ltr'>in</span> <span class='ocrx_word' id='word_1_630' title='bbox 2421 505 2478 529; x_wconf 91' lang='lat' dir='ltr'>ra-</span> 
     </span>
     <span class='ocr_line' id='line_1_87' title="bbox 1422 537 2476 592; baseline 0.006 -18"><span class='ocrx_word' id='word_1_631' title='bbox 1422 537 1522 575; x_wconf 89' lang='lat' dir='ltr'>tione</span> <span class='ocrx_word' id='word_1_632' title='bbox 1550 551 1641 575; x_wconf 91' lang='lat' dir='ltr'>suae</span> <span class='ocrx_word' id='word_1_633' title='bbox 1661 540 1799 588; x_wconf 91' lang='lat' dir='ltr'>speciei</span> <span class='ocrx_word' id='word_1_634' title='bbox 1826 553 1904 578; x_wconf 94' lang='lat' dir='ltr'>non</span> <span class='ocrx_word' id='word_1_635' title='bbox 1933 542 2167 578; x_wconf 88' lang='lat' dir='ltr'>contineatur</span> <span class='ocrx_word' id='word_1_636' title='bbox 2184 542 2368 591; x_wconf 89' lang='lat' dir='ltr'>quidquid</span> <span class='ocrx_word' id='word_1_637' title='bbox 2395 556 2476 592; x_wconf 89' lang='lat' dir='ltr'>per-</span> 
     </span>
     <span class='ocr_line' id='line_1_88' title="bbox 1422 590 2479 644; baseline 0.005 -18"><span class='ocrx_word' id='word_1_638' title='bbox 1422 590 1513 627; x_wconf 91' lang='lat' dir='ltr'>tinet</span> <span class='ocrx_word' id='word_1_639' title='bbox 1532 592 1579 628; x_wconf 93' lang='lat' dir='ltr'>ad</span> <span class='ocrx_word' id='word_1_640' title='bbox 1594 593 1865 640; x_wconf 90' lang='lat' dir='ltr'>plenitudinem</span> <span class='ocrx_word' id='word_1_641' title='bbox 1887 594 2063 631; x_wconf 90' lang='lat' dir='ltr'>bonitatis</span> <span class='ocrx_word' id='word_1_642' title='bbox 2082 594 2209 642; x_wconf 83' lang='lat' dir='ltr'>ipsius,</span> <span class='ocrx_word' id='word_1_643' title='bbox 2230 607 2307 631; x_wconf 93' lang='lat' dir='ltr'>non</span> <span class='ocrx_word' id='word_1_644' title='bbox 2326 603 2479 644; x_wconf 90' lang='lat' dir='ltr'>propter</span> 
     </span>
     <span class='ocr_line' id='line_1_89' title="bbox 1422 643 2478 694; baseline 0.006 -16"><span class='ocrx_word' id='word_1_645' title='bbox 1422 643 1496 679; x_wconf 90' lang='lat' dir='ltr'>hoc</span> <span class='ocrx_word' id='word_1_646' title='bbox 1517 651 1572 680; x_wconf 92' lang='lat' dir='ltr'>est</span> <span class='ocrx_word' id='word_1_647' title='bbox 1600 656 1644 681; x_wconf 86' lang='lat' dir='ltr'>ex</span> <span class='ocrx_word' id='word_1_648' title='bbox 1663 645 1788 694; x_wconf 88' lang='lat' dir='ltr'>specie</span> <span class='ocrx_word' id='word_1_649' title='bbox 1808 659 1876 683; x_wconf 88' lang='lat' dir='ltr'>sua</span> <span class='ocrx_word' id='word_1_650' title='bbox 1895 648 2028 694; x_wconf 86' lang='lat' dir='ltr'>malus,</span> <span class='ocrx_word' id='word_1_651' title='bbox 2049 659 2120 684; x_wconf 93' lang='lat' dir='ltr'>nec</span> <span class='ocrx_word' id='word_1_652' title='bbox 2139 647 2250 684; x_wconf 90' lang='lat' dir='ltr'>etiam</span> <span class='ocrx_word' id='word_1_653' title='bbox 2271 648 2411 684; x_wconf 84' lang='lat' dir='ltr'>bonus:</span> <span class='ocrx_word' id='word_1_654' title='bbox 2432 649 2478 684; x_wconf 90' lang='lat' dir='ltr'>si-</span> 
     </span>
    </p>
   </div>
   <div class='ocr_carea' id='block_1_17' title="bbox 1424 696 2477 797">
    <p class='ocr_par' dir='ltr' id='par_1_25' title="bbox 1424 696 2477 797">
     <span class='ocr_line' id='line_1_90' title="bbox 1425 696 2477 748; baseline 0.006 -17"><span class='ocrx_word' id='word_1_655' title='bbox 1425 702 1486 732; x_wconf 93' lang='lat' dir='ltr'>cut</span> <span class='ocrx_word' id='word_1_656' title='bbox 1508 696 1626 732; x_wconf 92' lang='lat' dir='ltr'>homo</span> <span class='ocrx_word' id='word_1_657' title='bbox 1647 699 1856 736; x_wconf 88' lang='lat' dir='ltr'>secundum</span> <span class='ocrx_word' id='word_1_658' title='bbox 1880 712 1988 736; x_wconf 90' lang='lat' dir='ltr'>suam</span> <span class='ocrx_word' id='word_1_659' title='bbox 2009 700 2175 748; x_wconf 89' lang='lat' dir='ltr'>speciem</span> <span class='ocrx_word' id='word_1_660' title='bbox 2194 711 2317 748; x_wconf 90' lang='lat' dir='ltr'>neque</span> <span class='ocrx_word' id='word_1_661' title='bbox 2336 700 2477 737; x_wconf 91' lang='lat' dir='ltr'>virtuo-</span> 
     </span>
     <span class='ocr_line' id='line_1_91' title="bbox 1424 751 1930 797; baseline 0.012 -14"><span class='ocrx_word' id='word_1_662' title='bbox 1424 760 1499 794; x_wconf 91' lang='lat' dir='ltr'>sus,</span> <span class='ocrx_word' id='word_1_663' title='bbox 1528 761 1651 797; x_wconf 91' lang='lat' dir='ltr'>neque</span> <span class='ocrx_word' id='word_1_664' title='bbox 1678 751 1836 788; x_wconf 92' lang='lat' dir='ltr'>vitiosus</span> <span class='ocrx_word' id='word_1_665' title='bbox 1865 759 1930 789; x_wconf 89' lang='lat' dir='ltr'>est.</span> 
     </span>
    </p>
   </div>
   <div class='ocr_carea' id='block_1_18' title="bbox 974 833 1809 885">
    <p class='ocr_par' dir='ltr' id='par_1_26' title="bbox 974 833 1809 885">
     <span class='ocr_line' id='line_1_92' title="bbox 974 833 1809 885; baseline 0.005 -20"><span class='ocrx_word' id='word_1_666' title='bbox 974 833 1316 885; x_wconf 38' lang='lat' dir='ltr'>,commentaria</span> <span class='ocrx_word' id='word_1_667' title='bbox 1339 833 1588 866; x_wconf 65' lang='lat' dir='ltr'>cardinalis</span> <span class='ocrx_word' id='word_1_668' title='bbox 1611 835 1809 869; x_wconf 77' lang='lat' dir='ltr'>Caietani</span> 
     </span>
    </p>
   </div>
   <div class='ocr_carea' id='block_1_19' title="bbox 1426 912 2514 1002">
    <p class='ocr_par' dir='ltr' id='par_1_27' title="bbox 1426 912 2514 1002">
     <span class='ocr_line' id='line_1_93' title="bbox 1426 912 2513 954; baseline 0.006 -13"><span class='ocrx_word' id='word_1_669' title='bbox 1426 912 1574 948; x_wconf 90' lang='lat' dir='ltr'>secundo,</span> <span class='ocrx_word' id='word_1_670' title='bbox 1587 912 1797 945; x_wconf 87' lang='lat' dir='ltr'>fundamentis</span> <span class='ocrx_word' id='word_1_671' title='bbox 1813 915 2064 946; x_wconf 89' lang='lat' dir='ltr'>satisfaciendum</span> <span class='ocrx_word' id='word_1_672' title='bbox 2081 923 2126 947; x_wconf 89' lang='lat' dir='ltr'>est</span> <span class='ocrx_word' id='word_1_673' title='bbox 2136 916 2167 953; x_wconf 50' lang='grc' dir='ltr'><strong>ἦ</strong></span> <span class='ocrx_word' id='word_1_674' title='bbox 2187 917 2288 954; x_wconf 90' lang='lat' dir='ltr'>tertio,</span> <span class='ocrx_word' id='word_1_675' title='bbox 2306 917 2343 947; x_wconf 93' lang='lat' dir='ltr'>de</span> <span class='ocrx_word' id='word_1_676' title='bbox 2359 917 2478 948; x_wconf 90' lang='lat' dir='ltr'>indiffe-</span> <span class='ocrx_word' id='word_1_677' title='bbox 2504 924 2513 933; x_wconf 82' lang='grc'><em>·</em></span> 
     </span>
     <span class='ocr_line' id='line_1_94' title="bbox 1426 956 2514 1002; baseline 0.006 -17"><span class='ocrx_word' id='word_1_678' title='bbox 1426 956 1523 987; x_wconf 87' lang='lat' dir='ltr'>rentia</span> <span class='ocrx_word' id='word_1_679' title='bbox 1542 963 1628 987; x_wconf 90' lang='lat' dir='ltr'>actus</span> <span class='ocrx_word' id='word_1_680' title='bbox 1648 959 1822 988; x_wconf 91' lang='lat' dir='ltr'>secundum</span> <span class='ocrx_word' id='word_1_681' title='bbox 1841 960 2000 990; x_wconf 90' lang='lat' dir='ltr'>obiectum</span> <span class='ocrx_word' id='word_1_682' title='bbox 2019 971 2073 990; x_wconf 89' lang='lat' dir='ltr'>seu</span> <span class='ocrx_word' id='word_1_683' title='bbox 2093 960 2230 1000; x_wconf 91' lang='lat' dir='ltr'>speciem</span> <span class='ocrx_word' id='word_1_684' title='bbox 2244 960 2277 997; x_wconf 76' lang='lat'>*3</span> <span class='ocrx_word' id='word_1_685' title='bbox 2302 968 2332 992; x_wconf 93' lang='lat' dir='ltr'>et</span> <span class='ocrx_word' id='word_1_686' title='bbox 2354 968 2476 1002; x_wconf 78' lang='lat' dir='ltr'>quarm,</span> <span class='ocrx_word' id='word_1_687' title='bbox 2503 966 2514 977; x_wconf 68' lang='lat'>⁶</span> 
     </span>
    </p>
   </div>
   <div class='ocr_carea' id='block_1_20' title="bbox 1424 1000 2478 1305">
    <p class='ocr_par' dir='ltr' id='par_1_28' title="bbox 1426 1000 2478 1074">
     <span class='ocr_line' id='line_1_95' title="bbox 1426 1000 2478 1044; baseline 0.007 -15"><span class='ocrx_word' id='word_1_688' title='bbox 1426 1000 1514 1040; x_wconf 84' lang='lat' dir='ltr'>quod</span> <span class='ocrx_word' id='word_1_689' title='bbox 1537 1010 1603 1030; x_wconf 92' lang='lat' dir='ltr'>non</span> <span class='ocrx_word' id='word_1_690' title='bbox 1626 1001 1717 1031; x_wconf 87' lang='lat' dir='ltr'>datur</span> <span class='ocrx_word' id='word_1_691' title='bbox 1739 1009 1826 1032; x_wconf 90' lang='lat' dir='ltr'>actus</span> <span class='ocrx_word' id='word_1_692' title='bbox 1848 1002 2024 1034; x_wconf 89' lang='lat' dir='ltr'>indifferens</span> <span class='ocrx_word' id='word_1_693' title='bbox 2046 1004 2079 1034; x_wconf 90' lang='lat' dir='ltr'>in</span> <span class='ocrx_word' id='word_1_694' title='bbox 2102 1005 2287 1044; x_wconf 83' lang='lat' dir='ltr'>particulari,</span> <span class='ocrx_word' id='word_1_695' title='bbox 2313 1006 2478 1036; x_wconf 91' lang='lat' dir='ltr'>ostenden-</span> 
     </span>
     <span class='ocr_line' id='line_1_96' title="bbox 1426 1044 1583 1074; baseline 0.006 -1"><span class='ocrx_word' id='word_1_696' title='bbox 1426 1044 1504 1073; x_wconf 90' lang='lat' dir='ltr'>dum</span> <span class='ocrx_word' id='word_1_697' title='bbox 1528 1051 1583 1074; x_wconf 89' lang='lat' dir='ltr'>est.</span> 
     </span>
    </p>

    <p class='ocr_par' dir='ltr' id='par_1_29' title="bbox 1424 1087 2478 1305">
     <span class='ocr_line' id='line_1_97' title="bbox 1490 1087 2476 1133; baseline 0.006 -16"><span class='ocrx_word' id='word_1_698' title='bbox 1490 1087 1702 1118; x_wconf 88' lang='lat' dir='ltr'>Procedemus</span> <span class='ocrx_word' id='word_1_699' title='bbox 1721 1095 1827 1119; x_wconf 86' lang='lat' dir='ltr'>autem</span> <span class='ocrx_word' id='word_1_700' title='bbox 1850 1090 1959 1120; x_wconf 90' lang='lat' dir='ltr'>ordine</span> <span class='ocrx_word' id='word_1_701' title='bbox 1978 1092 2167 1130; x_wconf 87' lang='lat' dir='ltr'>retrogrado,</span> <span class='ocrx_word' id='word_1_702' title='bbox 2185 1099 2394 1123; x_wconf 87' lang='lat' dir='ltr'>monstrantes</span> <span class='ocrx_word' id='word_1_703' title='bbox 2415 1093 2476 1133; x_wconf 89' lang='lat' dir='ltr'>pri-</span> 
     </span>
     <span class='ocr_line' id='line_1_98' title="bbox 1426 1131 2477 1171; baseline 0.007 -11"><span class='ocrx_word' id='word_1_704' title='bbox 1426 1140 1480 1160; x_wconf 92' lang='lat' dir='ltr'>mo</span> <span class='ocrx_word' id='word_1_705' title='bbox 1505 1131 1593 1171; x_wconf 90' lang='lat' dir='ltr'>quod</span> <span class='ocrx_word' id='word_1_706' title='bbox 1609 1132 1712 1162; x_wconf 88' lang='lat' dir='ltr'>omnis</span> <span class='ocrx_word' id='word_1_707' title='bbox 1736 1139 1823 1163; x_wconf 90' lang='lat' dir='ltr'>actus</span> <span class='ocrx_word' id='word_1_708' title='bbox 1844 1133 2003 1164; x_wconf 85' lang='lat' dir='ltr'>humanus</span> <span class='ocrx_word' id='word_1_709' title='bbox 2024 1134 2057 1164; x_wconf 89' lang='lat' dir='ltr'>in</span> <span class='ocrx_word' id='word_1_710' title='bbox 2074 1142 2144 1165; x_wconf 90' lang='lat' dir='ltr'>actu</span> <span class='ocrx_word' id='word_1_711' title='bbox 2161 1135 2292 1166; x_wconf 87' lang='lat' dir='ltr'>exercito</span> <span class='ocrx_word' id='word_1_712' title='bbox 2314 1143 2359 1166; x_wconf 90' lang='lat' dir='ltr'>est</span> <span class='ocrx_word' id='word_1_713' title='bbox 2373 1137 2477 1167; x_wconf 90' lang='lat' dir='ltr'>bonus</span> 
     </span>
     <span class='ocr_line' id='line_1_99' title="bbox 1426 1175 2477 1218; baseline 0.006 -14"><span class='ocrx_word' id='word_1_714' title='bbox 1426 1181 1479 1205; x_wconf 90' lang='lat' dir='ltr'>aut</span> <span class='ocrx_word' id='word_1_715' title='bbox 1498 1175 1600 1205; x_wconf 88' lang='lat' dir='ltr'>malus</span> <span class='ocrx_word' id='word_1_716' title='bbox 1616 1175 1783 1211; x_wconf 82' lang='lat' dir='ltr'>moraliter.</span> <span class='ocrx_word' id='word_1_717' title='bbox 1800 1177 1950 1216; x_wconf 88' lang='lat' dir='ltr'>Arguitur</span> <span class='ocrx_word' id='word_1_718' title='bbox 1966 1187 2039 1217; x_wconf 88' lang='lat' dir='ltr'>ergo</span> <span class='ocrx_word' id='word_1_719' title='bbox 2055 1178 2107 1215; x_wconf 86' lang='lat' dir='ltr'>sic,</span> <span class='ocrx_word' id='word_1_720' title='bbox 2128 1179 2241 1218; x_wconf 89' lang='lat' dir='ltr'>primo.</span> <span class='ocrx_word' id='word_1_721' title='bbox 2259 1179 2372 1210; x_wconf 90' lang='lat' dir='ltr'>Omnis</span> <span class='ocrx_word' id='word_1_722' title='bbox 2391 1187 2477 1211; x_wconf 88' lang='lat' dir='ltr'>actus</span> 
     </span>
     <span class='ocr_line' id='line_1_100' title="bbox 1426 1218 2477 1263; baseline 0.005 -15"><span class='ocrx_word' id='word_1_723' title='bbox 1426 1218 1547 1249; x_wconf 90' lang='lat' dir='ltr'>otiosus</span> <span class='ocrx_word' id='word_1_724' title='bbox 1564 1226 1610 1249; x_wconf 91' lang='lat' dir='ltr'>est</span> <span class='ocrx_word' id='word_1_725' title='bbox 1625 1220 1726 1249; x_wconf 84' lang='lat' dir='ltr'>malus</span> <span class='ocrx_word' id='word_1_726' title='bbox 1743 1221 1911 1251; x_wconf 88' lang='lat' dir='ltr'>contrarie:</span> <span class='ocrx_word' id='word_1_727' title='bbox 1932 1222 1985 1251; x_wconf 92' lang='lat' dir='ltr'>sed</span> <span class='ocrx_word' id='word_1_728' title='bbox 1999 1222 2102 1252; x_wconf 90' lang='lat' dir='ltr'>omnis</span> <span class='ocrx_word' id='word_1_729' title='bbox 2117 1230 2202 1253; x_wconf 90' lang='lat' dir='ltr'>actus</span> <span class='ocrx_word' id='word_1_730' title='bbox 2219 1223 2403 1253; x_wconf 89' lang='lat' dir='ltr'>deliberatus</span> <span class='ocrx_word' id='word_1_731' title='bbox 2416 1223 2477 1263; x_wconf 88' lang='lat' dir='ltr'>pri-</span> 
     </span>
     <span class='ocr_line' id='line_1_101' title="bbox 1424 1262 2478 1305; baseline 0.005 -14"><span class='ocrx_word' id='word_1_732' title='bbox 1424 1269 1514 1292; x_wconf 91' lang='lat' dir='ltr'>vatus</span> <span class='ocrx_word' id='word_1_733' title='bbox 1531 1262 1635 1293; x_wconf 88' lang='lat' dir='ltr'>debito</span> <span class='ocrx_word' id='word_1_734' title='bbox 1651 1262 1722 1300; x_wconf 91' lang='lat' dir='ltr'>fine,</span> <span class='ocrx_word' id='word_1_735' title='bbox 1741 1271 1786 1294; x_wconf 87' lang='lat' dir='ltr'>est</span> <span class='ocrx_word' id='word_1_736' title='bbox 1806 1265 1941 1295; x_wconf 86' lang='lat' dir='ltr'>otiosus:</span> <span class='ocrx_word' id='word_1_737' title='bbox 1962 1275 2035 1305; x_wconf 90' lang='lat' dir='ltr'>ergo</span> <span class='ocrx_word' id='word_1_738' title='bbox 2052 1266 2154 1296; x_wconf 86' lang='lat' dir='ltr'>malus</span> <span class='ocrx_word' id='word_1_739' title='bbox 2171 1266 2331 1296; x_wconf 77' lang='lat' dir='ltr'>contrarie.</span> <span class='ocrx_word' id='word_1_740' title='bbox 2344 1285 2364 1288; x_wconf 98' lang='lat'><strong>—</strong></span> <span class='ocrx_word' id='word_1_741' title='bbox 2378 1267 2478 1296; x_wconf 87' lang='lat' dir='ltr'>Maior</span> 
     </span>
    </p>
   </div>
   <div class='ocr_carea' id='block_1_21' title="bbox 1426 1306 2514 1345">
    <p class='ocr_par' dir='ltr' id='par_1_30' title="bbox 1426 1306 2514 1345">
     <span class='ocr_line' id='line_1_102' title="bbox 1426 1306 2514 1345; baseline 0.005 -10"><span class='ocrx_word' id='word_1_742' title='bbox 1426 1312 1472 1336; x_wconf 91' lang='lat' dir='ltr'>est</span> <span class='ocrx_word' id='word_1_743' title='bbox 1495 1307 1563 1336; x_wconf 91' lang='lat' dir='ltr'>Iesu</span> <span class='ocrx_word' id='word_1_744' title='bbox 1588 1306 1712 1343; x_wconf 90' lang='lat' dir='ltr'>Christi,</span> <span class='ocrx_word' id='word_1_745' title='bbox 1736 1308 1846 1339; x_wconf 91' lang='lat' dir='ltr'>Matth.</span> <span class='ocrx_word' id='word_1_746' title='bbox 1862 1319 1904 1338; x_wconf 78' lang='grc' dir='ltr'>ΧΠ</span> <span class='ocrx_word' id='word_1_747' title='bbox 1918 1309 1944 1345; x_wconf 89' lang='grc'>*,</span> <span class='ocrx_word' id='word_1_748' title='bbox 1970 1309 2007 1339; x_wconf 92' lang='lat' dir='ltr'>de</span> <span class='ocrx_word' id='word_1_749' title='bbox 2030 1310 2126 1340; x_wconf 91' lang='lat' dir='ltr'>verbo</span> <span class='ocrx_word' id='word_1_750' title='bbox 2145 1309 2265 1340; x_wconf 90' lang='lat' dir='ltr'>otioso:</span> <span class='ocrx_word' id='word_1_751' title='bbox 2289 1309 2372 1340; x_wconf 90' lang='lat' dir='ltr'>idem</span> <span class='ocrx_word' id='word_1_752' title='bbox 2394 1310 2478 1340; x_wconf 92' lang='lat' dir='ltr'>enim</span> <span class='ocrx_word' id='word_1_753' title='bbox 2505 1315 2514 1324; x_wconf 84' lang='lat'><strong>·</strong></span> 
     </span>
    </p>
   </div>
   <div class='ocr_carea' id='block_1_22' title="bbox 1426 1349 2486 3580">
    <p class='ocr_par' dir='ltr' id='par_1_31' title="bbox 1426 1349 2479 1554">
     <span class='ocr_line' id='line_1_103' title="bbox 1427 1349 2478 1391; baseline 0.005 -13"><span class='ocrx_word' id='word_1_754' title='bbox 1427 1356 1472 1380; x_wconf 89' lang='lat' dir='ltr'>est</span> <span class='ocrx_word' id='word_1_755' title='bbox 1483 1349 1640 1380; x_wconf 67' lang='lat' dir='ltr'>indicium</span> <span class='ocrx_word' id='word_1_756' title='bbox 1664 1351 1702 1380; x_wconf 89' lang='lat' dir='ltr'>de</span> <span class='ocrx_word' id='word_1_757' title='bbox 1725 1351 1851 1391; x_wconf 89' lang='lat' dir='ltr'>reliquis</span> <span class='ocrx_word' id='word_1_758' title='bbox 1868 1353 1986 1383; x_wconf 87' lang='lat' dir='ltr'>actibus</span> <span class='ocrx_word' id='word_1_759' title='bbox 2006 1353 2125 1384; x_wconf 90' lang='lat' dir='ltr'>otiosis.</span> <span class='ocrx_word' id='word_1_760' title='bbox 2137 1353 2273 1384; x_wconf 90' lang='lat' dir='ltr'>—Minor</span> <span class='ocrx_word' id='word_1_761' title='bbox 2289 1360 2334 1384; x_wconf 89' lang='lat' dir='ltr'>est</span> <span class='ocrx_word' id='word_1_762' title='bbox 2352 1361 2427 1384; x_wconf 88' lang='lat' dir='ltr'>nota</span> <span class='ocrx_word' id='word_1_763' title='bbox 2441 1364 2478 1383; x_wconf 84' lang='lat' dir='ltr'>ex</span> 
     </span>
     <span class='ocr_line' id='line_1_104' title="bbox 1426 1393 2477 1436; baseline 0.005 -14"><span class='ocrx_word' id='word_1_764' title='bbox 1426 1393 1576 1423; x_wconf 88' lang='lat' dir='ltr'>terminis.</span> <span class='ocrx_word' id='word_1_765' title='bbox 1602 1393 1751 1424; x_wconf 89' lang='lat' dir='ltr'>Otiosum</span> <span class='ocrx_word' id='word_1_766' title='bbox 1775 1395 1859 1425; x_wconf 90' lang='lat' dir='ltr'>enim</span> <span class='ocrx_word' id='word_1_767' title='bbox 1883 1406 1919 1426; x_wconf 82' lang='lat' dir='ltr'>ex</span> <span class='ocrx_word' id='word_1_768' title='bbox 1941 1397 2114 1436; x_wconf 85' lang='lat' dir='ltr'>privatione</span> <span class='ocrx_word' id='word_1_769' title='bbox 2136 1396 2206 1427; x_wconf 89' lang='lat' dir='ltr'>finis</span> <span class='ocrx_word' id='word_1_770' title='bbox 2237 1397 2331 1427; x_wconf 92' lang='lat' dir='ltr'>debiti</span> <span class='ocrx_word' id='word_1_771' title='bbox 2350 1397 2477 1433; x_wconf 89' lang='lat' dir='ltr'>dicitur,</span> 
     </span>
     <span class='ocr_line' id='line_1_105' title="bbox 1429 1438 2479 1476; baseline 0.005 -11"><span class='ocrx_word' id='word_1_772' title='bbox 1429 1442 1458 1465; x_wconf 91' lang='lat' dir='ltr'>et</span> <span class='ocrx_word' id='word_1_773' title='bbox 1482 1443 1544 1466; x_wconf 89' lang='lat' dir='ltr'>est:</span> <span class='ocrx_word' id='word_1_774' title='bbox 1569 1438 1657 1476; x_wconf 90' lang='lat' dir='ltr'>quod</span> <span class='ocrx_word' id='word_1_775' title='bbox 1680 1444 1785 1468; x_wconf 88' lang='lat' dir='ltr'>autern</span> <span class='ocrx_word' id='word_1_776' title='bbox 1801 1440 1839 1468; x_wconf 89' lang='lat' dir='ltr'>ad</span> <span class='ocrx_word' id='word_1_777' title='bbox 1854 1439 1950 1469; x_wconf 88' lang='lat' dir='ltr'>finem</span> <span class='ocrx_word' id='word_1_778' title='bbox 1973 1440 2114 1471; x_wconf 91' lang='lat' dir='ltr'>debitum</span> <span class='ocrx_word' id='word_1_779' title='bbox 2138 1451 2203 1471; x_wconf 91' lang='lat' dir='ltr'>non</span> <span class='ocrx_word' id='word_1_780' title='bbox 2223 1441 2393 1476; x_wconf 87' lang='lat' dir='ltr'>ordinatur,</span> <span class='ocrx_word' id='word_1_781' title='bbox 2413 1451 2479 1471; x_wconf 92' lang='lat' dir='ltr'>non</span> 
     </span>
     <span class='ocr_line' id='line_1_106' title="bbox 1429 1479 2479 1524; baseline 0.007 -16"><span class='ocrx_word' id='word_1_782' title='bbox 1429 1479 1535 1509; x_wconf 89' lang='lat' dir='ltr'>solum</span> <span class='ocrx_word' id='word_1_783' title='bbox 1554 1479 1645 1509; x_wconf 90' lang='lat' dir='ltr'>illum</span> <span class='ocrx_word' id='word_1_784' title='bbox 1661 1490 1726 1510; x_wconf 91' lang='lat' dir='ltr'>non</span> <span class='ocrx_word' id='word_1_785' title='bbox 1745 1483 1927 1521; x_wconf 90' lang='lat' dir='ltr'>assequitur,</span> <span class='ocrx_word' id='word_1_786' title='bbox 1945 1484 1998 1513; x_wconf 91' lang='lat' dir='ltr'>sed</span> <span class='ocrx_word' id='word_1_787' title='bbox 2018 1484 2112 1514; x_wconf 88' lang='lat' dir='ltr'>etiarn</span> <span class='ocrx_word' id='word_1_788' title='bbox 2127 1485 2192 1515; x_wconf 88' lang='lat' dir='ltr'>sine</span> <span class='ocrx_word' id='word_1_789' title='bbox 2218 1494 2272 1524; x_wconf 91' lang='lat' dir='ltr'>spe</span> <span class='ocrx_word' id='word_1_790' title='bbox 2296 1484 2479 1514; x_wconf 88' lang='lat' dir='ltr'>huiusmodi</span> 
     </span>
     <span class='ocr_line' id='line_1_107' title="bbox 1429 1522 1699 1554; baseline 0.004 -2"><span class='ocrx_word' id='word_1_791' title='bbox 1429 1522 1632 1553; x_wconf 89' lang='lat' dir='ltr'>assecutionis</span> <span class='ocrx_word' id='word_1_792' title='bbox 1655 1523 1699 1554; x_wconf 89' lang='lat' dir='ltr'>fit.</span> 
     </span>
    </p>

    <p class='ocr_par' dir='ltr' id='par_1_32' title="bbox 1430 1567 2482 1956">
     <span class='ocr_line' id='line_1_108' title="bbox 1496 1567 2479 1607; baseline 0.006 -12"><span class='ocrx_word' id='word_1_793' title='bbox 1496 1567 1665 1602; x_wconf 87' lang='lat' dir='ltr'>Praeterea,</span> <span class='ocrx_word' id='word_1_794' title='bbox 1690 1567 1715 1597; x_wconf 92' lang='lat' dir='ltr'>si</span> <span class='ocrx_word' id='word_1_795' title='bbox 1739 1568 1869 1607; x_wconf 88' lang='lat' dir='ltr'>privatio</span> <span class='ocrx_word' id='word_1_796' title='bbox 1894 1570 1988 1600; x_wconf 89' lang='lat' dir='ltr'>debiti</span> <span class='ocrx_word' id='word_1_797' title='bbox 2011 1570 2081 1600; x_wconf 91' lang='lat' dir='ltr'>finis</span> <span class='ocrx_word' id='word_1_798' title='bbox 2103 1572 2135 1600; x_wconf 92' lang='lat' dir='ltr'>in</span> <span class='ocrx_word' id='word_1_799' title='bbox 2162 1578 2232 1601; x_wconf 91' lang='lat' dir='ltr'>actu</span> <span class='ocrx_word' id='word_1_800' title='bbox 2248 1571 2389 1601; x_wconf 90' lang='lat' dir='ltr'>humano</span> <span class='ocrx_word' id='word_1_801' title='bbox 2414 1582 2479 1601; x_wconf 90' lang='lat' dir='ltr'>non</span> 
     </span>
     <span class='ocr_line' id='line_1_109' title="bbox 1431 1610 2479 1654; baseline 0.006 -15"><span class='ocrx_word' id='word_1_802' title='bbox 1431 1610 1592 1640; x_wconf 89' lang='lat' dir='ltr'>constituit</span> <span class='ocrx_word' id='word_1_803' title='bbox 1602 1617 1707 1641; x_wconf 92' lang='lat' dir='ltr'>actum</span> <span class='ocrx_word' id='word_1_804' title='bbox 1719 1611 1841 1642; x_wconf 89' lang='lat' dir='ltr'>malum</span> <span class='ocrx_word' id='word_1_805' title='bbox 1853 1613 2012 1650; x_wconf 88' lang='lat' dir='ltr'>contrarie,</span> <span class='ocrx_word' id='word_1_806' title='bbox 2022 1614 2088 1654; x_wconf 84' lang='lat' dir='ltr'>pari</span> <span class='ocrx_word' id='word_1_807' title='bbox 2099 1614 2229 1650; x_wconf 90' lang='lat' dir='ltr'>ratione,</span> <span class='ocrx_word' id='word_1_808' title='bbox 2240 1614 2339 1644; x_wconf 92' lang='lat' dir='ltr'>immo</span> <span class='ocrx_word' id='word_1_809' title='bbox 2352 1615 2479 1651; x_wconf 87' lang='lat' dir='ltr'>maiore,</span> 
     </span>
     <span class='ocr_line' id='line_1_110' title="bbox 1431 1653 2480 1699; baseline 0.005 -16"><span class='ocrx_word' id='word_1_810' title='bbox 1431 1653 1548 1684; x_wconf 90' lang='lat' dir='ltr'>nullius</span> <span class='ocrx_word' id='word_1_811' title='bbox 1568 1654 1693 1684; x_wconf 86' lang='lat' dir='ltr'>alterius</span> <span class='ocrx_word' id='word_1_812' title='bbox 1709 1655 1957 1699; x_wconf 81' lang='lat' dir='ltr'>circumstantiae</span> <span class='ocrx_word' id='word_1_813' title='bbox 1976 1658 2106 1696; x_wconf 88' lang='lat' dir='ltr'>privatio</span> <span class='ocrx_word' id='word_1_814' title='bbox 2124 1658 2284 1688; x_wconf 90' lang='lat' dir='ltr'>constituit</span> <span class='ocrx_word' id='word_1_815' title='bbox 2299 1665 2400 1688; x_wconf 90' lang='lat' dir='ltr'>actum</span> <span class='ocrx_word' id='word_1_816' title='bbox 2421 1659 2480 1688; x_wconf 93' lang='lat' dir='ltr'>hu-</span> 
     </span>
     <span class='ocr_line' id='line_1_111' title="bbox 1431 1699 2482 1743; baseline 0.004 -16"><span class='ocrx_word' id='word_1_817' title='bbox 1431 1708 1564 1728; x_wconf 88' lang='lat' dir='ltr'>manum</span> <span class='ocrx_word' id='word_1_818' title='bbox 1576 1699 1696 1728; x_wconf 87' lang='lat' dir='ltr'>malum</span> <span class='ocrx_word' id='word_1_819' title='bbox 1708 1700 1869 1743; x_wconf 72' lang='lat' dir='ltr'>contrarie.</span> <span class='ocrx_word' id='word_1_820' title='bbox 1881 1718 1900 1722; x_wconf 90' lang='lat'>-</span> <span class='ocrx_word' id='word_1_821' title='bbox 1912 1701 1999 1731; x_wconf 87' lang='lat' dir='ltr'>Patet</span> <span class='ocrx_word' id='word_1_822' title='bbox 2013 1701 2151 1741; x_wconf 88' lang='lat' dir='ltr'>sequela:</span> <span class='ocrx_word' id='word_1_823' title='bbox 2167 1701 2240 1742; x_wconf 91' lang='lat' dir='ltr'>quia</span> <span class='ocrx_word' id='word_1_824' title='bbox 2254 1701 2482 1732; x_wconf 87' lang='lat' dir='ltr'>circumstantia</span> 
     </span>
     <span class='ocr_line' id='line_1_112' title="bbox 1432 1742 2481 1786; baseline 0.003 -14"><span class='ocrx_word' id='word_1_825' title='bbox 1432 1742 1501 1772; x_wconf 92' lang='lat' dir='ltr'>finis</span> <span class='ocrx_word' id='word_1_826' title='bbox 1518 1749 1563 1773; x_wconf 90' lang='lat' dir='ltr'>est</span> <span class='ocrx_word' id='word_1_827' title='bbox 1578 1743 1688 1782; x_wconf 83' lang='lat' dir='ltr'>prima,</span> <span class='ocrx_word' id='word_1_828' title='bbox 1707 1749 1737 1773; x_wconf 86' lang='lat' dir='ltr'>et</span> <span class='ocrx_word' id='word_1_829' title='bbox 1750 1743 1849 1782; x_wconf 89' lang='lat' dir='ltr'>magis</span> <span class='ocrx_word' id='word_1_830' title='bbox 1863 1744 1982 1774; x_wconf 88' lang='lat' dir='ltr'>intima.</span> <span class='ocrx_word' id='word_1_831' title='bbox 1995 1762 2015 1767; x_wconf 90' lang='lat'><em>-</em></span> <span class='ocrx_word' id='word_1_832' title='bbox 2028 1745 2157 1775; x_wconf 85' lang='lat' dir='ltr'>Falsitas</span> <span class='ocrx_word' id='word_1_833' title='bbox 2172 1755 2246 1775; x_wconf 89' lang='lat' dir='ltr'>vero</span> <span class='ocrx_word' id='word_1_834' title='bbox 2264 1745 2481 1786; x_wconf 88' lang='lat' dir='ltr'>consequentis</span> 
     </span>
     <span class='ocr_line' id='line_1_113' title="bbox 1431 1787 2482 1828; baseline 0.004 -13"><span class='ocrx_word' id='word_1_835' title='bbox 1431 1793 1517 1826; x_wconf 91' lang='lat' dir='ltr'>patet</span> <span class='ocrx_word' id='word_1_836' title='bbox 1539 1797 1575 1816; x_wconf 83' lang='lat' dir='ltr'>ex</span> <span class='ocrx_word' id='word_1_837' title='bbox 1599 1797 1646 1823; x_wconf 91' lang='lat' dir='ltr'>eo,</span> <span class='ocrx_word' id='word_1_838' title='bbox 1664 1787 1752 1827; x_wconf 91' lang='lat' dir='ltr'>quod</span> <span class='ocrx_word' id='word_1_839' title='bbox 1775 1787 1868 1818; x_wconf 89' lang='lat' dir='ltr'>etiam</span> <span class='ocrx_word' id='word_1_840' title='bbox 1892 1795 1978 1818; x_wconf 90' lang='lat' dir='ltr'>actus</span> <span class='ocrx_word' id='word_1_841' title='bbox 2001 1789 2076 1818; x_wconf 91' lang='lat' dir='ltr'>boni</span> <span class='ocrx_word' id='word_1_842' title='bbox 2098 1799 2134 1818; x_wconf 81' lang='lat' dir='ltr'>ex</span> <span class='ocrx_word' id='word_1_843' title='bbox 2148 1798 2260 1828; x_wconf 88' lang='lat' dir='ltr'>genere</span> <span class='ocrx_word' id='word_1_844' title='bbox 2276 1799 2344 1825; x_wconf 91' lang='lat' dir='ltr'>suo,</span> <span class='ocrx_word' id='word_1_845' title='bbox 2362 1789 2386 1819; x_wconf 90' lang='lat' dir='ltr'>si</span> <span class='ocrx_word' id='word_1_846' title='bbox 2402 1787 2482 1819; x_wconf 90' lang='lat' dir='ltr'>fiunt</span> 
     </span>
     <span class='ocr_line' id='line_1_114' title="bbox 1432 1831 2482 1871; baseline 0.002 -11"><span class='ocrx_word' id='word_1_847' title='bbox 1432 1831 1560 1871; x_wconf 87' lang='lat' dir='ltr'>quando</span> <span class='ocrx_word' id='word_1_848' title='bbox 1589 1841 1654 1860; x_wconf 89' lang='lat' dir='ltr'>non</span> <span class='ocrx_word' id='word_1_849' title='bbox 1683 1831 1811 1868; x_wconf 88' lang='lat' dir='ltr'>debent,</span> <span class='ocrx_word' id='word_1_850' title='bbox 1837 1838 1866 1862; x_wconf 90' lang='lat' dir='ltr'>et</span> <span class='ocrx_word' id='word_1_851' title='bbox 1888 1832 1942 1862; x_wconf 89' lang='lat' dir='ltr'>ubi</span> <span class='ocrx_word' id='word_1_852' title='bbox 1966 1842 2031 1862; x_wconf 92' lang='lat' dir='ltr'>non</span> <span class='ocrx_word' id='word_1_853' title='bbox 2063 1833 2190 1868; x_wconf 86' lang='lat' dir='ltr'>debent,</span> <span class='ocrx_word' id='word_1_854' title='bbox 2223 1839 2295 1863; x_wconf 91' lang='lat' dir='ltr'>sunt</span> <span class='ocrx_word' id='word_1_855' title='bbox 2325 1832 2482 1863; x_wconf 86' lang='lat' dir='ltr'>moraliter</span> 
     </span>
     <span class='ocr_line' id='line_1_115' title="bbox 1432 1874 2482 1915; baseline 0.002 -11"><span class='ocrx_word' id='word_1_856' title='bbox 1432 1874 1522 1906; x_wconf 88' lang='lat' dir='ltr'>mali:</span> <span class='ocrx_word' id='word_1_857' title='bbox 1547 1882 1582 1905; x_wconf 90' lang='lat' dir='ltr'>ut</span> <span class='ocrx_word' id='word_1_858' title='bbox 1598 1880 1683 1914; x_wconf 86' lang='lat' dir='ltr'>patet</span> <span class='ocrx_word' id='word_1_859' title='bbox 1697 1875 1736 1904; x_wconf 91' lang='lat' dir='ltr'>de</span> <span class='ocrx_word' id='word_1_860' title='bbox 1753 1883 1823 1906; x_wconf 90' lang='lat' dir='ltr'>actu</span> <span class='ocrx_word' id='word_1_861' title='bbox 1847 1876 2013 1915; x_wconf 85' lang='lat' dir='ltr'>coniugali,</span> <span class='ocrx_word' id='word_1_862' title='bbox 2031 1883 2061 1906; x_wconf 90' lang='lat' dir='ltr'>et</span> <span class='ocrx_word' id='word_1_863' title='bbox 2082 1886 2119 1906; x_wconf 83' lang='lat' dir='ltr'>ex</span> <span class='ocrx_word' id='word_1_864' title='bbox 2142 1877 2325 1915; x_wconf 89' lang='lat' dir='ltr'>supradictis</span> <span class='ocrx_word' id='word_1_865' title='bbox 2338 1876 2356 1895; x_wconf 82' lang='lat'><em>*</em></span> <span class='ocrx_word' id='word_1_866' title='bbox 2374 1883 2482 1907; x_wconf 89' lang='lat' dir='ltr'>aucto-</span> 
     </span>
     <span class='ocr_line' id='line_1_116' title="bbox 1430 1918 2354 1956; baseline 0.002 -8"><span class='ocrx_word' id='word_1_867' title='bbox 1430 1918 1516 1948; x_wconf 91' lang='lat' dir='ltr'>ribus</span> <span class='ocrx_word' id='word_1_868' title='bbox 1540 1919 1578 1948; x_wconf 92' lang='lat' dir='ltr'>de</span> <span class='ocrx_word' id='word_1_869' title='bbox 1602 1918 1849 1956; x_wconf 81' lang='lat' dir='ltr'>circumstantiis,</span> <span class='ocrx_word' id='word_1_870' title='bbox 1873 1920 2039 1950; x_wconf 89' lang='lat' dir='ltr'>Aristotele</span> <span class='ocrx_word' id='word_1_871' title='bbox 2054 1919 2080 1956; x_wconf 88' lang='lat'>*,</span> <span class='ocrx_word' id='word_1_872' title='bbox 2105 1920 2214 1950; x_wconf 89' lang='lat' dir='ltr'>Tullio</span> <span class='ocrx_word' id='word_1_873' title='bbox 2228 1919 2273 1956; x_wconf 49' lang='grc' dir='ltr'>*ἦ</span> <span class='ocrx_word' id='word_1_874' title='bbox 2297 1926 2354 1950; x_wconf 88' lang='lat' dir='ltr'>etc.</span> 
     </span>
    </p>

    <p class='ocr_par' dir='ltr' id='par_1_33' title="bbox 1431 1963 2483 2343">
     <span class='ocr_line' id='line_1_117' title="bbox 1482 1963 2481 2004; baseline 0.001 -12"><span class='ocrx_word' id='word_1_875' title='bbox 1482 1963 1658 1998; x_wconf 85' lang='lat' dir='ltr'>Praeterea,</span> <span class='ocrx_word' id='word_1_876' title='bbox 1683 1969 1713 1993; x_wconf 91' lang='lat' dir='ltr'>et</span> <span class='ocrx_word' id='word_1_877' title='bbox 1736 1969 1781 1993; x_wconf 92' lang='lat' dir='ltr'>est</span> <span class='ocrx_word' id='word_1_878' title='bbox 1795 1963 1874 1993; x_wconf 92' lang='lat' dir='ltr'>ratio</span> <span class='ocrx_word' id='word_1_879' title='bbox 1890 1963 2017 2000; x_wconf 86' lang='lat' dir='ltr'>litterae,</span> <span class='ocrx_word' id='word_1_880' title='bbox 2035 1964 2113 1994; x_wconf 87' lang='lat' dir='ltr'>ratio</span> <span class='ocrx_word' id='word_1_881' title='bbox 2132 1963 2337 2000; x_wconf 88' lang='lat' dir='ltr'>deliberativa,</span> <span class='ocrx_word' id='word_1_882' title='bbox 2354 1964 2481 2004; x_wconf 88' lang='lat' dir='ltr'>quando</span> 
     </span>
     <span class='ocr_line' id='line_1_118' title="bbox 1431 2005 2483 2047; baseline 0.002 -12"><span class='ocrx_word' id='word_1_883' title='bbox 1431 2005 1503 2045; x_wconf 85' lang='lat' dir='ltr'>agit,</span> <span class='ocrx_word' id='word_1_884' title='bbox 1522 2006 1613 2037; x_wconf 90' lang='lat' dir='ltr'>debet</span> <span class='ocrx_word' id='word_1_885' title='bbox 1635 2016 1724 2046; x_wconf 88' lang='lat' dir='ltr'>agere</span> <span class='ocrx_word' id='word_1_886' title='bbox 1746 2014 1874 2046; x_wconf 87' lang='lat' dir='ltr'>propter</span> <span class='ocrx_word' id='word_1_887' title='bbox 1897 2007 2037 2037; x_wconf 89' lang='lat' dir='ltr'>debitum</span> <span class='ocrx_word' id='word_1_888' title='bbox 2060 2007 2165 2037; x_wconf 89' lang='lat' dir='ltr'>finem.</span> <span class='ocrx_word' id='word_1_889' title='bbox 2187 2008 2269 2044; x_wconf 89' lang='lat' dir='ltr'>Quia</span> <span class='ocrx_word' id='word_1_890' title='bbox 2284 2008 2374 2038; x_wconf 88' lang='lat' dir='ltr'>debet</span> <span class='ocrx_word' id='word_1_891' title='bbox 2394 2017 2483 2047; x_wconf 88' lang='lat' dir='ltr'>agere</span> 
     </span>
     <span class='ocr_line' id='line_1_119' title="bbox 1432 2049 2482 2092; baseline 0.002 -13"><span class='ocrx_word' id='word_1_892' title='bbox 1432 2060 1468 2079; x_wconf 82' lang='lat' dir='ltr'>ex</span> <span class='ocrx_word' id='word_1_893' title='bbox 1491 2049 1611 2080; x_wconf 90' lang='lat' dir='ltr'>ratione</span> <span class='ocrx_word' id='word_1_894' title='bbox 1634 2057 1730 2080; x_wconf 90' lang='lat' dir='ltr'>recta:</span> <span class='ocrx_word' id='word_1_895' title='bbox 1755 2057 1837 2080; x_wconf 89' lang='lat' dir='ltr'>recta</span> <span class='ocrx_word' id='word_1_896' title='bbox 1857 2058 1963 2081; x_wconf 87' lang='lat' dir='ltr'>autem</span> <span class='ocrx_word' id='word_1_897' title='bbox 1986 2051 2063 2081; x_wconf 91' lang='lat' dir='ltr'>ratio</span> <span class='ocrx_word' id='word_1_898' title='bbox 2088 2051 2182 2082; x_wconf 91' lang='lat' dir='ltr'>dictat</span> <span class='ocrx_word' id='word_1_899' title='bbox 2204 2051 2292 2092; x_wconf 91' lang='lat' dir='ltr'>quod</span> <span class='ocrx_word' id='word_1_900' title='bbox 2311 2051 2482 2092; x_wconf 89' lang='lat' dir='ltr'>unicuique</span> 
     </span>
     <span class='ocr_line' id='line_1_120' title="bbox 1432 2094 2483 2136; baseline 0.002 -13"><span class='ocrx_word' id='word_1_901' title='bbox 1432 2094 1522 2124; x_wconf 90' lang='lat' dir='ltr'>detur</span> <span class='ocrx_word' id='word_1_902' title='bbox 1544 2094 1632 2134; x_wconf 92' lang='lat' dir='ltr'>quod</span> <span class='ocrx_word' id='word_1_903' title='bbox 1653 2094 1710 2123; x_wconf 90' lang='lat' dir='ltr'>sibi</span> <span class='ocrx_word' id='word_1_904' title='bbox 1733 2094 1875 2131; x_wconf 89' lang='lat' dir='ltr'>debetur;</span> <span class='ocrx_word' id='word_1_905' title='bbox 1900 2105 1935 2125; x_wconf 92' lang='lat' dir='ltr'>ac</span> <span class='ocrx_word' id='word_1_906' title='bbox 1958 2105 2013 2135; x_wconf 89' lang='lat' dir='ltr'>per</span> <span class='ocrx_word' id='word_1_907' title='bbox 2035 2095 2105 2131; x_wconf 92' lang='lat' dir='ltr'>hoc,</span> <span class='ocrx_word' id='word_1_908' title='bbox 2122 2095 2210 2136; x_wconf 93' lang='lat' dir='ltr'>quod</span> <span class='ocrx_word' id='word_1_909' title='bbox 2225 2095 2305 2126; x_wconf 89' lang='lat' dir='ltr'>actio</span> <span class='ocrx_word' id='word_1_910' title='bbox 2322 2095 2483 2125; x_wconf 90' lang='lat' dir='ltr'>ordinetur</span> 
     </span>
     <span class='ocr_line' id='line_1_121' title="bbox 1431 2137 2483 2178; baseline 0.001 -11"><span class='ocrx_word' id='word_1_911' title='bbox 1431 2137 1464 2167; x_wconf 93' lang='lat' dir='ltr'>in</span> <span class='ocrx_word' id='word_1_912' title='bbox 1486 2137 1582 2167; x_wconf 90' lang='lat' dir='ltr'>finem</span> <span class='ocrx_word' id='word_1_913' title='bbox 1606 2137 1757 2168; x_wconf 89' lang='lat' dir='ltr'>debitum.</span> <span class='ocrx_word' id='word_1_914' title='bbox 1782 2138 1813 2168; x_wconf 91' lang='lat' dir='ltr'>Si</span> <span class='ocrx_word' id='word_1_915' title='bbox 1838 2147 1911 2178; x_wconf 87' lang='lat' dir='ltr'>ergo</span> <span class='ocrx_word' id='word_1_916' title='bbox 1935 2139 2013 2178; x_wconf 90' lang='lat' dir='ltr'>agit,</span> <span class='ocrx_word' id='word_1_917' title='bbox 2042 2146 2072 2169; x_wconf 87' lang='lat' dir='ltr'>et</span> <span class='ocrx_word' id='word_1_918' title='bbox 2094 2149 2160 2168; x_wconf 93' lang='lat' dir='ltr'>non</span> <span class='ocrx_word' id='word_1_919' title='bbox 2187 2145 2315 2178; x_wconf 90' lang='lat' dir='ltr'>propter</span> <span class='ocrx_word' id='word_1_920' title='bbox 2341 2139 2483 2170; x_wconf 88' lang='lat' dir='ltr'>debitum</span> 
     </span>
     <span class='ocr_line' id='line_1_122' title="bbox 1431 2181 2481 2223; baseline 0.002 -12"><span class='ocrx_word' id='word_1_921' title='bbox 1431 2181 1545 2217; x_wconf 91' lang='lat' dir='ltr'>finem,</span> <span class='ocrx_word' id='word_1_922' title='bbox 1570 2191 1643 2220; x_wconf 85' lang='lat' dir='ltr'>ergo</span> <span class='ocrx_word' id='word_1_923' title='bbox 1666 2181 1766 2221; x_wconf 90' lang='lat' dir='ltr'>privat</span> <span class='ocrx_word' id='word_1_924' title='bbox 1785 2182 1941 2212; x_wconf 86' lang='lat' dir='ltr'>actionem</span> <span class='ocrx_word' id='word_1_925' title='bbox 1963 2182 2025 2212; x_wconf 91' lang='lat' dir='ltr'>fine</span> <span class='ocrx_word' id='word_1_926' title='bbox 2049 2182 2170 2218; x_wconf 90' lang='lat' dir='ltr'>debito,</span> <span class='ocrx_word' id='word_1_927' title='bbox 2195 2183 2323 2223; x_wconf 88' lang='lat' dir='ltr'>quando</span> <span class='ocrx_word' id='word_1_928' title='bbox 2347 2189 2481 2223; x_wconf 90' lang='lat' dir='ltr'>oportet.</span> 
     </span>
     <span class='ocr_line' id='line_1_123' title="bbox 1433 2225 2483 2266; baseline 0.002 -12"><span class='ocrx_word' id='word_1_929' title='bbox 1433 2226 1504 2255; x_wconf 91' lang='lat' dir='ltr'>Hoc</span> <span class='ocrx_word' id='word_1_930' title='bbox 1528 2231 1633 2255; x_wconf 86' lang='lat' dir='ltr'>autem</span> <span class='ocrx_word' id='word_1_931' title='bbox 1656 2231 1702 2255; x_wconf 91' lang='lat' dir='ltr'>est</span> <span class='ocrx_word' id='word_1_932' title='bbox 1723 2225 1888 2255; x_wconf 89' lang='lat' dir='ltr'>manifeste</span> <span class='ocrx_word' id='word_1_933' title='bbox 1915 2226 2036 2256; x_wconf 89' lang='lat' dir='ltr'>malum</span> <span class='ocrx_word' id='word_1_934' title='bbox 2063 2226 2227 2262; x_wconf 88' lang='lat' dir='ltr'>contrarie;</span> <span class='ocrx_word' id='word_1_935' title='bbox 2259 2226 2338 2257; x_wconf 90' lang='lat' dir='ltr'>sicut</span> <span class='ocrx_word' id='word_1_936' title='bbox 2364 2226 2483 2266; x_wconf 88' lang='lat' dir='ltr'>privare</span> 
     </span>
     <span class='ocr_line' id='line_1_124' title="bbox 1432 2268 2483 2310; baseline 0.002 -12"><span class='ocrx_word' id='word_1_937' title='bbox 1432 2269 1597 2298; x_wconf 88' lang='lat' dir='ltr'>hominem</span> <span class='ocrx_word' id='word_1_938' title='bbox 1609 2269 1695 2298; x_wconf 92' lang='lat' dir='ltr'>bono</span> <span class='ocrx_word' id='word_1_939' title='bbox 1711 2268 1768 2298; x_wconf 92' lang='lat' dir='ltr'>sibi</span> <span class='ocrx_word' id='word_1_940' title='bbox 1783 2269 1897 2300; x_wconf 83' lang='lat' dir='ltr'>debito.</span> <span class='ocrx_word' id='word_1_941' title='bbox 1908 2287 1928 2292; x_wconf 89' lang='lat'>—</span> <span class='ocrx_word' id='word_1_942' title='bbox 1940 2270 2025 2300; x_wconf 90' lang='lat' dir='ltr'>Haec</span> <span class='ocrx_word' id='word_1_943' title='bbox 2040 2270 2078 2299; x_wconf 91' lang='lat' dir='ltr'>de</span> <span class='ocrx_word' id='word_1_944' title='bbox 2093 2269 2206 2310; x_wconf 91' lang='lat' dir='ltr'>primo,</span> <span class='ocrx_word' id='word_1_945' title='bbox 2220 2270 2483 2300; x_wconf 85' lang='lat' dir='ltr'>communicando</span> 
     </span>
     <span class='ocr_line' id='line_1_125' title="bbox 1433 2312 1874 2343; baseline -0.002 0"><span class='ocrx_word' id='word_1_946' title='bbox 1433 2322 1507 2343; x_wconf 89' lang='lat' dir='ltr'>cum</span> <span class='ocrx_word' id='word_1_947' title='bbox 1530 2313 1625 2342; x_wconf 92' lang='lat' dir='ltr'>Scoto</span> <span class='ocrx_word' id='word_1_948' title='bbox 1649 2312 1681 2342; x_wconf 92' lang='lat' dir='ltr'>in</span> <span class='ocrx_word' id='word_1_949' title='bbox 1703 2312 1874 2343; x_wconf 89' lang='lat' dir='ltr'>vocabulis.</span> 
     </span>
    </p>

    <p class='ocr_par' dir='ltr' id='par_1_34' title="bbox 1432 2356 2485 2782">
     <span class='ocr_line' id='line_1_126' title="bbox 1495 2356 2485 2397; baseline 0.002 -11"><span class='ocrx_word' id='word_1_950' title='bbox 1495 2357 1561 2387; x_wconf 91' lang='lat' dir='ltr'>VII.</span> <span class='ocrx_word' id='word_1_951' title='bbox 1582 2357 1679 2393; x_wconf 91' lang='lat' dir='ltr'>Quod</span> <span class='ocrx_word' id='word_1_952' title='bbox 1698 2363 1805 2386; x_wconf 87' lang='lat' dir='ltr'>autem</span> <span class='ocrx_word' id='word_1_953' title='bbox 1828 2356 1940 2397; x_wconf 89' lang='lat' dir='ltr'>aliquis</span> <span class='ocrx_word' id='word_1_954' title='bbox 1964 2363 2050 2388; x_wconf 91' lang='lat' dir='ltr'>actus</span> <span class='ocrx_word' id='word_1_955' title='bbox 2073 2357 2112 2388; x_wconf 90' lang='lat' dir='ltr'>sit</span> <span class='ocrx_word' id='word_1_956' title='bbox 2135 2358 2309 2387; x_wconf 90' lang='lat' dir='ltr'>secundum</span> <span class='ocrx_word' id='word_1_957' title='bbox 2325 2358 2485 2388; x_wconf 90' lang='lat' dir='ltr'>obiectum</span> 
     </span>
     <span class='ocr_line' id='line_1_127' title="bbox 1433 2400 2484 2440; baseline 0.001 -10"><span class='ocrx_word' id='word_1_958' title='bbox 1433 2400 1610 2430; x_wconf 88' lang='lat' dir='ltr'>indifferens</span> <span class='ocrx_word' id='word_1_959' title='bbox 1625 2400 1651 2436; x_wconf 88' lang='lat'>*,</span> <span class='ocrx_word' id='word_1_960' title='bbox 1675 2400 1861 2440; x_wconf 90' lang='lat' dir='ltr'>probatione</span> <span class='ocrx_word' id='word_1_961' title='bbox 1885 2411 1951 2431; x_wconf 90' lang='lat' dir='ltr'>non</span> <span class='ocrx_word' id='word_1_962' title='bbox 1974 2408 2051 2440; x_wconf 89' lang='lat' dir='ltr'>eget,</span> <span class='ocrx_word' id='word_1_963' title='bbox 2075 2401 2130 2431; x_wconf 89' lang='lat' dir='ltr'>sed</span> <span class='ocrx_word' id='word_1_964' title='bbox 2151 2401 2344 2432; x_wconf 89' lang='lat' dir='ltr'>inductione.</span> <span class='ocrx_word' id='word_1_965' title='bbox 2368 2402 2484 2432; x_wconf 88' lang='lat' dir='ltr'>Levare</span> 
     </span>
     <span class='ocr_line' id='line_1_128' title="bbox 1434 2440 2484 2485; baseline 0.001 -11"><span class='ocrx_word' id='word_1_966' title='bbox 1434 2444 1591 2485; x_wconf 88' lang='lat' dir='ltr'>siquidem</span> <span class='ocrx_word' id='word_1_967' title='bbox 1619 2444 1771 2475; x_wconf 80' lang='lat' dir='ltr'>festucam</span> <span class='ocrx_word' id='word_1_968' title='bbox 1795 2445 1832 2474; x_wconf 88' lang='lat' dir='ltr'>de</span> <span class='ocrx_word' id='word_1_969' title='bbox 1856 2440 1944 2481; x_wconf 78' lang='lat' dir='ltr'>terra,</span> <span class='ocrx_word' id='word_1_970' title='bbox 1967 2445 2010 2475; x_wconf 90' lang='lat' dir='ltr'>ire</span> <span class='ocrx_word' id='word_1_971' title='bbox 2034 2445 2073 2474; x_wconf 89' lang='lat' dir='ltr'>ad</span> <span class='ocrx_word' id='word_1_972' title='bbox 2097 2455 2216 2484; x_wconf 89' lang='lat' dir='ltr'>agrum,</span> <span class='ocrx_word' id='word_1_973' title='bbox 2242 2453 2271 2476; x_wconf 91' lang='lat' dir='ltr'>et</span> <span class='ocrx_word' id='word_1_974' title='bbox 2295 2445 2416 2481; x_wconf 89' lang='lat' dir='ltr'>similia,</span> <span class='ocrx_word' id='word_1_975' title='bbox 2435 2446 2484 2475; x_wconf 91' lang='lat' dir='ltr'>de-</span> 
     </span>
     <span class='ocr_line' id='line_1_129' title="bbox 1433 2488 2484 2525; baseline 0.001 -7"><span class='ocrx_word' id='word_1_976' title='bbox 1433 2489 1569 2525; x_wconf 86' lang='lat' dir='ltr'>liberate,</span> <span class='ocrx_word' id='word_1_977' title='bbox 1587 2495 1673 2518; x_wconf 88' lang='lat' dir='ltr'>actus</span> <span class='ocrx_word' id='word_1_978' title='bbox 1696 2488 1827 2518; x_wconf 88' lang='lat' dir='ltr'>humani</span> <span class='ocrx_word' id='word_1_979' title='bbox 1850 2495 1935 2518; x_wconf 83' lang='lat' dir='ltr'>sunt:</span> <span class='ocrx_word' id='word_1_980' title='bbox 1961 2495 1990 2519; x_wconf 89' lang='lat' dir='ltr'>et</span> <span class='ocrx_word' id='word_1_981' title='bbox 2005 2495 2110 2519; x_wconf 90' lang='lat' dir='ltr'>tamen</span> <span class='ocrx_word' id='word_1_982' title='bbox 2127 2489 2256 2524; x_wconf 90' lang='lat' dir='ltr'>obiecta,</span> <span class='ocrx_word' id='word_1_983' title='bbox 2276 2489 2370 2519; x_wconf 90' lang='lat' dir='ltr'>relata</span> <span class='ocrx_word' id='word_1_984' title='bbox 2386 2489 2423 2519; x_wconf 89' lang='lat' dir='ltr'>ad</span> <span class='ocrx_word' id='word_1_985' title='bbox 2438 2499 2484 2518; x_wconf 90' lang='lat' dir='ltr'>ra-</span> 
     </span>
     <span class='ocr_line' id='line_1_130' title="bbox 1432 2532 2482 2572; baseline 0 -10"><span class='ocrx_word' id='word_1_986' title='bbox 1432 2532 1562 2568; x_wconf 91' lang='lat' dir='ltr'>tionem,</span> <span class='ocrx_word' id='word_1_987' title='bbox 1580 2543 1636 2562; x_wconf 91' lang='lat' dir='ltr'>nec</span> <span class='ocrx_word' id='word_1_988' title='bbox 1652 2532 1902 2562; x_wconf 90' lang='lat' dir='ltr'>convenientiam</span> <span class='ocrx_word' id='word_1_989' title='bbox 1918 2542 1974 2562; x_wconf 91' lang='lat' dir='ltr'>nec</span> <span class='ocrx_word' id='word_1_990' title='bbox 1991 2533 2288 2565; x_wconf 75' lang='lat' dir='ltr'>disconvenientiam</span> <span class='ocrx_word' id='word_1_991' title='bbox 2303 2532 2482 2572; x_wconf 88' lang='lat' dir='ltr'>important.</span> 
     </span>
     <span class='ocr_line' id='line_1_131' title="bbox 1434 2576 2482 2616; baseline 0 -10"><span class='ocrx_word' id='word_1_992' title='bbox 1434 2576 1552 2607; x_wconf 91' lang='lat' dir='ltr'>Volitio</span> <span class='ocrx_word' id='word_1_993' title='bbox 1578 2576 1662 2606; x_wconf 91' lang='lat' dir='ltr'>enim</span> <span class='ocrx_word' id='word_1_994' title='bbox 1682 2576 1845 2606; x_wconf 86' lang='lat' dir='ltr'>terminata</span> <span class='ocrx_word' id='word_1_995' title='bbox 1861 2577 1899 2606; x_wconf 90' lang='lat' dir='ltr'>ad</span> <span class='ocrx_word' id='word_1_996' title='bbox 1914 2576 1974 2606; x_wconf 94' lang='lat' dir='ltr'>hoc</span> <span class='ocrx_word' id='word_1_997' title='bbox 1989 2576 2133 2612; x_wconf 91' lang='lat' dir='ltr'>volitum,</span> <span class='ocrx_word' id='word_1_998' title='bbox 2153 2582 2229 2615; x_wconf 84' lang='lat' dir='ltr'>puta</span> <span class='ocrx_word' id='word_1_999' title='bbox 2247 2576 2290 2606; x_wconf 92' lang='lat' dir='ltr'>ire</span> <span class='ocrx_word' id='word_1_1000' title='bbox 2309 2577 2347 2606; x_wconf 85' lang='lat' dir='ltr'>ad</span> <span class='ocrx_word' id='word_1_1001' title='bbox 2363 2586 2482 2616; x_wconf 87' lang='lat' dir='ltr'>agrurn,</span> 
     </span>
     <span class='ocr_line' id='line_1_132' title="bbox 1434 2619 2484 2660; baseline 0.001 -11"><span class='ocrx_word' id='word_1_1002' title='bbox 1434 2619 1511 2649; x_wconf 91' lang='lat' dir='ltr'>nihil</span> <span class='ocrx_word' id='word_1_1003' title='bbox 1527 2620 1619 2650; x_wconf 92' lang='lat' dir='ltr'>habet</span> <span class='ocrx_word' id='word_1_1004' title='bbox 1631 2630 1667 2650; x_wconf 82' lang='lat' dir='ltr'>ex</span> <span class='ocrx_word' id='word_1_1005' title='bbox 1679 2620 1731 2650; x_wconf 91' lang='lat' dir='ltr'>tali</span> <span class='ocrx_word' id='word_1_1006' title='bbox 1746 2620 1845 2650; x_wconf 93' lang='lat' dir='ltr'>volito</span> <span class='ocrx_word' id='word_1_1007' title='bbox 1861 2619 1936 2649; x_wconf 92' lang='lat' dir='ltr'>boni</span> <span class='ocrx_word' id='word_1_1008' title='bbox 1948 2619 1998 2649; x_wconf 89' lang='lat' dir='ltr'>vel</span> <span class='ocrx_word' id='word_1_1009' title='bbox 2012 2620 2099 2650; x_wconf 88' lang='lat' dir='ltr'>mali:</span> <span class='ocrx_word' id='word_1_1010' title='bbox 2113 2620 2265 2660; x_wconf 90' lang='lat' dir='ltr'>quoniam</span> <span class='ocrx_word' id='word_1_1011' title='bbox 2277 2620 2336 2650; x_wconf 90' lang='lat' dir='ltr'>tale</span> <span class='ocrx_word' id='word_1_1012' title='bbox 2350 2620 2484 2650; x_wconf 86' lang='lat' dir='ltr'>volitum</span> 
     </span>
     <span class='ocr_line' id='line_1_133' title="bbox 1434 2663 2483 2694; baseline 0.001 -1"><span class='ocrx_word' id='word_1_1013' title='bbox 1434 2673 1490 2693; x_wconf 91' lang='lat' dir='ltr'>nec</span> <span class='ocrx_word' id='word_1_1014' title='bbox 1514 2670 1666 2694; x_wconf 89' lang='lat' dir='ltr'>consonat</span> <span class='ocrx_word' id='word_1_1015' title='bbox 1693 2673 1750 2693; x_wconf 93' lang='lat' dir='ltr'>nec</span> <span class='ocrx_word' id='word_1_1016' title='bbox 1774 2663 1913 2693; x_wconf 90' lang='lat' dir='ltr'>dissonat</span> <span class='ocrx_word' id='word_1_1017' title='bbox 1934 2663 2078 2694; x_wconf 92' lang='lat' dir='ltr'>volitioni</span> <span class='ocrx_word' id='word_1_1018' title='bbox 2101 2664 2275 2694; x_wconf 88' lang='lat' dir='ltr'>secundum</span> <span class='ocrx_word' id='word_1_1019' title='bbox 2298 2670 2414 2694; x_wconf 90' lang='lat' dir='ltr'>rectam</span> <span class='ocrx_word' id='word_1_1020' title='bbox 2437 2674 2483 2694; x_wconf 92' lang='lat' dir='ltr'>ra—</span> 
     </span>
     <span class='ocr_line' id='line_1_134' title="bbox 1433 2707 2483 2747; baseline 0.001 -10"><span class='ocrx_word' id='word_1_1021' title='bbox 1433 2707 1569 2743; x_wconf 90' lang='lat' dir='ltr'>tionem,</span> <span class='ocrx_word' id='word_1_1022' title='bbox 1594 2714 1629 2737; x_wconf 92' lang='lat' dir='ltr'>ut</span> <span class='ocrx_word' id='word_1_1023' title='bbox 1652 2707 1690 2737; x_wconf 90' lang='lat' dir='ltr'>de</span> <span class='ocrx_word' id='word_1_1024' title='bbox 1714 2717 1746 2737; x_wconf 91' lang='lat' dir='ltr'>se</span> <span class='ocrx_word' id='word_1_1025' title='bbox 1768 2713 1866 2746; x_wconf 89' lang='lat' dir='ltr'>patet;</span> <span class='ocrx_word' id='word_1_1026' title='bbox 1891 2708 1974 2737; x_wconf 91' lang='lat' dir='ltr'>unde</span> <span class='ocrx_word' id='word_1_1027' title='bbox 1998 2713 2102 2747; x_wconf 89' lang='lat' dir='ltr'>potest</span> <span class='ocrx_word' id='word_1_1028' title='bbox 2124 2714 2154 2738; x_wconf 90' lang='lat' dir='ltr'>et</span> <span class='ocrx_word' id='word_1_1029' title='bbox 2176 2708 2255 2738; x_wconf 91' lang='lat' dir='ltr'>bene</span> <span class='ocrx_word' id='word_1_1030' title='bbox 2279 2714 2308 2738; x_wconf 94' lang='lat' dir='ltr'>et</span> <span class='ocrx_word' id='word_1_1031' title='bbox 2333 2708 2415 2738; x_wconf 89' lang='lat' dir='ltr'>male</span> <span class='ocrx_word' id='word_1_1032' title='bbox 2437 2708 2483 2738; x_wconf 89' lang='lat' dir='ltr'>in-</span> 
     </span>
     <span class='ocr_line' id='line_1_135' title="bbox 1434 2750 2092 2782; baseline 0.002 -2"><span class='ocrx_word' id='word_1_1033' title='bbox 1434 2751 1608 2781; x_wconf 86' lang='lat' dir='ltr'>differenter</span> <span class='ocrx_word' id='word_1_1034' title='bbox 1629 2750 1704 2781; x_wconf 89' lang='lat' dir='ltr'>fieri.</span> <span class='ocrx_word' id='word_1_1035' title='bbox 1730 2768 1748 2773; x_wconf 94' lang='lat'>-</span> <span class='ocrx_word' id='word_1_1036' title='bbox 1772 2751 1859 2781; x_wconf 87' lang='lat' dir='ltr'>Haec</span> <span class='ocrx_word' id='word_1_1037' title='bbox 1883 2751 1920 2781; x_wconf 92' lang='lat' dir='ltr'>de</span> <span class='ocrx_word' id='word_1_1038' title='bbox 1944 2752 2092 2782; x_wconf 90' lang='lat' dir='ltr'>secundo.</span> 
     </span>
    </p>

    <p class='ocr_par' dir='ltr' id='par_1_35' title="bbox 1433 2795 2486 3580">
     <span class='ocr_line' id='line_1_136' title="bbox 1499 2795 2485 2826; baseline 0 -1"><span class='ocrx_word' id='word_1_1039' title='bbox 1499 2795 1580 2826; x_wconf 89' lang='lat' dir='ltr'>VIII.</span> <span class='ocrx_word' id='word_1_1040' title='bbox 1605 2795 1861 2825; x_wconf 90' lang='lat' dir='ltr'>Fundamentum</span> <span class='ocrx_word' id='word_1_1041' title='bbox 1883 2801 1989 2825; x_wconf 88' lang='lat' dir='ltr'>autem</span> <span class='ocrx_word' id='word_1_1042' title='bbox 2012 2795 2096 2825; x_wconf 89' lang='lat' dir='ltr'>Scoti</span> <span class='ocrx_word' id='word_1_1043' title='bbox 2118 2795 2136 2814; x_wconf 89' lang='grc'><strong>*</strong></span> <span class='ocrx_word' id='word_1_1044' title='bbox 2158 2802 2204 2826; x_wconf 88' lang='lat' dir='ltr'>est</span> <span class='ocrx_word' id='word_1_1045' title='bbox 2226 2795 2382 2826; x_wconf 88' lang='lat' dir='ltr'>distinctio</span> <span class='ocrx_word' id='word_1_1046' title='bbox 2405 2795 2485 2826; x_wconf 90' lang='lat' dir='ltr'>inter</span> 
     </span>
     <span class='ocr_line' id='line_1_137' title="bbox 1434 2838 2483 2879; baseline 0.001 -11"><span class='ocrx_word' id='word_1_1047' title='bbox 1434 2838 1641 2878; x_wconf 79' lang='lat' dir='ltr'>privationem</span> <span class='ocrx_word' id='word_1_1048' title='bbox 1658 2846 1687 2869; x_wconf 91' lang='lat' dir='ltr'>et</span> <span class='ocrx_word' id='word_1_1049' title='bbox 1703 2839 1953 2869; x_wconf 83' lang='lat' dir='ltr'>contrarietatem</span> <span class='ocrx_word' id='word_1_1050' title='bbox 1962 2839 1988 2875; x_wconf 87' lang='lat'>*,</span> <span class='ocrx_word' id='word_1_1051' title='bbox 2008 2849 2105 2879; x_wconf 90' lang='lat' dir='ltr'>quam</span> <span class='ocrx_word' id='word_1_1052' title='bbox 2124 2839 2239 2879; x_wconf 90' lang='lat' dir='ltr'>pluries</span> <span class='ocrx_word' id='word_1_1053' title='bbox 2255 2839 2374 2879; x_wconf 89' lang='lat' dir='ltr'>repetit.</span> <span class='ocrx_word' id='word_1_1054' title='bbox 2395 2840 2435 2870; x_wconf 88' lang='lat' dir='ltr'>Et</span> <span class='ocrx_word' id='word_1_1055' title='bbox 2450 2839 2483 2870; x_wconf 90' lang='lat' dir='ltr'>in</span> 
     </span>
     <span class='ocr_line' id='line_1_138' title="bbox 1434 2879 2485 2923; baseline 0 -10"><span class='ocrx_word' id='word_1_1056' title='bbox 1434 2883 1494 2913; x_wconf 94' lang='lat' dir='ltr'>hoc</span> <span class='ocrx_word' id='word_1_1057' title='bbox 1517 2883 1646 2923; x_wconf 90' lang='lat' dir='ltr'>quidem</span> <span class='ocrx_word' id='word_1_1058' title='bbox 1669 2883 1816 2922; x_wconf 88' lang='lat' dir='ltr'>deceptus</span> <span class='ocrx_word' id='word_1_1059' title='bbox 1840 2890 1885 2913; x_wconf 87' lang='lat' dir='ltr'>est</span> <span class='ocrx_word' id='word_1_1060' title='bbox 1908 2879 2081 2922; x_wconf 89' lang='lat' dir='ltr'>dupliciter.</span> <span class='ocrx_word' id='word_1_1061' title='bbox 2105 2883 2221 2919; x_wconf 91' lang='lat' dir='ltr'>Primo,</span> <span class='ocrx_word' id='word_1_1062' title='bbox 2242 2883 2315 2923; x_wconf 89' lang='lat' dir='ltr'>quia</span> <span class='ocrx_word' id='word_1_1063' title='bbox 2331 2883 2415 2913; x_wconf 85' lang='lat' dir='ltr'>aliud</span> <span class='ocrx_word' id='word_1_1064' title='bbox 2439 2890 2485 2914; x_wconf 91' lang='lat' dir='ltr'>est</span> 
     </span>
     <span class='ocr_line' id='line_1_139' title="bbox 1433 2926 2482 2967; baseline 0.001 -10"><span class='ocrx_word' id='word_1_1065' title='bbox 1433 2927 1523 2967; x_wconf 88' lang='lat' dir='ltr'>loqui</span> <span class='ocrx_word' id='word_1_1066' title='bbox 1548 2927 1585 2957; x_wconf 92' lang='lat' dir='ltr'>de</span> <span class='ocrx_word' id='word_1_1067' title='bbox 1608 2926 1673 2957; x_wconf 90' lang='lat' dir='ltr'>istis</span> <span class='ocrx_word' id='word_1_1068' title='bbox 1695 2926 1728 2956; x_wconf 93' lang='lat' dir='ltr'>in</span> <span class='ocrx_word' id='word_1_1069' title='bbox 1752 2926 1925 2962; x_wconf 84' lang='lat' dir='ltr'>communi,</span> <span class='ocrx_word' id='word_1_1070' title='bbox 1950 2933 1980 2956; x_wconf 91' lang='lat' dir='ltr'>et</span> <span class='ocrx_word' id='word_1_1071' title='bbox 1993 2926 2077 2956; x_wconf 88' lang='lat' dir='ltr'>aliud</span> <span class='ocrx_word' id='word_1_1072' title='bbox 2094 2927 2132 2956; x_wconf 91' lang='lat' dir='ltr'>de</span> <span class='ocrx_word' id='word_1_1073' title='bbox 2147 2926 2212 2956; x_wconf 91' lang='lat' dir='ltr'>istis</span> <span class='ocrx_word' id='word_1_1074' title='bbox 2227 2927 2260 2956; x_wconf 93' lang='lat' dir='ltr'>in</span> <span class='ocrx_word' id='word_1_1075' title='bbox 2275 2926 2329 2957; x_wconf 88' lang='lat' dir='ltr'>tali</span> <span class='ocrx_word' id='word_1_1076' title='bbox 2343 2927 2482 2958; x_wconf 90' lang='lat' dir='ltr'>materia.</span> 
     </span>
     <span class='ocr_line' id='line_1_140' title="bbox 1435 2970 2482 3010; baseline 0 -9"><span class='ocrx_word' id='word_1_1077' title='bbox 1435 2971 1521 3001; x_wconf 90' lang='lat' dir='ltr'>Licet</span> <span class='ocrx_word' id='word_1_1078' title='bbox 1544 2970 1628 3000; x_wconf 85' lang='lat' dir='ltr'>enim</span> <span class='ocrx_word' id='word_1_1079' title='bbox 1651 2970 1683 2999; x_wconf 93' lang='lat' dir='ltr'>in</span> <span class='ocrx_word' id='word_1_1080' title='bbox 1707 2970 1869 3000; x_wconf 89' lang='lat' dir='ltr'>communi</span> <span class='ocrx_word' id='word_1_1081' title='bbox 1888 2970 2020 3010; x_wconf 90' lang='lat' dir='ltr'>privatio</span> <span class='ocrx_word' id='word_1_1082' title='bbox 2049 2980 2114 3000; x_wconf 92' lang='lat' dir='ltr'>non</span> <span class='ocrx_word' id='word_1_1083' title='bbox 2143 2970 2255 3000; x_wconf 89' lang='lat' dir='ltr'>inferat</span> <span class='ocrx_word' id='word_1_1084' title='bbox 2277 2971 2482 3008; x_wconf 89' lang='lat' dir='ltr'>contrarium,</span> 
     </span>
     <span class='ocr_line' id='line_1_141' title="bbox 1434 3013 2484 3054; baseline 0.002 -11"><span class='ocrx_word' id='word_1_1085' title='bbox 1434 3014 1466 3043; x_wconf 92' lang='lat' dir='ltr'>in</span> <span class='ocrx_word' id='word_1_1086' title='bbox 1489 3014 1594 3054; x_wconf 89' lang='lat' dir='ltr'>aliqua</span> <span class='ocrx_word' id='word_1_1087' title='bbox 1617 3021 1721 3044; x_wconf 89' lang='lat' dir='ltr'>tamen</span> <span class='ocrx_word' id='word_1_1088' title='bbox 1746 3013 1874 3044; x_wconf 86' lang='lat' dir='ltr'>materia</span> <span class='ocrx_word' id='word_1_1089' title='bbox 1903 3019 2127 3045; x_wconf 88' lang='lat' dir='ltr'>convertuntur</span> <span class='ocrx_word' id='word_1_1090' title='bbox 2154 3014 2285 3054; x_wconf 91' lang='lat' dir='ltr'>privatio</span> <span class='ocrx_word' id='word_1_1091' title='bbox 2310 3021 2340 3045; x_wconf 89' lang='lat' dir='ltr'>et</span> <span class='ocrx_word' id='word_1_1092' title='bbox 2363 3022 2484 3046; x_wconf 90' lang='lat' dir='ltr'>contra-</span> 
     </span>
     <span class='ocr_line' id='line_1_142' title="bbox 1434 3057 2486 3097; baseline 0.002 -10"><span class='ocrx_word' id='word_1_1093' title='bbox 1434 3058 1526 3094; x_wconf 93' lang='lat' dir='ltr'>rium,</span> <span class='ocrx_word' id='word_1_1094' title='bbox 1544 3064 1579 3087; x_wconf 92' lang='lat' dir='ltr'>ut</span> <span class='ocrx_word' id='word_1_1095' title='bbox 1593 3057 1659 3097; x_wconf 87' lang='lat' dir='ltr'>ipse</span> <span class='ocrx_word' id='word_1_1096' title='bbox 1683 3057 1795 3087; x_wconf 90' lang='lat' dir='ltr'>Scotus</span> <span class='ocrx_word' id='word_1_1097' title='bbox 1819 3057 1932 3087; x_wconf 90' lang='lat' dir='ltr'>fatetur</span> <span class='ocrx_word' id='word_1_1098' title='bbox 1946 3057 1972 3088; x_wconf 55' lang='lat' dir='ltr'>ff.</span> <span class='ocrx_word' id='word_1_1099' title='bbox 1998 3058 2070 3088; x_wconf 88' lang='lat' dir='ltr'>Hoc</span> <span class='ocrx_word' id='word_1_1100' title='bbox 2093 3064 2198 3088; x_wconf 87' lang='lat' dir='ltr'>autern</span> <span class='ocrx_word' id='word_1_1101' title='bbox 2217 3058 2351 3088; x_wconf 80' lang='lat' dir='ltr'>maxime</span> <span class='ocrx_word' id='word_1_1102' title='bbox 2375 3058 2486 3090; x_wconf 86' lang='lat' dir='ltr'>accidit</span> 
     </span>
     <span class='ocr_line' id='line_1_143' title="bbox 1433 3101 2486 3139; baseline 0.002 -9"><span class='ocrx_word' id='word_1_1103' title='bbox 1433 3102 1465 3131; x_wconf 90' lang='lat' dir='ltr'>in</span> <span class='ocrx_word' id='word_1_1104' title='bbox 1488 3101 1616 3131; x_wconf 89' lang='lat' dir='ltr'>materia</span> <span class='ocrx_word' id='word_1_1105' title='bbox 1638 3101 1750 3131; x_wconf 86' lang='lat' dir='ltr'>morali</span> <span class='ocrx_word' id='word_1_1106' title='bbox 1773 3101 1947 3131; x_wconf 88' lang='lat' dir='ltr'>secundum</span> <span class='ocrx_word' id='word_1_1107' title='bbox 1968 3101 2090 3132; x_wconf 89' lang='lat' dir='ltr'>bonum</span> <span class='ocrx_word' id='word_1_1108' title='bbox 2116 3107 2146 3132; x_wconf 91' lang='lat' dir='ltr'>et</span> <span class='ocrx_word' id='word_1_1109' title='bbox 2170 3102 2301 3133; x_wconf 85' lang='lat' dir='ltr'>malum.</span> <span class='ocrx_word' id='word_1_1110' title='bbox 2323 3102 2486 3139; x_wconf 84' lang='lat' dir='ltr'>Quoniam</span> 
     </span>
     <span class='ocr_line' id='line_1_144' title="bbox 1434 3144 2486 3186; baseline 0.003 -12"><span class='ocrx_word' id='word_1_1111' title='bbox 1434 3145 1513 3175; x_wconf 90' lang='lat' dir='ltr'>sicut</span> <span class='ocrx_word' id='word_1_1112' title='bbox 1535 3145 1567 3174; x_wconf 92' lang='lat' dir='ltr'>in</span> <span class='ocrx_word' id='word_1_1113' title='bbox 1590 3144 1782 3175; x_wconf 88' lang='lat' dir='ltr'>naturalibus</span> <span class='ocrx_word' id='word_1_1114' title='bbox 1805 3145 1936 3185; x_wconf 87' lang='lat' dir='ltr'>privatio</span> <span class='ocrx_word' id='word_1_1115' title='bbox 1957 3145 2077 3175; x_wconf 91' lang='lat' dir='ltr'>formae</span> <span class='ocrx_word' id='word_1_1116' title='bbox 2095 3146 2304 3176; x_wconf 87' lang='lat' dir='ltr'>substantialis</span> <span class='ocrx_word' id='word_1_1117' title='bbox 2320 3156 2486 3186; x_wconf 87' lang='lat' dir='ltr'>nunquam</span> 
     </span>
     <span class='ocr_line' id='line_1_145' title="bbox 1433 3188 2486 3228; baseline 0.002 -10"><span class='ocrx_word' id='word_1_1118' title='bbox 1433 3189 1599 3224; x_wconf 90' lang='lat' dir='ltr'>invenitur,</span> <span class='ocrx_word' id='word_1_1119' title='bbox 1616 3188 1674 3218; x_wconf 90' lang='lat' dir='ltr'>nisi</span> <span class='ocrx_word' id='word_1_1120' title='bbox 1688 3188 1833 3219; x_wconf 88' lang='lat' dir='ltr'>adiuncta</span> <span class='ocrx_word' id='word_1_1121' title='bbox 1852 3189 2017 3228; x_wconf 88' lang='lat' dir='ltr'>oppositae</span> <span class='ocrx_word' id='word_1_1122' title='bbox 2033 3189 2152 3219; x_wconf 89' lang='lat' dir='ltr'>formae</span> <span class='ocrx_word' id='word_1_1123' title='bbox 2169 3189 2374 3226; x_wconf 84' lang='lat' dir='ltr'>substantiali;</span> <span class='ocrx_word' id='word_1_1124' title='bbox 2391 3190 2434 3220; x_wconf 89' lang='lat' dir='ltr'>ita</span> <span class='ocrx_word' id='word_1_1125' title='bbox 2452 3189 2486 3220; x_wconf 88' lang='lat' dir='ltr'>in</span> 
     </span>
     <span class='ocr_line' id='line_1_146' title="bbox 1435 3232 2486 3274; baseline 0.002 -12"><span class='ocrx_word' id='word_1_1126' title='bbox 1435 3233 1606 3262; x_wconf 90' lang='lat' dir='ltr'>moralibus</span> <span class='ocrx_word' id='word_1_1127' title='bbox 1629 3232 1762 3272; x_wconf 87' lang='lat' dir='ltr'>privatio</span> <span class='ocrx_word' id='word_1_1128' title='bbox 1786 3232 1996 3263; x_wconf 88' lang='lat' dir='ltr'>substantialis</span> <span class='ocrx_word' id='word_1_1129' title='bbox 2014 3232 2161 3264; x_wconf 88' lang='lat' dir='ltr'>bonitatis</span> <span class='ocrx_word' id='word_1_1130' title='bbox 2175 3233 2303 3264; x_wconf 89' lang='lat' dir='ltr'>moralis</span> <span class='ocrx_word' id='word_1_1131' title='bbox 2319 3243 2486 3274; x_wconf 88' lang='lat' dir='ltr'>nunquam</span> 
     </span>
     <span class='ocr_line' id='line_1_147' title="bbox 1434 3275 2485 3318; baseline 0.001 -12"><span class='ocrx_word' id='word_1_1132' title='bbox 1434 3276 1599 3312; x_wconf 88' lang='lat' dir='ltr'>invenitur,</span> <span class='ocrx_word' id='word_1_1133' title='bbox 1623 3275 1681 3305; x_wconf 90' lang='lat' dir='ltr'>nisi</span> <span class='ocrx_word' id='word_1_1134' title='bbox 1705 3275 1850 3306; x_wconf 87' lang='lat' dir='ltr'>adiuncta</span> <span class='ocrx_word' id='word_1_1135' title='bbox 1866 3276 2030 3316; x_wconf 86' lang='lat' dir='ltr'>oppositae</span> <span class='ocrx_word' id='word_1_1136' title='bbox 2048 3277 2190 3308; x_wconf 90' lang='lat' dir='ltr'>bonitati.</span> <span class='ocrx_word' id='word_1_1137' title='bbox 2209 3278 2380 3318; x_wconf 90' lang='lat' dir='ltr'>Nunquam</span> <span class='ocrx_word' id='word_1_1138' title='bbox 2401 3278 2485 3308; x_wconf 89' lang='lat' dir='ltr'>enim</span> 
     </span>
     <span class='ocr_line' id='line_1_148' title="bbox 1434 3319 2485 3352; baseline 0.002 -2"><span class='ocrx_word' id='word_1_1139' title='bbox 1434 3321 1580 3351; x_wconf 89' lang='lat' dir='ltr'>voluntas</span> <span class='ocrx_word' id='word_1_1140' title='bbox 1603 3319 1769 3350; x_wconf 87' lang='lat' dir='ltr'>deliberata</span> <span class='ocrx_word' id='word_1_1141' title='bbox 1792 3327 1897 3350; x_wconf 87' lang='lat' dir='ltr'>actum</span> <span class='ocrx_word' id='word_1_1142' title='bbox 1913 3330 2008 3350; x_wconf 91' lang='lat' dir='ltr'>suum</span> <span class='ocrx_word' id='word_1_1143' title='bbox 2022 3321 2125 3352; x_wconf 86' lang='lat' dir='ltr'>debita</span> <span class='ocrx_word' id='word_1_1144' title='bbox 2139 3321 2196 3351; x_wconf 92' lang='lat' dir='ltr'>sibi</span> <span class='ocrx_word' id='word_1_1145' title='bbox 2215 3321 2352 3352; x_wconf 87' lang='lat' dir='ltr'>bonitate</span> <span class='ocrx_word' id='word_1_1146' title='bbox 2375 3331 2485 3352; x_wconf 91' lang='lat' dir='ltr'>secun-</span> 
     </span>
     <span class='ocr_line' id='line_1_149' title="bbox 1436 3363 2484 3405; baseline -0.001 -10"><span class='ocrx_word' id='word_1_1147' title='bbox 1436 3365 1513 3395; x_wconf 88' lang='lat' dir='ltr'>dum</span> <span class='ocrx_word' id='word_1_1148' title='bbox 1535 3364 1689 3395; x_wconf 89' lang='lat' dir='ltr'>rationem</span> <span class='ocrx_word' id='word_1_1149' title='bbox 1712 3363 1821 3404; x_wconf 90' lang='lat' dir='ltr'>privat,</span> <span class='ocrx_word' id='word_1_1150' title='bbox 1846 3363 1906 3394; x_wconf 91' lang='lat' dir='ltr'>nisi</span> <span class='ocrx_word' id='word_1_1151' title='bbox 1928 3364 2086 3394; x_wconf 90' lang='lat' dir='ltr'>tendendo</span> <span class='ocrx_word' id='word_1_1152' title='bbox 2109 3365 2142 3394; x_wconf 92' lang='lat' dir='ltr'>in</span> <span class='ocrx_word' id='word_1_1153' title='bbox 2165 3364 2293 3405; x_wconf 87' lang='lat' dir='ltr'>aliquod</span> <span class='ocrx_word' id='word_1_1154' title='bbox 2321 3364 2405 3394; x_wconf 89' lang='lat' dir='ltr'>aliud</span> <span class='ocrx_word' id='word_1_1155' title='bbox 2429 3365 2484 3395; x_wconf 93' lang='lat' dir='ltr'>bo-</span> 
     </span>
     <span class='ocr_line' id='line_1_150' title="bbox 1435 3407 2485 3448; baseline -0.001 -9"><span class='ocrx_word' id='word_1_1156' title='bbox 1435 3418 1523 3445; x_wconf 89' lang='lat' dir='ltr'>num,</span> <span class='ocrx_word' id='word_1_1157' title='bbox 1540 3417 1611 3438; x_wconf 91' lang='lat' dir='ltr'>vere</span> <span class='ocrx_word' id='word_1_1158' title='bbox 1633 3407 1682 3437; x_wconf 90' lang='lat' dir='ltr'>vel</span> <span class='ocrx_word' id='word_1_1159' title='bbox 1701 3414 1893 3447; x_wconf 86' lang='lat' dir='ltr'>apparenter,</span> <span class='ocrx_word' id='word_1_1160' title='bbox 1910 3408 2095 3448; x_wconf 89' lang='lat' dir='ltr'>oppositum</span> <span class='ocrx_word' id='word_1_1161' title='bbox 2115 3408 2158 3438; x_wconf 88' lang='lat' dir='ltr'>illi</span> <span class='ocrx_word' id='word_1_1162' title='bbox 2174 3409 2270 3438; x_wconf 89' lang='lat' dir='ltr'>bono.</span> <span class='ocrx_word' id='word_1_1163' title='bbox 2286 3407 2317 3438; x_wconf 90' lang='lat' dir='ltr'>Si</span> <span class='ocrx_word' id='word_1_1164' title='bbox 2333 3408 2416 3438; x_wconf 91' lang='lat' dir='ltr'>enim</span> <span class='ocrx_word' id='word_1_1165' title='bbox 2432 3409 2485 3438; x_wconf 90' lang='lat' dir='ltr'>de—</span> 
     </span>
     <span class='ocr_line' id='line_1_151' title="bbox 1436 3451 2486 3492; baseline 0 -10"><span class='ocrx_word' id='word_1_1166' title='bbox 1436 3452 1528 3483; x_wconf 90' lang='lat' dir='ltr'>clinat</span> <span class='ocrx_word' id='word_1_1167' title='bbox 1550 3452 1582 3482; x_wconf 92' lang='lat' dir='ltr'>in</span> <span class='ocrx_word' id='word_1_1168' title='bbox 1598 3452 1720 3482; x_wconf 90' lang='lat' dir='ltr'>bonum</span> <span class='ocrx_word' id='word_1_1169' title='bbox 1736 3462 1801 3482; x_wconf 94' lang='lat' dir='ltr'>non</span> <span class='ocrx_word' id='word_1_1170' title='bbox 1817 3451 2011 3492; x_wconf 88' lang='lat' dir='ltr'>oppositum,</span> <span class='ocrx_word' id='word_1_1171' title='bbox 2029 3462 2102 3482; x_wconf 91' lang='lat' dir='ltr'>cum</span> <span class='ocrx_word' id='word_1_1172' title='bbox 2118 3462 2182 3482; x_wconf 93' lang='lat' dir='ltr'>non</span> <span class='ocrx_word' id='word_1_1173' title='bbox 2199 3451 2345 3491; x_wconf 85' lang='lat' dir='ltr'>opposita</span> <span class='ocrx_word' id='word_1_1174' title='bbox 2363 3452 2486 3491; x_wconf 92' lang='lat' dir='ltr'>possint</span> 
     </span>
     <span class='ocr_line' id='line_1_152' title="bbox 1436 3495 2486 3536; baseline -0.001 -10"><span class='ocrx_word' id='word_1_1175' title='bbox 1436 3506 1502 3526; x_wconf 91' lang='lat' dir='ltr'>esse</span> <span class='ocrx_word' id='word_1_1176' title='bbox 1518 3495 1622 3532; x_wconf 89' lang='lat' dir='ltr'>simul,</span> <span class='ocrx_word' id='word_1_1177' title='bbox 1641 3505 1705 3525; x_wconf 90' lang='lat' dir='ltr'>non</span> <span class='ocrx_word' id='word_1_1178' title='bbox 1723 3495 1888 3526; x_wconf 90' lang='lat' dir='ltr'>declinabit</span> <span class='ocrx_word' id='word_1_1179' title='bbox 1904 3495 1935 3525; x_wconf 93' lang='lat' dir='ltr'>in</span> <span class='ocrx_word' id='word_1_1180' title='bbox 1951 3495 2157 3536; x_wconf 89' lang='lat' dir='ltr'>privationem</span> <span class='ocrx_word' id='word_1_1181' title='bbox 2172 3495 2265 3526; x_wconf 90' lang='lat' dir='ltr'>illius.</span> <span class='ocrx_word' id='word_1_1182' title='bbox 2282 3495 2324 3526; x_wconf 91' lang='lat' dir='ltr'>Et</span> <span class='ocrx_word' id='word_1_1183' title='bbox 2339 3495 2486 3526; x_wconf 90' lang='lat' dir='ltr'>omnium</span> 
     </span>
     <span class='ocr_line' id='line_1_153' title="bbox 1436 3539 2485 3580; baseline -0.001 -10"><span class='ocrx_word' id='word_1_1184' title='bbox 1436 3540 1552 3570; x_wconf 89' lang='lat' dir='ltr'>horum</span> <span class='ocrx_word' id='word_1_1185' title='bbox 1574 3539 1660 3570; x_wconf 82' lang='lat' dir='ltr'>radix</span> <span class='ocrx_word' id='word_1_1186' title='bbox 1683 3545 1741 3575; x_wconf 90' lang='lat' dir='ltr'>est,</span> <span class='ocrx_word' id='word_1_1187' title='bbox 1766 3539 1839 3580; x_wconf 88' lang='lat' dir='ltr'>quia</span> <span class='ocrx_word' id='word_1_1188' title='bbox 1863 3549 1956 3580; x_wconf 86' lang='lat' dir='ltr'>agens</span> <span class='ocrx_word' id='word_1_1189' title='bbox 1979 3549 2045 3569; x_wconf 91' lang='lat' dir='ltr'>non</span> <span class='ocrx_word' id='word_1_1190' title='bbox 2068 3539 2199 3570; x_wconf 91' lang='lat' dir='ltr'>intendit</span> <span class='ocrx_word' id='word_1_1191' title='bbox 2222 3539 2254 3569; x_wconf 93' lang='lat' dir='ltr'>in</span> <span class='ocrx_word' id='word_1_1192' title='bbox 2277 3539 2485 3578; x_wconf 90' lang='lat' dir='ltr'>privationem</span> 
     </span>
    </p>
   </div>
   <div class='ocr_carea' id='block_1_23' title="bbox 2503 395 2675 422">
    <p class='ocr_par' dir='ltr' id='par_1_36' title="bbox 2503 395 2675 422">
     <span class='ocr_line' id='line_1_154' title="bbox 2503 395 2675 422; baseline 0 -6"><span class='ocrx_word' id='word_1_1193' title='bbox 2503 395 2512 405; x_wconf 86' lang='grc'><em>·</em></span> <span class='ocrx_word' id='word_1_1194' title='bbox 2527 395 2552 416; x_wconf 91' lang='lat' dir='ltr'>In</span> <span class='ocrx_word' id='word_1_1195' title='bbox 2567 400 2675 422; x_wconf 85' lang='lat' dir='ltr'>corpore.</span> 
     </span>
    </p>
   </div>
   <div class='ocr_carea' id='block_1_24' title="bbox 2529 923 2715 995">
    <p class='ocr_par' dir='ltr' id='par_1_37' title="bbox 2529 923 2715 995">
     <span class='ocr_line' id='line_1_155' title="bbox 2529 923 2709 945; baseline 0 -1"><span class='ocrx_word' id='word_1_1196' title='bbox 2529 923 2566 945; x_wconf 84' lang='lat' dir='ltr'>Cf.</span> <span class='ocrx_word' id='word_1_1197' title='bbox 2575 929 2637 944; x_wconf 89' lang='lat' dir='ltr'>num.</span> <span class='ocrx_word' id='word_1_1198' title='bbox 2648 929 2709 944; x_wconf 56' lang='lat' dir='ltr'>vura</span> 
     </span>
     <span class='ocr_line' id='line_1_156' title="bbox 2529 949 2715 995; baseline 0.005 -8"><span class='ocrx_word' id='word_1_1199' title='bbox 2529 966 2564 987; x_wconf 94' lang='lat' dir='ltr'>Cf.</span> <span class='ocrx_word' id='word_1_1200' title='bbox 2582 972 2645 988; x_wconf 82' lang='lat' dir='ltr'>num.</span> <span class='ocrx_word' id='word_1_1201' title='bbox 2661 949 2715 995; x_wconf 62' lang='lat' dir='ltr'>seq.</span> 
     </span>
    </p>
   </div>
   <div class='ocr_carea' id='block_1_25' title="bbox 2529 1315 2645 1342">
    <p class='ocr_par' dir='ltr' id='par_1_38' title="bbox 2529 1315 2645 1342">
     <span class='ocr_line' id='line_1_157' title="bbox 2529 1315 2645 1342; baseline 0.009 -7"><span class='ocrx_word' id='word_1_1202' title='bbox 2529 1315 2594 1337; x_wconf 82' lang='lat' dir='ltr'>vers.</span> <span class='ocrx_word' id='word_1_1203' title='bbox 2608 1315 2645 1342; x_wconf 83' lang='lat'>36.</span> 
     </span>
    </p>
   </div>
   <div class='ocr_carea' id='block_1_26' title="bbox 2508 1878 2715 1905">
    <p class='ocr_par' dir='ltr' id='par_1_39' title="bbox 2508 1878 2715 1905">
     <span class='ocr_line' id='line_1_158' title="bbox 2508 1878 2715 1905; baseline -0.005 -6"><span class='ocrx_word' id='word_1_1204' title='bbox 2508 1879 2517 1888; x_wconf 83' lang='lat'><strong>‘</strong></span> <span class='ocrx_word' id='word_1_1205' title='bbox 2533 1878 2580 1904; x_wconf 90' lang='lat' dir='ltr'>Qu.</span> <span class='ocrx_word' id='word_1_1206' title='bbox 2589 1884 2626 1904; x_wconf 86' lang='lat' dir='ltr'>vn,</span> <span class='ocrx_word' id='word_1_1207' title='bbox 2641 1881 2683 1899; x_wconf 81' lang='lat' dir='ltr'>art.</span> <span class='ocrx_word' id='word_1_1208' title='bbox 2693 1883 2715 1905; x_wconf 79' lang='lat'>3.</span> 
     </span>
    </p>
   </div>
   <div class='ocr_carea' id='block_1_27' title="bbox 2507 1921 2717 2052">
    <p class='ocr_par' dir='ltr' id='par_1_40' title="bbox 2507 1921 2717 2052">
     <span class='ocr_line' id='line_1_159' title="bbox 2509 1921 2714 1947; baseline 0 -5"><span class='ocrx_word' id='word_1_1209' title='bbox 2509 1923 2518 1931; x_wconf 89' lang='grc'>·</span> <span class='ocrx_word' id='word_1_1210' title='bbox 2529 1921 2564 1942; x_wconf 88' lang='lat' dir='ltr'>Cf.</span> <span class='ocrx_word' id='word_1_1211' title='bbox 2578 1921 2662 1947; x_wconf 65' lang='lat' dir='ltr'>Ethic„</span> <span class='ocrx_word' id='word_1_1212' title='bbox 2673 1921 2714 1942; x_wconf 84' lang='lat' dir='ltr'>lib.</span> 
     </span>
     <span class='ocr_line' id='line_1_160' title="bbox 2507 1947 2717 1974; baseline -0.005 -5"><span class='ocrx_word' id='word_1_1213' title='bbox 2507 1947 2536 1973; x_wconf 87' lang='lat'>11,</span> <span class='ocrx_word' id='word_1_1214' title='bbox 2544 1953 2570 1968; x_wconf 89' lang='lat' dir='ltr'>ca</span> <span class='ocrx_word' id='word_1_1215' title='bbox 2589 1963 2594 1968; x_wconf 88' lang='lat'>.</span> <span class='ocrx_word' id='word_1_1216' title='bbox 2602 1953 2636 1973; x_wconf 86' lang='lat'>111,</span> <span class='ocrx_word' id='word_1_1217' title='bbox 2647 1953 2670 1968; x_wconf 92' lang='lat' dir='ltr'>n.</span> <span class='ocrx_word' id='word_1_1218' title='bbox 2679 1953 2717 1974; x_wconf 83' lang='lat'>5.-</span> 
     </span>
     <span class='ocr_line' id='line_1_161' title="bbox 2508 1973 2707 1995; baseline -0.005 0"><span class='ocrx_word' id='word_1_1219' title='bbox 2508 1973 2533 1995; x_wconf 82' lang='lat' dir='ltr'>S.</span> <span class='ocrx_word' id='word_1_1220' title='bbox 2547 1973 2567 1994; x_wconf 86' lang='lat' dir='ltr'>T</span> <span class='ocrx_word' id='word_1_1221' title='bbox 2585 1989 2591 1994; x_wconf 91' lang='lat'>.</span> <span class='ocrx_word' id='word_1_1222' title='bbox 2606 1974 2658 1994; x_wconf 87' lang='lat' dir='ltr'>lect.</span> <span class='ocrx_word' id='word_1_1223' title='bbox 2674 1979 2707 1994; x_wconf 81' lang='lat' dir='ltr'>nr.</span> 
     </span>
     <span class='ocr_line' id='line_1_162' title="bbox 2508 1999 2715 2021; baseline 0 -1"><span class='ocrx_word' id='word_1_1224' title='bbox 2508 2002 2528 2010; x_wconf 88' lang='grc'>··</span> <span class='ocrx_word' id='word_1_1225' title='bbox 2544 1999 2579 2021; x_wconf 85' lang='lat' dir='ltr'>Cf.</span> <span class='ocrx_word' id='word_1_1226' title='bbox 2594 1999 2622 2020; x_wconf 78' lang='lat' dir='ltr'>de</span> <span class='ocrx_word' id='word_1_1227' title='bbox 2633 1999 2715 2020; x_wconf 75' lang='lat' dir='ltr'>Inven-</span> 
     </span>
     <span class='ocr_line' id='line_1_163' title="bbox 2509 2025 2668 2052; baseline -0.006 -5"><span class='ocrx_word' id='word_1_1228' title='bbox 2509 2026 2578 2052; x_wconf 81' lang='lat' dir='ltr'>tione,</span> <span class='ocrx_word' id='word_1_1229' title='bbox 2594 2026 2634 2047; x_wconf 85' lang='lat' dir='ltr'>lib.</span> <span class='ocrx_word' id='word_1_1230' title='bbox 2648 2025 2668 2046; x_wconf 91' lang='grc' dir='ltr'>Ι.</span> 
     </span>
    </p>
   </div>
   <div class='ocr_carea' id='block_1_28' title="bbox 2510 2406 2719 2454">
    <p class='ocr_par' dir='ltr' id='par_1_41' title="bbox 2510 2406 2719 2454">
     <span class='ocr_line' id='line_1_164' title="bbox 2510 2406 2719 2433; baseline 0.005 -6"><span class='ocrx_word' id='word_1_1231' title='bbox 2510 2407 2519 2415; x_wconf 87' lang='grc'>·</span> <span class='ocrx_word' id='word_1_1232' title='bbox 2530 2406 2564 2427; x_wconf 82' lang='lat' dir='ltr'>Cf.</span> <span class='ocrx_word' id='word_1_1233' title='bbox 2577 2412 2640 2427; x_wconf 86' lang='lat' dir='ltr'>num.</span> <span class='ocrx_word' id='word_1_1234' title='bbox 2651 2412 2719 2433; x_wconf 84' lang='lat' dir='ltr'>prae-</span> 
     </span>
     <span class='ocr_line' id='line_1_165' title="bbox 2512 2432 2627 2454; baseline -0.009 0"><span class='ocrx_word' id='word_1_1235' title='bbox 2512 2433 2562 2454; x_wconf 86' lang='lat' dir='ltr'>ced.</span> <span class='ocrx_word' id='word_1_1236' title='bbox 2576 2432 2627 2453; x_wconf 84' lang='lat' dir='ltr'>init.</span> 
     </span>
    </p>
   </div>
   <div class='ocr_carea' id='block_1_29' title="bbox 2510 2803 2692 2869">
    <p class='ocr_par' dir='ltr' id='par_1_42' title="bbox 2510 2803 2692 2869">
     <span class='ocr_line' id='line_1_166' title="bbox 2510 2803 2643 2824; baseline 0.008 -1"><span class='ocrx_word' id='word_1_1237' title='bbox 2510 2803 2521 2814; x_wconf 71' lang='lat'>&#39;⁵</span> <span class='ocrx_word' id='word_1_1238' title='bbox 2536 2803 2571 2824; x_wconf 90' lang='lat' dir='ltr'>Cf.</span> <span class='ocrx_word' id='word_1_1239' title='bbox 2587 2803 2643 2824; x_wconf 85' lang='lat' dir='ltr'>ibid.</span> 
     </span>
     <span class='ocr_line' id='line_1_167' title="bbox 2510 2847 2692 2869; baseline 0.005 -1"><span class='ocrx_word' id='word_1_1240' title='bbox 2510 2849 2520 2858; x_wconf 81' lang='lat'>&#39;</span> <span class='ocrx_word' id='word_1_1241' title='bbox 2535 2847 2570 2869; x_wconf 84' lang='lat' dir='ltr'>Cf.</span> <span class='ocrx_word' id='word_1_1242' title='bbox 2587 2853 2650 2869; x_wconf 86' lang='lat' dir='ltr'>num.</span> <span class='ocrx_word' id='word_1_1243' title='bbox 2659 2854 2692 2869; x_wconf 76' lang='grc' dir='ltr'><strong>ιιι.</strong></span> 
     </span>
    </p>
   </div>
   <div class='ocr_carea' id='block_1_30' title="bbox 2510 3061 2722 3109">
    <p class='ocr_par' dir='ltr' id='par_1_43' title="bbox 2510 3061 2722 3109">
     <span class='ocr_line' id='line_1_168' title="bbox 2511 3061 2722 3088; baseline 0.005 -6"><span class='ocrx_word' id='word_1_1244' title='bbox 2511 3063 2519 3072; x_wconf 81' lang='lat'>&#39;</span> <span class='ocrx_word' id='word_1_1245' title='bbox 2539 3062 2559 3083; x_wconf 86' lang='lat'>11</span> <span class='ocrx_word' id='word_1_1246' title='bbox 2573 3062 2644 3088; x_wconf 69' lang='lat' dir='ltr'>Sent„</span> <span class='ocrx_word' id='word_1_1247' title='bbox 2665 3061 2722 3083; x_wconf 84' lang='lat' dir='ltr'>dist.</span> 
     </span>
     <span class='ocr_line' id='line_1_169' title="bbox 2510 3094 2551 3109; baseline 0 0"><span class='ocrx_word' id='word_1_1248' title='bbox 2510 3094 2551 3109; x_wconf 85' lang='lat' dir='ltr'>vn.</span> 
     </span>
    </p>
   </div>
  </div>
 </body>
</html>
