2852 4152
128 528 194 550 *CL
217 528 337 555 Categor„

126 556 170 577 loc.

132 1108 183 1129 'Lo

186 554 223 576 Cib

131 1320 139 1327 ·
156 1318 214 1339 Ibid.

133 2050 174 2072 Cai

130 2227 141 2238 ι
156 2226 196 2254 Qu

130 2259 151 2274 2.

133 2023 342 2045 'Vieoen.demt
373 2015 378 2020 ’
455 2022 531 2051 ’,μ

177 2054 204 2072 et.
226 2053 279 2077 post
301 2053 342 2070 nrt.
411 2056 420 2063 ·
438 2055 445 2063 .

199 2242 204 2248 .
218 2232 283 2253 mx,
299 2230 340 2248 art.

131 2752 199 2780 “Qu
207 2758 251 2774 m
252 2755 341 2779 v,.nart

186 1113 205 1129 c.
214 1108 252 1129 cit.
263 1112 340 1134 supra.

359 179 433 218 318

362 256 427 294 cile
457 257 617 294 mobiles
645 269 713 306 per
742 256 1066 306 comparationem
1096 257 1142 293 ad
1172 255 1260 292 alias
1291 254 1415 301 dispo-

361 309 526 347 sitiones.
557 311 634 347 Sed
662 310 857 358 qualitates
894 309 1043 346 animae
1081 316 1167 344 sunt
1204 306 1417 354 simpliciter

364 362 513 399 difficile
542 363 715 409 mobiles,
737 370 891 411 propter
916 361 1218 398 immobilitatem
1248 357 1415 394 subiecti.

363 416 412 451 Et
439 415 525 452 ideo
563 428 642 452 non
671 415 756 452 dicit
784 414 888 462 quod
917 413 1054 450 sanitas
1085 412 1234 448 difficile
1268 410 1417 446 mobilis

364 467 581 527 simpliciter
608 468 654 504 sit
681 467 850 504 habitus:
880 466 947 502 sed
975 466 1079 512 quod
1108 471 1164 499 est
1192 469 1230 499 ut
1260 463 1417 507 habitus,

365 520 459 557 sicut
477 520 515 557 in
530 533 664 568 graeco
680 519 882 557 habetur*.
901 518 1106 564 Qualitates
1122 523 1249 552 autem
1269 514 1418 551 animae

366 573 539 610 dicuntur
567 573 782 621 simpliciter
809 570 969 608 habitus

418 627 476 661 AD
504 637 662 662 TERTIUM
694 635 875 661 DICENDUM
904 621 1009 669 quod
1047 619 1310 668 dispositiones
1340 631 1420 655 cor-

365 678 514 726 porales
542 689 639 725 quae
668 684 754 713 sunt
780 676 817 711 in
845 674 967 722 prima
995 672 1120 721 specie
1149 671 1350 720 qualitatis,
1379 679 1421 708 ut

366 730 533 788 quidam
548 736 768 778 posuerunt,
795 727 973 764 differunt
992 738 1013 762 a
1033 724 1272 773 qualitatibus
1291 724 1420 761 tertiae

367 782 506 841 speciei
525 782 563 818 in
587 783 672 827 hoc,
694 780 798 828 quod
818 778 1013 827 qualitates
1032 777 1161 814 tertiae
1181 777 1320 826 speciei
1336 785 1422 814 sunt

366 843 407 872 ut
440 835 477 871 in
510 834 590 870 fieri
627 841 662 869 et
690 841 731 869 ut
767 832 805 868 in
834 838 962 868 motu·
991 830 1094 867 unde
1132 830 1307 867 dicuntur
1337 842 1421 878 pas-

367 888 492 924 siones
524 887 585 922 vel
622 885 816 934 passibiles
852 883 1059 933 qualitates.
1099 883 1264 930 Quando
1294 890 1421 919 autern

367 940 442 976 iarn
470 937 711 986 pervenerint
734 938 782 974 ad
801 937 1023 985 perfectum,
1046 935 1152 983 quasi
1173 936 1221 972 ad
1241 935 1421 983 speciem,

366 1000 454 1028 tunc
482 991 558 1027 iam
587 998 674 1027 sunt
701 990 739 1026 in
766 990 890 1038 prima
919 988 1044 1038 specie
1073 988 1269 1037 qualitatis.
1298 1008 1321 1014 -
1347 989 1423 1025 Sed

366 1045 440 1080 hoc
459 1043 650 1090 improbat
670 1042 897 1091 Simplicius,
917 1041 954 1078 in
976 1042 1205 1078 Commento
1224 1041 1424 1077 Praedica-

366 1102 576 1133 mentorum
596 1095 626 1142 ³¹²,
656 1095 745 1144 quia
780 1096 991 1132 secundum
1011 1095 1086 1130 hoc
1106 1093 1297 1130 calefactio
1328 1100 1425 1129 esset

367 1149 405 1185 in
432 1149 539 1185 tertia
567 1148 692 1197 specie
720 1148 927 1197 qualitatis,
957 1147 1059 1183 calor
1078 1154 1204 1182 autern
1224 1145 1262 1182 in
1280 1146 1423 1195 prima:

367 1201 586 1238 Aristoteles
615 1208 741 1237 autern
771 1201 878 1249 ponit
906 1201 1070 1236 calorem
1099 1198 1137 1235 in
1165 1198 1283 1235 tertia.

422 1255 530 1291 Unde
551 1253 784 1302 Porphyrius
805 1253 903 1300 dicit,
920 1253 1018 1289 sicut
1037 1251 1140 1288 idem
1170 1251 1385 1300 Simplicius
1413 1250 1426 1273 δ

369 1307 479 1343 refert
498 1306 528 1353 *,
559 1306 808 1355 quod1passio
828 1307 890 1343 vel
904 1305 1089 1354 passibilis
1109 1304 1279 1352 qualitas,
1301 1313 1336 1341 et
1356 1305 1427 1342 dis-

367 1359 505 1408 positio
535 1367 571 1395 et
598 1359 759 1406 habitus,
781 1359 959 1395 differunt
985 1358 1024 1394 in
1049 1357 1271 1406 corporibus
1295 1370 1428 1394 secun-

370 1412 462 1449 dum
482 1412 735 1449 intensionem
766 1419 800 1448 et
828 1410 1103 1448 remissionem.
1134 1410 1300 1456 Quando
1323 1410 1424 1446 enim

368 1562 414 1586 Pa.

422 1526 446 1559 ὃ)
473 1526 540 1551 idem
568 1526 728 1558 Simplicius.
750 1540 769 1544 -
792 1525 887 1550 ibidem
916 1525 1068 1557 Simplicius
1094 1525 1131 1554 G,
1155 1524 1308 1557 Simplicius
1335 1524 1430 1549 ibidem
1455 1527 1459 1592 Ι

1079 179 1343 226 QUAEsrio
1374 179 1421 224 L,
1451 176 1744 213 AaricULUs
1775 176 1805 211 11

1471 253 1612 300 aliquid
1632 252 1760 301 recipit
1781 252 2005 290 caliditatem
2025 255 2235 292 secundum
2265 254 2426 291 calefieri
2446 262 2526 291 tan-

1471 313 1573 351 tum,
1603 317 1681 341 non
1710 312 1836 341 autem
1871 311 1912 341 ut
1941 306 2143 343 calefacere
2177 308 2316 356 possit3
2346 314 2435 344 tunc
2473 314 2527 344 est

1471 357 1611 405 passio,
1632 357 1662 393 si
1690 357 1736 393 sit
1759 357 1831 393 cito
1860 357 2054 405 transiens,
2074 360 2135 396 vel
2153 360 2337 408 passibilis
2356 359 2525 408 qualitas,

1459 410 1502 446 -si
1530 409 1575 445 sit
1601 421 1761 446 manens
1780 414 1803 445 ε.
1826 409 1991 455 Quando
2016 419 2142 449 autem
2172 412 2247 449 iam
2275 412 2322 449 ad
2350 412 2424 448 hoc
2442 425 2527 461 per-

1473 461 1620 498 ducitur
1655 461 1760 509 quod
1796 469 1920 510 potest
1962 463 2074 500 etiam
2111 465 2269 501 alterurn
2303 465 2526 512 calefacere,

1472 522 1562 550 tunc
1597 521 1651 550 est
1690 513 1905 562 dispositio:
1940 515 1970 551 si
2002 524 2127 553 autem
2159 516 2313 554 ulterius
2341 516 2526 553 intantum

1474 566 1721 602 confirmetur
1754 567 1857 614 quod
1889 567 1935 604 sit
1963 567 2113 605 difficile
2141 570 2312 616 mobilis,
2342 577 2431 606 tunc
2460 569 2529 606 erit

1473 619 1643 655 habitus:
1672 625 1713 654 ut
1749 618 1801 655 sic
1835 619 2028 668 dispositio
2061 621 2107 658 sit
2142 622 2332 670 quaedam
2369 621 2527 658 intensio

1474 684 1542 708 seu
1569 671 1748 720 perfectio
1787 672 1972 720 passionis
2003 674 2064 710 vel
2100 675 2285 722 passibilis
2322 674 2527 723 qualitatis,

1475 724 1624 761 habitus
1654 731 1782 760 autem
1796 724 2068 783 dispositionis.
2087 748 2115 754 -
2134 727 2211 764 Sed
2237 728 2312 764 hoc
2329 727 2530 787 improbat

1476 776 1711 826 Simplicius,
1741 777 1830 824 quia
1866 777 1947 814 talis
1980 777 2140 814 intensio
2178 787 2214 816 et
2245 770 2416 817 rerriissio
2451 792 2530 817 non

1475 830 1680 878 important
1708 829 1962 867 diversitatem
1992 842 2036 867 ex
2070 838 2176 879 parte
2210 832 2325 881 ipsius
2362 834 2529 880 formae,

1476 883 1543 920 sed
1564 895 1608 919 ex
1627 882 1776 919 diversa
1796 882 2079 932 participatione
2101 883 2288 921 subiectit
2291 913 2299 922 .
2316 885 2365 922 Et
2384 885 2436 923 ita·
2452 862 2531 923 nori

1477 935 1817 972 diversificarentur
1852 947 1920 984 per
1957 936 2031 972 hoc
2065 936 2209 984 species
2245 937 2442 986 qualitatis.

1530 989 1579 1024 Et
1605 988 1692 1024 ideo
1712 988 1817 1024 aliter
1837 988 2040 1025 dicendum
2062 996 2117 1025 est
2135 989 2253 1037 quod,
2273 990 2367 1028 sicut
2386 981 2500 1040 supra
2513 991 2533 1013 ’¹‘
2560 994 2581 1047 ⁸,
2596 998 2655 1040 ,lg-,-

1479 1040 1618 1077 dictum
1653 1047 1726 1086 est,
1758 1040 2078 1078 commensuratio
2116 1041 2284 1090 ipsarum
2312 1044 2532 1092 qualitatum

1478 1092 1714 1141 passibilium
1730 1093 1941 1130 secundum
1958 1094 2261 1131 convenientiam
2281 1096 2329 1132 ad
2348 1103 2534 1143 naturam,

1477 1146 1592 1182 habet
1621 1145 1804 1182 rationem
1835 1145 2103 1194 dispositionis:
2134 1154 2170 1183 et
2197 1147 2296 1195 ideo,
2325 1148 2421 1185 facta
2449 1149 2537 1185 alte·

1480 1198 1624 1235 ratione
1644 1198 1742 1235 circa
1769 1198 1870 1247 ipsas
1890 1199 2085 1248 qualitates
2105 1199 2312 1248 passibiles,
2333 1213 2431 1249 quae
2452 1199 2548 1238 sunt

1481 1251 1644 1288 calidum
1674 1259 1710 1288 et
1738 1251 1923 1299 frigidum,
1953 1252 2155 1290 humidum
2185 1260 2221 1290 et
2247 1253 2402 1301 siccum,
2431 1254 2474 1291 fit
2493 1265 2540 1290 ex

1481 1304 1727 1352 consequenti
1755 1304 1922 1342 alteratio
1956 1305 2168 1343 secundum
2202 1306 2474 1354 aegritudinem
2505 1313 2542 1343 et

1481 1357 1691 1394 sanitatem.
1721 1357 1851 1394 Primo
1872 1365 1999 1394 autem
2020 1365 2056 1394 et
2074 1371 2142 1407 per
2162 1371 2202 1395 se
2222 1371 2300 1396 non
2330 1367 2384 1396 est
2409 1360 2540 1396 altera-

1481 1410 1532 1446 tio
1553 1409 1764 1447 secundum
1784 1409 2004 1448 huiusmodi
2023 1411 2173 1448 habitus
2201 1419 2236 1448 et
2264 1411 2540 1461 dispositiones.

1536 1523 1558 1558 ε)
1578 1531 1696 1549 manens.
1713 1538 1732 1542 —
1745 1531 1907 1556 permanens
1925 1524 1977 1549 EF.

1537 1559 1561 1591 ζ)
1580 1559 1697 1584 subiecti.
1715 1573 1734 1578 —
1752 1559 1833 1591 ipsius
1851 1559 1960 1584 subiecti
1979 1560 2024 1584 Pa.

1129 1701 1443 1742 ARTICULUS
1473 1699 1770 1741 SECUNDUS

672 1794 827 1824 UTRUM
850 1793 988 1823 ANIMA
1012 1793 1078 1824 SIT
1102 1792 1349 1824 SUBIECTUM
1373 1791 1559 1822 HABITUS
1583 1791 1819 1822 SECUNDUM
1843 1792 1959 1822 SUAM
1982 1791 2232 1832 ESSENTIAM,

1204 1836 1288 1867 VEL
1312 1836 1428 1866 SUAM
1451 1835 1706 1866 POTENTIAM

1182 1914 1202 1938 11
1222 1914 1304 1942 Seni„
1325 1914 1383 1938 dist.
1403 1921 1468 1944 xxvs,
1489 1919 1535 1938 art.
1556 1913 1585 1944 3,
1605 1914 1636 1938 ad
1655 1921 1686 1945 4,
1707 1895 1730 1939 ὲ.

419 2067 440 2077 ’·
579 2055 683 2104 quod
715 2055 866 2092 habitus
901 2054 972 2091 sint
1000 2055 1038 2091 in
1066 2054 1194 2091 anima
1222 2055 1342 2102 magis
1371 2067 1427 2091 se-

539 2108 748 2159 {cundum
773 2108 974 2145 essentiam
993 2120 1109 2156 quam
1130 2108 1340 2144 secundum
1360 2120 1428 2156 po-

561 2015 601 2039 D
635 2014 823 2040 SECUNDUM
861 2014 913 2039 S1c
950 2013 1178 2039 PROCEDrrUR
1205 2001 1236 2039 ²¹⁶.
1270 2001 1430 2039 Videtur
1482 2008 1609 2038 tamen
1647 2001 1693 2038 de
1722 2009 1854 2039 natura
1884 2002 2055 2039 humana
2088 2003 2311 2052 loquamur:
2341 2003 2430 2052 quia
2462 2003 2546 2054 ipsa

1483 2054 1610 2091 anima
1639 2062 1694 2091 est
1725 2055 1849 2091 forma
1882 2055 2113 2104 completiva
2145 2056 2336 2093 humanae
2365 2064 2542 2104 naturae;

1481 2107 1584 2144 unde
1617 2107 1830 2144 secundum
1867 2108 1959 2155 hoc,
1993 2108 2113 2156 magis
2140 2116 2265 2157 potest
2293 2121 2377 2146 esse
2409 2109 2544 2159 aliquis

386 2131 1053 2209 1¹'L'Y'p&tentjassh1313130311101133
1082 2161 1184 2197 enim
1214 2168 1250 2197 et
1277 2160 1427 2197 habitus
1481 2160 1631 2197 habitus
1658 2161 1720 2197 vel
1747 2160 1941 2209 dispositio
1970 2160 2008 2198 in
2029 2173 2190 2211 corpore
2207 2174 2276 2210 per
2299 2162 2474 2200 ordinem
2493 2163 2544 2201 ad

369 2214 542 2251 dicuntur
570 2214 608 2250 in
636 2213 768 2250 ordine
798 2213 847 2250 ad
875 2221 1060 2260 naturam,
1090 2221 1132 2250 ut
1160 2213 1302 2250 dictum
1323 2220 1377 2250 est
1394 2213 1424 2250 *.

369 2267 446 2303 Sed
465 2274 598 2303 natura
626 2266 746 2314 magis
775 2266 974 2303 attenditur
995 2266 1205 2303 secundum
1226 2265 1426 2302 essentiam

369 2319 518 2356 animae
554 2331 668 2368 quam
703 2318 913 2355 secundum
942 2318 1148 2367 potentias:
1183 2318 1271 2366 quia
1297 2318 1425 2355 anima

369 2372 580 2408 secundum
613 2384 721 2408 suam
761 2371 962 2408 essentiam
1000 2378 1054 2408 est
1087 2378 1220 2408 natura
1257 2371 1426 2419 corporis

368 2424 460 2471 talis,
491 2432 527 2460 et
555 2425 678 2461 forma
698 2424 788 2460 eius.
818 2425 921 2471 Ergo
939 2423 1090 2460 habitus
1118 2431 1204 2461 sunt
1231 2423 1269 2460 in
1298 2424 1426 2461 anima

367 2477 579 2514 secundum
608 2477 687 2513 eius
716 2477 931 2523 essentiam,
962 2484 998 2513 et
1021 2489 1099 2513 non
1119 2476 1330 2527 secundum
1357 2489 1425 2526 po-

367 2529 535 2566 tentiam.

421 2594 455 2619 2.
479 2583 711 2629 PRAETEREA,
732 2580 933 2618 accidentis
960 2593 1038 2618 non
1064 2588 1119 2618 est
1137 2581 1324 2618 accidens.
1346 2581 1425 2618 Ha-

367 2635 466 2671 bitus
495 2642 623 2671 autem
653 2642 708 2671 est
735 2635 932 2682 quoddam
962 2633 1149 2671 accidens.
1187 2634 1264 2672 Sed
1291 2641 1424 2683 poten-

366 2687 438 2724 tiae
468 2687 619 2724 animae
654 2695 741 2724 sunt
769 2687 816 2723 de
844 2699 982 2734 genere
1014 2687 1289 2734 accidentium,
1318 2695 1359 2723 ut
1386 2686 1424 2724 in

366 2740 496 2777 Primo
511 2741 532 2761 *
547 2740 688 2777 dictum
706 2747 771 2776 est.
793 2740 894 2787 Ergo
910 2739 1061 2776 habitus
1076 2752 1154 2776 non
1171 2748 1226 2777 est
1245 2740 1282 2776 in
1298 2739 1425 2777 anima

367 2793 511 2830 ratione
540 2805 630 2830 suae
658 2792 860 2842 potentiae.

422 2847 455 2883 3.
494 2847 734 2892 PRAETEREA,
764 2845 975 2882 subiectum
1016 2853 1071 2882 est
1097 2842 1205 2894 'prius
1235 2857 1281 2881 eo
1321 2846 1425 2893 quod

368 2906 422 2935 est
455 2899 492 2935 in
520 2898 702 2935 subiecto.
734 2898 811 2935 Sed
843 2898 1010 2944 habitus,
1042 2910 1130 2935 cum
1162 2897 1345 2946 pertineat
1377 2898 1425 2935 ad

366 2951 530 3000 primam
564 2951 730 2999 speciem
764 2950 967 2999 qualitatis,
999 2958 1053 2987 est
1081 2950 1185 2999 prior
1213 2962 1328 2998 quarn
1358 2963 1425 2999 po-

367 3003 492 3050 tentia,
522 3016 620 3052 quae
639 3003 798 3052 pertinet
817 3004 865 3041 ad
886 3003 1094 3040 secundam
1114 3003 1292 3052 speciem.
1324 3004 1424 3052 Ergo

367 3056 517 3093 habitus
558 3069 636 3092 non
678 3064 733 3093 est
774 3056 811 3093 in
851 3056 1020 3105 potentia
1062 3057 1211 3094 animae
1253 3056 1348 3093 sicut
1388 3057 1426 3093 in

369 3108 551 3146 subiecto.

422 3162 496 3198 SED
517 3173 664 3198 CONTRA
683 3173 749 3197 EsT
768 3162 870 3209 quod
886 3161 1153 3210 Philosophus,
1170 3161 1209 3198 in
1228 3162 1377 3199 IEthic.
1393 3161 1423 3209 ²⁸,

335 3213 341 3219 ’
367 3214 475 3264 ponit
490 3213 660 3250 diversos
680 3214 830 3250 habitus
849 3214 887 3250 in
908 3214 1061 3251 diversis
1080 3214 1249 3264 partibus
1265 3215 1424 3252 animae.

421 3268 646 3304 REsponnsso
666 3278 849 3303 mCENDuM
870 3267 984 3315 quod,
1006 3267 1100 3304 sicut
1120 3280 1233 3316 supra
1247 3267 1268 3289 ’¹‘
1283 3267 1425 3304 dictum

369 3327 434 3367 est,
464 3320 613 3356 habitus
642 3319 821 3368 importat
849 3319 1136 3368 dispositionem
1165 3320 1358 3369 quandam
1386 3319 1425 3357 in

369 3372 501 3409 ordine
526 3372 575 3409 ad
603 3379 788 3419 naturam,
810 3373 871 3409 vel
901 3372 950 3409 ad
973 3373 1245 3421 operationem.
1277 3373 1316 3410 Si
1336 3385 1425 3421 ergo

369 3425 570 3474 accipiatur
588 3425 738 3462 habitus
765 3426 975 3462 secundum
996 3426 1100 3473 quod
1119 3426 1233 3462 habet
1252 3425 1425 3462 ordinem

370 3478 418 3515 ad
446 3485 641 3525 naturam,
672 3477 725 3515 sic
753 3490 831 3515 non
867 3485 991 3526 potest
1025 3490 1106 3515 esse
1144 3478 1181 3515 in
1219 3478 1365 3526 anima,
1396 3479 1426 3515 si

1481 2213 1662 2258 animam,
1692 2225 1809 2261 quarn
1834 2213 1872 2250 in
1891 2213 2018 2250 anima
2036 2226 2105 2263 per
2125 2213 2300 2252 ordinem
2320 2215 2370 2252 ad
2390 2227 2540 2264 corpus.

1481 2265 1559 2302 Sed
1577 2265 1608 2302 si
1627 2266 1830 2313 loquamur
1850 2266 1896 2303 de
1916 2266 2042 2314 aliqua
2061 2266 2245 2315 superiori
2268 2275 2414 2314 natura,
2435 2267 2541 2306 cuius

1478 2318 1598 2354 homo
1631 2325 1756 2366 potest
1792 2330 1875 2355 esse
1909 2318 2117 2368 particeps,
2147 2319 2359 2356 secundum
2386 2319 2478 2358 illud
2506 2322 2539 2358 II

1477 2371 1554 2407 Pet.
1576 2383 1586 2407 1
1605 2370 1642 2417 ²⁸,
1673 2376 1714 2407 ut
1738 2371 1854 2407 simus
1881 2377 2069 2408 consortes
2098 2377 2256 2409 naturae
2287 2372 2457 2409 divinae:
2485 2373 2539 2411 sic

1478 2422 1568 2460 nihil
1595 2423 1771 2472 prohibet
1798 2423 1836 2460 in
1864 2424 1992 2461 anima
2028 2426 2240 2462 secundum
2273 2437 2381 2462 suam
2412 2437 2537 2464 essen-

1478 2476 1569 2512 tiam
1603 2488 1685 2512 esse
1713 2475 1878 2525 aliquem
1906 2477 2095 2525 habiturn,
2122 2477 2259 2514 scilicet
2290 2477 2468 2527 gratiam,
2497 2487 2539 2516 ut

1478 2528 1573 2565 infra
1590 2528 1611 2550 '¹‘
1639 2528 1793 2565 dicetur.

1533 2581 1572 2617 Si
1598 2593 1692 2618 vero
1721 2580 1925 2629 accipiatur
1951 2581 2101 2618 habitus
2129 2581 2167 2619 in
2187 2581 2318 2620 ordine
2337 2583 2386 2621 ad
2405 2596 2538 2633 opera-

1478 2634 1634 2680 tionem,
1652 2633 1704 2670 sic
1719 2633 1884 2671 maxime
1903 2633 2053 2671 habitus
2073 2634 2316 2672 inveniuntur
2330 2635 2369 2673 in
2389 2636 2534 2674 anima:

1478 2686 1703 2735 inquantum
1741 2686 1868 2723 anima
1910 2699 1988 2724 non
2027 2687 2299 2725 determinatur
2337 2689 2384 2726 ad
2419 2701 2537 2728 unam

1479 2739 1752 2788 operationem,
1782 2739 1849 2776 sed
1878 2752 1918 2776 se
1946 2739 2061 2776 habet
2089 2740 2138 2777 ad
2165 2741 2315 2789 multas,
2344 2743 2448 2790 quod
2481 2754 2539 2780 re-

1479 2791 1635 2841 quiritur
1666 2792 1715 2829 ad
1748 2791 1940 2839 habitum,
1970 2800 2010 2829 ut
2038 2805 2152 2842 supra
2170 2793 2190 2815 *
2219 2793 2360 2831 dictum
2389 2803 2455 2833 est.
2489 2796 2539 2835 Et

1479 2845 1568 2893 quia
1597 2845 1724 2882 anima
1753 2852 1808 2881 est
1829 2845 2058 2894 principium
2079 2846 2344 2895 operationum
2362 2859 2431 2896 per
2450 2861 2538 2886 suas

1478 2898 1684 2947 potentias,
1714 2898 1800 2934 ideo
1830 2899 2040 2936 secundum
2069 2899 2163 2946 hoc,
2192 2899 2343 2937 habitus
2377 2909 2463 2939 sunt
2495 2900 2535 2939 in

1479 2950 1606 2987 anima
1634 2951 1844 2988 secundum
1874 2963 1960 2988 suas
1988 2951 2186 3001 potentias.

1531 3005 1589 3040 An
1619 3015 1754 3041 PmMUM
1783 3015 1881 3042 ERGO
1914 3016 2097 3042 mCENDUM
2129 3004 2235 3054 quod
2267 3005 2428 3044 essentia
2460 3006 2538 3045 ani-

1479 3068 1565 3093 mae
1600 3057 1761 3105 pertinet
1798 3057 1845 3094 ad
1874 3064 2047 3094 naturam
2080 3058 2308 3106 humanam,
2337 3071 2415 3096 non
2443 3059 2538 3097 sicut

1479 3109 1690 3146 subiectum
1720 3109 2000 3158 disponendum
2020 3110 2069 3147 ad
2088 3110 2229 3159 aliquid
2254 3097 2378 3149 aliud·
2403 3111 2471 3151 sed
2489 3111 2542 3151 si-

1480 3170 1541 3199 cut
1569 3162 1691 3199 forma
1719 3170 1755 3199 et
1773 3169 1907 3199 natura
1935 3163 1983 3199 ad
2012 3175 2126 3212 quarn
2148 3163 2279 3213 aliquis
2308 3163 2530 3216 disponitur.

1531 3217 1590 3252 An
1618 3226 1806 3252 SECUNDUM
1834 3227 2017 3252 mcaNnUM
2054 3216 2159 3264 quod
2192 3213 2367 3255 accidens
2397 3229 2468 3273 per
2493 3229 2534 3254 se

1479 3280 1557 3304 non
1584 3275 1709 3328 potest
1738 3280 1820 3305 esse
1852 3267 2064 3305 subiectum
2098 3269 2310 3308 accidentis.
2341 3268 2418 3307 Sed
2437 3269 2534 3318 quia

1479 3320 1592 3357 etiam
1608 3321 1646 3357 in
1661 3320 1750 3370 ipsis
1765 3320 2021 3358 accidentibus
2041 3329 2095 3359 est
2110 3322 2206 3360 ordo
2221 3322 2388 3371 quidam,
2409 3321 2532 3359 subie-

1480 3381 1580 3410 ctum
1604 3373 1816 3411 secundum
1845 3373 1948 3422 quod
1973 3382 2028 3411 est
2056 3375 2126 3411 sub
2154 3387 2233 3412 uno
2253 3374 2456 3421 accidente,
2476 3374 2533 3411 in-

1478 3426 1651 3474 telligitur
1685 3439 1767 3463 esse
1796 3426 2007 3464 subiectum
2040 3427 2202 3465 alterius.
2240 3428 2288 3464 Et
2319 3427 2371 3464 sic
2400 3426 2534 3464 dicitur

1478 3491 1599 3516 unum
1620 3479 1794 3517 accidens
1815 3492 1896 3516 esse
1916 3479 2127 3518 subiectum
2146 3479 2315 3518 alterius:
2343 3487 2385 3516 ut
2403 3491 2533 3529 super-

2566 2384 2576 2394 ·
2593 2382 2661 2405 Van.
2678 2389 2704 2409 4.

2566 2541 2576 2551 ''
2587 2540 2636 2568 Qu.
2647 2545 2686 2570 ex,
2699 2543 2742 2563 m.
2752 2549 2779 2570 4.

2566 2801 2576 2811 ‘
2591 2799 2639 2828 Qu.
2653 2805 2719 2828 mx,
2733 2803 2779 2822 nrt.
