2846 4146
172 729 184 741 ¹
196 729 225 752 D.
241 733 294 758 970.

171 2061 178 2067 ¹
185 2056 312 2078 Delnvent.
318 2056 379 2078 Rhe-

169 2086 223 2131 ἱιίξί,
234 2083 273 2105 lib.
287 2083 317 2111 11,
327 2089 378 2111 cap.

263 3097 277 3122 δ

165 3215 175 3223 ·
187 3215 239 3236 Art.
253 3220 273 3242 2,
287 3221 310 3243 3.

412 227 488 272 344

413 303 591 352 contingit
623 304 728 352 quod
761 304 911 341 habitus
945 304 1119 341 contrarii
1148 304 1220 340 sint
1246 303 1357 339 unius
1386 313 1468 349 spe-

413 357 502 394 ciei:
533 356 774 395 contrarietas
808 357 910 394 enirn
942 356 1140 393 habituum
1175 363 1230 392 est
1257 354 1466 391 secundum

414 409 618 446 contrarias
645 409 818 447 rationes.
854 411 903 446 Et
930 409 979 445 ita
1007 408 1218 445 secundum
1256 408 1402 443 bonum
1432 412 1467 441 et

412 462 558 500 malum
576 462 726 499 habitus
747 462 1032 509 distinguuntur,
1053 460 1191 496 scilicet
1207 464 1224 480 α
1242 459 1466 506 inquantum

412 527 511 552 unus
530 514 680 552 habitus
699 522 754 552 est
773 515 897 551 bonus
919 521 955 549 et
973 513 1065 549 alius
1081 512 1220 555 malus:
1241 523 1319 547 non
1338 517 1467 548 autem

413 578 457 604 ex
484 568 559 604 hoc
587 567 691 616 quod
718 579 816 603 unus
846 573 900 602 est
928 565 1019 602 boni
1049 571 1085 600 et
1111 563 1205 599 alius
1232 563 1333 600 mali.

465 622 524 657 An
544 631 732 657 SECUNDUM
751 629 933 656 mcENDUM
953 617 1057 664 quod
1086 616 1230 652 bonum
1261 627 1467 652 commune

413 672 519 709 omni
548 672 622 709 enti
649 684 727 708 non
747 678 802 707 est
821 669 1031 707 differentia
1050 668 1280 705 constituens
1299 667 1466 717 speciem

412 724 568 761 alicuius
601 724 751 760 habitus
776 723 813 759 *t
847 722 912 758 sed
943 721 1138 770 quoddam
1167 721 1313 758 bonum
1347 720 1466 758 deter-

413 777 608 822 minatum,
645 775 748 823 quod
777 782 832 810 est
861 774 1071 810 secundum
1093 773 1398 811 convenientiam
1417 773 1466 810 ad

413 829 702 866 determinatam
727 835 918 873 naturam,
948 826 1086 862 scilicet
1113 826 1323 862 humanam
1347 825 1378 862 ³¹⁶.
1410 826 1466 862 Si-

466 945 492 978 α)
511 945 616 970 scilicet.
630 958 649 963 -
667 944 728 968 Om.
748 943 858 968 codices.

1097 226 1362 272 QUAESTM)
1392 225 1491 270 mv,
1522 223 1815 260 ARTICULUS
1846 223 1896 259 1v

1523 300 1659 338 militer
1687 301 1801 338 etiam
1835 302 1980 338 malum
2015 302 2122 350 quod
2156 310 2211 340 est
2245 302 2455 340 differentia
2491 314 2581 339 con-

1524 353 1690 391 stitutiva
1715 353 1878 400 habitus,
1906 365 1985 391 non
2014 362 2070 392 est
2096 354 2259 403 privatio
2287 367 2398 404 pura:
2429 355 2496 392 sed
2526 361 2581 391 est

1523 405 1665 454 aliquid
1686 406 1977 443 determinatum
1996 418 2210 456 repugnans
2229 407 2500 445 determinatae
2515 419 2580 444 na-

1523 465 1640 495 turae.

1576 513 1634 548 An
1662 522 1822 548 ”reanum
1847 521 2030 548 DlOENDUM
2050 512 2156 559 quod
2174 513 2302 561 plures
2318 511 2469 549 habitus
2489 511 2580 548 boni

1524 563 1622 600 circa
1649 563 1751 600 idem
1781 563 1918 611 specie,
1948 563 2222 612 distinguuntur
2250 563 2460 602 secundum
2491 575 2580 600 con—

1522 615 1757 652 venientiam
1783 615 1832 652 ad
1862 615 2030 654 diversas
2058 624 2221 664 naturas,
2249 624 2292 654 ut
2310 616 2453 654 dictum
2479 623 2536 652 est
2547 615 2578 652 *.

1523 669 1655 705 Plures
1673 680 1767 705 vero
1787 668 1937 706 habitus
1955 669 2044 706 mali
2063 669 2341 718 distinguuntur
2360 668 2459 706 circa
2476 668 2580 705 idem

1522 721 1713 768 agendum
1724 719 1750 767 β,
1770 722 1983 758 secundum
2003 721 2171 759 diversas
2189 721 2454 770 repugnantias
2475 721 2523 758 ad
2541 720 2580 757 id
2609 769 2618 773 4

1522 773 1627 820 quod
1643 780 1698 810 est
1716 773 1927 810 secundum
1948 781 2139 810 naturam:
2149 774 2252 811 “sicut
2268 774 2335 812 uni
2349 773 2474 811 virtuti
2491 785 2580 810 con·

1521 826 1720 862 trariantur
1749 825 1897 862 diversa
1924 826 2014 862 vitia
2043 826 2140 862 circa
2173 826 2334 863 eandem
2368 825 2577 863 materiam.

1577 942 1602 977 β)
1623 944 1767 977 agendum.
1779 958 1798 963 -
1816 944 1878 969 Om.
1893 945 1922 969 E.

1081 1022 1412 1056 Commentariis.
1433 1022 1683 1055 Cardinalis
1704 1023 1903 1056 Caietam·

441 1112 461 1132 x
476 1098 607 1132 articulo
625 1101 728 1138 tertio,
742 1107 816 1131 nota
829 1101 917 1142 quod
929 1100 1014 1141 apud
1026 1102 1200 1131 Auctorem
1211 1101 1261 1130 hic
1277 1109 1342 1130 non
1355 1100 1468 1131 dicitur
1521 1100 1561 1130 sit
1571 1100 1674 1131 bonus
1688 1107 1718 1131 et
1730 1096 1898 1140 malus,'eo
1911 1100 1999 1141 quod
2016 1107 2090 1131 sunt
2103 1101 2208 1131 bonus
2224 1107 2254 1132 et
2270 1101 2372 1132 malus
2389 1101 2582 1133 diversarum

414 1113 529 1187 Iquod
551 1145 746 1186 impossibile
764 1151 810 1175 est
828 1145 917 1185 quod
932 1145 1018 1175 idem
1033 1144 1157 1175 habitus
1176 1151 1311 1175 transeat
1325 1144 1363 1174 de
1379 1145 1465 1174 bono
1521 1144 1706 1184 specierum,
1724 1152 1754 1176 et
1769 1144 1926 1175 contrarii.
1952 1143 2150 1185 Impossibile
2174 1152 2219 1176 est
2235 1142 2321 1176 enim
2338 1144 2491 1176 contraria
2513 1154 2580 1182 esse

408 1189 442 1220 in
465 1188 597 1226 malum,
613 1196 671 1220 aut·
690 1199 707 1219 e
722 1197 888 1220 converso:
914 1189 967 1219 sed
987 1188 1075 1230 quod
1098 1187 1293 1229 impossibile
1317 1194 1363 1219 est
1377 1188 1465 1229 quod
1521 1187 1615 1218 simul
1632 1187 1726 1219 unius
1742 1188 1907 1219 individui.
1931 1189 1972 1220 Et
1987 1189 2049 1220 hoc
2063 1188 2143 1236 bene
2158 1196 2234 1220 nota
2254 1194 2314 1229 pro
2337 1188 2542 1231 sequentibus
2552 1187 2579 1220 *ἱ

1186 1341 1502 1383 ARTICULUS
1531 1341 1804 1394 QUARTUS

806 1436 960 1466 UTRUM
985 1435 1098 1467 UNUs
1123 1435 1310 1466 HABITUS
1332 1435 1390 1466 Ex
1411 1435 1572 1466 MULTIS
1596 1434 1824 1466 HABITIBUS
1848 1434 2190 1466 conszUATUR

542 1552 578 1573 ²2<

444 1550 460 1567 ,v
475 1542 504 1566 »Ι
526 1562 530 1569 ,
619 1535 641 1560 n
662 1534 834 1566 QUARTUM
853 1535 906 1560 stc
926 1534 1164 1559 paccanrrua.
1182 1522 1340 1559 Videtur
1359 1521 1465 1569 quod

457 1587 462 1595 '
537 1564 596 1635 {733
617 1588 716 1613 unus
735 1575 885 1613 habitus
905 1588 951 1612 ex
969 1575 1141 1624 pluribus
1164 1575 1355 1612 habitibus
1375 1586 1465 1611 con-

426 1657 472 1675 Ι
564 1633 587 1672 ‘6
601 1625 607 1631 ⁴
619 1628 800 1666 stituatur.
822 1628 918 1665 Illud
933 1627 1034 1666 enirn
1049 1628 1155 1665 cuius
1173 1628 1365 1676 generatio
1386 1639 1464 1664 non

436 1677 445 1684 ”
461 1696 476 1717 t
489 1675 551 1716 '7³2‘
575 1672 607 1716 N
619 1681 730 1718 simul
757 1682 961 1730 perficitur,
981 1680 1050 1718 sed
1069 1681 1295 1727 successive,
1314 1680 1465 1718 videtur

410 1732 583 1769 constitui
613 1747 657 1770 ex
686 1734 855 1783 pluribus
884 1734 1063 1782 partibus.
1094 1734 1170 1770 Sed
1189 1733 1381 1781 generatio
1401 1734 1466 1770 ha-

409 1784 507 1822 bitus
536 1797 613 1822 non
643 1794 698 1823 est
725 1786 853 1833 simul,
883 1786 949 1823 sed
979 1786 1192 1823 successive
1222 1798 1268 1822 ex
1295 1786 1465 1834 pluribus

340 1863 345 1869 .
374 1863 380 1869 .
408 1837 568 1884 actibus,
598 1846 639 1875 ut
667 1851 780 1887 supra
799 1839 819 1860 *
843 1838 1017 1875 ‘habitum
1047 1847 1112 1875 est.
1144 1839 1245 1885 Ergo
1273 1851 1371 1874 unus
1399 1839 1465 1875 ha-

408 1889 505 1926 bitus
534 1890 768 1928 constituitur
797 1904 842 1928 ex
869 1891 1039 1940 pluribus
1066 1890 1254 1927 habitibus
1275 1895 1303 1927 α.

461 1954 496 1979 2.
526 1944 760 1990 PRAETEREA,
791 1957 836 1980 ex
863 1944 1033 1992 partibus
1063 1943 1297 1980 constituitur
1329 1950 1463 1980 totum.

407 1995 484 2031 Sed
511 1996 577 2032 uni
606 1996 750 2035 habitui
774 1997 1010 2044 assignantur
1028 1996 1170 2032 multae
1195 2003 1340 2044 partes:
1371 1994 1465 2033 sicut

406 2047 553 2084 Tullius
571 2048 592 2070 ’¹‘
618 2049 726 2097 ponit
754 2050 892 2086 multas
917 2056 1042 2098 partes
1062 2048 1302 2096 fortitudinis,
1320 2056 1465 2098 tempe-

406 2100 546 2137 rantiae
577 2109 612 2138 et
639 2102 799 2139 aliarum
827 2102 1020 2139 virtutum.
1056 2102 1157 2149 Ergo
1186 2114 1286 2138 unus
1314 2102 1464 2139 habitus

407 2153 641 2191 constituitur
670 2167 713 2191 ex
741 2155 923 2203 pluribus.

461 2206 496 2244 3.
515 2207 748 2254 PRAETEREA,
779 2207 827 2245 de
854 2220 931 2244 una
959 2207 1039 2244 sola
1069 2207 1313 2244 conclusione
1341 2203 1466 2256 potest

406 2259 561 2297 scientia
578 2260 711 2297 haberi
730 2268 767 2297 et
785 2267 871 2297 actu
891 2267 926 2296 et
944 2259 1087 2296 habitu.
1119 2259 1196 2296 Sed
1214 2261 1354 2296 multae
1375 2271 1464 2296 con-

407 2311 595 2349 clusiones
629 2312 817 2360 pertinent
853 2312 903 2350 ad
938 2323 1055 2348 unam
1093 2312 1288 2349 scientiam
1320 2319 1462 2360 totam,

406 2363 503 2402 sicut
521 2364 570 2401 ad
588 2364 834 2412 geometriam
852 2365 915 2402 vel
934 2364 1222 2401 arithmeticam.
1244 2365 1346 2412 Ergo
1364 2377 1463 2402 unus

406 2417 556 2454 habitus
585 2417 820 2455 constituitur
847 2429 893 2454 ex
920 2417 1058 2456 multis.

461 2470 535 2506 SED
554 2481 710 2517 CONTRA,
730 2470 892 2517 habitus,
909 2482 997 2507 cum
1018 2469 1064 2506 sit
1083 2469 1241 2518 qualitas
1257 2470 1460 2519 quaedam,

408 2529 464 2560 est
491 2523 613 2559 forma
647 2523 819 2571 simplex.
858 2523 935 2560 Sed
963 2523 1109 2559 nullum
1138 2522 1297 2571 simplex
1326 2522 1463 2559 consti-

406 2575 522 2612 tuitur
549 2587 597 2617 ex,
620 2575 791 2624 pluribus
811 2574 837 2613 β.
867 2575 968 2623 Ergo
988 2586 1088 2612 unus
1106 2575 1256 2612 habitus
1275 2587 1355 2612 non
1373 2586 1466 2612 con-

407 2627 568 2665 stituitur
597 2640 642 2665 ex
669 2628 840 2676 pluribus
867 2627 1068 2665 habitibus.

459 2681 685 2718 Resposmzo
703 2693 886 2718 mensuum
915 2681 1020 2729 quod
1039 2680 1190 2717 habitus
1209 2680 1258 2717 ad
1277 2680 1464 2729 operatio-

407 2745 496 2771 nem
525 2733 730 2781 ordinatus,
761 2734 808 2771 de
836 2746 913 2782 quo
943 2745 1046 2770 nunc
1063 2733 1318 2782 principaliter
1345 2733 1464 2770 inten-

407 2785 550 2832 dimus,
578 2794 634 2823 est
661 2787 840 2835 perfectio
870 2786 1060 2835 quaedam
1093 2786 1295 2835 potentiae.
1327 2786 1464 2823 Omnis

406 2846 532 2876 autem
564 2839 744 2888 perfectio
778 2840 1089 2888 proportionatur
1125 2851 1194 2876 suo
1231 2838 1461 2888 perfectibili.

406 2891 516 2928 Unde
545 2892 640 2929 sicut
666 2893 845 2941 potentia,
876 2904 963 2929 cum
986 2891 1032 2928 sit
1051 2904 1127 2928 una
1145 2897 1172 2939 ἵ,
1203 2891 1252 2928 ad
1280 2891 1398 2928 multa
1423 2903 1463 2928 se

407 2944 572 2981 extendit
586 2945 798 2982 secundum
814 2945 918 2994 quod
930 2945 1161 2982 conveniunt
1175 2944 1213 2981 in
1229 2944 1354 2992 aliquo
1369 2956 1460 2991 uno,

405 2996 500 3034 idest
519 2996 557 3033 in
577 2998 741 3045 generali
760 2998 927 3046 quadam
951 2997 1094 3035 ratione
1115 2997 1268 3043 obiecti;
1285 2997 1335 3034 ita
1349 2996 1462 3034 etiam

405 3049 555 3086 habitus
569 3051 618 3087 ad
641 3051 761 3087 multa
784 3063 824 3088 se
849 3050 1013 3088 extendit
1035 3050 1245 3088 secundum
1270 3051 1374 3099 quod
1398 3050 1464 3087 ha-

405 3102 495 3139 bent
514 3100 528 3123 ⁸
557 3102 728 3140 ordinem
752 3104 800 3140 ad
824 3103 977 3152 aliquod
999 3115 1134 3150 unum,
1159 3110 1251 3151 puta
1274 3103 1322 3140 ad
1346 3114 1463 3140 unam

405 3155 608 3203 specialem
637 3156 822 3192 rationem
851 3156 1008 3202 obiecti,
1038 3157 1100 3193 vel
1127 3167 1244 3192 unam
1272 3162 1464 3203 naturam,

402 3208 465 3245 vel
492 3220 615 3245 unum
642 3208 880 3257 principium,
901 3216 942 3245 ut
961 3221 1006 3245 ex
1025 3209 1247 3258 supradictis
1265 3208 1285 3230 ³¹⁸
1307 3215 1420 3257 patet.

458 3347 484 3381 α)
506 3347 645 3372 habitibus.
663 3361 681 3366 —-
700 3348 760 3372 Om.
781 3349 890 3372 codices.

458 3382 486 3415 β)
500 3383 629 3414 pluribus.
648 3397 666 3402 -
680 3383 805 3415 partibus
819 3383 943 3415 pluribus
963 3383 1012 3407 EF.

457 3418 485 3452 γ)
504 3426 567 3443 una.
583 3431 602 3439 -
620 3419 657 3443 ad
675 3419 750 3443 aliud
768 3419 798 3448 E,
818 3419 920 3451 aliquid
940 3426 1020 3443 unum
1040 3420 1068 3444 F.

1573 1521 1612 1558 Si
1640 1521 1750 1569 igitur
1778 1522 2063 1559 consideremus
2092 1522 2265 1560 habitum
2294 1524 2506 1562 secundum
2535 1519 2580 1563 ea

1518 1574 1567 1611 ad
1586 1586 1685 1622 quae
1705 1586 1744 1611 se
1765 1575 1941 1622 extendit,
1963 1575 2016 1611 sic
2036 1574 2275 1613 inveniemus
2295 1581 2307 1598 ⁸
2325 1576 2366 1613 in
2393 1587 2439 1614 eo
2459 1588 2579 1626 quan,-

1519 1626 1609 1664 dam
1644 1626 1969 1676 multiplicitatem.
2000 1627 2077 1664 Sed
2105 1627 2195 1674 quia
2231 1615 2291 1664 ilfa
2326 1629 2581 1678 multiplicitas

1519 1687 1574 1716 est
1602 1679 1774 1716 ordinata
1801 1679 1851 1716 ad
1870 1679 2013 1727 aliquid
2041 1691 2175 1726 unum,
2196 1679 2247 1717 ad
2265 1681 2372 1729 quod
2390 1681 2581 1732 principes

1518 1732 1599 1768 liter
1627 1731 1776 1780 respicit
1805 1732 1980 1779 ¹habitus,
2010 1731 2098 1769 inde
2127 1733 2317 1780 estquod
2338 1734 2496 1772 ‘habitus
2523 1742 2581 1772 est

1518 1784 1677 1833 qualitas
1706 1784 1878 1832 simplex,
1907 1797 1985 1821 non
2015 1785 2215 1822 constituta
2243 1798 2289 1822 ex
2317 1787 2486 1836 pluribus
2514 1788 2581 1825 ha-

1518 1837 1657 1873 bitibus
1671 1836 1702 1882 ²⁸,
1725 1837 1838 1874 etiam
1855 1837 1883 1873 si
1901 1837 1949 1874 ad
1970 1838 2088 1874 multa
2103 1850 2143 1874 se
2160 1838 2347 1877 extendat.
2365 1840 2457 1877 Non
2478 1840 2579 1878 enim
2607 1846 2617 1855 ¹

1517 1901 1616 1927 unus
1645 1888 1795 1926 habitus
1815 1902 1855 1926 se
1885 1890 2050 1927 extendit
2069 1890 2117 1928 ad
2137 1891 2267 1939 multa,
2289 1891 2360 1929 nisi
2379 1892 2418 1929 in
2447 1893 2579 1931 ordine

1510 1942 1727 1994 adunum,
1757 1954 1803 1980 ex
1831 1954 1910 1990 quo
1930 1943 2044 1981 habet
2070 1943 2267 1981 unitatem.

1571 1996 1629 2032 An
1659 2005 1795 2032 PRIMUM
1823 2007 1921 2032 ERGO
1959 2007 2143 2033 DICENDUM
2181 1997 2287 2045 quod
2323 1998 2514 2035 successio
2541 1997 2581 2036 in

1518 2047 1760 2095 generatione
1794 2048 1944 2085 habitus
1980 2061 2059 2086 non
2088 2049 2269 2097 contingit
2297 2061 2342 2087 ex
2369 2050 2445 2088 hoc
2473 2051 2580 2100 quod

1517 2113 1605 2150 pars
1625 2100 1704 2137 eius
1732 2108 1932 2149 generetur
1950 2109 2037 2150 post
2055 2109 2224 2150 partem:
2246 2102 2315 2140 sed
2335 2115 2380 2140 ex
2400 2115 2446 2141 eo
2476 2103 2581 2154 quod

1518 2153 1730 2190 subiectum
1758 2166 1838 2191 non
1866 2154 1991 2191 statim
2015 2154 2261 2203 consequitur
2287 2153 2456 2207 dispos‘f
2476 2160 2485 2199 j
2503 2159 2515 2166 ⁴
2538 2150 2550 2202 ’-

1517 2206 1670 2243 firmam
1707 2213 1743 2243 et
1785 2206 1936 2243 difficile
1982 2207 2185 2253 mobilem3
2226 2214 2264 2244 et
2299 2205 2364 2246 'ex'
2386 2206 2443 2247 eo

1517 2258 1644 2307 primo
1664 2258 1884 2307 imperfecte
1903 2258 2032 2309 incipit
2060 2270 2142 2297 esse
2161 2259 2199 2297 in
2219 2259 2402 2309 subiecto,
2420 2259 2580 2352 a&

1518 2311 1623 2348 latim
1655 2311 1858 2360 perficitur.
1894 2311 1999 2348 Sicut
2030 2312 2142 2349 etiam
2171 2319 2229 2349 est
2261 2313 2308 2350 de
2343 2312 2438 2351 aliis
2460 2310 2519 2364 qn*
2571 2308 2578 2323 ²

1517 2363 1666 2400 tatibus.
2580 2372 2581 2375 ’

1571 2417 1630 2453 An
1658 2427 1848 2453 SECUNDUM
1877 2427 2060 2454 mensuum
2089 2417 2194 2466 quod
2225 2425 2353 2467 partes
2379 2429 2478 2470 quae
2507 2416 2579 2456 sin*

1517 2469 1612 2516 gulis
1630 2468 1831 2506 virtutibus
1852 2469 2105 2506 cardinalibus
2125 2469 2373 2519 assignantur,
2393 2482 2473 2508 non
2491 2479 2579 2509 sunt

1517 2528 1642 2570 partes
1670 2521 1883 2569 integrales,
1913 2533 1959 2558 ex
1987 2522 2124 2570 quibus
2154 2521 2402 2561 constituatur
2432 2526 2577 2562 totum:

1518 2574 1585 2611 sed
1613 2581 1738 2623 partes
1767 2573 1998 2611 subiectivae
2026 2574 2047 2596 '¹'
2074 2575 2154 2612 sive
2181 2575 2424 2624 potentiales,
2454 2582 2503 2614 ut*
2519 2572 2579 2624 ‚in-

1517 2627 1573 2664 fra
1598 2627 1620 2648 *
1647 2626 1799 2676 patebit.
2244 2635 2245 2640 ¹
2358 2635 2361 2639 '
2491 2638 2494 2642 ’
2574 2633 2580 2677 ᾗ

1570 2681 1629 2716 An
1656 2690 1815 2717 TEa‘nUM
1844 2690 2028 2716 mensuum
2061 2680 2165 2728 quod
2195 2679 2256 2717 ine
2290 2680 2354 2730 qui
2374 2679 2425 2718 'in
2454 2676 2580 2732 aliqua

1517 2732 1671 2769 scientia
1699 2731 1856 2781 acquirit
1882 2744 1951 2781 per
1985 2733 2348 2770 demonstrationem
2382 2731 2579 2772 scientiam

1518 2784 1771 2822 conclusionis
1799 2784 1929 2832 unius,
1963 2785 2080 2822 habet
2105 2785 2261 2834 quidem
2288 2783 2481 2835 habitum,
2510 2782 2579 2829 sed

1516 2837 1748 2886 imperfecte.
1770 2837 1870 2874 Cum
1898 2848 2014 2874 vero*
2032 2837 2190 2888 acquirit
2215 2839 2287 2888 p'er
2313 2837 2479 2888 aliquam
2513 2841 2577 2878 de-

1517 2890 1834 2927 monstrationem
1877 2890 2072 2928 scientiam
2115 2890 2367 2929 conclusionis
2405 2891 2556 2931 alterius
2560 2921 2580 2949 λ

1517 2955 1595 2980 non
1624 2950 1870 2991 aggeneratur
1889 2943 1927 2980 in
1956 2955 2003 2980 eo
2032 2943 2126 2981 alius
2144 2943 2312 2990 habitus3
2333 2944 2400 2983 sed
2428 2945 2581 2984 habitus

1517 2995 1583 3044 qui
1609 2996 1713 3044 prius
1733 2996 1853 3033 inerat
1879 2996 1923 3033 fit
1939 2996 2152 3045 perfectior,
2172 3003 2305 3046 utpote
2331 2997 2381 3035 ad
2401 2997 2510 3047 plura
2528 2993 2579 3048 ’ὲρ

1519 3049 1724 3086 extendens
1739 3049 1779 3095 *;
1801 3041 1848 3085 eb
1867 3050 1974 3097 quod
2003 3049 2265 3094 conclusiones
2286 3057 2324 3087 et
2343 3047 2580 3099 demonstrata

1518 3101 1640 3139 tiones
1669 3101 1780 3140 unius
1805 3101 1982 3139 scientiae
2011 3100 2206 3139 ordinatae
2226 3110 2323 3150 sunt,
2346 3110 2383 3140 et
2405 3096 2581 3158 ιιηῖΐᾶἐῇ

1520 3154 1661 3192 rivatur
1690 3166 1735 3192 ex
1763 3154 1845 3191 alia.
2428 3157 2448 3173 ⁵
2483 3153 2497 3175 ‘¹
2520 3156 2538 3160 ’”

1572 3348 1596 3382 δ)
1615 3349 1720 3374 habent.
1734 3362 1752 3368 -
1769 3348 1849 3373 habet
1867 3348 1943 3373 PKL.

1572 3384 1592 3417 ε)
1614 3384 1784 3409 inveniemus.
1801 3397 1820 3402 —
1839 3383 1986 3408 invenimus
2006 3382 2227 3408 ABCDEHIKLa.

2607 619 2617 629 ”
2632 619 2657 641 1n
2672 625 2778 648 corpore.

2706 711 2721 745 β

2606 1173 2620 1187 ¹*
2633 1173 2670 1196 Cf.
2679 1178 2719 1202 qu.
2732 1176 2822 1199 wart.

2608 1205 2627 1228 ι,
2640 1198 2773 1222 Commnt.

2608 2591 2616 2601 ·
2631 2590 2661 2612 D.
2673 2596 2727 2619 970·

2575 2640 2578 2644 ·
2606 2631 2683 2666 “Qut
2698 2628 2759 2666 ίΰᾱ.
2774 2641 2819 2661 m.

2606 2673 2629 2701 6,
2637 2672 2667 2696 nd
2677 2679 2705 2700 ις
2717 2673 2751 2696 11·
2764 2673 2820 2703 11¹⁶,

2606 2714 2647 2736 qn.
2660 2713 2738 2731 xum.

2604 3058 2616 3070 ·
2629 3058 2660 3081 1).
2673 3057 2727 3087 ⁶76,
2742 3058 2802 3080 1¹08.
