2852 4152
97 829 106 838 ·
121 827 157 851 α’.
175 833 239 850 num.
258 833 307 856 seq.

1039 220 1304 266 QUAESTIO
1334 221 1418 267 LII,
1447 221 1741 258 ARTICULUS
1772 223 1802 258 Il

393 296 430 326 11.
445 295 496 325 Ad
511 295 652 334 primurn
668 294 801 325 dubium
818 296 907 327 facile
923 299 1140 338 respondetur,
1158 299 1292 329 dicendo
1306 299 1394 339 quod

337 338 496 370 distinctio
519 345 566 369 est
585 338 756 369 sufficiens:
779 346 809 370 et
832 342 919 380 quod
934 351 1044 372 verum
1068 349 1114 372 est
1130 343 1217 383 quod
1242 353 1297 382 per
1320 353 1396 382 aug-

337 389 482 414 mentum
506 392 542 412 ex
565 389 653 422 parte
676 382 815 419 formae,
840 383 973 416 intendit
995 386 1176 417 varietatem
1199 386 1392 426 specificam;

336 426 491 467 quoniam
513 426 614 457 utitur
635 426 697 456 hoc
713 427 848 458 termino
872 429 952 459 sicut
967 429 999 459 in
1023 430 1154 460 articulo
1177 431 1392 470 praecedente.

336 471 399 502 Sed
421 470 586 500 sciendum
609 477 655 500 est
670 471 768 510 quod,
793 471 867 511 quia
892 472 1011 504 formae
1035 474 1240 505 accidentales
1263 474 1392 505 intensi-

336 514 413 545 biles
437 520 467 544 et
489 514 688 545 remissibiles
707 524 772 544 non
797 515 1032 555 distinguuntur
1056 518 1115 547 nisi
1138 526 1193 549 aut
1222 518 1394 550 formaliter

336 565 392 589 aut
414 558 628 594 materialiter;
651 564 681 588 et
704 558 861 589 distinctio
882 560 1024 599 specifica
1042 571 1078 592 ex
1097 561 1199 592 forma
1223 569 1277 599 est,
1294 570 1393 594 mate-

335 602 419 633 rialis
442 608 549 632 autem
572 612 609 632 ex
631 601 788 632 subiecto:
812 603 884 633 ideo
904 607 1024 635 Auctor
1039 615 1095 645 per
1114 605 1201 636 illam
1221 606 1392 638 distinctio—

335 656 411 677 nem
433 655 500 676 non
523 645 656 676 intendit
686 645 781 676 aliam
810 657 907 687 quam
937 656 1138 686 consuetam,
1168 650 1299 681 scilicet:
1327 654 1394 682 Aut

336 690 455 722 additio
477 696 524 720 est
545 688 688 729 specifice
713 689 890 727 differentis,
916 699 970 723 aut
986 694 1197 725 numeraliter.
1213 694 1278 725 Nec
1302 695 1393 726 datur

335 734 492 766 secundus
515 733 645 763 modus:
671 734 825 773 quoniam
848 735 966 766 additio
989 738 1104 776 gradus
1128 737 1165 767 ad
1189 739 1322 777 gradum
1346 739 1392 769 in-

334 778 484 818 telligitur
505 777 619 816 gradus
644 778 846 809 numeraliter
869 779 1016 816 distincti,
1038 787 1073 811 ut
1095 782 1257 812 tractando
1281 792 1392 813 secun-

334 820 413 853 dum
427 820 562 851 dubium
583 821 695 851 clarius
709 822 828 862 patebit
838 822 864 853 ἕ.
883 823 1059 860 Quomodo
1075 831 1181 855 autem
1195 825 1317 856 licuerit
1339 827 1392 856 ad-

333 865 487 896 ditionem
502 865 699 895 numeralem
722 866 828 896 solum
844 868 1020 898 secundum
1044 868 1238 899 additionem
1261 869 1391 900 subiecti

333 918 482 945 exercere,
498 908 531 938 in
555 909 695 939 secundo
719 910 839 940 dicetur
862 911 969 942 dubio.

388 953 439 984 111.
456 952 507 983 Ad
523 952 713 983 evidentiam
732 955 887 984 secundae
904 954 1148 994 ambiguitatis*,
1166 957 1329 987 sciendum
1346 964 1392 987 est

332 998 421 1038 quod
443 996 543 1027 tribus
567 997 672 1027 modis
694 1004 800 1037 potest
822 998 892 1039 quis
914 999 1078 1039 imaginari
1106 1000 1300 1030 additionem
1323 1010 1390 1040 gra-

331 1042 394 1073 dus
414 1041 455 1071 ad
477 1040 611 1080 gradum
633 1041 666 1071 in
690 1041 902 1082 qualitatibus.
930 1043 1057 1079 Primo,
1081 1050 1117 1074 ut
1138 1044 1253 1083 gradus
1277 1044 1390 1085 aliquis

218 1110 226 1117 ,
278 1080 285 1086 “
329 1084 540 1134 praeexistens
563 1085 740 1115 secundum
755 1095 822 1115 rem
840 1093 912 1117 actu
935 1086 968 1117 in
985 1087 1102 1128 aliquo,
1119 1088 1307 1127 adiungatur
1325 1089 1389 1119 for-

330 1138 402 1160 mae
425 1128 567 1160 existenti
585 1128 618 1158 in
641 1129 749 1169 aliquo
764 1130 862 1168 gradu
886 1140 952 1160 non
975 1131 1006 1160 in
1024 1141 1169 1161 summo:
1194 1132 1275 1162 sicut
1290 1142 1389 1173 quan-

330 1173 402 1205 titas
425 1172 565 1203 alimenti
581 1172 706 1203 additur
728 1173 855 1204 animali
877 1175 965 1214 quod
987 1181 1128 1214 augetur.
1144 1193 1165 1198 —
1181 1175 1337 1212 Secundo,
1355 1183 1390 1207 ut

140 1253 142 1260 ‚
168 1234 179 1254 5
219 1207 235 1220 ²
330 1217 445 1257 gradus
469 1215 582 1256 aliquis
605 1217 815 1256 praeexistens
830 1227 896 1248 non
919 1219 1095 1249 secundum
1110 1229 1177 1249 rem
1201 1220 1255 1250 sed
1279 1230 1389 1251 secun-

329 1261 410 1291 dum
431 1259 627 1291 intellectum
650 1267 681 1291 et
702 1261 879 1300 potentiam
899 1262 1047 1292 activam.
1072 1262 1188 1293 deforis
1210 1271 1390 1304 apponatur

223 1298 242 1310 ς’
279 1317 297 1335 μ’
329 1303 453 1335 formae
471 1313 538 1335 non
554 1304 587 1334 in
608 1313 752 1334 summo:
776 1305 858 1335 sicut
879 1305 942 1335 aeri
958 1295 1138 1336 illuminato
1163 1317 1226 1336 una
1249 1307 1386 1344 candela,

86 1925 96 1930 *¹
107 1930 110 1934 ,
188 1921 198 1933 Ἶ
214 1923 250 1934 ,1⁸-

86 1932 132 1962 .ιιτ“ι
150 1931 200 1961 ‚‚2'2:
216 1946 230 1960 f
284 1943 293 1953 >¹

85 2023 127 2041 aus
143 2036 148 2043 ,
158 2026 191 2039 z‘i
225 2036 227 2039 .

85 2051 141 2067 *nez
149 2046 195 2066 he«
223 2054 226 2056 v

86 2078 105 2094 ,ρ
117 2078 158 2093 su
176 2080 186 2093 .3
198 2090 200 2092 .

326 1346 456 1421 ἰυῗάἰωτ
485 1348 572 1379 aliud
601 1347 711 1378 lumen
742 1357 778 1377 ex
802 1348 861 1378 alia
893 1349 1022 1379 candela
1050 1351 1276 1388 postmodum,
1301 1358 1332 1381 et
1354 1351 1389 1381 fit

452 1391 659 1430 illuminatus.
675 1407 696 1414 -
712 1391 833 1426 Tertio,
850 1398 886 1422 ut
907 1393 1022 1431 gradus
1045 1393 1158 1433 aliquis
1181 1394 1388 1433 praeexistens

373 1431 452 1439 ³4⁴⁷

259 1447 284 1450 -
314 1401 369 1465 inti*
384 1435 527 1475 potentia
549 1434 690 1470 subiecti,
710 1434 860 1465 educatur
883 1435 921 1465 de
945 1435 1012 1466 eius
1035 1437 1186 1475 potentia,
1203 1444 1234 1467 et
1257 1438 1389 1468 addatur

327 1477 562 1519 praeexistenti:
580 1477 660 1508 sicut
676 1487 751 1508 cum
766 1477 868 1508 forma
880 1479 1023 1510 educitur
1038 1480 1076 1510 de
1091 1480 1241 1530 potentia
1245 1481 1385 1518 subiecti,

327 1522 453 1553 additur
472 1521 625 1553 subiecto.
646 1521 770 1552 Praeter
792 1521 852 1552 hos
876 1523 1000 1559 modos,
1026 1524 1131 1554 nescio
1152 1519 1249 1554 alium
1269 1525 1325 1565 qui
1349 1526 1388 1556 ad

326 1566 404 1597 istos
431 1575 498 1596 non
520 1566 696 1596 reducatur.

383 1609 554 1641 Sciendum
577 1616 623 1640 est
645 1609 758 1639 deinde
777 1611 875 1650 quod,
899 1610 974 1650 quia
997 1611 1116 1641 additio
1132 1621 1198 1642 non
1221 1618 1326 1652 potest
1340 1613 1386 1643 in-

327 1654 435 1695 telligi,
451 1660 487 1685 ut
502 1664 526 1685 s.
542 1653 713 1684 Thomas·
705 1663 738 1684 ιιι
753 1654 791 1684 11·
816 1654 865 1684 11··
868 1664 947 1704 ‚qu.
962 1655 1074 1691 xxrv*,
1092 1655 1175 1692 dicit,
1197 1657 1316 1697 absque
1339 1657 1386 1687 in-

326 1698 452 1729 tellectu
472 1698 620 1734 duorum,
638 1697 754 1728 scilicet
777 1698 844 1728 eius
864 1698 914 1729 cui
938 1698 1071 1736 additur,
1089 1706 1120 1730 et
1143 1699 1209 1730 eius
1228 1701 1318 1741 quod
1334 1702 1388 1731 ad-

327 1742 429 1781 ditur;
452 1741 586 1785 dualitas
601 1747 709 1772 autem
725 1741 792 1772 sine
807 1742 1007 1773 distinctione
1023 1742 1099 1783 fingi
1114 1744 1240 1784 nequit:
1261 1752 1387 1785 oportet

327 1796 459 1833 omnem
482 1785 669 1826 opinionem
693 1793 865 1826 ponentem
884 1786 1096 1818 intensionem
1125 1786 1192 1818 fieri
1214 1798 1271 1828 per
1298 1789 1385 1820 addi-

325 1823 457 1871 tionem,
475 1828 710 1860 distinctionem
725 1829 842 1860 horum
865 1831 1004 1861 duorum
1025 1841 1204 1881 proponere
1220 1832 1270 1862 vel
1292 1832 1324 1862 in
1340 1843 1382 1870 re,

323 1868 385 1905 vel
404 1873 582 1904 secundum
611 1872 889 1913 imaginationem:
914 1874 1078 1915 quamvis,
1103 1875 1263 1906 additione
1293 1875 1383 1915 facta,

288 1918 291 1921 '
324 1917 426 1958 possit
454 1916 521 1948 fieri
544 1927 580 1948 ex
608 1924 745 1958 utroque
769 1927 890 1954 unum,
915 1925 951 1949 ut
973 1925 1068 1958 patet.
1093 1937 1113 1942 -
1140 1919 1205 1950 Nec
1228 1926 1258 1951 te
1289 1920 1384 1951 lateat

324 1960 522 2003 quodidem
545 1967 591 1992 est
612 1961 767 1992 iudicium
790 1962 830 1992 de
852 1941 1012 1993 additione
1036 1963 1135 2002 magis
1159 1964 1199 1994 ad
1222 1964 1337 2000 minus,
1354 1971 1384 1996 et

325 2005 486 2037 additione
508 2005 624 2046 gradus
646 2006 687 2036 ad
709 2005 852 2044 gradum,
870 2013 901 2037 et
923 2006 1044 2037 formae
1067 2007 1106 2037 ad
1126 2007 1262 2038 formam
1284 2008 1316 2038 in
1334 2019 1383 2039 ea-

325 2049 400 2080 dem
422 2049 546 2089 specie:
564 2055 599 2080 ut
617 2055 703 2089 patet
717 2049 750 2079 in
766 2049 897 2081 lumine.
913 2050 969 2080 Est
985 2050 1069 2081 enim
1085 2061 1136 2081 aer
1154 2051 1241 2091 prius
1258 2062 1294 2082 ex
1310 2062 1382 2083 can-

325 2093 397 2124 dela
418 2093 542 2124 lucente
561 2099 598 2123 ut
621 2093 696 2129 duo,
713 2092 919 2130 illuminatus,
935 2094 1020 2124 verbi
1035 2095 1142 2135 gratia,
1155 2102 1191 2125 ut
1207 2095 1282 2127 duo.
1299 2095 1340 2126 Et
1355 2096 1380 2126 si

325 2143 504 2178 apponatur
519 2132 579 2167 alia
601 2136 731 2167 candela
746 2146 865 2178 aequae
878 2137 1010 2174 virtutis,
1028 2145 1098 2174 etc„
1115 2139 1172 2169 erit
1185 2139 1382 2170 illuminatus

324 2187 362 2212 ut
375 2187 528 2222 quatuor:
545 2187 581 2211 ut
596 2187 682 2220 patet
693 2191 730 2211 ex
745 2180 806 2211 hoc
823 2182 912 2222 quod
927 2182 1041 2212 melius
1055 2162 1098 2213 ibi
1110 2183 1254 2222 legimus,
1268 2190 1299 2214 et
1313 2184 1381 2214 uni-

323 2224 484 2257 venaliter
504 2224 666 2260 videmus:
684 2225 774 2265 quod
791 2235 858 2256 non
874 2232 964 2262 esset,
981 2226 1007 2256 si
1031 2233 1111 2258 esset
1129 2226 1248 2258 factum
1272 2228 1382 2258 lumen

323 2269 427 2301 maius
449 2268 616 2305 extensive,
641 2274 719 2308 puta
740 2268 831 2309 plura
853 2269 990 2306 lumina,
1013 2276 1044 2300 et
1066 2280 1132 2300 non
1156 2270 1258 2301 maius
1281 2271 1381 2302 inten-

323 2312 397 2344 sive.
421 2312 463 2343 Et
485 2319 592 2343 tamen
616 2319 738 2343 constat
761 2313 850 2354 quod
877 2307 963 2343 aliud
987 2323 1121 2344 numero
1145 2314 1254 2345 lumen
1276 2314 1382 2352 fieret,

322 2356 348 2391 si
367 2355 544 2387 subiectum
561 2362 755 2396 occupatum
770 2366 835 2386 non
854 2355 1054 2388 inveniretur.
1071 2357 1113 2388 Et
1131 2365 1297 2398 propterea
1312 2360 1379 2389 Au-

323 2396 406 2443 ὲξώ,
431 2399 567 2440 loquens
590 2399 629 2429 de
659 2399 819 2430 additione
849 2400 971 2431 formae
1001 2401 1040 2431 ad
1070 2400 1208 2432 formam
1239 2402 1381 2433 eiusdem

322 2436 454 2484 speciei,
478 2443 631 2494 loquitur
651 2443 746 2474 etiam
769 2444 808 2474 de
831 2444 993 2475 additione
1025 2445 1139 2484 gradus
1163 2446 1202 2476 ad
1229 2447 1380 2496 gradum:

321 2487 439 2528 andus
465 2487 552 2518 enim
574 2487 687 2519 caloris
710 2494 746 2519 ut
768 2488 852 2524 duo,
876 2489 962 2519 calor
983 2489 1115 2529 quidam
1137 2496 1198 2526 est,
1222 2497 1253 2520 et
1275 2490 1318 2520 sic
1341 2491 1381 2521 de

377 2574 431 2607 IV
450 2573 670 2605 Examinando
693 2574 788 2614 igitur
810 2575 926 2606 modos
949 2575 1137 2615 imaginatos
1161 2576 1355 2608 additionis
1346 2587 1380 2608 m

322 2614 443 2654 formis,
466 2618 629 2648 videamus
653 2618 820 2659 quomodo
851 2618 1019 2649 additionis
1043 2619 1122 2649 ratio
1146 2626 1176 2650 et
1198 2620 1310 2650 veritas
1333 2620 1380 2651 in-

321 2660 475 2692 veniatur.
495 2661 531 2691 In
545 2661 650 2702 primo
666 2661 776 2697 modo,
793 2661 871 2692 ratio
891 2662 1058 2693 additionis
1077 2672 1148 2693 vere
1163 2663 1309 2700 salvatur,
1326 2665 1381 2694 sed

323 2706 422 2736 nulla
432 2705 557 2735 veritas.
579 2705 637 2735 Est
659 2705 745 2735 enim
766 2705 963 2745 impossibile
994 2707 1083 2747 quod
1105 2707 1220 2747 gradus
1248 2707 1381 2739 existens

323 2749 456 2780 addatur
478 2748 630 2785 existenti,
646 2748 706 2779 nisi
727 2749 904 2785 subiectum
920 2750 1062 2781 subiecto
1087 2750 1235 2787 addatur,
1259 2758 1291 2783 et
1304 2758 1380 2783 tunc

322 2803 390 2824 non
403 2792 492 2825 fieret
507 2792 616 2832 magis,
631 2793 686 2823 sed
702 2793 821 2824 maius:
840 2794 891 2824 vel
905 2794 1050 2825 accidens
1065 2794 1211 2834 migraret
1225 2795 1263 2826 de
1278 2796 1381 2826 subie-

324 2844 374 2869 cto
398 2836 432 2867 in
455 2835 648 2874 subiectum,
673 2837 762 2877 quod
785 2843 831 2868 est
853 2837 1058 2877 impossibile.

379 2880 414 2911 In
438 2880 578 2910 secundo
602 2880 712 2916 mod0,
736 2881 814 2911 ratio
837 2881 1006 2912 additionis
1029 2888 1215 2922 apparenter
1236 2882 1379 2914 salvatur.

322 2925 379 2955 Est
398 2924 531 2954 enimin
551 2934 588 2954 eo
609 2934 674 2954 non
698 2924 825 2960 additio,
843 2925 897 2955 sed
916 2925 1085 2956 additionis
1103 2926 1219 2956 modus
1235 2926 1381 2967 quidam:

323 2975 359 2999 ut
374 2974 504 3008 apparet
525 2975 595 2999 tum
616 2978 656 2998 ex
686 2978 724 2998 eo
747 2969 836 3008 quod
859 2968 976 2999 deforis
997 2969 1083 3000 venit
1105 2970 1280 3000 secundum
1304 2971 1381 3001 veri-

322 3019 430 3048 tatem,
447 3019 483 3043 ut
498 3011 531 3043 in
544 3011 719 3042 formarum
734 3011 912 3043 infusarum
927 3013 1119 3049 intensione;
1139 3014 1188 3043 vel
1205 3015 1382 3045 secundum

323 3055 591 3092 aestimationem,
618 3063 653 3086 ut
676 3056 709 3086 in
733 3056 863 3086 lumine.
889 3057 976 3094 Tum
1000 3067 1037 3087 ex
1061 3067 1099 3087 eo
1125 3058 1214 3097 quod
1237 3058 1269 3088 id
1292 3059 1380 3099 quod

324 3099 440 3130 deforis
463 3099 558 3136 venit,
574 3099 758 3139 intelligitur
781 3106 816 3130 ut
834 3100 997 3140 quoddam
1020 3100 1220 3131 individuum
1240 3102 1393 3137 eiusdem.

323 3143 452 3184 speciei,
481 3153 546 3174 non
571 3143 660 3185 quod
684 3150 747 3181 est,
771 3144 824 3174 sed
849 3144 937 3184 quod
967 3151 1047 3175 esset
1070 3144 1095 3174 si
1119 3155 1263 3175 seorsum
1284 3144 1380 3176 fieret.

322 3188 364 3218 Et
380 3187 423 3218 sic
439 3187 576 3218 salvatur
590 3187 834 3228 quodammodo
850 3188 1008 3219 distinctio
1024 3188 1194 3219 numeralis
1209 3189 1276 3219 eius
1290 3190 1381 3230 quod

321 3231 458 3268 additur,
475 3231 515 3261 ad
530 3231 562 3261 id
578 3231 629 3262 cui
645 3231 936 3262 additum-Veritas
950 3239 1057 3262 autern
1074 3231 1186 3263 deficit.
1200 3233 1287 3263 Tum
1299 3243 1380 3274 quo-

323 3275 410 3306 niam
432 3275 520 3306 nulla
544 3274 647 3306 forma
670 3275 819 3305 naturalis
841 3275 1026 3306 intensibilis
1054 3276 1141 3307 venit
1163 3276 1297 3313 deforis,
1321 3277 1381 3308 nisi

323 3320 410 3360 apud
432 3326 586 3360 ponentes
603 3319 723 3350 formas
739 3319 834 3350 creari
856 3318 943 3362 (licet
962 3320 1069 3360 quoad
1089 3320 1207 3351 formas
1231 3330 1380 3361 superna-

321 3363 448 3400 turales,
466 3363 626 3394 caritatem
642 3362 758 3394 scilicet
781 3369 811 3394 et
825 3363 1021 3400 huiusmodi,
1035 3363 1211 3394 verificetur
1229 3365 1382 3396 adventus

320 3407 457 3438 deforis:
482 3407 537 3437 sed
553 3417 700 3447 praesens
716 3416 820 3437 sermo
836 3414 882 3438 est
897 3406 1102 3449 communis).
1116 3408 1204 3438 Tum
1226 3409 1381 3450 quoniam

322 3460 389 3482 non
413 3458 460 3482 est
491 3451 586 3481 etiam
617 3451 668 3481 hic
689 3461 763 3481 vera
787 3451 906 3482 additio
936 3451 995 3482 nisi
1019 3452 1195 3482 secundum
1218 3459 1380 3489 extranea,

318 3501 420 3534 prout
444 3495 560 3526 scilicet
583 3504 678 3535 agens
698 3495 822 3526 additur
845 3495 965 3536 agenti;
981 3502 1017 3526 ut
1035 3498 1157 3527 Auctor
1174 3496 1207 3526 in
1230 3506 1301 3527 xxrv
1324 3507 1381 3537 qu.

323 3538 373 3568 11··
390 3539 450 3576 11⁰,
473 3546 528 3570 art.
549 3540 576 3575 5,
600 3540 639 3569 ad
665 3549 694 3575 2,
721 3539 804 3570 dicit.
827 3539 868 3570 Et
890 3539 967 3570 haec
991 3540 1084 3570 etiam
1108 3540 1227 3570 additio
1255 3547 1302 3571 est
1324 3550 1380 3580 per

2429 224 2502 261 335

1448 299 1606 330 accidens:
1631 299 1705 340 quia
1729 299 1819 339 plura
1841 300 1977 331 lucentia
2000 308 2053 331 aut
2077 302 2284 333 calefacientia
2308 309 2500 333 concurrunt

1448 342 1480 372 in
1502 343 1533 373 vi
1556 343 1651 373 unius
1674 343 1778 374 totalis
1802 344 1930 384 agentis.

1503 387 1538 416 In
1561 387 1652 418 tertio
1676 394 1791 423 autem,
1808 388 1974 418 additionis
1991 388 2070 418 ratio
2090 399 2128 418 eo
2149 389 2219 419 solo
2243 390 2341 420 modo
2361 397 2500 430 apparet,

1447 440 1514 471 quo
1537 431 1692 472 quidquid
1710 431 1786 461 novi
1808 431 2051 472 quomodolibet
2070 433 2251 471 adgenitum
2276 433 2422 473 antiquo,
2447 434 2503 463 ad-

1446 474 1552 505 venire
1575 475 1719 506 dicimus.
1736 475 1797 506 Sed
1820 475 1931 506 veritas
1955 482 2001 506 est
2023 476 2111 516 quod
2134 476 2177 506 ibi
2206 477 2291 506 nulla
2315 484 2360 507 est
2383 477 2501 508 additio

1447 528 1504 548 nec
1527 519 1634 559 quoad
1656 518 1733 554 fieri,
1756 528 1812 549 nec
1835 519 1943 559 quoad
1963 519 2082 550 factum
2106 529 2181 550 esse.
2198 521 2271 550 Non
2295 520 2402 560 quoad
2425 520 2501 557 fieri,

1446 562 1520 602 quia
1544 572 1610 592 non
1634 562 1752 592 additio
1776 569 1831 599 est,
1847 563 1902 593 sed
1923 563 2059 594 eductio.
2076 564 2142 594 Nec
2160 565 2267 603 quoad
2283 563 2402 594 factum
2424 574 2500 600 esse,

1447 605 1522 646 quia
1545 615 1610 636 non
1634 606 1770 636 salvatur
1785 606 1942 637 distinctio
1965 607 2045 637 inter
2067 607 2211 637 additum
2235 614 2265 637 et
2288 607 2338 637 cui
2362 607 2500 643 additur,

1446 649 1526 680 sicut
1549 650 1629 680 inter
1650 650 1788 680 formam
1810 650 1842 680 in
1866 650 1949 681 facto
1974 661 2040 681 esse
2063 657 2094 681 et
2116 651 2289 682 materiam.
2306 651 2388 681 -Ad
2411 651 2502 682 cuius

1446 693 1610 723 clariorem
1633 693 1788 730 notitiam,
1805 694 1882 724 scito
1907 695 1995 735 quod
2017 694 2135 725 additio
2159 704 2215 734 per
2237 694 2439 725 eductionem
2463 695 2501 725 de

1445 737 1587 776 potentia
1619 737 1766 774 subiecti,
1796 739 1910 777 gradus
1934 739 1973 768 ad
2001 739 2134 778 gradum
2157 748 2214 778 per
2234 738 2446 769 intensionem
2467 739 2501 769 in

1446 780 1566 816 formis,
1584 781 1749 820 dupliciter
1764 782 1919 812 aestimari
1935 788 2048 822 potest.
2064 782 2182 818 Primo,
2199 783 2288 822 quod
2311 792 2344 812 se
2366 782 2501 813 habeant

1445 824 1559 866 gradus
1582 825 1621 854 ad
1637 824 1772 855 invicem
1790 825 1871 856 sicut
1894 826 1996 856 unitas
2015 826 2238 866 superveniens
2258 825 2369 856 unitati
2393 826 2426 855 in
2441 836 2500 856 nu-

1445 868 1548 904 meris,
1565 878 1629 898 non
1653 869 1760 908 quoad
1784 869 2020 906 discretionem,
2045 870 2100 899 sed
2122 870 2230 910 quoad
2253 869 2498 900 distinctionem.

1444 911 1485 941 Et
1507 911 1588 942 hanc
1612 912 1809 952 phantasiam
1839 913 1929 953 sequi
1950 913 2096 944 videntur
2126 920 2280 954 ponentes
2310 913 2429 943 formas
2451 913 2500 944 in-

1444 955 1529 985 tendi
1552 965 1607 996 per
1630 955 1824 986 additionem
1847 957 1961 996 gradus
1984 958 2023 987 ad
2046 958 2189 996 gradum.
2214 957 2390 988 aestimant
2413 957 2500 988 enim

1444 998 1581 1029 formam
1604 999 1848 1039 compatientem
1872 1001 1991 1031 multos
2015 1001 2156 1031 eiusdem
2179 1001 2293 1041 speciei
2316 1001 2430 1041 gradus
2446 1001 2499 1032 ad-

1442 1042 1602 1073 venientes
1625 1050 1656 1074 et
1677 1044 1872 1080 recedentes,
1904 1054 1939 1074 ac
1962 1045 1987 1074 si
2010 1044 2200 1084 fingeremus
2230 1045 2319 1085 quod
2347 1055 2498 1076 numerus

1443 1086 1556 1127 aliquis
1571 1086 1741 1117 invariatus
1758 1088 1932 1118 secundum
1952 1089 2168 1125 substantiam,
2185 1089 2326 1128 perderet
2343 1095 2374 1119 et
2392 1089 2498 1129 acqui-

1442 1137 1522 1161 reret
1545 1130 1679 1161 diversas
1703 1131 1848 1167 unitates,
1866 1132 2031 1162 continuas
2054 1139 2170 1163 tamen.
2190 1133 2231 1162 Et
2252 1133 2313 1162 hoc
2335 1139 2499 1172 reputatur

1443 1173 1609 1205 chimaera.
1623 1191 1644 1197 -—
1661 1175 1764 1212 Unde,
1788 1176 1937 1211 secundo,
1962 1175 2143 1206 aestimatur
2165 1176 2254 1217 quod
2275 1176 2343 1215 ipsa
2366 1176 2499 1216 simplex

1443 1218 1575 1248 essentia
1589 1218 1710 1248 formae
1733 1218 1899 1258 perfectior
1913 1219 1952 1250 sit
1974 1219 2006 1249 in
2029 1219 2092 1250 hoc
2114 1220 2184 1259 ipso
2208 1220 2296 1260 quod
2320 1220 2497 1251 subiectum

1442 1261 1500 1291 sibi
1523 1261 1624 1301 magis
1638 1261 1762 1292 subiicit
1785 1262 1966 1294 formaliter.
1983 1263 2024 1294 Et
2039 1263 2099 1294 hoc
2120 1270 2167 1294 est
2188 1263 2291 1303 ipsam
2313 1263 2447 1294 intendi:
2468 1271 2499 1295 et

1442 1312 1562 1345 quanto
1586 1306 1684 1345 magis
1707 1306 1769 1336 hoc
1791 1306 1894 1343 habet,
1911 1313 1999 1338 tanto
2024 1314 2070 1337 est
2087 1308 2187 1347 magis
2210 1307 2340 1338 intensa.
2361 1308 2401 1338 Et
2423 1318 2497 1347 pro-

1441 1355 1547 1388 pterea
1570 1349 1671 1379 dicere
1694 1357 1835 1389 oportet,
1859 1351 2022 1391 loquendo
2047 1351 2086 1381 de
2108 1351 2286 1382 intensione
2317 1351 2438 1382 formae
2462 1358 2498 1382 ut

1442 1393 1672 1431 corporaliter*
1688 1393 1813 1432 respicit
1838 1394 2026 1431 subiectum,
2050 1395 2139 1435 quod
2161 1404 2285 1435 semper
2298 1395 2427 1435 quando
2451 1402 2498 1426 est

1441 1435 1602 1472 intensior,
1618 1437 1658 1466 sit
1671 1437 1838 1476 perfectior
1853 1438 2028 1468 secundum
2045 1438 2212 1470 essentiam
2223 1446 2253 1469 et
2269 1449 2335 1469 esse
2351 1446 2381 1470 et
2395 1439 2497 1470 inesse

1441 1478 1473 1508 in
1497 1479 1648 1516 subiecto,
1675 1487 1707 1510 et
1729 1490 1745 1510 e
1769 1490 1931 1511 converso.
1954 1482 2020 1512 Nec
2043 1482 2148 1522 aliqua
2171 1482 2213 1512 ibi
2239 1483 2405 1513 intervenit
2427 1493 2500 1522 cor-5

1441 1523 1563 1562 ruptio;
1585 1523 1638 1553 sed
1662 1524 1728 1554 sola
1752 1525 1898 1554 omnium
1922 1526 2153 1564 praedictorum
2177 1527 2403 1566 augmentatio.

1495 1567 1534 1597 V.
1551 1567 1650 1597 Divus
1663 1577 1737 1607 ergo
1749 1567 1901 1604 Thomas,
1913 1569 1951 1598 de
1967 1569 2125 1599 additione
2138 1569 2318 1606 formaliter,
2330 1570 2414 1601 iuxta
2427 1570 2495 1609 phi-

2524 1401 2533 1411 '
2539 1401 2702 1429 formaliter?

1440 1610 1644 1650 losophioum
1658 1610 1676 1630 *
1694 1621 1828 1647 morem,
1842 1619 1984 1648 tractans,
2004 1613 2143 1652 primum
2167 1614 2311 1649 modurn,
2332 1614 2387 1654 qui
2408 1614 2495 1644 solus
2521 1620 2728 1667 ·p11iqumed.1514,

1440 1654 1634 1684 additionem
1649 1654 1815 1685 formalem
1831 1656 1973 1695 praefert,
1997 1656 2136 1687 distinxit
2158 1664 2265 1687 contra
2281 1657 2358 1687 alios
2373 1658 2494 1688 duos*:
2517 1646 2577 1694 gns

1440 1707 1521 1738 quos
1545 1705 1574 1729 et
1596 1708 1655 1748 pro
1679 1699 1775 1729 unico
1799 1702 2013 1739 computavit,
2038 1700 2112 1740 quia
2135 1701 2242 1740 quoad
2265 1701 2440 1737 intrinseca,
2461 1702 2494 1731 in

1439 1741 1501 1773 hoc
1524 1742 1689 1783 proposito
1713 1753 1778 1773 non
1795 1742 1949 1774 differunt.
1971 1744 2011 1774 Et
2026 1744 2268 1784 quodammodo
2285 1744 2494 1776 distinctionis

1439 1795 1551 1816 eorum
1567 1786 1711 1817 meminit
1726 1786 1758 1816 in
1775 1787 1813 1817 11·
1831 1787 1889 1823 11⁰,
1907 1787 2027 1818 inloco
2047 1787 2179 1827 allegato
2195 1787 2222 1819 *.
2245 1788 2284 1819 Et
2302 1788 2393 1819 illum
2414 1798 2494 1819 sem-

1438 1840 1494 1870 per
1516 1829 1722 1870 improbavit:
1747 1830 1848 1861 immo
1865 1831 1897 1861 in
1922 1830 2047 1867 ISent.,
2069 1831 2138 1862 dist.
2162 1842 2224 1862 xvn
2239 1830 2266 1868 *,
2283 1831 2358 1863 dicit
2378 1842 2411 1863 se
2427 1842 2493 1863 non
2519 1848 2530 1859 ι

1437 1883 1531 1913 posse
1558 1874 1650 1904 illum
1680 1873 1850 1914 intelligere
1874 1874 2055 1906 formaliter.
2079 1875 2149 1905 Hos
2172 1882 2297 1912 autem,
2325 1885 2380 1907 seu
2407 1876 2494 1908 hunc

1437 1917 1581 1948 firmavit.
1605 1918 1646 1948 Et
1668 1918 1719 1948 hic
1741 1918 1880 1958 quidem,
1906 1919 1981 1959 quia
2004 1925 2112 1950 tractat
2134 1919 2166 1949 in
2191 1920 2364 1956 communi,
2388 1920 2492 1970 primo

1437 1971 1474 1991 ex
1506 1961 1746 1998 communibus,
1770 1962 1846 2002 quia
1875 1962 1978 1993 forma
2004 1973 2070 1993 non
2093 1962 2144 1999 fit,
2167 1964 2221 1993 sed
2256 1965 2490 2004 compositum:

1436 2005 1554 2036 additio
1579 2003 1664 2035 enim
1688 2006 1841 2036 nonnulla
1865 2013 1953 2042 esset,
1979 2007 2004 2036 si
2026 2006 2128 2036 forma
2150 2006 2245 2037 fieret.
2270 2007 2430 2046 Secundo,
2455 2018 2493 2039 ex

1436 2049 1571 2089 propriis
1595 2049 1779 2080 additionis:
1803 2050 1878 2090 quia
1901 2050 2018 2081 scilicet
2033 2050 2175 2081 additum
2198 2051 2398 2091 distinguitur
2420 2059 2489 2083 etc:
2470 2075 2490 2091 .,

1437 2099 1472 2124 ut
1494 2099 1579 2134 patet
1602 2093 1635 2123 in
1656 2092 1766 2124 littera.

1491 2137 1531 2167 Et
1553 2147 1609 2177 per
1629 2137 1706 2167 haec
1731 2143 1816 2177 patet
1839 2137 1957 2168 solutio
1982 2138 2021 2168 ad
2044 2138 2175 2169 obiecta.
2190 2156 2211 2161 —
2232 2138 2273 2169 Et
2294 2145 2329 2169 tu
2349 2138 2404 2179 qui
2420 2149 2490 2179 gra-

1436 2181 1537 2211 duum
1552 2181 1712 2211 additione
1728 2181 1823 2211 uteris
1842 2181 2042 2221 disputando,
2059 2182 2085 2211 si
2101 2182 2181 2212 hanc
2197 2192 2398 2222 expressurus
2415 2183 2491 2214 dicis

1434 2224 1631 2260 sententiam,
1647 2235 1666 2255 a
1687 2225 1778 2265 lapsu
1803 2225 1873 2255 solo
1895 2225 2022 2265 linguae
2045 2226 2239 2256 cohibendus
2262 2234 2375 2263 restas,
2400 2233 2457 2258 etc.

1490 2269 1543 2299 VI.
1562 2268 1652 2299 Circa
1675 2269 1809 2299 eandem
1832 2268 2047 2300 difficultatem
2071 2270 2109 2299 de
2131 2269 2309 2300 intensione
2333 2277 2374 2303 et.
2384 2270 2492 2301 remis-

1435 2311 1524 2342 sione
1536 2311 1721 2348 formarum,
1736 2311 1768 2342 in
1782 2313 1894 2342 eodem
1907 2313 2047 2343 secundo
2060 2313 2190 2343 articulo
2203 2313 2494 2354 quinquagesimae-

1436 2356 1590 2390 secundae
1614 2356 1815 2396 quaestionis,
1841 2356 1974 2387 dubium
1990 2356 2093 2387 adhuc
2116 2357 2252 2387 occurrit
2275 2367 2311 2388 ex
2334 2358 2440 2395 Scoto‚
2457 2358 2490 2388 in

1435 2399 1546 2430 ultima
1575 2406 1695 2440 quaest.
1726 2399 2018 2441 decimaeseptimae
2048 2400 2255 2431 distinctionis
2285 2401 2381 2432 Primi
2405 2402 2490 2432 Sent.

1436 2444 1505 2484 Ipse
1528 2443 1686 2483 siquidem
1701 2442 1781 2486 (non
1796 2444 1894 2481 solus,
1907 2451 1943 2475 ut
1958 2443 2097 2486 opinor),
2114 2454 2243 2475 sensum
2257 2455 2324 2476 non
2335 2446 2493 2476 intentum

1436 2498 1453 2517 a
1469 2488 1543 2518 divo
1566 2487 1695 2518 Thoma
1718 2488 1762 2519 sic
1784 2488 1990 2528 impugnavit,
2013 2495 2050 2519 ut
2070 2489 2104 2519 in
2126 2488 2234 2529 aliquo
2259 2489 2419 2521 dissentiat
2447 2499 2492 2520 se-

1436 2532 1578 2562 cundum
1601 2541 1678 2562 rem.
1695 2531 1769 2562 Duo
1792 2532 1877 2562 enim
1901 2533 2070 2563 creduntur
2085 2532 2251 2568 affirmari.
2268 2533 2412 2563 Primum
2435 2540 2491 2569 est,

1435 2575 1524 2615 quod
1547 2574 1667 2605 formae
1697 2575 1897 2606 intendantur
1919 2575 2055 2615 proprie,
2081 2582 2112 2606 et
2134 2576 2344 2613 remittantur,
2368 2583 2492 2607 tantum

1435 2619 1611 2648 secundum
1631 2618 1847 2649 habitudinem
1863 2619 1902 2649 ad
1925 2619 2111 2650 subiectum.
2130 2619 2311 2650 Secundum
2328 2627 2382 2657 est,
2402 2621 2491 2661 quod

1435 2672 1482 2692 res
1510 2662 1563 2692 illa
1586 2672 1667 2703 quae
1691 2669 1736 2693 est
1760 2662 1877 2699 forma,
1902 2663 2031 2703 quando
2058 2663 2230 2694 intenditur
2253 2670 2283 2694 et
2306 2664 2489 2700 remittitur,

1435 2706 1514 2736 nihil
1536 2706 1585 2736 sui
1608 2706 1690 2736 reale
1720 2707 1902 2737 absolutum
1932 2706 2064 2747 acquirit
2086 2714 2141 2737 aut
2167 2707 2283 2747 perdit,
2308 2709 2362 2738 sed
2385 2708 2492 2739 solum

1435 2750 1554 2790 aliquid
1576 2749 1609 2779 in
1633 2749 1806 2787 ordine-ad
1829 2750 2016 2782 subiectum.
2039 2751 2080 2781 Et
2103 2758 2274 2792 utrumque
2297 2752 2410 2783 Scotus
2433 2752 2491 2782 im-

1435 2800 1564 2834 pugnat.

1491 2835 1673 2873 Secundum
1696 2837 1857 2868 veritatem
1881 2845 1996 2875 autem,
2013 2839 2189 2869 secundum
2212 2838 2332 2869 dictum
2355 2849 2421 2870 non
2445 2846 2492 2870 est

1436 2891 1460 2912 s.
1477 2881 1642 2920 Thomae,
1673 2881 1727 2911 sed
1751 2888 1859 2912 contra
1881 2882 2006 2922 ipsum,
2030 2889 2066 2912 ut
2089 2892 2126 2912 ex
2148 2883 2332 2922 supradictis
2355 2883 2373 2903 *
2394 2890 2489 2923 patet.

1436 2925 1528 2956 Unde
1552 2935 1618 2955 non
1641 2931 1768 2965 oportet
1789 2925 1978 2965 respondere
2001 2926 2130 2956 obiectis
2153 2933 2261 2957 contra
2276 2927 2364 2958 illud.
2385 2945 2407 2950 -
2426 2927 2491 2957 Pri-

1436 2979 1527 3000 mum
1549 2979 1624 2999 vero
1649 2969 1769 2999 dictum
1800 2976 1952 3000 assertum
1975 2979 1994 3000 a
2024 2970 2097 3000 divo
2121 2969 2250 3001 Thoma
2272 2978 2327 3001 est.
2357 2972 2423 3002 Nec
2445 2977 2492 3002 est

1436 3013 1553 3043 mirum
1576 3013 1664 3053 quod
1687 3013 1891 3052 impugnetur
1914 3023 1931 3043 a
1955 3013 2064 3044 scoto:
2090 3014 2243 3054 quoniam
2267 3014 2454 3046 discordavit
2472 3026 2490 3046 a

1435 3057 1602 3096 principio.
1622 3056 1721 3087 Divus
1738 3057 1823 3087 enim
1846 3056 1989 3087 Thomas
2005 3057 2114 3097 posuit
2131 3057 2249 3088 formas
2264 3057 2377 3089 habere
2400 3059 2488 3099 quid-

1435 3100 1513 3141 quid
1535 3100 1660 3138 habent,
1679 3107 1734 3131 aut
1756 3110 1792 3133 ex
1809 3100 1930 3131 ratione
1953 3101 2087 3137 formali,
2104 3101 2184 3132 idest
2207 3101 2359 3141 specifica,
2382 3110 2436 3133 aut
2454 3113 2491 3133 ex

1435 3144 1594 3180 subiecto,
1618 3154 1673 3175 seu
1698 3144 1844 3181 materia,
1866 3144 1909 3175 ita
1932 3145 2020 3185 quod
2043 3145 2199 3186 quidquid
2222 3146 2390 3182 materiale,
2410 3147 2490 3177 idest

1435 3196 1500 3218 non
1524 3187 1716 3227 specificam,
1734 3194 1781 3218 est
1802 3187 1835 3218 in
1859 3188 1921 3225 eis,
1947 3197 1984 3220 ex
2007 3189 2137 3220 materia
2159 3190 2282 3230 posuit:
2308 3190 2360 3220 ille
2384 3197 2490 3221 autem

1434 3241 1511 3263 non.
1527 3233 1568 3262 Et
1591 3239 1758 3272 propterea
1783 3234 1904 3263 Auctor
1934 3233 2134 3263 latitudinem
2166 3233 2286 3264 formae
2313 3234 2490 3264 secundum

1434 3276 1534 3316 magis
1557 3282 1588 3306 et
1610 3275 1725 3312 minus,
1748 3285 1823 3306 cum
1845 3275 1926 3306 infra
1947 3276 2085 3316 speciem
2108 3277 2163 3314 sit,
2191 3277 2412 3318 materialeque
2435 3278 2490 3308 ali-

1434 3320 1512 3360 quid
1534 3320 1567 3350 id
1590 3320 1629 3350 sit
1651 3320 1685 3351 in
1701 3319 1813 3360 specie,
1828 3320 1868 3352 ad
1891 3320 2068 3351 subiectum
2083 3321 2218 3358 reduxit;
2235 3321 2315 3352 sicut
2338 3329 2368 3352 et
2390 3328 2490 3352 cetera

1435 3363 1605 3394 materialia
1627 3370 1658 3394 et
1680 3363 1894 3394 individualia.
1913 3364 2028 3395 Scotus
2043 3371 2158 3401 autem,
2176 3374 2310 3406 sequens
2330 3375 2401 3396 suas
2416 3375 2489 3406 pro-

1434 3407 1578 3448 prietates
1601 3407 1816 3444 individuales,
1836 3407 1906 3439 vult
1921 3409 2010 3449 quod
2031 3409 2071 3445 si,
2089 3419 2144 3449 per
2165 3409 2371 3449 impossibile,
2387 3409 2490 3440 forma

1433 3452 1476 3482 ita
1499 3452 1726 3482 abstraheretur
1748 3461 1766 3482 a
1789 3452 1931 3483 subiecto
1956 3453 2044 3493 quod
2070 3462 2127 3483 nec
2154 3453 2248 3484 etiam
2275 3453 2490 3493 aptitudinali-

1434 3502 1480 3526 ter
1502 3495 1668 3536 respiceret
1700 3495 1894 3533 subiectum,
1917 3496 2087 3536 susciperet
2117 3497 2217 3536 magis
2240 3504 2271 3528 et
2302 3496 2424 3527 minus:
2448 3497 2490 3528 ita

1434 3540 1523 3580 quod
1546 3540 1607 3570 hoc
1631 3549 1688 3570 nec
1719 3540 1866 3571 convenit
1895 3539 2014 3570 formae
2038 3541 2070 3570 in
2093 3540 2202 3571 ordine
2226 3541 2266 3571 ad
2295 3541 2488 3578 subiectum,

2568 1647 2641 1668 sicum
2654 1647 2680 1669 P.

2597 1679 2659 1695 num.
2671 1680 2705 1695 m.

2520 1796 2530 1805 ·
2549 1795 2584 1817 Cf.
2605 1801 2667 1817 num.
2683 1802 2727 1824 ιιι,

2520 1827 2591 1875 lv‘Qu.
2608 1854 2637 1875 ιι,
2652 1852 2693 1870 art.
2705 1854 2724 1870 2.

2518 2894 2611 2916 '.Num
2627 2901 2661 2921 ιν
2677 2900 2698 2916 v.
2715 2907 2726 2911 -

2517 2921 2552 2942 Cf.
2562 2925 2604 2942 art.
2613 2911 2726 2949 praeced„

2517 2947 2650 2969 Commenx.
2665 2953 2686 2969 n.
2698 2954 2724 2969 n.
