<?xml version="1.0" encoding="UTF-8"?>
<!DOCTYPE html PUBLIC "-//W3C//DTD XHTML 1.0 Transitional//EN"
    "http://www.w3.org/TR/xhtml1/DTD/xhtml1-transitional.dtd">
<html xmlns="http://www.w3.org/1999/xhtml" xml:lang="en" lang="en">
 <head>
  <title>
</title>
<meta http-equiv="Content-Type" content="text/html;charset=utf-8" />
  <meta name='ocr-system' content='tesseract 3.04.00' />
  <meta name='ocr-capabilities' content='ocr_page ocr_carea ocr_par ocr_line ocrx_word'/>
</head>
<body>
  <div class='ocr_page' id='page_1' title='image "./operaomniaiussui06thom/operaomniaiussui06thom_0206.png"; bbox 0 0 2852 4152; ppageno 0'>
   <div class='ocr_carea' id='block_1_1' title="bbox 118 817 257 839">
    <p class='ocr_par' dir='ltr' id='par_1_1' title="bbox 118 817 257 839">
     <span class='ocr_line' id='line_1_1' title="bbox 118 817 257 839; baseline 0 -1"><span class='ocrx_word' id='word_1_1' title='bbox 118 819 127 828; x_wconf 87' lang='lat'><strong>&#39;¹</strong></span> <span class='ocrx_word' id='word_1_2' title='bbox 142 817 209 839; x_wconf 84' lang='lat' dir='ltr'><strong>Vers.</strong></span> <span class='ocrx_word' id='word_1_3' title='bbox 224 823 257 838; x_wconf 84' lang='lat'><strong>10.</strong></span> 
     </span>
    </p>
   </div>
   <div class='ocr_carea' id='block_1_2' title="bbox 118 873 326 901">
    <p class='ocr_par' dir='ltr' id='par_1_2' title="bbox 118 873 326 901">
     <span class='ocr_line' id='line_1_2' title="bbox 118 873 326 901; baseline -0.005 -5"><span class='ocrx_word' id='word_1_4' title='bbox 118 875 127 885; x_wconf 84' lang='grc'><em>·</em></span> <span class='ocrx_word' id='word_1_5' title='bbox 147 874 203 901; x_wconf 78' lang='lat' dir='ltr'><strong>cap.</strong></span> <span class='ocrx_word' id='word_1_6' title='bbox 222 880 243 900; x_wconf 83' lang='lat'><strong>1,</strong></span> <span class='ocrx_word' id='word_1_7' title='bbox 264 880 287 895; x_wconf 87' lang='lat' dir='ltr'><strong>n.</strong></span> <span class='ocrx_word' id='word_1_8' title='bbox 302 873 326 899; x_wconf 83' lang='lat'><strong>6;</strong></span> 
     </span>
    </p>
   </div>
   <div class='ocr_carea' id='block_1_3' title="bbox 117 900 328 948">
    <p class='ocr_par' dir='ltr' id='par_1_3' title="bbox 117 900 328 948">
     <span class='ocr_line' id='line_1_3' title="bbox 117 900 328 948; baseline -0.005 0"><span class='ocrx_word' id='word_1_9' title='bbox 117 900 328 948; x_wconf 39' lang='lat' dir='ltr'><strong>zifII&#39;IIghelte&#39;qtic-inb:</strong></span> 
     </span>
    </p>
   </div>
   <div class='ocr_carea' id='block_1_4' title="bbox 117 952 326 980">
    <p class='ocr_par' dir='ltr' id='par_1_4' title="bbox 117 952 326 980">
     <span class='ocr_line' id='line_1_4' title="bbox 117 952 326 980; baseline -0.005 -6"><span class='ocrx_word' id='word_1_10' title='bbox 117 952 146 979; x_wconf 94' lang='lat'><strong>11,</strong></span> <span class='ocrx_word' id='word_1_11' title='bbox 161 958 211 980; x_wconf 87' lang='lat' dir='ltr'><strong>cap.</strong></span> <span class='ocrx_word' id='word_1_12' title='bbox 222 958 251 979; x_wconf 74' lang='lat' dir='ltr'><strong>iv,</strong></span> <span class='ocrx_word' id='word_1_13' title='bbox 264 958 287 973; x_wconf 91' lang='lat' dir='ltr'><strong>n.</strong></span> <span class='ocrx_word' id='word_1_14' title='bbox 297 958 326 973; x_wconf 85' lang='lat'><strong>21.</strong></span> 
     </span>
    </p>
   </div>
   <div class='ocr_carea' id='block_1_5' title="bbox 117 1030 259 1058">
    <p class='ocr_par' dir='ltr' id='par_1_5' title="bbox 117 1030 259 1058">
     <span class='ocr_line' id='line_1_5' title="bbox 117 1030 259 1058; baseline -0.007 -6"><span class='ocrx_word' id='word_1_15' title='bbox 117 1031 127 1041; x_wconf 88' lang='lat'><strong>&#39;¹</strong></span> <span class='ocrx_word' id='word_1_16' title='bbox 142 1030 199 1058; x_wconf 83' lang='lat' dir='ltr'><strong>Cap.</strong></span> <span class='ocrx_word' id='word_1_17' title='bbox 213 1036 259 1052; x_wconf 78' lang='lat' dir='ltr'><strong>xiv.</strong></span> 
     </span>
    </p>
   </div>
   <div class='ocr_carea' id='block_1_6' title="bbox 112 1712 325 1762">
    <p class='ocr_par' dir='ltr' id='par_1_6' title="bbox 112 1712 325 1762">
     <span class='ocr_line' id='line_1_6' title="bbox 112 1712 325 1762; baseline -0.009 -27"><span class='ocrx_word' id='word_1_18' title='bbox 112 1714 199 1762; x_wconf 40' lang='lat' dir='ltr'><strong>keep.</strong></span> <span class='ocrx_word' id='word_1_19' title='bbox 220 1719 250 1739; x_wconf 79' lang='lat' dir='ltr'><strong>w,</strong></span> <span class='ocrx_word' id='word_1_20' title='bbox 265 1718 287 1733; x_wconf 89' lang='lat' dir='ltr'><strong>n.</strong></span> <span class='ocrx_word' id='word_1_21' title='bbox 303 1712 325 1738; x_wconf 88' lang='grc'><strong>8,</strong></span> 
     </span>
    </p>
   </div>
   <div class='ocr_carea' id='block_1_7' title="bbox 113 1980 250 2007">
    <p class='ocr_par' dir='ltr' id='par_1_7' title="bbox 113 1980 250 2007">
     <span class='ocr_line' id='line_1_7' title="bbox 113 1980 250 2007; baseline -0.015 -5"><span class='ocrx_word' id='word_1_22' title='bbox 113 1982 123 1991; x_wconf 82' lang='lat'>&#39;</span> <span class='ocrx_word' id='word_1_23' title='bbox 136 1980 204 2002; x_wconf 88' lang='lat' dir='ltr'><strong>Vers.</strong></span> <span class='ocrx_word' id='word_1_24' title='bbox 218 1985 250 2007; x_wconf 87' lang='lat'><strong>¹9-</strong></span> 
     </span>
    </p>
   </div>
   <div class='ocr_carea' id='block_1_8' title="bbox 110 2713 302 2741">
    <p class='ocr_par' dir='ltr' id='par_1_8' title="bbox 110 2713 302 2741">
     <span class='ocr_line' id='line_1_8' title="bbox 110 2713 302 2741; baseline -0.005 -5"><span class='ocrx_word' id='word_1_25' title='bbox 110 2714 121 2725; x_wconf 71' lang='lat'><em>*</em></span> <span class='ocrx_word' id='word_1_26' title='bbox 135 2714 163 2736; x_wconf 89' lang='lat' dir='ltr'><strong>D.</strong></span> <span class='ocrx_word' id='word_1_27' title='bbox 179 2713 231 2741; x_wconf 84' lang='lat'><strong>644,</strong></span> <span class='ocrx_word' id='word_1_28' title='bbox 248 2713 302 2735; x_wconf 87' lang='lat'><strong>660.</strong></span> 
     </span>
    </p>
   </div>
   <div class='ocr_carea' id='block_1_9' title="bbox 365 202 436 238">
    <p class='ocr_par' dir='ltr' id='par_1_9' title="bbox 365 202 436 238">
     <span class='ocr_line' id='line_1_9' title="bbox 365 202 436 238; baseline -0.028 0"><span class='ocrx_word' id='word_1_29' title='bbox 365 202 436 238; x_wconf 82' lang='lat'><strong>194</strong></span> 
     </span>
    </p>
   </div>
   <div class='ocr_carea' id='block_1_10' title="bbox 1016 192 1922 239">
    <p class='ocr_par' dir='ltr' id='par_1_10' title="bbox 1016 192 1922 239">
     <span class='ocr_line' id='line_1_10' title="bbox 1016 192 1922 239; baseline 0.001 -11"><span class='ocrx_word' id='word_1_30' title='bbox 1016 192 1280 238; x_wconf 85' lang='lat' dir='ltr'>QUAESTIO</span> <span class='ocrx_word' id='word_1_31' title='bbox 1310 194 1469 239; x_wconf 85' lang='lat' dir='ltr'>XXVII,</span> <span class='ocrx_word' id='word_1_32' title='bbox 1499 193 1794 233; x_wconf 88' lang='lat' dir='ltr'>ARTICULUS</span> <span class='ocrx_word' id='word_1_33' title='bbox 1825 195 1872 231; x_wconf 95' lang='lat' dir='ltr'><strong>III</strong></span> <span class='ocrx_word' id='word_1_34' title='bbox 1920 225 1922 228; x_wconf 76' lang='grc'>,</span> 
     </span>
    </p>
   </div>
   <div class='ocr_carea' id='block_1_11' title="bbox 1006 327 1874 475">
    <p class='ocr_par' dir='ltr' id='par_1_11' title="bbox 1006 327 1874 475">
     <span class='ocr_line' id='line_1_11' title="bbox 1159 327 1727 369; baseline 0.004 -2"><span class='ocrx_word' id='word_1_35' title='bbox 1159 327 1472 368; x_wconf 89' lang='lat' dir='ltr'>ARTICULUS</span> <span class='ocrx_word' id='word_1_36' title='bbox 1501 327 1727 369; x_wconf 90' lang='lat' dir='ltr'>TERTIUS</span> 
     </span>
     <span class='ocr_line' id='line_1_12' title="bbox 1006 424 1874 475; baseline 0.002 -19"><span class='ocrx_word' id='word_1_37' title='bbox 1006 426 1159 456; x_wconf 84' lang='lat' dir='ltr'>UTRUM</span> <span class='ocrx_word' id='word_1_38' title='bbox 1184 424 1434 455; x_wconf 79' lang='lat' dir='ltr'>51M1L1TUD0</span> <span class='ocrx_word' id='word_1_39' title='bbox 1459 425 1530 475; x_wconf 23' lang='lat' dir='ltr'><strong>SIT·</strong></span> <span class='ocrx_word' id='word_1_40' title='bbox 1550 426 1690 457; x_wconf 81' lang='lat' dir='ltr'><strong>CAUSA</strong></span> <span class='ocrx_word' id='word_1_41' title='bbox 1713 427 1874 458; x_wconf 78' lang='lat' dir='ltr'>AMORIS</span> 
     </span>
    </p>
   </div>
   <div class='ocr_carea' id='block_1_12' title="bbox 590 506 2289 542">
    <p class='ocr_par' dir='ltr' id='par_1_12' title="bbox 590 506 2289 542">
     <span class='ocr_line' id='line_1_13' title="bbox 590 506 2289 542; baseline 0.004 -9"><span class='ocrx_word' id='word_1_42' title='bbox 590 509 621 533; x_wconf 92' lang='lat'><strong>111</strong></span> <span class='ocrx_word' id='word_1_43' title='bbox 641 509 722 538; x_wconf 69' lang='lat' dir='ltr'><strong>Sent„</strong></span> <span class='ocrx_word' id='word_1_44' title='bbox 743 510 800 533; x_wconf 84' lang='lat' dir='ltr'><strong>dist.</strong></span> <span class='ocrx_word' id='word_1_45' title='bbox 819 516 898 538; x_wconf 78' lang='lat' dir='ltr'><strong>xxvu,</strong></span> <span class='ocrx_word' id='word_1_46' title='bbox 918 517 963 540; x_wconf 86' lang='lat' dir='ltr'><strong>qu.</strong></span> <span class='ocrx_word' id='word_1_47' title='bbox 983 516 1004 538; x_wconf 78' lang='grc' dir='ltr'><strong>ι,</strong></span> <span class='ocrx_word' id='word_1_48' title='bbox 1025 513 1069 532; x_wconf 84' lang='lat' dir='ltr'><strong>art.</strong></span> <span class='ocrx_word' id='word_1_49' title='bbox 1089 515 1108 536; x_wconf 79' lang='grc' dir='ltr'><strong>ι,</strong></span> <span class='ocrx_word' id='word_1_50' title='bbox 1129 508 1160 531; x_wconf 84' lang='lat' dir='ltr'><strong>ad</strong></span> <span class='ocrx_word' id='word_1_51' title='bbox 1182 506 1208 536; x_wconf 82' lang='lat'><strong>33</strong></span> <span class='ocrx_word' id='word_1_52' title='bbox 1230 506 1271 530; x_wconf 89' lang='lat' dir='ltr'><strong>De</strong></span> <span class='ocrx_word' id='word_1_53' title='bbox 1290 506 1427 536; x_wconf 72' lang='lat' dir='ltr'><strong>Hebdom„</strong></span> <span class='ocrx_word' id='word_1_54' title='bbox 1449 507 1506 532; x_wconf 84' lang='lat' dir='ltr'><strong>lect.</strong></span> <span class='ocrx_word' id='word_1_55' title='bbox 1525 515 1548 538; x_wconf 86' lang='lat'><strong>1;</strong></span> <span class='ocrx_word' id='word_1_56' title='bbox 1569 508 1598 531; x_wconf 88' lang='lat' dir='ltr'><strong>In</strong></span> <span class='ocrx_word' id='word_1_57' title='bbox 1619 508 1719 537; x_wconf 70' lang='lat' dir='ltr'><strong>Ioann„</strong></span> <span class='ocrx_word' id='word_1_58' title='bbox 1740 516 1795 541; x_wconf 87' lang='lat' dir='ltr'><strong>cap.</strong></span> <span class='ocrx_word' id='word_1_59' title='bbox 1814 517 1854 540; x_wconf 84' lang='lat' dir='ltr'><strong>xv,</strong></span> <span class='ocrx_word' id='word_1_60' title='bbox 1874 510 1930 536; x_wconf 81' lang='lat' dir='ltr'><strong>lect.</strong></span> <span class='ocrx_word' id='word_1_61' title='bbox 1950 519 1987 542; x_wconf 87' lang='lat' dir='ltr'><strong>1v;</strong></span> <span class='ocrx_word' id='word_1_62' title='bbox 2007 513 2061 537; x_wconf 84' lang='lat' dir='ltr'>VIII</span> <span class='ocrx_word' id='word_1_63' title='bbox 2082 514 2175 542; x_wconf 78' lang='lat' dir='ltr'><strong>Ethic„</strong></span> <span class='ocrx_word' id='word_1_64' title='bbox 2198 515 2255 539; x_wconf 88' lang='lat' dir='ltr'><strong>lect.</strong></span> <span class='ocrx_word' id='word_1_65' title='bbox 2272 522 2289 539; x_wconf 93' lang='lat'><strong>1.</strong></span> 
     </span>
    </p>
   </div>
   <div class='ocr_carea' id='block_1_13' title="bbox 411 623 529 656">
    <p class='ocr_par' dir='ltr' id='par_1_13' title="bbox 411 623 529 656">
     <span class='ocr_line' id='line_1_14' title="bbox 411 623 529 656; baseline 0.008 -9"><span class='ocrx_word' id='word_1_66' title='bbox 411 640 418 647; x_wconf 72' lang='grc' dir='ltr'>ι</span> <span class='ocrx_word' id='word_1_67' title='bbox 426 648 433 656; x_wconf 49' lang='grc' dir='ltr'><strong><em>ι</em></strong></span> <span class='ocrx_word' id='word_1_68' title='bbox 476 623 529 645; x_wconf 48' lang='lat'><strong>»³7«</strong></span> 
     </span>
    </p>
   </div>
   <div class='ocr_carea' id='block_1_14' title="bbox 507 642 518 649">
    <p class='ocr_par' dir='ltr' id='par_1_14' title="bbox 507 642 518 649">
     <span class='ocr_line' id='line_1_15' title="bbox 507 642 518 649; baseline 0 0"><span class='ocrx_word' id='word_1_69' title='bbox 507 642 518 649; x_wconf 57' lang='lat' dir='ltr'><strong>s</strong></span> 
     </span>
    </p>
   </div>
   <div class='ocr_carea' id='block_1_15' title="bbox 355 597 1414 912">
    <p class='ocr_par' dir='ltr' id='par_1_15' title="bbox 355 597 1414 912">
     <span class='ocr_line' id='line_1_16' title="bbox 527 597 1411 670; baseline -0.005 -33"><span class='ocrx_word' id='word_1_70' title='bbox 527 619 549 670; x_wconf 35' lang='grc' dir='ltr'>ἥ</span> <span class='ocrx_word' id='word_1_71' title='bbox 567 614 588 638; x_wconf 91' lang='lat' dir='ltr'>D</span> <span class='ocrx_word' id='word_1_72' title='bbox 608 612 766 636; x_wconf 83' lang='lat' dir='ltr'>TERTIUM</span> <span class='ocrx_word' id='word_1_73' title='bbox 786 612 838 636; x_wconf 76' lang='lat' dir='ltr'><strong>sm</strong></span> <span class='ocrx_word' id='word_1_74' title='bbox 857 610 1095 635; x_wconf 78' lang='lat' dir='ltr'>PROCEDITUR.</span> <span class='ocrx_word' id='word_1_75' title='bbox 1125 597 1283 634; x_wconf 89' lang='lat' dir='ltr'><strong>Videtur</strong></span> <span class='ocrx_word' id='word_1_76' title='bbox 1307 597 1411 645; x_wconf 92' lang='lat' dir='ltr'><strong>quod</strong></span> 
     </span>
     <span class='ocr_line' id='line_1_17' title="bbox 373 649 1411 701; baseline -0.003 -12"><span class='ocrx_word' id='word_1_77' title='bbox 373 699 375 701; x_wconf 17' lang='grc' dir='ltr'><strong><em>ι</em></strong></span> <span class='ocrx_word' id='word_1_78' title='bbox 496 649 544 699; x_wconf 63' lang='lat'><strong>{¹3</strong></span> <span class='ocrx_word' id='word_1_79' title='bbox 568 653 770 690; x_wconf 89' lang='lat' dir='ltr'><strong>similitudo</strong></span> <span class='ocrx_word' id='word_1_80' title='bbox 799 664 876 687; x_wconf 91' lang='lat' dir='ltr'><strong>non</strong></span> <span class='ocrx_word' id='word_1_81' title='bbox 905 651 950 687; x_wconf 91' lang='lat' dir='ltr'><strong>sit</strong></span> <span class='ocrx_word' id='word_1_82' title='bbox 979 662 1091 686; x_wconf 92' lang='lat' dir='ltr'><strong>causa</strong></span> <span class='ocrx_word' id='word_1_83' title='bbox 1119 650 1270 687; x_wconf 88' lang='lat' dir='ltr'><strong>amoris.</strong></span> <span class='ocrx_word' id='word_1_84' title='bbox 1305 651 1411 687; x_wconf 87' lang='lat' dir='ltr'>Idem</span> 
     </span>
     <span class='ocr_line' id='line_1_18' title="bbox 395 688 1412 751; baseline -0.002 -10"><span class='ocrx_word' id='word_1_85' title='bbox 395 688 667 751; x_wconf 26' lang='lat' dir='ltr'><strong>[faba-“emim</strong></span> <span class='ocrx_word' id='word_1_86' title='bbox 696 716 773 740; x_wconf 92' lang='lat' dir='ltr'><strong>non</strong></span> <span class='ocrx_word' id='word_1_87' title='bbox 804 711 858 739; x_wconf 91' lang='lat' dir='ltr'><strong>est</strong></span> <span class='ocrx_word' id='word_1_88' title='bbox 885 714 997 739; x_wconf 88' lang='lat' dir='ltr'><strong>causa</strong></span> <span class='ocrx_word' id='word_1_89' title='bbox 1018 703 1304 739; x_wconf 89' lang='lat' dir='ltr'><strong>contrariorum.</strong></span> <span class='ocrx_word' id='word_1_90' title='bbox 1335 703 1412 739; x_wconf 93' lang='lat' dir='ltr'><strong>Sed</strong></span> 
     </span>
     <span class='ocr_line' id='line_1_19' title="bbox 361 731 1411 794; baseline 0.002 -4"><span class='ocrx_word' id='word_1_91' title='bbox 361 759 366 766; x_wconf 91' lang='grc'><em>“</em></span> <span class='ocrx_word' id='word_1_92' title='bbox 415 731 512 790; x_wconf 41' lang='grc' dir='ltr'><strong>ἐξ)</strong></span> <span class='ocrx_word' id='word_1_93' title='bbox 527 747 771 794; x_wconf 87' lang='lat' dir='ltr'><strong>similitudo</strong></span> <span class='ocrx_word' id='word_1_94' title='bbox 801 763 857 791; x_wconf 92' lang='lat' dir='ltr'><strong>est</strong></span> <span class='ocrx_word' id='word_1_95' title='bbox 885 767 998 791; x_wconf 90' lang='lat' dir='ltr'><strong>causa</strong></span> <span class='ocrx_word' id='word_1_96' title='bbox 1027 754 1124 792; x_wconf 87' lang='lat' dir='ltr'><strong>odii:</strong></span> <span class='ocrx_word' id='word_1_97' title='bbox 1155 755 1289 792; x_wconf 87' lang='lat' dir='ltr'><strong>dicitur</strong></span> <span class='ocrx_word' id='word_1_98' title='bbox 1310 755 1411 792; x_wconf 89' lang='lat' dir='ltr'><strong>enim</strong></span> 
     </span>
     <span class='ocr_line' id='line_1_20' title="bbox 355 808 1414 857; baseline -0.005 -8"><span class='ocrx_word' id='word_1_99' title='bbox 355 812 468 848; x_wconf 79' lang='lat' dir='ltr'><strong>Prov.</strong></span> <span class='ocrx_word' id='word_1_100' title='bbox 502 822 562 846; x_wconf 87' lang='lat' dir='ltr'><strong>xn1</strong></span> <span class='ocrx_word' id='word_1_101' title='bbox 595 809 633 855; x_wconf 80' lang='lat'><strong>*,</strong></span> <span class='ocrx_word' id='word_1_102' title='bbox 664 808 769 855; x_wconf 93' lang='lat' dir='ltr'><strong>quod</strong></span> <span class='ocrx_word' id='word_1_103' title='bbox 803 808 898 844; x_wconf 85' lang='lat' dir='ltr'><strong>inter</strong></span> <span class='ocrx_word' id='word_1_104' title='bbox 933 808 1110 855; x_wconf 81' lang='lat' dir='ltr'><strong>superbos</strong></span> <span class='ocrx_word' id='word_1_105' title='bbox 1146 820 1293 857; x_wconf 83' lang='lat' dir='ltr'><em>semper</em></span> <span class='ocrx_word' id='word_1_106' title='bbox 1327 813 1414 845; x_wconf 82' lang='lat' dir='ltr'><strong>sunt</strong></span> 
     </span>
     <span class='ocr_line' id='line_1_21' title="bbox 357 849 1412 912; baseline -0.003 -12"><span class='ocrx_word' id='word_1_107' title='bbox 357 864 506 912; x_wconf 82' lang='lat' dir='ltr'><strong>iurgia‚·</strong></span> <span class='ocrx_word' id='word_1_108' title='bbox 526 849 830 907; x_wconf 61' lang='lat' dir='ltr'><strong>et&#39;Philosophus</strong></span> <span class='ocrx_word' id='word_1_109' title='bbox 852 859 948 907; x_wconf 90' lang='lat' dir='ltr'><strong>dicit,</strong></span> <span class='ocrx_word' id='word_1_110' title='bbox 966 860 1005 896; x_wconf 91' lang='lat' dir='ltr'><strong>in</strong></span> <span class='ocrx_word' id='word_1_111' title='bbox 1019 860 1106 896; x_wconf 92' lang='lat' dir='ltr'>VIII</span> <span class='ocrx_word' id='word_1_112' title='bbox 1120 861 1239 897; x_wconf 89' lang='lat' dir='ltr'><strong>Ethic.</strong></span> <span class='ocrx_word' id='word_1_113' title='bbox 1258 862 1291 907; x_wconf 67' lang='lat'><strong>³²,</strong></span> <span class='ocrx_word' id='word_1_114' title='bbox 1307 861 1412 909; x_wconf 92' lang='lat' dir='ltr'><strong>quod</strong></span> 
     </span>
    </p>
   </div>
   <div class='ocr_carea' id='block_1_16' title="bbox 370 611 556 796">
    <p class='ocr_par' dir='ltr' id='par_1_16' title="bbox 370 611 556 796">
     <span class='ocr_line' id='line_1_22' title="bbox 370 611 556 764; baseline 0 0"><span class='ocrx_word' id='word_1_115' title='bbox 370 611 556 764; x_wconf 95' lang='lat' dir='ltr'><strong>   </strong></span> 
     </span>
     <span class='ocr_line' id='line_1_23' title="bbox 370 764 415 796; baseline 0 3356"><span class='ocrx_word' id='word_1_116' title='bbox 370 764 415 796; x_wconf 95' lang='lat' dir='ltr'><strong> </strong></span> 
     </span>
    </p>
   </div>
   <div class='ocr_carea' id='block_1_17' title="bbox 344 912 1411 970">
    <p class='ocr_par' dir='ltr' id='par_1_17' title="bbox 344 912 1411 970">
     <span class='ocr_line' id='line_1_24' title="bbox 344 912 1411 970; baseline -0.002 -18"><span class='ocrx_word' id='word_1_117' title='bbox 344 916 465 966; x_wconf 82' lang='lat' dir='ltr'><strong>figuli</strong></span> <span class='ocrx_word' id='word_1_118' title='bbox 477 915 719 970; x_wconf 57' lang='lat' dir='ltr'><strong>corrixantzir</strong></span> <span class='ocrx_word' id='word_1_119' title='bbox 733 913 784 949; x_wconf 85' lang='lat' dir='ltr'><strong>ad</strong></span> <span class='ocrx_word' id='word_1_120' title='bbox 801 912 969 949; x_wconf 74' lang='lat' dir='ltr'><strong>invicem.</strong></span> <span class='ocrx_word' id='word_1_121' title='bbox 991 913 1092 960; x_wconf 88' lang='lat' dir='ltr'><strong>Ergo</strong></span> <span class='ocrx_word' id='word_1_122' title='bbox 1113 912 1318 950; x_wconf 80' lang='lat' dir='ltr'><strong>similitudo</strong></span> <span class='ocrx_word' id='word_1_123' title='bbox 1334 926 1411 950; x_wconf 91' lang='lat' dir='ltr'><strong>non</strong></span> 
     </span>
    </p>
   </div>
   <div class='ocr_carea' id='block_1_18' title="bbox 349 976 1414 3055">
    <p class='ocr_par' dir='ltr' id='par_1_18' title="bbox 357 976 730 1004">
     <span class='ocr_line' id='line_1_25' title="bbox 357 976 730 1004; baseline -0.011 0"><span class='ocrx_word' id='word_1_124' title='bbox 357 976 411 1004; x_wconf 90' lang='lat' dir='ltr'><strong>est</strong></span> <span class='ocrx_word' id='word_1_125' title='bbox 440 979 551 1004; x_wconf 89' lang='lat' dir='ltr'><strong>causa</strong></span> <span class='ocrx_word' id='word_1_126' title='bbox 579 976 730 1002; x_wconf 83' lang='lat' dir='ltr'><strong>amorls.</strong></span> 
     </span>
    </p>

    <p class='ocr_par' dir='ltr' id='par_1_19' title="bbox 352 1016 1412 1382">
     <span class='ocr_line' id='line_1_26' title="bbox 409 1016 1410 1066; baseline -0.003 -10"><span class='ocrx_word' id='word_1_127' title='bbox 409 1032 443 1056; x_wconf 89' lang='lat'><strong>2.</strong></span> <span class='ocrx_word' id='word_1_128' title='bbox 465 1020 695 1065; x_wconf 78' lang='lat' dir='ltr'><strong>PRAETEREA,</strong></span> <span class='ocrx_word' id='word_1_129' title='bbox 711 1017 942 1065; x_wconf 89' lang='lat' dir='ltr'><strong>Augustinus</strong></span> <span class='ocrx_word' id='word_1_130' title='bbox 964 1016 1061 1064; x_wconf 89' lang='lat' dir='ltr'><strong>dicit,</strong></span> <span class='ocrx_word' id='word_1_131' title='bbox 1078 1017 1116 1054; x_wconf 93' lang='lat' dir='ltr'><strong>in</strong></span> <span class='ocrx_word' id='word_1_132' title='bbox 1132 1018 1183 1055; x_wconf 92' lang='lat' dir='ltr'>IV</span> <span class='ocrx_word' id='word_1_133' title='bbox 1203 1018 1366 1066; x_wconf 79' lang='lat' dir='ltr'><strong>Confess.</strong></span> <span class='ocrx_word' id='word_1_134' title='bbox 1379 1018 1410 1064; x_wconf 70' lang='lat'><strong>³¹⁶,</strong></span> 
     </span>
     <span class='ocr_line' id='line_1_27' title="bbox 354 1068 1411 1121; baseline -0.002 -13"><span class='ocrx_word' id='word_1_135' title='bbox 354 1072 458 1121; x_wconf 87' lang='lat' dir='ltr'><strong>quod</strong></span> <span class='ocrx_word' id='word_1_136' title='bbox 486 1071 620 1119; x_wconf 81' lang='lat' dir='ltr'><strong>aliquis</strong></span> <span class='ocrx_word' id='word_1_137' title='bbox 647 1076 753 1107; x_wconf 86' lang='lat' dir='ltr'><strong>amat</strong></span> <span class='ocrx_word' id='word_1_138' title='bbox 778 1070 815 1106; x_wconf 90' lang='lat' dir='ltr'><strong>in</strong></span> <span class='ocrx_word' id='word_1_139' title='bbox 848 1070 922 1106; x_wconf 91' lang='lat' dir='ltr'><strong>alio</strong></span> <span class='ocrx_word' id='word_1_140' title='bbox 951 1070 1052 1118; x_wconf 87' lang='lat' dir='ltr'><strong>quod</strong></span> <span class='ocrx_word' id='word_1_141' title='bbox 1082 1082 1160 1106; x_wconf 84' lang='lat' dir='ltr'><strong>esse</strong></span> <span class='ocrx_word' id='word_1_142' title='bbox 1187 1082 1261 1106; x_wconf 90' lang='lat' dir='ltr'><strong>non</strong></span> <span class='ocrx_word' id='word_1_143' title='bbox 1286 1068 1411 1106; x_wconf 75' lang='lat' dir='ltr'><strong>vellet:</strong></span> 
     </span>
     <span class='ocr_line' id='line_1_28' title="bbox 352 1122 1412 1170; baseline -0.003 -9"><span class='ocrx_word' id='word_1_144' title='bbox 352 1125 447 1162; x_wconf 80' lang='lat' dir='ltr'><strong>sicut</strong></span> <span class='ocrx_word' id='word_1_145' title='bbox 472 1125 583 1160; x_wconf 88' lang='lat' dir='ltr'><strong>homo</strong></span> <span class='ocrx_word' id='word_1_146' title='bbox 612 1129 716 1160; x_wconf 82' lang='lat' dir='ltr'><strong>amat</strong></span> <span class='ocrx_word' id='word_1_147' title='bbox 745 1123 978 1168; x_wconf 85' lang='lat' dir='ltr'><strong>histrionem,</strong></span> <span class='ocrx_word' id='word_1_148' title='bbox 1008 1123 1074 1170; x_wconf 84' lang='lat' dir='ltr'><strong>qui</strong></span> <span class='ocrx_word' id='word_1_149' title='bbox 1099 1135 1173 1159; x_wconf 90' lang='lat' dir='ltr'><strong>non</strong></span> <span class='ocrx_word' id='word_1_150' title='bbox 1201 1122 1310 1159; x_wconf 74' lang='lat' dir='ltr'><strong>vellet</strong></span> <span class='ocrx_word' id='word_1_151' title='bbox 1335 1134 1412 1159; x_wconf 83' lang='lat' dir='ltr'><strong>esse</strong></span> 
     </span>
     <span class='ocr_line' id='line_1_29' title="bbox 353 1174 1411 1222; baseline -0.004 -8"><span class='ocrx_word' id='word_1_152' title='bbox 353 1178 493 1214; x_wconf 81' lang='lat' dir='ltr'><strong>histrio.</strong></span> <span class='ocrx_word' id='word_1_153' title='bbox 523 1177 609 1213; x_wconf 91' lang='lat' dir='ltr'><strong>Hoc</strong></span> <span class='ocrx_word' id='word_1_154' title='bbox 637 1183 765 1212; x_wconf 89' lang='lat' dir='ltr'><strong>autem</strong></span> <span class='ocrx_word' id='word_1_155' title='bbox 794 1187 871 1211; x_wconf 90' lang='lat' dir='ltr'><strong>non</strong></span> <span class='ocrx_word' id='word_1_156' title='bbox 892 1174 1134 1222; x_wconf 87' lang='lat' dir='ltr'><strong>contingeret,</strong></span> <span class='ocrx_word' id='word_1_157' title='bbox 1156 1174 1186 1210; x_wconf 88' lang='lat' dir='ltr'><strong>si</strong></span> <span class='ocrx_word' id='word_1_158' title='bbox 1206 1174 1411 1211; x_wconf 89' lang='lat' dir='ltr'><strong>similitudo</strong></span> 
     </span>
     <span class='ocr_line' id='line_1_30' title="bbox 355 1226 1412 1278; baseline -0.006 -10"><span class='ocrx_word' id='word_1_159' title='bbox 355 1237 452 1267; x_wconf 85' lang='lat' dir='ltr'><strong>esset</strong></span> <span class='ocrx_word' id='word_1_160' title='bbox 478 1229 631 1278; x_wconf 87' lang='lat' dir='ltr'><strong>propria</strong></span> <span class='ocrx_word' id='word_1_161' title='bbox 651 1240 764 1265; x_wconf 89' lang='lat' dir='ltr'><strong>causa</strong></span> <span class='ocrx_word' id='word_1_162' title='bbox 786 1227 946 1264; x_wconf 89' lang='lat' dir='ltr'><strong>amoris:</strong></span> <span class='ocrx_word' id='word_1_163' title='bbox 977 1226 1029 1263; x_wconf 90' lang='lat' dir='ltr'><strong>sie</strong></span> <span class='ocrx_word' id='word_1_164' title='bbox 1050 1227 1151 1263; x_wconf 91' lang='lat' dir='ltr'><strong>enim</strong></span> <span class='ocrx_word' id='word_1_165' title='bbox 1170 1227 1289 1263; x_wconf 89' lang='lat' dir='ltr'><strong>homo</strong></span> <span class='ocrx_word' id='word_1_166' title='bbox 1311 1234 1412 1263; x_wconf 86' lang='lat' dir='ltr'><strong>ama-</strong></span> 
     </span>
     <span class='ocr_line' id='line_1_31' title="bbox 354 1279 1411 1328; baseline -0.004 -8"><span class='ocrx_word' id='word_1_167' title='bbox 354 1291 410 1320; x_wconf 88' lang='lat' dir='ltr'><strong>ret</strong></span> <span class='ocrx_word' id='word_1_168' title='bbox 440 1283 478 1319; x_wconf 93' lang='lat' dir='ltr'><strong>in</strong></span> <span class='ocrx_word' id='word_1_169' title='bbox 511 1283 627 1319; x_wconf 88' lang='lat' dir='ltr'><strong>altero</strong></span> <span class='ocrx_word' id='word_1_170' title='bbox 661 1281 765 1328; x_wconf 92' lang='lat' dir='ltr'><strong>quod</strong></span> <span class='ocrx_word' id='word_1_171' title='bbox 797 1280 879 1328; x_wconf 91' lang='lat' dir='ltr'><strong>ipse</strong></span> <span class='ocrx_word' id='word_1_172' title='bbox 907 1279 1083 1325; x_wconf 90' lang='lat' dir='ltr'><strong>haberet,</strong></span> <span class='ocrx_word' id='word_1_173' title='bbox 1113 1280 1174 1315; x_wconf 91' lang='lat' dir='ltr'><strong>vel</strong></span> <span class='ocrx_word' id='word_1_174' title='bbox 1206 1280 1320 1317; x_wconf 87' lang='lat' dir='ltr'><strong>vellet</strong></span> <span class='ocrx_word' id='word_1_175' title='bbox 1346 1280 1411 1316; x_wconf 93' lang='lat' dir='ltr'><strong>ha-</strong></span> 
     </span>
     <span class='ocr_line' id='line_1_32' title="bbox 353 1331 1334 1382; baseline -0.004 -10"><span class='ocrx_word' id='word_1_176' title='bbox 353 1337 455 1372; x_wconf 90' lang='lat' dir='ltr'><strong>bere.</strong></span> <span class='ocrx_word' id='word_1_177' title='bbox 486 1336 587 1382; x_wconf 87' lang='lat' dir='ltr'><strong>Ergo</strong></span> <span class='ocrx_word' id='word_1_178' title='bbox 617 1332 821 1370; x_wconf 91' lang='lat' dir='ltr'><strong>similitudo</strong></span> <span class='ocrx_word' id='word_1_179' title='bbox 850 1344 928 1368; x_wconf 93' lang='lat' dir='ltr'><strong>non</strong></span> <span class='ocrx_word' id='word_1_180' title='bbox 957 1339 1013 1368; x_wconf 87' lang='lat' dir='ltr'><strong>est</strong></span> <span class='ocrx_word' id='word_1_181' title='bbox 1041 1344 1154 1369; x_wconf 88' lang='lat' dir='ltr'><strong>causa</strong></span> <span class='ocrx_word' id='word_1_182' title='bbox 1182 1331 1334 1369; x_wconf 92' lang='lat' dir='ltr'><strong>amoris.</strong></span> 
     </span>
    </p>

    <p class='ocr_par' dir='ltr' id='par_1_20' title="bbox 353 1384 1412 1688">
     <span class='ocr_line' id='line_1_33' title="bbox 409 1384 1412 1433; baseline -0.002 -9"><span class='ocrx_word' id='word_1_183' title='bbox 409 1390 442 1425; x_wconf 86' lang='lat'><strong>3.</strong></span> <span class='ocrx_word' id='word_1_184' title='bbox 472 1388 703 1432; x_wconf 78' lang='lat' dir='ltr'><strong>PRAETEREA,</strong></span> <span class='ocrx_word' id='word_1_185' title='bbox 734 1384 890 1432; x_wconf 87' lang='lat' dir='ltr'><strong>quilibet</strong></span> <span class='ocrx_word' id='word_1_186' title='bbox 916 1385 1035 1420; x_wconf 91' lang='lat' dir='ltr'><strong>homo</strong></span> <span class='ocrx_word' id='word_1_187' title='bbox 1065 1392 1168 1421; x_wconf 90' lang='lat' dir='ltr'><strong>amat</strong></span> <span class='ocrx_word' id='word_1_188' title='bbox 1195 1384 1233 1421; x_wconf 90' lang='lat' dir='ltr'><strong>id</strong></span> <span class='ocrx_word' id='word_1_189' title='bbox 1262 1397 1338 1433; x_wconf 91' lang='lat' dir='ltr'><strong>quo</strong></span> <span class='ocrx_word' id='word_1_190' title='bbox 1358 1385 1412 1422; x_wconf 93' lang='lat' dir='ltr'><strong>in-</strong></span> 
     </span>
     <span class='ocr_line' id='line_1_34' title="bbox 354 1437 1411 1488; baseline -0.002 -11"><span class='ocrx_word' id='word_1_191' title='bbox 354 1441 469 1488; x_wconf 90' lang='lat' dir='ltr'><strong>diget,</strong></span> <span class='ocrx_word' id='word_1_192' title='bbox 500 1439 613 1476; x_wconf 89' lang='lat' dir='ltr'><strong>etiam</strong></span> <span class='ocrx_word' id='word_1_193' title='bbox 642 1438 672 1475; x_wconf 91' lang='lat' dir='ltr'><strong>si</strong></span> <span class='ocrx_word' id='word_1_194' title='bbox 699 1438 791 1474; x_wconf 91' lang='lat' dir='ltr'><strong>illud</strong></span> <span class='ocrx_word' id='word_1_195' title='bbox 819 1450 897 1474; x_wconf 91' lang='lat' dir='ltr'><strong>non</strong></span> <span class='ocrx_word' id='word_1_196' title='bbox 930 1437 1084 1474; x_wconf 86' lang='lat' dir='ltr'><strong>habeat:</strong></span> <span class='ocrx_word' id='word_1_197' title='bbox 1115 1437 1210 1474; x_wconf 91' lang='lat' dir='ltr'><strong>sicut</strong></span> <span class='ocrx_word' id='word_1_198' title='bbox 1237 1437 1411 1475; x_wconf 91' lang='lat' dir='ltr'><strong>infirmus</strong></span> 
     </span>
     <span class='ocr_line' id='line_1_35' title="bbox 353 1489 1412 1538; baseline -0.001 -9"><span class='ocrx_word' id='word_1_199' title='bbox 353 1500 456 1530; x_wconf 88' lang='lat' dir='ltr'><strong>amat</strong></span> <span class='ocrx_word' id='word_1_200' title='bbox 484 1492 693 1538; x_wconf 87' lang='lat' dir='ltr'><strong>sanitatem,</strong></span> <span class='ocrx_word' id='word_1_201' title='bbox 725 1498 761 1526; x_wconf 90' lang='lat' dir='ltr'><strong>et</strong></span> <span class='ocrx_word' id='word_1_202' title='bbox 787 1502 933 1538; x_wconf 85' lang='lat' dir='ltr'><strong>pauper</strong></span> <span class='ocrx_word' id='word_1_203' title='bbox 951 1496 1054 1526; x_wconf 91' lang='lat' dir='ltr'><strong>amat</strong></span> <span class='ocrx_word' id='word_1_204' title='bbox 1073 1489 1231 1526; x_wconf 90' lang='lat' dir='ltr'><strong>divitias.</strong></span> <span class='ocrx_word' id='word_1_205' title='bbox 1262 1490 1339 1527; x_wconf 92' lang='lat' dir='ltr'><strong>Sed</strong></span> <span class='ocrx_word' id='word_1_206' title='bbox 1358 1491 1412 1528; x_wconf 91' lang='lat' dir='ltr'><strong>in—</strong></span> 
     </span>
     <span class='ocr_line' id='line_1_36' title="bbox 354 1542 1412 1595; baseline -0.003 -12"><span class='ocrx_word' id='word_1_207' title='bbox 354 1553 538 1595; x_wconf 88' lang='lat' dir='ltr'><strong>quantum</strong></span> <span class='ocrx_word' id='word_1_208' title='bbox 567 1544 707 1591; x_wconf 88' lang='lat' dir='ltr'><strong>indiget</strong></span> <span class='ocrx_word' id='word_1_209' title='bbox 735 1550 771 1579; x_wconf 93' lang='lat' dir='ltr'><strong>et</strong></span> <span class='ocrx_word' id='word_1_210' title='bbox 808 1550 909 1594; x_wconf 86' lang='lat' dir='ltr'><strong>caret</strong></span> <span class='ocrx_word' id='word_1_211' title='bbox 938 1542 1012 1588; x_wconf 81' lang='lat' dir='ltr'><strong>eis,</strong></span> <span class='ocrx_word' id='word_1_212' title='bbox 1041 1543 1156 1579; x_wconf 89' lang='lat' dir='ltr'><strong>habet</strong></span> <span class='ocrx_word' id='word_1_213' title='bbox 1184 1542 1412 1580; x_wconf 89' lang='lat' dir='ltr'><strong>dissimilitu-</strong></span> 
     </span>
     <span class='ocr_line' id='line_1_37' title="bbox 354 1594 1412 1645; baseline -0.005 -9"><span class='ocrx_word' id='word_1_214' title='bbox 354 1599 482 1636; x_wconf 88' lang='lat' dir='ltr'><strong>dinem</strong></span> <span class='ocrx_word' id='word_1_215' title='bbox 512 1598 560 1634; x_wconf 90' lang='lat' dir='ltr'><strong>ad</strong></span> <span class='ocrx_word' id='word_1_216' title='bbox 588 1597 681 1645; x_wconf 91' lang='lat' dir='ltr'><strong>ipsa.</strong></span> <span class='ocrx_word' id='word_1_217' title='bbox 712 1597 813 1643; x_wconf 86' lang='lat' dir='ltr'><strong>Ergo</strong></span> <span class='ocrx_word' id='word_1_218' title='bbox 844 1607 922 1632; x_wconf 91' lang='lat' dir='ltr'><strong>non</strong></span> <span class='ocrx_word' id='word_1_219' title='bbox 951 1596 1075 1631; x_wconf 90' lang='lat' dir='ltr'><strong>solum</strong></span> <span class='ocrx_word' id='word_1_220' title='bbox 1100 1594 1314 1643; x_wconf 88' lang='lat' dir='ltr'><strong>similitudo,</strong></span> <span class='ocrx_word' id='word_1_221' title='bbox 1345 1596 1412 1632; x_wconf 89' lang='lat' dir='ltr'><strong>sed</strong></span> 
     </span>
     <span class='ocr_line' id='line_1_38' title="bbox 354 1647 1163 1688; baseline -0.007 1"><span class='ocrx_word' id='word_1_222' title='bbox 354 1652 467 1688; x_wconf 89' lang='lat' dir='ltr'><strong>etiam</strong></span> <span class='ocrx_word' id='word_1_223' title='bbox 496 1649 756 1687; x_wconf 90' lang='lat' dir='ltr'><strong>dissimilitudo</strong></span> <span class='ocrx_word' id='word_1_224' title='bbox 787 1656 842 1684; x_wconf 91' lang='lat' dir='ltr'><strong>est</strong></span> <span class='ocrx_word' id='word_1_225' title='bbox 870 1660 983 1684; x_wconf 90' lang='lat' dir='ltr'><strong>causa</strong></span> <span class='ocrx_word' id='word_1_226' title='bbox 1011 1647 1163 1684; x_wconf 89' lang='lat' dir='ltr'><strong>amoris.</strong></span> 
     </span>
    </p>

    <p class='ocr_par' dir='ltr' id='par_1_21' title="bbox 352 1700 1414 1960">
     <span class='ocr_line' id='line_1_39' title="bbox 405 1700 1410 1752; baseline -0.003 -12"><span class='ocrx_word' id='word_1_227' title='bbox 405 1716 442 1752; x_wconf 90' lang='lat'><strong>4.</strong></span> <span class='ocrx_word' id='word_1_228' title='bbox 458 1705 691 1748; x_wconf 77' lang='lat' dir='ltr'><strong>PRAETEREA,</strong></span> <span class='ocrx_word' id='word_1_229' title='bbox 702 1701 956 1749; x_wconf 90' lang='lat' dir='ltr'><strong>Philosophus</strong></span> <span class='ocrx_word' id='word_1_230' title='bbox 973 1700 1071 1747; x_wconf 91' lang='lat' dir='ltr'><strong>dicit,</strong></span> <span class='ocrx_word' id='word_1_231' title='bbox 1088 1700 1126 1736; x_wconf 92' lang='lat' dir='ltr'><strong>in</strong></span> <span class='ocrx_word' id='word_1_232' title='bbox 1141 1701 1172 1736; x_wconf 95' lang='lat' dir='ltr'><strong>II</strong></span> <span class='ocrx_word' id='word_1_233' title='bbox 1188 1701 1410 1748; x_wconf 77' lang='lat' dir='ltr'><strong>Rhetoric.*‚</strong></span> 
     </span>
     <span class='ocr_line' id='line_1_40' title="bbox 353 1753 1414 1805; baseline -0.004 -11"><span class='ocrx_word' id='word_1_234' title='bbox 353 1757 458 1805; x_wconf 93' lang='lat' dir='ltr'><strong>quod</strong></span> <span class='ocrx_word' id='word_1_235' title='bbox 478 1756 660 1803; x_wconf 80' lang='lat' dir='ltr'><strong>beneficos</strong></span> <span class='ocrx_word' id='word_1_236' title='bbox 683 1755 720 1790; x_wconf 92' lang='lat' dir='ltr'><strong>in</strong></span> <span class='ocrx_word' id='word_1_237' title='bbox 740 1754 921 1802; x_wconf 85' lang='lat' dir='ltr'><strong>pecunias</strong></span> <span class='ocrx_word' id='word_1_238' title='bbox 941 1758 958 1774; x_wconf 58' lang='grc' dir='ltr'>α</span> <span class='ocrx_word' id='word_1_239' title='bbox 985 1758 1022 1788; x_wconf 90' lang='lat' dir='ltr'><strong>et</strong></span> <span class='ocrx_word' id='word_1_240' title='bbox 1042 1753 1198 1789; x_wconf 82' lang='lat' dir='ltr'><strong>salutem</strong></span> <span class='ocrx_word' id='word_1_241' title='bbox 1218 1765 1414 1790; x_wconf 85' lang='lat' dir='ltr'><strong>amamus:</strong></span> 
     </span>
     <span class='ocr_line' id='line_1_41' title="bbox 352 1806 1413 1854; baseline -0.005 -8"><span class='ocrx_word' id='word_1_242' title='bbox 352 1816 389 1846; x_wconf 87' lang='lat' dir='ltr'><strong>et</strong></span> <span class='ocrx_word' id='word_1_243' title='bbox 412 1808 581 1846; x_wconf 83' lang='lat' dir='ltr'><strong>similiter</strong></span> <span class='ocrx_word' id='word_1_244' title='bbox 607 1819 669 1844; x_wconf 84' lang='lat' dir='ltr'><strong>eos</strong></span> <span class='ocrx_word' id='word_1_245' title='bbox 697 1807 762 1854; x_wconf 85' lang='lat' dir='ltr'><strong>qui</strong></span> <span class='ocrx_word' id='word_1_246' title='bbox 788 1806 889 1842; x_wconf 88' lang='lat' dir='ltr'><strong>circa</strong></span> <span class='ocrx_word' id='word_1_247' title='bbox 918 1810 1084 1841; x_wconf 85' lang='lat' dir='ltr'><strong>mortuos</strong></span> <span class='ocrx_word' id='word_1_248' title='bbox 1110 1811 1264 1842; x_wconf 81' lang='lat' dir='ltr'><strong>servant</strong></span> <span class='ocrx_word' id='word_1_249' title='bbox 1285 1806 1413 1842; x_wconf 89' lang='lat' dir='ltr'><strong>amici-</strong></span> 
     </span>
     <span class='ocr_line' id='line_1_42' title="bbox 352 1858 1414 1910; baseline -0.004 -11"><span class='ocrx_word' id='word_1_250' title='bbox 352 1863 460 1907; x_wconf 88' lang='lat' dir='ltr'><strong>tiam,</strong></span> <span class='ocrx_word' id='word_1_251' title='bbox 495 1872 623 1897; x_wconf 79' lang='lat' dir='ltr'><strong>omnes</strong></span> <span class='ocrx_word' id='word_1_252' title='bbox 649 1859 826 1910; x_wconf 50' lang='lat' dir='ltr'><strong>diligunt.</strong></span> <span class='ocrx_word' id='word_1_253' title='bbox 866 1858 958 1894; x_wconf 91' lang='lat' dir='ltr'><strong>Non</strong></span> <span class='ocrx_word' id='word_1_254' title='bbox 990 1865 1118 1894; x_wconf 89' lang='lat' dir='ltr'><strong>autem</strong></span> <span class='ocrx_word' id='word_1_255' title='bbox 1154 1867 1289 1894; x_wconf 91' lang='lat' dir='ltr'><strong>omnes</strong></span> <span class='ocrx_word' id='word_1_256' title='bbox 1326 1866 1414 1895; x_wconf 91' lang='lat' dir='ltr'><strong>sunt</strong></span> 
     </span>
     <span class='ocr_line' id='line_1_43' title="bbox 352 1910 1339 1960; baseline -0.004 -9"><span class='ocrx_word' id='word_1_257' title='bbox 352 1915 456 1951; x_wconf 91' lang='lat' dir='ltr'><strong>tales.</strong></span> <span class='ocrx_word' id='word_1_258' title='bbox 487 1914 588 1960; x_wconf 88' lang='lat' dir='ltr'><strong>Ergo</strong></span> <span class='ocrx_word' id='word_1_259' title='bbox 618 1911 823 1948; x_wconf 90' lang='lat' dir='ltr'><strong>similitudo</strong></span> <span class='ocrx_word' id='word_1_260' title='bbox 853 1922 930 1946; x_wconf 92' lang='lat' dir='ltr'><strong>non</strong></span> <span class='ocrx_word' id='word_1_261' title='bbox 961 1917 1016 1945; x_wconf 93' lang='lat' dir='ltr'><strong>est</strong></span> <span class='ocrx_word' id='word_1_262' title='bbox 1045 1922 1158 1946; x_wconf 88' lang='lat' dir='ltr'><strong>causa</strong></span> <span class='ocrx_word' id='word_1_263' title='bbox 1187 1910 1339 1947; x_wconf 88' lang='lat' dir='ltr'><strong>amoris.</strong></span> 
     </span>
    </p>

    <p class='ocr_par' dir='ltr' id='par_1_22' title="bbox 351 1962 1413 2066">
     <span class='ocr_line' id='line_1_44' title="bbox 406 1962 1413 2011; baseline -0.003 -8"><span class='ocrx_word' id='word_1_264' title='bbox 406 1968 480 2003; x_wconf 79' lang='lat' dir='ltr'><strong>SED</strong></span> <span class='ocrx_word' id='word_1_265' title='bbox 496 1976 642 2002; x_wconf 80' lang='lat' dir='ltr'>CONTRA</span> <span class='ocrx_word' id='word_1_266' title='bbox 660 1975 726 2000; x_wconf 84' lang='lat' dir='ltr'><strong>EST</strong></span> <span class='ocrx_word' id='word_1_267' title='bbox 745 1962 850 2011; x_wconf 92' lang='lat' dir='ltr'><strong>quod</strong></span> <span class='ocrx_word' id='word_1_268' title='bbox 879 1962 1013 1999; x_wconf 89' lang='lat' dir='ltr'><strong>dicitur</strong></span> <span class='ocrx_word' id='word_1_269' title='bbox 1025 1962 1141 1998; x_wconf 90' lang='lat' dir='ltr'><strong>Eccli.</strong></span> <span class='ocrx_word' id='word_1_270' title='bbox 1152 1974 1212 1998; x_wconf 85' lang='lat' dir='ltr'><strong>xm</strong></span> <span class='ocrx_word' id='word_1_271' title='bbox 1233 1962 1269 1999; x_wconf 73' lang='grc' dir='ltr'><strong>*τ</strong></span> <span class='ocrx_word' id='word_1_272' title='bbox 1295 1963 1413 2000; x_wconf 90' lang='lat' dir='ltr'><strong>Omne</strong></span> 
     </span>
     <span class='ocr_line' id='line_1_45' title="bbox 351 2015 892 2066; baseline -0.009 -10"><span class='ocrx_word' id='word_1_273' title='bbox 351 2019 495 2056; x_wconf 86' lang='lat' dir='ltr'><strong>animal</strong></span> <span class='ocrx_word' id='word_1_274' title='bbox 521 2017 641 2066; x_wconf 82' lang='lat' dir='ltr'><strong>diligit</strong></span> <span class='ocrx_word' id='word_1_275' title='bbox 666 2015 786 2053; x_wconf 88' lang='lat' dir='ltr'><strong>simile</strong></span> <span class='ocrx_word' id='word_1_276' title='bbox 812 2015 892 2052; x_wconf 81' lang='lat' dir='ltr'><strong>sihi.</strong></span> 
     </span>
    </p>

    <p class='ocr_par' dir='ltr' id='par_1_23' title="bbox 349 2066 1413 2751">
     <span class='ocr_line' id='line_1_46' title="bbox 405 2066 1411 2116; baseline -0.004 -8"><span class='ocrx_word' id='word_1_277' title='bbox 405 2072 630 2108; x_wconf 70' lang='lat' dir='ltr'><strong>RespoNnEo</strong></span> <span class='ocrx_word' id='word_1_278' title='bbox 658 2080 842 2105; x_wconf 77' lang='lat' dir='ltr'>DICENDUM</span> <span class='ocrx_word' id='word_1_279' title='bbox 870 2066 976 2115; x_wconf 90' lang='lat' dir='ltr'><strong>quod</strong></span> <span class='ocrx_word' id='word_1_280' title='bbox 1005 2067 1227 2114; x_wconf 89' lang='lat' dir='ltr'><strong>similitudo,</strong></span> <span class='ocrx_word' id='word_1_281' title='bbox 1257 2068 1411 2116; x_wconf 89' lang='lat' dir='ltr'><strong>proprie</strong></span> 
     </span>
     <span class='ocr_line' id='line_1_47' title="bbox 351 2119 1410 2174; baseline -0.004 -13"><span class='ocrx_word' id='word_1_282' title='bbox 351 2124 557 2174; x_wconf 90' lang='lat' dir='ltr'><strong>loquendo,</strong></span> <span class='ocrx_word' id='word_1_283' title='bbox 589 2130 643 2159; x_wconf 89' lang='lat' dir='ltr'><strong>est</strong></span> <span class='ocrx_word' id='word_1_284' title='bbox 670 2133 784 2158; x_wconf 90' lang='lat' dir='ltr'><strong>causa</strong></span> <span class='ocrx_word' id='word_1_285' title='bbox 812 2119 962 2157; x_wconf 92' lang='lat' dir='ltr'><strong>amoris.</strong></span> <span class='ocrx_word' id='word_1_286' title='bbox 995 2119 1070 2157; x_wconf 90' lang='lat' dir='ltr'><strong>Sed</strong></span> <span class='ocrx_word' id='word_1_287' title='bbox 1091 2120 1410 2157; x_wconf 90' lang='lat' dir='ltr'><strong>considerandum</strong></span> 
     </span>
     <span class='ocr_line' id='line_1_48' title="bbox 353 2172 1410 2224; baseline -0.004 -10"><span class='ocrx_word' id='word_1_288' title='bbox 353 2185 408 2214; x_wconf 89' lang='lat' dir='ltr'><strong>est</strong></span> <span class='ocrx_word' id='word_1_289' title='bbox 435 2177 540 2224; x_wconf 89' lang='lat' dir='ltr'><strong>quod</strong></span> <span class='ocrx_word' id='word_1_290' title='bbox 560 2174 764 2212; x_wconf 81' lang='lat' dir='ltr'><strong>similitudo</strong></span> <span class='ocrx_word' id='word_1_291' title='bbox 784 2173 880 2210; x_wconf 92' lang='lat' dir='ltr'><strong>inter</strong></span> <span class='ocrx_word' id='word_1_292' title='bbox 899 2172 1021 2221; x_wconf 87' lang='lat' dir='ltr'><strong>aliqua</strong></span> <span class='ocrx_word' id='word_1_293' title='bbox 1040 2180 1164 2222; x_wconf 92' lang='lat' dir='ltr'><strong>potest</strong></span> <span class='ocrx_word' id='word_1_294' title='bbox 1183 2173 1323 2210; x_wconf 91' lang='lat' dir='ltr'><strong>attendi</strong></span> <span class='ocrx_word' id='word_1_295' title='bbox 1344 2173 1410 2210; x_wconf 91' lang='lat' dir='ltr'><strong>du-</strong></span> 
     </span>
     <span class='ocr_line' id='line_1_49' title="bbox 351 2226 1412 2278; baseline -0.003 -12"><span class='ocrx_word' id='word_1_296' title='bbox 351 2229 505 2278; x_wconf 88' lang='lat' dir='ltr'><strong>pliciter.</strong></span> <span class='ocrx_word' id='word_1_297' title='bbox 527 2229 613 2265; x_wconf 92' lang='lat' dir='ltr'><strong>Uno</strong></span> <span class='ocrx_word' id='word_1_298' title='bbox 638 2227 770 2273; x_wconf 90' lang='lat' dir='ltr'><strong>modo,</strong></span> <span class='ocrx_word' id='word_1_299' title='bbox 793 2238 837 2262; x_wconf 91' lang='lat' dir='ltr'><strong>ex</strong></span> <span class='ocrx_word' id='word_1_300' title='bbox 856 2226 930 2262; x_wconf 89' lang='lat' dir='ltr'><strong>hoc</strong></span> <span class='ocrx_word' id='word_1_301' title='bbox 949 2226 1054 2273; x_wconf 89' lang='lat' dir='ltr'><strong>quod</strong></span> <span class='ocrx_word' id='word_1_302' title='bbox 1072 2233 1277 2274; x_wconf 90' lang='lat' dir='ltr'><strong>utrumque</strong></span> <span class='ocrx_word' id='word_1_303' title='bbox 1297 2226 1412 2263; x_wconf 89' lang='lat' dir='ltr'><strong>habet</strong></span> 
     </span>
     <span class='ocr_line' id='line_1_50' title="bbox 352 2277 1411 2324; baseline -0.005 -5"><span class='ocrx_word' id='word_1_304' title='bbox 352 2283 455 2320; x_wconf 91' lang='lat' dir='ltr'><strong>idem</strong></span> <span class='ocrx_word' id='word_1_305' title='bbox 482 2282 520 2318; x_wconf 91' lang='lat' dir='ltr'><strong>in</strong></span> <span class='ocrx_word' id='word_1_306' title='bbox 549 2288 654 2317; x_wconf 90' lang='lat' dir='ltr'><strong>actu:</strong></span> <span class='ocrx_word' id='word_1_307' title='bbox 685 2280 779 2316; x_wconf 89' lang='lat' dir='ltr'><strong>sicut</strong></span> <span class='ocrx_word' id='word_1_308' title='bbox 809 2278 884 2315; x_wconf 91' lang='lat' dir='ltr'><strong>duo</strong></span> <span class='ocrx_word' id='word_1_309' title='bbox 905 2278 1088 2314; x_wconf 89' lang='lat' dir='ltr'><strong>habentes</strong></span> <span class='ocrx_word' id='word_1_310' title='bbox 1109 2277 1335 2324; x_wconf 89' lang='lat' dir='ltr'><strong>albedinem,</strong></span> <span class='ocrx_word' id='word_1_311' title='bbox 1358 2278 1411 2316; x_wconf 91' lang='lat' dir='ltr'><strong>di-</strong></span> 
     </span>
     <span class='ocr_line' id='line_1_51' title="bbox 354 2330 1410 2378; baseline -0.006 -6"><span class='ocrx_word' id='word_1_312' title='bbox 354 2343 487 2372; x_wconf 89' lang='lat' dir='ltr'><strong>cuntur</strong></span> <span class='ocrx_word' id='word_1_313' title='bbox 519 2333 668 2370; x_wconf 88' lang='lat' dir='ltr'><strong>similes.</strong></span> <span class='ocrx_word' id='word_1_314' title='bbox 698 2331 783 2368; x_wconf 92' lang='lat' dir='ltr'><strong>Alio</strong></span> <span class='ocrx_word' id='word_1_315' title='bbox 817 2330 947 2377; x_wconf 75' lang='lat' dir='ltr'><strong>modo,</strong></span> <span class='ocrx_word' id='word_1_316' title='bbox 979 2342 1024 2366; x_wconf 90' lang='lat' dir='ltr'><strong>ex</strong></span> <span class='ocrx_word' id='word_1_317' title='bbox 1052 2331 1126 2367; x_wconf 92' lang='lat' dir='ltr'><strong>hoc</strong></span> <span class='ocrx_word' id='word_1_318' title='bbox 1154 2330 1259 2378; x_wconf 87' lang='lat' dir='ltr'><strong>quod</strong></span> <span class='ocrx_word' id='word_1_319' title='bbox 1289 2343 1410 2367; x_wconf 90' lang='lat' dir='ltr'><strong>unum</strong></span> 
     </span>
     <span class='ocr_line' id='line_1_52' title="bbox 353 2382 1412 2434; baseline -0.005 -10"><span class='ocrx_word' id='word_1_320' title='bbox 353 2389 467 2424; x_wconf 87' lang='lat' dir='ltr'><strong>habet</strong></span> <span class='ocrx_word' id='word_1_321' title='bbox 494 2387 530 2423; x_wconf 91' lang='lat' dir='ltr'><strong>in</strong></span> <span class='ocrx_word' id='word_1_322' title='bbox 559 2385 726 2434; x_wconf 89' lang='lat' dir='ltr'><strong>potentia</strong></span> <span class='ocrx_word' id='word_1_323' title='bbox 755 2391 790 2420; x_wconf 88' lang='lat' dir='ltr'><strong>et</strong></span> <span class='ocrx_word' id='word_1_324' title='bbox 808 2384 845 2420; x_wconf 92' lang='lat' dir='ltr'><strong>in</strong></span> <span class='ocrx_word' id='word_1_325' title='bbox 862 2383 1031 2432; x_wconf 85' lang='lat' dir='ltr'><strong>&#39;quadam</strong></span> <span class='ocrx_word' id='word_1_326' title='bbox 1052 2382 1302 2430; x_wconf 89' lang='lat' dir='ltr'><strong>inclinatione,</strong></span> <span class='ocrx_word' id='word_1_327' title='bbox 1322 2383 1412 2420; x_wconf 88' lang='lat' dir='ltr'><strong>illud</strong></span> 
     </span>
     <span class='ocr_line' id='line_1_53' title="bbox 354 2435 1412 2488; baseline -0.004 -11"><span class='ocrx_word' id='word_1_328' title='bbox 354 2441 458 2488; x_wconf 90' lang='lat' dir='ltr'><strong>quod</strong></span> <span class='ocrx_word' id='word_1_329' title='bbox 486 2439 586 2476; x_wconf 91' lang='lat' dir='ltr'><strong>aliud</strong></span> <span class='ocrx_word' id='word_1_330' title='bbox 614 2438 729 2475; x_wconf 91' lang='lat' dir='ltr'><strong>habet</strong></span> <span class='ocrx_word' id='word_1_331' title='bbox 748 2437 786 2473; x_wconf 91' lang='lat' dir='ltr'><strong>in</strong></span> <span class='ocrx_word' id='word_1_332' title='bbox 805 2443 910 2472; x_wconf 89' lang='lat' dir='ltr'><strong>actu:</strong></span> <span class='ocrx_word' id='word_1_333' title='bbox 940 2435 1035 2472; x_wconf 91' lang='lat' dir='ltr'><strong>sicut</strong></span> <span class='ocrx_word' id='word_1_334' title='bbox 1062 2436 1091 2472; x_wconf 93' lang='lat' dir='ltr'><strong>si</strong></span> <span class='ocrx_word' id='word_1_335' title='bbox 1112 2435 1281 2472; x_wconf 90' lang='lat' dir='ltr'><strong>dicamus</strong></span> <span class='ocrx_word' id='word_1_336' title='bbox 1306 2436 1412 2484; x_wconf 91' lang='lat' dir='ltr'><strong>quod</strong></span> 
     </span>
     <span class='ocr_line' id='line_1_54' title="bbox 353 2488 1412 2541; baseline -0.005 -12"><span class='ocrx_word' id='word_1_337' title='bbox 353 2505 491 2541; x_wconf 92' lang='lat' dir='ltr'><strong>corpus</strong></span> <span class='ocrx_word' id='word_1_338' title='bbox 519 2503 634 2539; x_wconf 89' lang='lat' dir='ltr'><strong>grave</strong></span> <span class='ocrx_word' id='word_1_339' title='bbox 663 2490 825 2526; x_wconf 86' lang='lat' dir='ltr'><strong>existens</strong></span> <span class='ocrx_word' id='word_1_340' title='bbox 855 2496 956 2525; x_wconf 88' lang='lat' dir='ltr'><strong>extra</strong></span> <span class='ocrx_word' id='word_1_341' title='bbox 985 2500 1096 2524; x_wconf 91' lang='lat' dir='ltr'><strong>suum</strong></span> <span class='ocrx_word' id='word_1_342' title='bbox 1125 2488 1268 2534; x_wconf 87' lang='lat' dir='ltr'><strong>locum,</strong></span> <span class='ocrx_word' id='word_1_343' title='bbox 1298 2489 1412 2525; x_wconf 92' lang='lat' dir='ltr'><strong>habet</strong></span> 
     </span>
     <span class='ocr_line' id='line_1_55' title="bbox 352 2540 1412 2589; baseline -0.006 -7"><span class='ocrx_word' id='word_1_344' title='bbox 352 2544 632 2582; x_wconf 89' lang='lat' dir='ltr'><strong>similitudinem</strong></span> <span class='ocrx_word' id='word_1_345' title='bbox 657 2555 743 2579; x_wconf 92' lang='lat' dir='ltr'><strong>cum</strong></span> <span class='ocrx_word' id='word_1_346' title='bbox 774 2553 932 2589; x_wconf 89' lang='lat' dir='ltr'><strong>corpore</strong></span> <span class='ocrx_word' id='word_1_347' title='bbox 961 2540 1067 2588; x_wconf 88' lang='lat' dir='ltr'><strong>gravi</strong></span> <span class='ocrx_word' id='word_1_348' title='bbox 1086 2540 1125 2576; x_wconf 91' lang='lat' dir='ltr'><strong>in</strong></span> <span class='ocrx_word' id='word_1_349' title='bbox 1144 2553 1213 2577; x_wconf 91' lang='lat' dir='ltr'><strong>suo</strong></span> <span class='ocrx_word' id='word_1_350' title='bbox 1233 2541 1319 2577; x_wconf 93' lang='lat' dir='ltr'><strong>loco</strong></span> <span class='ocrx_word' id='word_1_351' title='bbox 1341 2541 1412 2577; x_wconf 89' lang='lat' dir='ltr'><strong>exi-</strong></span> 
     </span>
     <span class='ocr_line' id='line_1_56' title="bbox 352 2592 1413 2641; baseline -0.005 -6"><span class='ocrx_word' id='word_1_352' title='bbox 352 2598 472 2635; x_wconf 88' lang='lat' dir='ltr'><strong>stenti.</strong></span> <span class='ocrx_word' id='word_1_353' title='bbox 493 2597 563 2634; x_wconf 92' lang='lat' dir='ltr'><strong>Vel</strong></span> <span class='ocrx_word' id='word_1_354' title='bbox 591 2596 703 2632; x_wconf 90' lang='lat' dir='ltr'><strong>etiarn</strong></span> <span class='ocrx_word' id='word_1_355' title='bbox 732 2594 944 2631; x_wconf 88' lang='lat' dir='ltr'><strong>secundum</strong></span> <span class='ocrx_word' id='word_1_356' title='bbox 974 2593 1078 2641; x_wconf 93' lang='lat' dir='ltr'><strong>quod</strong></span> <span class='ocrx_word' id='word_1_357' title='bbox 1101 2592 1270 2641; x_wconf 89' lang='lat' dir='ltr'><strong>potentia</strong></span> <span class='ocrx_word' id='word_1_358' title='bbox 1298 2594 1413 2630; x_wconf 91' lang='lat' dir='ltr'><strong>habet</strong></span> 
     </span>
     <span class='ocr_line' id='line_1_57' title="bbox 351 2645 1412 2694; baseline -0.005 -7"><span class='ocrx_word' id='word_1_359' title='bbox 351 2650 633 2688; x_wconf 87' lang='lat' dir='ltr'><strong>similitudinem</strong></span> <span class='ocrx_word' id='word_1_360' title='bbox 661 2647 711 2685; x_wconf 88' lang='lat' dir='ltr'><strong>ad</strong></span> <span class='ocrx_word' id='word_1_361' title='bbox 739 2654 865 2683; x_wconf 89' lang='lat' dir='ltr'><strong>actum</strong></span> <span class='ocrx_word' id='word_1_362' title='bbox 894 2645 1041 2694; x_wconf 89' lang='lat' dir='ltr'><strong>ipsum:</strong></span> <span class='ocrx_word' id='word_1_363' title='bbox 1071 2658 1161 2682; x_wconf 92' lang='lat' dir='ltr'><strong>nam</strong></span> <span class='ocrx_word' id='word_1_364' title='bbox 1187 2645 1226 2682; x_wconf 93' lang='lat' dir='ltr'><strong>in</strong></span> <span class='ocrx_word' id='word_1_365' title='bbox 1245 2645 1326 2693; x_wconf 91' lang='lat' dir='ltr'><strong>ipsa</strong></span> <span class='ocrx_word' id='word_1_366' title='bbox 1344 2658 1412 2694; x_wconf 93' lang='lat' dir='ltr'><strong>po-</strong></span> 
     </span>
     <span class='ocr_line' id='line_1_58' title="bbox 349 2697 1047 2751; baseline -0.009 -11"><span class='ocrx_word' id='word_1_367' title='bbox 349 2703 465 2740; x_wconf 88' lang='lat' dir='ltr'><strong>tentia</strong></span> <span class='ocrx_word' id='word_1_368' title='bbox 492 2700 781 2751; x_wconf 91' lang='lat' dir='ltr'><strong>quodammodo</strong></span> <span class='ocrx_word' id='word_1_369' title='bbox 811 2707 866 2735; x_wconf 91' lang='lat' dir='ltr'><strong>est</strong></span> <span class='ocrx_word' id='word_1_370' title='bbox 893 2706 997 2735; x_wconf 88' lang='lat' dir='ltr'><strong>actus</strong></span> <span class='ocrx_word' id='word_1_371' title='bbox 1015 2697 1047 2734; x_wconf 64' lang='lat'><strong>²⁸.</strong></span> 
     </span>
    </p>

    <p class='ocr_par' dir='ltr' id='par_1_24' title="bbox 351 2751 1412 3055">
     <span class='ocr_line' id='line_1_59' title="bbox 403 2751 1411 2801; baseline -0.006 -9"><span class='ocrx_word' id='word_1_372' title='bbox 403 2755 553 2792; x_wconf 90' lang='lat' dir='ltr'><strong>Primus</strong></span> <span class='ocrx_word' id='word_1_373' title='bbox 565 2766 653 2801; x_wconf 86' lang='lat' dir='ltr'><strong>ergo</strong></span> <span class='ocrx_word' id='word_1_374' title='bbox 670 2751 923 2789; x_wconf 90' lang='lat' dir='ltr'><strong>similitudinis</strong></span> <span class='ocrx_word' id='word_1_375' title='bbox 939 2751 1078 2787; x_wconf 90' lang='lat' dir='ltr'><strong>modus</strong></span> <span class='ocrx_word' id='word_1_376' title='bbox 1095 2758 1223 2788; x_wconf 91' lang='lat' dir='ltr'><strong>causat</strong></span> <span class='ocrx_word' id='word_1_377' title='bbox 1239 2762 1411 2788; x_wconf 87' lang='lat' dir='ltr'><strong>amorem</strong></span> 
     </span>
     <span class='ocr_line' id='line_1_60' title="bbox 351 2803 1411 2854; baseline -0.006 -9"><span class='ocrx_word' id='word_1_378' title='bbox 351 2808 547 2854; x_wconf 90' lang='lat' dir='ltr'><strong>amicitiae,</strong></span> <span class='ocrx_word' id='word_1_379' title='bbox 569 2818 636 2843; x_wconf 92' lang='lat' dir='ltr'><strong>seu</strong></span> <span class='ocrx_word' id='word_1_380' title='bbox 665 2803 965 2842; x_wconf 89' lang='lat' dir='ltr'><strong>benevolentiae.</strong></span> <span class='ocrx_word' id='word_1_381' title='bbox 993 2804 1051 2839; x_wconf 87' lang='lat' dir='ltr'><strong>Ex</strong></span> <span class='ocrx_word' id='word_1_382' title='bbox 1074 2803 1149 2839; x_wconf 86' lang='lat' dir='ltr'><strong>hoe</strong></span> <span class='ocrx_word' id='word_1_383' title='bbox 1177 2803 1278 2840; x_wconf 90' lang='lat' dir='ltr'><strong>enim</strong></span> <span class='ocrx_word' id='word_1_384' title='bbox 1307 2803 1411 2851; x_wconf 94' lang='lat' dir='ltr'><strong>quod</strong></span> 
     </span>
     <span class='ocr_line' id='line_1_61' title="bbox 351 2855 1412 2909; baseline -0.007 -11"><span class='ocrx_word' id='word_1_385' title='bbox 351 2860 463 2909; x_wconf 88' lang='lat' dir='ltr'><strong>aliqui</strong></span> <span class='ocrx_word' id='word_1_386' title='bbox 484 2861 560 2897; x_wconf 91' lang='lat' dir='ltr'><strong>duo</strong></span> <span class='ocrx_word' id='word_1_387' title='bbox 581 2865 667 2895; x_wconf 91' lang='lat' dir='ltr'><strong>sunt</strong></span> <span class='ocrx_word' id='word_1_388' title='bbox 686 2857 838 2903; x_wconf 91' lang='lat' dir='ltr'><strong>similes,</strong></span> <span class='ocrx_word' id='word_1_389' title='bbox 859 2855 967 2905; x_wconf 89' lang='lat' dir='ltr'><strong>quasi</strong></span> <span class='ocrx_word' id='word_1_390' title='bbox 996 2855 1179 2892; x_wconf 86' lang='lat' dir='ltr'><strong>habentes</strong></span> <span class='ocrx_word' id='word_1_391' title='bbox 1202 2868 1319 2892; x_wconf 89' lang='lat' dir='ltr'><strong>unam</strong></span> <span class='ocrx_word' id='word_1_392' title='bbox 1339 2855 1412 2892; x_wconf 90' lang='lat' dir='ltr'><strong>for-</strong></span> 
     </span>
     <span class='ocr_line' id='line_1_62' title="bbox 351 2907 1412 2960; baseline -0.007 -9"><span class='ocrx_word' id='word_1_393' title='bbox 351 2926 468 2959; x_wconf 89' lang='lat' dir='ltr'><strong>mam,</strong></span> <span class='ocrx_word' id='word_1_394' title='bbox 490 2919 576 2950; x_wconf 92' lang='lat' dir='ltr'><strong>sunt</strong></span> <span class='ocrx_word' id='word_1_395' title='bbox 595 2909 886 2960; x_wconf 90' lang='lat' dir='ltr'><strong>quodammodo</strong></span> <span class='ocrx_word' id='word_1_396' title='bbox 906 2921 1027 2945; x_wconf 90' lang='lat' dir='ltr'><strong>unum</strong></span> <span class='ocrx_word' id='word_1_397' title='bbox 1054 2907 1091 2944; x_wconf 92' lang='lat' dir='ltr'><strong>in</strong></span> <span class='ocrx_word' id='word_1_398' title='bbox 1111 2908 1234 2945; x_wconf 85' lang='lat' dir='ltr'><strong>forma</strong></span> <span class='ocrx_word' id='word_1_399' title='bbox 1260 2908 1338 2945; x_wconf 91' lang='lat' dir='ltr'><strong>illa:</strong></span> <span class='ocrx_word' id='word_1_400' title='bbox 1365 2908 1412 2944; x_wconf 91' lang='lat' dir='ltr'><strong>si-</strong></span> 
     </span>
     <span class='ocr_line' id='line_1_63' title="bbox 353 2960 1411 3009; baseline -0.005 -7"><span class='ocrx_word' id='word_1_401' title='bbox 353 2974 413 3002; x_wconf 89' lang='lat' dir='ltr'><strong>cut</strong></span> <span class='ocrx_word' id='word_1_402' title='bbox 434 2966 509 3002; x_wconf 91' lang='lat' dir='ltr'><strong>duo</strong></span> <span class='ocrx_word' id='word_1_403' title='bbox 529 2964 705 3001; x_wconf 90' lang='lat' dir='ltr'><strong>homines</strong></span> <span class='ocrx_word' id='word_1_404' title='bbox 721 2970 807 2999; x_wconf 91' lang='lat' dir='ltr'><strong>sunt</strong></span> <span class='ocrx_word' id='word_1_405' title='bbox 821 2973 941 2998; x_wconf 90' lang='lat' dir='ltr'><strong>unum</strong></span> <span class='ocrx_word' id='word_1_406' title='bbox 958 2961 995 2997; x_wconf 91' lang='lat' dir='ltr'><strong>in</strong></span> <span class='ocrx_word' id='word_1_407' title='bbox 1011 2960 1136 3009; x_wconf 91' lang='lat' dir='ltr'><strong>specie</strong></span> <span class='ocrx_word' id='word_1_408' title='bbox 1158 2961 1411 3007; x_wconf 90' lang='lat' dir='ltr'><strong>humanitatis,</strong></span> 
     </span>
     <span class='ocr_line' id='line_1_64' title="bbox 353 3013 1411 3055; baseline -0.006 0"><span class='ocrx_word' id='word_1_409' title='bbox 353 3026 388 3054; x_wconf 91' lang='lat' dir='ltr'><strong>et</strong></span> <span class='ocrx_word' id='word_1_410' title='bbox 416 3019 493 3055; x_wconf 90' lang='lat' dir='ltr'><strong>duo</strong></span> <span class='ocrx_word' id='word_1_411' title='bbox 522 3017 595 3054; x_wconf 90' lang='lat' dir='ltr'><strong>albi</strong></span> <span class='ocrx_word' id='word_1_412' title='bbox 623 3017 662 3052; x_wconf 90' lang='lat' dir='ltr'><strong>in</strong></span> <span class='ocrx_word' id='word_1_413' title='bbox 691 3014 876 3052; x_wconf 88' lang='lat' dir='ltr'><strong>albedine.</strong></span> <span class='ocrx_word' id='word_1_414' title='bbox 907 3015 955 3050; x_wconf 92' lang='lat' dir='ltr'><strong>Et</strong></span> <span class='ocrx_word' id='word_1_415' title='bbox 988 3013 1076 3050; x_wconf 91' lang='lat' dir='ltr'><strong>ideo</strong></span> <span class='ocrx_word' id='word_1_416' title='bbox 1107 3014 1263 3050; x_wconf 86' lang='lat' dir='ltr'><strong>affectus</strong></span> <span class='ocrx_word' id='word_1_417' title='bbox 1300 3013 1411 3050; x_wconf 91' lang='lat' dir='ltr'><strong>unius</strong></span> 
     </span>
    </p>
   </div>
   <div class='ocr_carea' id='block_1_19' title="bbox 1026 3093 1184 3098">
    <p class='ocr_par' dir='ltr' id='par_1_25' title="bbox 1026 3093 1184 3098">
     <span class='ocr_line' id='line_1_65' title="bbox 1026 3093 1184 3098; baseline 0 0"><span class='ocrx_word' id='word_1_418' title='bbox 1026 3093 1184 3098; x_wconf 95' lang='lat' dir='ltr'><strong> </strong></span> 
     </span>
    </p>
   </div>
   <div class='ocr_carea' id='block_1_20' title="bbox 352 3121 1413 3224">
    <p class='ocr_par' dir='ltr' id='par_1_26' title="bbox 352 3121 1413 3224">
     <span class='ocr_line' id='line_1_66' title="bbox 406 3121 1412 3161; baseline -0.001 -8"><span class='ocrx_word' id='word_1_419' title='bbox 406 3129 433 3161; x_wconf 84' lang='grc' dir='ltr'><strong>α)</strong></span> <span class='ocrx_word' id='word_1_420' title='bbox 453 3129 479 3154; x_wconf 82' lang='lat' dir='ltr'><strong>in</strong></span> <span class='ocrx_word' id='word_1_421' title='bbox 490 3129 626 3161; x_wconf 78' lang='lat' dir='ltr'><strong>pecunias.</strong></span> <span class='ocrx_word' id='word_1_422' title='bbox 638 3142 656 3147; x_wconf 90' lang='lat'><strong>—-</strong></span> <span class='ocrx_word' id='word_1_423' title='bbox 669 3128 703 3157; x_wconf 84' lang='lat' dir='ltr'><strong>in,</strong></span> <span class='ocrx_word' id='word_1_424' title='bbox 718 3135 774 3160; x_wconf 86' lang='lat' dir='ltr'><strong>seq.</strong></span> <span class='ocrx_word' id='word_1_425' title='bbox 789 3133 854 3160; x_wconf 83' lang='lat' dir='ltr'><strong>spat.</strong></span> <span class='ocrx_word' id='word_1_426' title='bbox 870 3136 932 3157; x_wconf 64' lang='lat' dir='ltr'><strong>vac„</strong></span> <span class='ocrx_word' id='word_1_427' title='bbox 945 3127 1115 3161; x_wconf 83' lang='lat' dir='ltr'><strong>CLpABDH;</strong></span> <span class='ocrx_word' id='word_1_428' title='bbox 1128 3131 1253 3160; x_wconf 83' lang='lat' dir='ltr'><strong>parentes</strong></span> <span class='ocrx_word' id='word_1_429' title='bbox 1268 3121 1298 3159; x_wconf 75' lang='lat' dir='ltr'><strong>E,</strong></span> <span class='ocrx_word' id='word_1_430' title='bbox 1309 3128 1336 3152; x_wconf 78' lang='lat' dir='ltr'><strong>in</strong></span> <span class='ocrx_word' id='word_1_431' title='bbox 1346 3135 1412 3160; x_wconf 80' lang='lat' dir='ltr'><strong>pro-</strong></span> 
     </span>
     <span class='ocr_line' id='line_1_67' title="bbox 353 3163 1413 3224; baseline -0.001 -35"><span class='ocrx_word' id='word_1_432' title='bbox 353 3164 480 3224; x_wconf 50' lang='lat' dir='ltr'><strong>sperigzte</strong></span> <span class='ocrx_word' id='word_1_433' title='bbox 498 3165 566 3193; x_wconf 86' lang='lat' dir='ltr'><strong>GsB,</strong></span> <span class='ocrx_word' id='word_1_434' title='bbox 585 3164 665 3188; x_wconf 84' lang='lat' dir='ltr'><strong>etiam</strong></span> <span class='ocrx_word' id='word_1_435' title='bbox 685 3163 707 3193; x_wconf 84' lang='grc' dir='ltr'><strong>Ι,</strong></span> <span class='ocrx_word' id='word_1_436' title='bbox 727 3166 753 3187; x_wconf 81' lang='lat' dir='ltr'><strong>et</strong></span> <span class='ocrx_word' id='word_1_437' title='bbox 766 3163 974 3195; x_wconf 80' lang='lat' dir='ltr'><strong>prosperitatem</strong></span> <span class='ocrx_word' id='word_1_438' title='bbox 995 3163 1063 3193; x_wconf 84' lang='lat' dir='ltr'><strong>KsA,</strong></span> <span class='ocrx_word' id='word_1_439' title='bbox 1084 3166 1110 3188; x_wconf 83' lang='lat' dir='ltr'><strong>et</strong></span> <span class='ocrx_word' id='word_1_440' title='bbox 1128 3163 1207 3188; x_wconf 83' lang='lat' dir='ltr'><strong>etiam</strong></span> <span class='ocrx_word' id='word_1_441' title='bbox 1222 3163 1352 3195; x_wconf 81' lang='lat' dir='ltr'><strong>pecunias</strong></span> <span class='ocrx_word' id='word_1_442' title='bbox 1366 3163 1413 3194; x_wconf 73' lang='grc' dir='ltr'><strong>εΗ,</strong></span> 
     </span>
     <span class='ocr_line' id='line_1_68' title="bbox 352 3207 453 3224; baseline 0 0"><span class='ocrx_word' id='word_1_443' title='bbox 352 3207 405 3224; x_wconf 89' lang='lat' dir='ltr'><strong>om.</strong></span> <span class='ocrx_word' id='word_1_444' title='bbox 446 3217 453 3224; x_wconf 91' lang='lat'><strong>.</strong></span> 
     </span>
    </p>
   </div>
   <div class='ocr_carea' id='block_1_21' title="bbox 1437 3126 1441 3230">
    <p class='ocr_par' dir='ltr' id='par_1_27' title="bbox 1437 3126 1441 3230">
     <span class='ocr_line' id='line_1_69' title="bbox 1437 3126 1441 3230; baseline 0 0"><span class='ocrx_word' id='word_1_445' title='bbox 1437 3126 1441 3230; x_wconf 95' lang='lat' dir='ltr'><strong> </strong></span> 
     </span>
    </p>
   </div>
   <div class='ocr_carea' id='block_1_22' title="bbox 1465 597 2525 1226">
    <p class='ocr_par' dir='ltr' id='par_1_28' title="bbox 1465 597 2524 964">
     <span class='ocr_line' id='line_1_70' title="bbox 1466 597 2523 653; baseline 0.011 -20"><span class='ocrx_word' id='word_1_446' title='bbox 1466 597 1585 634; x_wconf 92' lang='lat' dir='ltr'><strong>tendit</strong></span> <span class='ocrx_word' id='word_1_447' title='bbox 1612 598 1651 635; x_wconf 90' lang='lat' dir='ltr'><strong>in</strong></span> <span class='ocrx_word' id='word_1_448' title='bbox 1678 599 1849 648; x_wconf 90' lang='lat' dir='ltr'><strong>alterum,</strong></span> <span class='ocrx_word' id='word_1_449' title='bbox 1870 601 1965 638; x_wconf 92' lang='lat' dir='ltr'><strong>sicut</strong></span> <span class='ocrx_word' id='word_1_450' title='bbox 1990 603 2028 640; x_wconf 91' lang='lat' dir='ltr'><strong>in</strong></span> <span class='ocrx_word' id='word_1_451' title='bbox 2056 616 2177 642; x_wconf 92' lang='lat' dir='ltr'><strong>unum</strong></span> <span class='ocrx_word' id='word_1_452' title='bbox 2197 605 2286 653; x_wconf 91' lang='lat' dir='ltr'><strong>sibi;</strong></span> <span class='ocrx_word' id='word_1_453' title='bbox 2317 613 2353 643; x_wconf 88' lang='lat' dir='ltr'><strong>et</strong></span> <span class='ocrx_word' id='word_1_454' title='bbox 2378 607 2460 644; x_wconf 89' lang='lat' dir='ltr'><strong>vult</strong></span> <span class='ocrx_word' id='word_1_455' title='bbox 2487 606 2523 644; x_wconf 86' lang='lat' dir='ltr'><strong>ei</strong></span> 
     </span>
     <span class='ocr_line' id='line_1_71' title="bbox 1466 650 2524 696; baseline 0.01 -10"><span class='ocrx_word' id='word_1_456' title='bbox 1466 650 1611 687; x_wconf 90' lang='lat' dir='ltr'><strong>bonum</strong></span> <span class='ocrx_word' id='word_1_457' title='bbox 1632 651 1727 688; x_wconf 89' lang='lat' dir='ltr'><strong>sicut</strong></span> <span class='ocrx_word' id='word_1_458' title='bbox 1747 659 1783 689; x_wconf 85' lang='lat' dir='ltr'><strong>et</strong></span> <span class='ocrx_word' id='word_1_459' title='bbox 1801 652 1882 691; x_wconf 87' lang='lat' dir='ltr'><strong>sibi.</strong></span> <span class='ocrx_word' id='word_1_460' title='bbox 1902 675 1926 681; x_wconf 92' lang='lat'>-</span> <span class='ocrx_word' id='word_1_461' title='bbox 1947 655 2023 692; x_wconf 89' lang='lat' dir='ltr'><strong>Sed</strong></span> <span class='ocrx_word' id='word_1_462' title='bbox 2043 658 2233 695; x_wconf 89' lang='lat' dir='ltr'><strong>secundus</strong></span> <span class='ocrx_word' id='word_1_463' title='bbox 2259 658 2398 696; x_wconf 89' lang='lat' dir='ltr'><strong>modus</strong></span> <span class='ocrx_word' id='word_1_464' title='bbox 2421 659 2524 696; x_wconf 88' lang='lat' dir='ltr'><strong>simi-</strong></span> 
     </span>
     <span class='ocr_line' id='line_1_72' title="bbox 1465 703 2524 758; baseline 0.009 -19"><span class='ocrx_word' id='word_1_465' title='bbox 1465 703 1628 740; x_wconf 90' lang='lat' dir='ltr'><strong>litudinis</strong></span> <span class='ocrx_word' id='word_1_466' title='bbox 1649 712 1777 741; x_wconf 88' lang='lat' dir='ltr'><strong>causat</strong></span> <span class='ocrx_word' id='word_1_467' title='bbox 1795 717 1969 744; x_wconf 88' lang='lat' dir='ltr'><strong>amorem</strong></span> <span class='ocrx_word' id='word_1_468' title='bbox 1989 709 2326 758; x_wconf 90' lang='lat' dir='ltr'><strong>concupiscentiae,</strong></span> <span class='ocrx_word' id='word_1_469' title='bbox 2346 713 2408 748; x_wconf 91' lang='lat' dir='ltr'><strong>vel</strong></span> <span class='ocrx_word' id='word_1_470' title='bbox 2431 711 2524 749; x_wconf 88' lang='lat' dir='ltr'><strong>ami-</strong></span> 
     </span>
     <span class='ocr_line' id='line_1_73' title="bbox 1467 755 2523 812; baseline 0.01 -21"><span class='ocrx_word' id='word_1_471' title='bbox 1467 755 1590 792; x_wconf 90' lang='lat' dir='ltr'><strong>citiam</strong></span> <span class='ocrx_word' id='word_1_472' title='bbox 1618 756 1717 793; x_wconf 89' lang='lat' dir='ltr'><strong>utilis</strong></span> <span class='ocrx_word' id='word_1_473' title='bbox 1737 769 1804 794; x_wconf 90' lang='lat' dir='ltr'><strong>seu</strong></span> <span class='ocrx_word' id='word_1_474' title='bbox 1828 758 2067 797; x_wconf 87' lang='lat' dir='ltr'><strong>delectabilis.</strong></span> <span class='ocrx_word' id='word_1_475' title='bbox 2089 759 2190 809; x_wconf 85' lang='lat' dir='ltr'><strong>Quia</strong></span> <span class='ocrx_word' id='word_1_476' title='bbox 2216 763 2420 812; x_wconf 89' lang='lat' dir='ltr'><strong>unicuique</strong></span> <span class='ocrx_word' id='word_1_477' title='bbox 2451 764 2523 801; x_wconf 86' lang='lat' dir='ltr'><strong>exi-</strong></span> 
     </span>
     <span class='ocr_line' id='line_1_74' title="bbox 1467 808 2524 863; baseline 0.01 -19"><span class='ocrx_word' id='word_1_478' title='bbox 1467 808 1577 845; x_wconf 90' lang='lat' dir='ltr'><strong>stenti</strong></span> <span class='ocrx_word' id='word_1_479' title='bbox 1610 809 1648 846; x_wconf 90' lang='lat' dir='ltr'><strong>in</strong></span> <span class='ocrx_word' id='word_1_480' title='bbox 1684 810 1873 857; x_wconf 90' lang='lat' dir='ltr'><strong>potentia,</strong></span> <span class='ocrx_word' id='word_1_481' title='bbox 1903 809 2129 859; x_wconf 87' lang='lat' dir='ltr'><strong>inquantum</strong></span> <span class='ocrx_word' id='word_1_482' title='bbox 2160 814 2398 863; x_wconf 89' lang='lat' dir='ltr'><strong>huiusmodi,</strong></span> <span class='ocrx_word' id='word_1_483' title='bbox 2427 816 2524 854; x_wconf 81' lang='lat' dir='ltr'><strong>inest</strong></span> 
     </span>
     <span class='ocr_line' id='line_1_75' title="bbox 1466 861 2522 909; baseline 0.009 -12"><span class='ocrx_word' id='word_1_484' title='bbox 1466 861 1652 909; x_wconf 88' lang='lat' dir='ltr'><strong>appetitus</strong></span> <span class='ocrx_word' id='word_1_485' title='bbox 1681 862 1739 898; x_wconf 90' lang='lat' dir='ltr'><strong>sui</strong></span> <span class='ocrx_word' id='word_1_486' title='bbox 1766 870 1892 899; x_wconf 86' lang='lat' dir='ltr'><strong>actus:</strong></span> <span class='ocrx_word' id='word_1_487' title='bbox 1923 871 1958 900; x_wconf 90' lang='lat' dir='ltr'><strong>et</strong></span> <span class='ocrx_word' id='word_1_488' title='bbox 1985 863 2024 900; x_wconf 92' lang='lat' dir='ltr'><strong>in</strong></span> <span class='ocrx_word' id='word_1_489' title='bbox 2052 864 2132 901; x_wconf 89' lang='lat' dir='ltr'><strong>eius</strong></span> <span class='ocrx_word' id='word_1_490' title='bbox 2161 868 2429 907; x_wconf 83' lang='lat' dir='ltr'><strong>consecutione</strong></span> <span class='ocrx_word' id='word_1_491' title='bbox 2458 870 2522 906; x_wconf 91' lang='lat' dir='ltr'><strong>de-</strong></span> 
     </span>
     <span class='ocr_line' id='line_1_76' title="bbox 1465 914 2249 964; baseline 0.006 -14"><span class='ocrx_word' id='word_1_492' title='bbox 1465 914 1633 961; x_wconf 84' lang='lat' dir='ltr'><strong>lectatur,</strong></span> <span class='ocrx_word' id='word_1_493' title='bbox 1654 914 1683 951; x_wconf 90' lang='lat' dir='ltr'><strong>si</strong></span> <span class='ocrx_word' id='word_1_494' title='bbox 1702 914 1748 951; x_wconf 92' lang='lat' dir='ltr'><strong>sit</strong></span> <span class='ocrx_word' id='word_1_495' title='bbox 1766 915 1929 952; x_wconf 91' lang='lat' dir='ltr'><strong>sentiens</strong></span> <span class='ocrx_word' id='word_1_496' title='bbox 1950 923 1984 952; x_wconf 92' lang='lat' dir='ltr'><strong>et</strong></span> <span class='ocrx_word' id='word_1_497' title='bbox 2005 916 2249 964; x_wconf 83' lang='lat' dir='ltr'><strong>cognoscens.</strong></span> 
     </span>
    </p>

    <p class='ocr_par' dir='ltr' id='par_1_29' title="bbox 1465 966 2525 1226">
     <span class='ocr_line' id='line_1_77' title="bbox 1520 966 2523 1018; baseline 0.01 -16"><span class='ocrx_word' id='word_1_498' title='bbox 1520 966 1673 1002; x_wconf 89' lang='lat' dir='ltr'><strong>Dictum</strong></span> <span class='ocrx_word' id='word_1_499' title='bbox 1695 975 1748 1003; x_wconf 90' lang='lat' dir='ltr'><strong>est</strong></span> <span class='ocrx_word' id='word_1_500' title='bbox 1767 975 1896 1004; x_wconf 89' lang='lat' dir='ltr'><strong>autem</strong></span> <span class='ocrx_word' id='word_1_501' title='bbox 1921 980 2035 1016; x_wconf 89' lang='lat' dir='ltr'><strong>supra</strong></span> <span class='ocrx_word' id='word_1_502' title='bbox 2054 969 2075 990; x_wconf 73' lang='lat'><strong>‘¹‘</strong></span> <span class='ocrx_word' id='word_1_503' title='bbox 2099 969 2203 1018; x_wconf 86' lang='lat' dir='ltr'><strong>quod</strong></span> <span class='ocrx_word' id='word_1_504' title='bbox 2224 970 2262 1015; x_wconf 73' lang='lat' dir='ltr'><strong>in</strong></span> <span class='ocrx_word' id='word_1_505' title='bbox 2281 971 2414 1010; x_wconf 86' lang='lat' dir='ltr'><strong>amore</strong></span> <span class='ocrx_word' id='word_1_506' title='bbox 2434 986 2523 1018; x_wconf 85' lang='lat' dir='ltr'><strong>con-</strong></span> 
     </span>
     <span class='ocr_line' id='line_1_78' title="bbox 1467 1018 2522 1073; baseline 0.009 -20"><span class='ocrx_word' id='word_1_507' title='bbox 1467 1018 1719 1065; x_wconf 89' lang='lat' dir='ltr'><strong>cupiscentiae</strong></span> <span class='ocrx_word' id='word_1_508' title='bbox 1748 1031 1881 1057; x_wconf 87' lang='lat' dir='ltr'><strong>amans</strong></span> <span class='ocrx_word' id='word_1_509' title='bbox 1908 1020 2061 1069; x_wconf 91' lang='lat' dir='ltr'><strong>proprie</strong></span> <span class='ocrx_word' id='word_1_510' title='bbox 2090 1029 2194 1058; x_wconf 89' lang='lat' dir='ltr'><strong>amat</strong></span> <span class='ocrx_word' id='word_1_511' title='bbox 2221 1022 2403 1073; x_wconf 52' lang='lat' dir='ltr'><strong>seipsum,</strong></span> <span class='ocrx_word' id='word_1_512' title='bbox 2434 1020 2522 1066; x_wconf 80' lang='lat' dir='ltr'><strong>cum</strong></span> 
     </span>
     <span class='ocr_line' id='line_1_79' title="bbox 1465 1070 2524 1122; baseline 0.009 -17"><span class='ocrx_word' id='word_1_513' title='bbox 1465 1071 1547 1106; x_wconf 92' lang='lat' dir='ltr'><strong>vult</strong></span> <span class='ocrx_word' id='word_1_514' title='bbox 1574 1070 1664 1107; x_wconf 92' lang='lat' dir='ltr'><strong>illud</strong></span> <span class='ocrx_word' id='word_1_515' title='bbox 1692 1071 1839 1109; x_wconf 92' lang='lat' dir='ltr'><strong>bonum</strong></span> <span class='ocrx_word' id='word_1_516' title='bbox 1859 1073 1964 1121; x_wconf 90' lang='lat' dir='ltr'><strong>quod</strong></span> <span class='ocrx_word' id='word_1_517' title='bbox 1983 1073 2231 1122; x_wconf 74' lang='lat' dir='ltr'><strong>concupiscit.</strong></span> <span class='ocrx_word' id='word_1_518' title='bbox 2256 1074 2309 1117; x_wconf 61' lang='lat' dir='ltr'><strong>M,</strong></span> <span class='ocrx_word' id='word_1_519' title='bbox 2345 1076 2377 1114; x_wconf 88' lang='lat' dir='ltr'><strong>is</strong></span> <span class='ocrx_word' id='word_1_520' title='bbox 2395 1076 2524 1115; x_wconf 87' lang='lat' dir='ltr'><strong>autem</strong></span> 
     </span>
     <span class='ocr_line' id='line_1_80' title="bbox 1465 1122 2525 1178; baseline 0.008 -20"><span class='ocrx_word' id='word_1_521' title='bbox 1465 1123 1726 1171; x_wconf 89' lang='lat' dir='ltr'><strong>unusquisque</strong></span> <span class='ocrx_word' id='word_1_522' title='bbox 1767 1123 1934 1173; x_wconf 89' lang='lat' dir='ltr'><strong>seipsum</strong></span> <span class='ocrx_word' id='word_1_523' title='bbox 1972 1133 2074 1163; x_wconf 89' lang='lat' dir='ltr'><strong>amat</strong></span> <span class='ocrx_word' id='word_1_524' title='bbox 2108 1138 2223 1175; x_wconf 88' lang='lat' dir='ltr'><strong>quam</strong></span> <span class='ocrx_word' id='word_1_525' title='bbox 2261 1127 2320 1164; x_wconf 71' lang='lat' dir='ltr'><strong>ali&#39;</strong></span> <span class='ocrx_word' id='word_1_526' title='bbox 2359 1122 2413 1171; x_wconf 55' lang='lat' dir='ltr'><strong>‘&#39;i,</strong></span> <span class='ocrx_word' id='word_1_527' title='bbox 2436 1130 2525 1178; x_wconf 90' lang='lat' dir='ltr'><strong>quia</strong></span> 
     </span>
     <span class='ocr_line' id='line_1_81' title="bbox 1466 1174 2524 1226; baseline 0.008 -15"><span class='ocrx_word' id='word_1_528' title='bbox 1466 1174 1537 1211; x_wconf 92' lang='lat' dir='ltr'><strong>sibi</strong></span> <span class='ocrx_word' id='word_1_529' title='bbox 1563 1187 1662 1212; x_wconf 91' lang='lat' dir='ltr'><strong>unus</strong></span> <span class='ocrx_word' id='word_1_530' title='bbox 1693 1184 1748 1213; x_wconf 93' lang='lat' dir='ltr'><strong>est</strong></span> <span class='ocrx_word' id='word_1_531' title='bbox 1774 1176 1812 1213; x_wconf 90' lang='lat' dir='ltr'><strong>in</strong></span> <span class='ocrx_word' id='word_1_532' title='bbox 1841 1177 2068 1225; x_wconf 86' lang='lat' dir='ltr'><strong>substantia,</strong></span> <span class='ocrx_word' id='word_1_533' title='bbox 2098 1178 2202 1216; x_wconf 90' lang='lat' dir='ltr'><strong>alteri</strong></span> <span class='ocrx_word' id='word_1_534' title='bbox 2220 1192 2314 1217; x_wconf 90' lang='lat' dir='ltr'><strong>vero</strong></span> <span class='ocrx_word' id='word_1_535' title='bbox 2337 1180 2524 1226; x_wconf 75' lang='lat' dir='ltr'><strong>lnsimili-</strong></span> 
     </span>
    </p>
   </div>
   <div class='ocr_carea' id='block_1_23' title="bbox 1466 1227 2549 1439">
    <p class='ocr_par' dir='ltr' id='par_1_30' title="bbox 1466 1227 2549 1439">
     <span class='ocr_line' id='line_1_82' title="bbox 1466 1227 2549 1282; baseline 0.01 -19"><span class='ocrx_word' id='word_1_536' title='bbox 1466 1227 1594 1264; x_wconf 88' lang='lat' dir='ltr'><strong>tudine</strong></span> <span class='ocrx_word' id='word_1_537' title='bbox 1623 1228 1780 1265; x_wconf 84' lang='lat' dir='ltr'><strong>alicuius</strong></span> <span class='ocrx_word' id='word_1_538' title='bbox 1809 1229 1965 1267; x_wconf 88' lang='lat' dir='ltr'><strong>formae.</strong></span> <span class='ocrx_word' id='word_1_539' title='bbox 1996 1231 2052 1269; x_wconf 86' lang='lat' dir='ltr'><strong>Et.</strong></span> <span class='ocrx_word' id='word_1_540' title='bbox 2070 1230 2158 1268; x_wconf 92' lang='lat' dir='ltr'><strong>ideo</strong></span> <span class='ocrx_word' id='word_1_541' title='bbox 2186 1231 2217 1269; x_wconf 91' lang='lat' dir='ltr'><strong>si</strong></span> <span class='ocrx_word' id='word_1_542' title='bbox 2246 1245 2292 1270; x_wconf 84' lang='lat' dir='ltr'><strong>ex</strong></span> <span class='ocrx_word' id='word_1_543' title='bbox 2320 1245 2367 1270; x_wconf 91' lang='lat' dir='ltr'><strong>eo</strong></span> <span class='ocrx_word' id='word_1_544' title='bbox 2390 1233 2549 1282; x_wconf 58' lang='lat' dir='ltr'><strong>quodss&#39;</strong></span> 
     </span>
     <span class='ocr_line' id='line_1_83' title="bbox 1467 1280 2533 1336; baseline 0.008 -21"><span class='ocrx_word' id='word_1_545' title='bbox 1467 1287 1523 1316; x_wconf 89' lang='lat' dir='ltr'><strong>est</strong></span> <span class='ocrx_word' id='word_1_546' title='bbox 1550 1280 1620 1316; x_wconf 88' lang='lat' dir='ltr'><strong>sibi</strong></span> <span class='ocrx_word' id='word_1_547' title='bbox 1649 1281 1778 1318; x_wconf 91' lang='lat' dir='ltr'><strong>similis</strong></span> <span class='ocrx_word' id='word_1_548' title='bbox 1806 1281 1844 1319; x_wconf 90' lang='lat' dir='ltr'><strong>in</strong></span> <span class='ocrx_word' id='word_1_549' title='bbox 1861 1283 2146 1332; x_wconf 87' lang='lat' dir='ltr'><strong>participatione</strong></span> <span class='ocrx_word' id='word_1_550' title='bbox 2166 1284 2325 1333; x_wconf 86' lang='lat' dir='ltr'><strong>formae,</strong></span> <span class='ocrx_word' id='word_1_551' title='bbox 2345 1282 2533 1336; x_wconf 50' lang='lat' dir='ltr'><strong>impediaa</strong></span> 
     </span>
     <span class='ocr_line' id='line_1_84' title="bbox 1466 1333 2532 1387; baseline 0.008 -18"><span class='ocrx_word' id='word_1_552' title='bbox 1466 1340 1526 1369; x_wconf 91' lang='lat' dir='ltr'><strong>tur</strong></span> <span class='ocrx_word' id='word_1_553' title='bbox 1553 1333 1714 1381; x_wconf 90' lang='lat' dir='ltr'><strong>ipsemet</strong></span> <span class='ocrx_word' id='word_1_554' title='bbox 1732 1346 1754 1370; x_wconf 94' lang='lat' dir='ltr'><strong>a</strong></span> <span class='ocrx_word' id='word_1_555' title='bbox 1774 1335 2042 1372; x_wconf 92' lang='lat' dir='ltr'><strong>consecutione</strong></span> <span class='ocrx_word' id='word_1_556' title='bbox 2066 1336 2159 1373; x_wconf 88' lang='lat' dir='ltr'><strong>boni</strong></span> <span class='ocrx_word' id='word_1_557' title='bbox 2182 1338 2286 1385; x_wconf 92' lang='lat' dir='ltr'><strong>quod</strong></span> <span class='ocrx_word' id='word_1_558' title='bbox 2305 1346 2423 1385; x_wconf 88' lang='lat' dir='ltr'><strong>amat;</strong></span> <span class='ocrx_word' id='word_1_559' title='bbox 2436 1338 2532 1387; x_wconf 43' lang='grc' dir='ltr'>,εἰῇ-Γ</span> 
     </span>
     <span class='ocr_line' id='line_1_85' title="bbox 1467 1384 2533 1439; baseline 0.008 -18"><span class='ocrx_word' id='word_1_560' title='bbox 1467 1385 1561 1430; x_wconf 86' lang='lat' dir='ltr'><strong>citur</strong></span> <span class='ocrx_word' id='word_1_561' title='bbox 1589 1385 1623 1422; x_wconf 85' lang='lat' dir='ltr'><strong>ei</strong></span> <span class='ocrx_word' id='word_1_562' title='bbox 1651 1386 1818 1434; x_wconf 92' lang='lat' dir='ltr'><strong>odiosus,</strong></span> <span class='ocrx_word' id='word_1_563' title='bbox 1848 1399 1927 1424; x_wconf 92' lang='lat' dir='ltr'><strong>non</strong></span> <span class='ocrx_word' id='word_1_564' title='bbox 1954 1388 2179 1436; x_wconf 89' lang='lat' dir='ltr'><strong>inquantum</strong></span> <span class='ocrx_word' id='word_1_565' title='bbox 2209 1398 2264 1427; x_wconf 91' lang='lat' dir='ltr'><strong>est</strong></span> <span class='ocrx_word' id='word_1_566' title='bbox 2288 1390 2427 1439; x_wconf 86' lang='lat' dir='ltr'><strong>similis,</strong></span> <span class='ocrx_word' id='word_1_567' title='bbox 2456 1384 2533 1429; x_wconf 58' lang='lat' dir='ltr'><strong>sed&#39;</strong></span> 
     </span>
    </p>
   </div>
   <div class='ocr_carea' id='block_1_24' title="bbox 1466 1437 2524 1544">
    <p class='ocr_par' dir='ltr' id='par_1_31' title="bbox 1466 1437 2524 1544">
     <span class='ocr_line' id='line_1_86' title="bbox 1466 1437 2524 1493; baseline 0.009 -20"><span class='ocrx_word' id='word_1_568' title='bbox 1466 1437 1693 1486; x_wconf 89' lang='lat' dir='ltr'><strong>inquantum</strong></span> <span class='ocrx_word' id='word_1_569' title='bbox 1722 1446 1777 1476; x_wconf 91' lang='lat' dir='ltr'><strong>est</strong></span> <span class='ocrx_word' id='word_1_570' title='bbox 1805 1440 1947 1488; x_wconf 91' lang='lat' dir='ltr'><strong>proprii</strong></span> <span class='ocrx_word' id='word_1_571' title='bbox 1975 1441 2066 1478; x_wconf 82' lang='lat' dir='ltr'><strong>bo&#39;ni</strong></span> <span class='ocrx_word' id='word_1_572' title='bbox 2085 1441 2339 1490; x_wconf 85' lang='lat' dir='ltr'><strong>impeditivus.</strong></span> <span class='ocrx_word' id='word_1_573' title='bbox 2369 1444 2418 1482; x_wconf 93' lang='lat' dir='ltr'><strong>Et</strong></span> <span class='ocrx_word' id='word_1_574' title='bbox 2435 1443 2524 1493; x_wconf 62' lang='lat' dir='ltr'><strong>pr&#39;oe</strong></span> 
     </span>
     <span class='ocr_line' id='line_1_87' title="bbox 1466 1491 2523 1544; baseline 0.008 -18"><span class='ocrx_word' id='word_1_575' title='bbox 1466 1498 1550 1538; x_wconf 92' lang='lat' dir='ltr'><strong>pter</strong></span> <span class='ocrx_word' id='word_1_576' title='bbox 1576 1491 1651 1527; x_wconf 89' lang='lat' dir='ltr'><strong>hoe</strong></span> <span class='ocrx_word' id='word_1_577' title='bbox 1667 1491 1788 1540; x_wconf 73' lang='lat' dir='ltr'><strong>figuli</strong></span> <span class='ocrx_word' id='word_1_578' title='bbox 1813 1493 2059 1530; x_wconf 83' lang='lat' dir='ltr'><strong>corrixantur</strong></span> <span class='ocrx_word' id='word_1_579' title='bbox 2085 1494 2137 1530; x_wconf 84' lang='lat' dir='ltr'><strong>ad</strong></span> <span class='ocrx_word' id='word_1_580' title='bbox 2162 1494 2336 1542; x_wconf 78' lang='lat' dir='ltr'><strong>invicem,</strong></span> <span class='ocrx_word' id='word_1_581' title='bbox 2365 1496 2455 1544; x_wconf 89' lang='lat' dir='ltr'><strong>quia</strong></span> <span class='ocrx_word' id='word_1_582' title='bbox 2482 1510 2523 1538; x_wconf 79' lang='lat' dir='ltr'><strong>se</strong></span> 
     </span>
    </p>
   </div>
   <div class='ocr_carea' id='block_1_25' title="bbox 2551 983 2766 1011">
    <p class='ocr_par' dir='ltr' id='par_1_32' title="bbox 2551 983 2766 1011">
     <span class='ocr_line' id='line_1_88' title="bbox 2551 983 2766 1011; baseline 0.009 -7"><span class='ocrx_word' id='word_1_583' title='bbox 2551 984 2560 993; x_wconf 91' lang='grc'>·</span> <span class='ocrx_word' id='word_1_584' title='bbox 2575 983 2623 1011; x_wconf 92' lang='lat' dir='ltr'><strong>Qu.</strong></span> <span class='ocrx_word' id='word_1_585' title='bbox 2638 990 2706 1011; x_wconf 73' lang='lat' dir='ltr'><strong>xxvi,</strong></span> <span class='ocrx_word' id='word_1_586' title='bbox 2722 987 2766 1006; x_wconf 78' lang='lat' dir='ltr'><strong>m.</strong></span> 
     </span>
    </p>
   </div>
   <div class='ocr_carea' id='block_1_26' title="bbox 1466 1543 2593 1596">
    <p class='ocr_par' dir='ltr' id='par_1_33' title="bbox 1466 1543 2593 1596">
     <span class='ocr_line' id='line_1_89' title="bbox 1466 1543 2593 1596; baseline 0.006 -17"><span class='ocrx_word' id='word_1_587' title='bbox 1466 1543 1632 1579; x_wconf 90' lang='lat' dir='ltr'><strong>invicem</strong></span> <span class='ocrx_word' id='word_1_588' title='bbox 1659 1543 1872 1592; x_wconf 87' lang='lat' dir='ltr'><strong>impediunt</strong></span> <span class='ocrx_word' id='word_1_589' title='bbox 1899 1545 1937 1581; x_wconf 93' lang='lat' dir='ltr'><strong>in</strong></span> <span class='ocrx_word' id='word_1_590' title='bbox 1965 1545 2119 1594; x_wconf 87' lang='lat' dir='ltr'><strong>proprio</strong></span> <span class='ocrx_word' id='word_1_591' title='bbox 2140 1546 2265 1583; x_wconf 89' lang='lat' dir='ltr'><strong>lucro:</strong></span> <span class='ocrx_word' id='word_1_592' title='bbox 2295 1555 2332 1584; x_wconf 89' lang='lat' dir='ltr'><strong>et</strong></span> <span class='ocrx_word' id='word_1_593' title='bbox 2351 1549 2446 1586; x_wconf 86' lang='lat' dir='ltr'><strong>inter</strong></span> <span class='ocrx_word' id='word_1_594' title='bbox 2462 1562 2535 1596; x_wconf 42' lang='lat' dir='ltr'><strong>,tuf</strong></span> <span class='ocrx_word' id='word_1_595' title='bbox 2566 1591 2568 1595; x_wconf 54' lang='grc'><strong>,</strong></span> <span class='ocrx_word' id='word_1_596' title='bbox 2590 1584 2593 1586; x_wconf 91' lang='grc'>.</span> 
     </span>
    </p>
   </div>
   <div class='ocr_carea' id='block_1_27' title="bbox 1460 1597 2524 1752">
    <p class='ocr_par' dir='ltr' id='par_1_34' title="bbox 1460 1597 2524 1752">
     <span class='ocr_line' id='line_1_90' title="bbox 1460 1597 2524 1648; baseline 0.009 -17"><span class='ocrx_word' id='word_1_597' title='bbox 1460 1597 1599 1643; x_wconf 83' lang='lat' dir='ltr'><strong>perhos</strong></span> <span class='ocrx_word' id='word_1_598' title='bbox 1625 1602 1711 1632; x_wconf 84' lang='lat' dir='ltr'><strong>sunt</strong></span> <span class='ocrx_word' id='word_1_599' title='bbox 1737 1597 1876 1646; x_wconf 82' lang='lat' dir='ltr'><strong>iurgia,</strong></span> <span class='ocrx_word' id='word_1_600' title='bbox 1905 1597 1995 1645; x_wconf 91' lang='lat' dir='ltr'><strong>quia</strong></span> <span class='ocrx_word' id='word_1_601' title='bbox 2013 1610 2053 1634; x_wconf 88' lang='lat' dir='ltr'><strong>se</strong></span> <span class='ocrx_word' id='word_1_602' title='bbox 2074 1598 2237 1637; x_wconf 88' lang='lat' dir='ltr'><strong>invicem</strong></span> <span class='ocrx_word' id='word_1_603' title='bbox 2256 1599 2469 1648; x_wconf 83' lang='lat' dir='ltr'><strong>impediunt</strong></span> <span class='ocrx_word' id='word_1_604' title='bbox 2485 1598 2524 1641; x_wconf 74' lang='lat' dir='ltr'><strong>iu</strong></span> 
     </span>
     <span class='ocr_line' id='line_1_91' title="bbox 1466 1648 2336 1699; baseline 0.007 -16"><span class='ocrx_word' id='word_1_605' title='bbox 1466 1648 1619 1697; x_wconf 89' lang='lat' dir='ltr'><strong>propria</strong></span> <span class='ocrx_word' id='word_1_606' title='bbox 1648 1649 1876 1696; x_wconf 87' lang='lat' dir='ltr'><strong>excellentia,</strong></span> <span class='ocrx_word' id='word_1_607' title='bbox 1906 1662 2022 1698; x_wconf 89' lang='lat' dir='ltr'><strong>quam</strong></span> <span class='ocrx_word' id='word_1_608' title='bbox 2053 1651 2336 1699; x_wconf 90' lang='lat' dir='ltr'><strong>concupiscunt.</strong></span> 
     </span>
     <span class='ocr_line' id='line_1_92' title="bbox 1519 1701 2402 1752; baseline 0.007 -16"><span class='ocrx_word' id='word_1_609' title='bbox 1519 1702 1568 1737; x_wconf 89' lang='lat' dir='ltr'><strong>Et</strong></span> <span class='ocrx_word' id='word_1_610' title='bbox 1594 1712 1663 1749; x_wconf 90' lang='lat' dir='ltr'><strong>per</strong></span> <span class='ocrx_word' id='word_1_611' title='bbox 1690 1701 1765 1737; x_wconf 91' lang='lat' dir='ltr'><strong>hoc</strong></span> <span class='ocrx_word' id='word_1_612' title='bbox 1791 1709 1894 1750; x_wconf 91' lang='lat' dir='ltr'><strong>patet</strong></span> <span class='ocrx_word' id='word_1_613' title='bbox 1919 1703 2116 1751; x_wconf 90' lang='lat' dir='ltr'><strong>responsio</strong></span> <span class='ocrx_word' id='word_1_614' title='bbox 2145 1704 2206 1741; x_wconf 92' lang='lat' dir='ltr'><strong>ad.</strong></span> <span class='ocrx_word' id='word_1_615' title='bbox 2221 1704 2402 1752; x_wconf 88' lang='lat' dir='ltr'><strong>primum.</strong></span> 
     </span>
    </p>
   </div>
   <div class='ocr_carea' id='block_1_28' title="bbox 1467 1755 2586 1860">
    <p class='ocr_par' dir='ltr' id='par_1_35' title="bbox 1467 1755 2586 1860">
     <span class='ocr_line' id='line_1_93' title="bbox 1519 1755 2586 1807; baseline 0.009 -18"><span class='ocrx_word' id='word_1_616' title='bbox 1519 1755 1578 1790; x_wconf 82' lang='lat' dir='ltr'><strong>AD</strong></span> <span class='ocrx_word' id='word_1_617' title='bbox 1597 1765 1787 1790; x_wconf 79' lang='lat' dir='ltr'>SECUNDUM</span> <span class='ocrx_word' id='word_1_618' title='bbox 1805 1765 1990 1792; x_wconf 83' lang='lat' dir='ltr'><strong>DICENDUM</strong></span> <span class='ocrx_word' id='word_1_619' title='bbox 2013 1755 2118 1804; x_wconf 90' lang='lat' dir='ltr'><strong>quod</strong></span> <span class='ocrx_word' id='word_1_620' title='bbox 2136 1756 2174 1793; x_wconf 92' lang='lat' dir='ltr'><strong>in</strong></span> <span class='ocrx_word' id='word_1_621' title='bbox 2193 1757 2268 1795; x_wconf 92' lang='lat' dir='ltr'><strong>hoc</strong></span> <span class='ocrx_word' id='word_1_622' title='bbox 2287 1757 2399 1795; x_wconf 80' lang='lat' dir='ltr'><strong>etiam</strong></span> <span class='ocrx_word' id='word_1_623' title='bbox 2419 1760 2525 1807; x_wconf 83' lang='lat' dir='ltr'><strong>quod</strong></span> <span class='ocrx_word' id='word_1_624' title='bbox 2582 1791 2586 1794; x_wconf 81' lang='grc'><strong>.</strong></span> 
     </span>
     <span class='ocr_line' id='line_1_94' title="bbox 1467 1805 2531 1860; baseline 0.008 -19"><span class='ocrx_word' id='word_1_625' title='bbox 1467 1805 1599 1854; x_wconf 90' lang='lat' dir='ltr'><strong>aliquis</strong></span> <span class='ocrx_word' id='word_1_626' title='bbox 1618 1806 1657 1843; x_wconf 91' lang='lat' dir='ltr'><strong>in</strong></span> <span class='ocrx_word' id='word_1_627' title='bbox 1676 1807 1793 1843; x_wconf 82' lang='lat' dir='ltr'><strong>altero</strong></span> <span class='ocrx_word' id='word_1_628' title='bbox 1818 1814 1920 1843; x_wconf 89' lang='lat' dir='ltr'><strong>amat</strong></span> <span class='ocrx_word' id='word_1_629' title='bbox 1949 1808 2053 1855; x_wconf 91' lang='lat' dir='ltr'><strong>quod</strong></span> <span class='ocrx_word' id='word_1_630' title='bbox 2072 1808 2111 1845; x_wconf 92' lang='lat' dir='ltr'><strong>in</strong></span> <span class='ocrx_word' id='word_1_631' title='bbox 2139 1821 2179 1846; x_wconf 91' lang='lat' dir='ltr'><strong>se</strong></span> <span class='ocrx_word' id='word_1_632' title='bbox 2203 1822 2282 1847; x_wconf 91' lang='lat' dir='ltr'><strong>non</strong></span> <span class='ocrx_word' id='word_1_633' title='bbox 2300 1810 2316 1837; x_wconf 71' lang='grc' dir='ltr'><strong>Υ</strong></span> <span class='ocrx_word' id='word_1_634' title='bbox 2336 1819 2449 1860; x_wconf 89' lang='lat' dir='ltr'><strong>amat,</strong></span> <span class='ocrx_word' id='word_1_635' title='bbox 2468 1807 2531 1851; x_wconf 49' lang='lat' dir='ltr'><strong>inl</strong></span> 
     </span>
    </p>
   </div>
   <div class='ocr_carea' id='block_1_29' title="bbox 1466 1858 2524 1965">
    <p class='ocr_par' dir='ltr' id='par_1_36' title="bbox 1466 1858 2524 1965">
     <span class='ocr_line' id='line_1_95' title="bbox 1466 1858 2524 1913; baseline 0.007 -19"><span class='ocrx_word' id='word_1_636' title='bbox 1466 1858 1616 1895; x_wconf 90' lang='lat' dir='ltr'><strong>venitur</strong></span> <span class='ocrx_word' id='word_1_637' title='bbox 1634 1858 1728 1895; x_wconf 92' lang='lat' dir='ltr'><strong>ratio</strong></span> <span class='ocrx_word' id='word_1_638' title='bbox 1756 1859 2005 1897; x_wconf 90' lang='lat' dir='ltr'><strong>similitudinis</strong></span> <span class='ocrx_word' id='word_1_639' title='bbox 2029 1862 2240 1899; x_wconf 90' lang='lat' dir='ltr'><strong>secundum</strong></span> <span class='ocrx_word' id='word_1_640' title='bbox 2259 1863 2524 1913; x_wconf 80' lang='lat' dir='ltr'><strong>proportiona-</strong></span> 
     </span>
     <span class='ocr_line' id='line_1_96' title="bbox 1466 1910 2524 1965; baseline 0.007 -19"><span class='ocrx_word' id='word_1_641' title='bbox 1466 1910 1628 1951; x_wconf 84' lang='lat' dir='ltr'><strong>litatem:</strong></span> <span class='ocrx_word' id='word_1_642' title='bbox 1658 1923 1748 1948; x_wconf 90' lang='lat' dir='ltr'><strong>nam</strong></span> <span class='ocrx_word' id='word_1_643' title='bbox 1777 1912 1871 1948; x_wconf 90' lang='lat' dir='ltr'><strong>sicut</strong></span> <span class='ocrx_word' id='word_1_644' title='bbox 1895 1925 1934 1949; x_wconf 92' lang='lat' dir='ltr'><strong>se</strong></span> <span class='ocrx_word' id='word_1_645' title='bbox 1954 1913 2069 1950; x_wconf 90' lang='lat' dir='ltr'><strong>habet</strong></span> <span class='ocrx_word' id='word_1_646' title='bbox 2087 1913 2180 1951; x_wconf 91' lang='lat' dir='ltr'><strong>alius</strong></span> <span class='ocrx_word' id='word_1_647' title='bbox 2199 1916 2248 1954; x_wconf 91' lang='lat' dir='ltr'><strong>ad</strong></span> <span class='ocrx_word' id='word_1_648' title='bbox 2267 1915 2343 1952; x_wconf 91' lang='lat' dir='ltr'><strong>hoc</strong></span> <span class='ocrx_word' id='word_1_649' title='bbox 2360 1917 2467 1965; x_wconf 86' lang='lat' dir='ltr'><strong>quod</strong></span> <span class='ocrx_word' id='word_1_650' title='bbox 2478 1917 2524 1963; x_wconf 74' lang='lat' dir='ltr'><strong>‚in</strong></span> 
     </span>
    </p>
   </div>
   <div class='ocr_carea' id='block_1_30' title="bbox 1467 1963 2536 2070">
    <p class='ocr_par' dir='ltr' id='par_1_37' title="bbox 1467 1963 2536 2070">
     <span class='ocr_line' id='line_1_97' title="bbox 1468 1963 2532 2017; baseline 0.008 -18"><span class='ocrx_word' id='word_1_651' title='bbox 1468 1975 1513 1999; x_wconf 93' lang='lat' dir='ltr'><strong>eo</strong></span> <span class='ocrx_word' id='word_1_652' title='bbox 1543 1970 1702 2010; x_wconf 88' lang='lat' dir='ltr'><strong>amatur,</strong></span> <span class='ocrx_word' id='word_1_653' title='bbox 1731 1963 1782 2000; x_wconf 91' lang='lat' dir='ltr'><strong>ita</strong></span> <span class='ocrx_word' id='word_1_654' title='bbox 1809 1964 1889 2012; x_wconf 90' lang='lat' dir='ltr'><strong>ipse</strong></span> <span class='ocrx_word' id='word_1_655' title='bbox 1918 1977 1959 2001; x_wconf 89' lang='lat' dir='ltr'><strong>se</strong></span> <span class='ocrx_word' id='word_1_656' title='bbox 1985 1965 2101 2003; x_wconf 91' lang='lat' dir='ltr'><strong>habet</strong></span> <span class='ocrx_word' id='word_1_657' title='bbox 2128 1966 2176 2004; x_wconf 91' lang='lat' dir='ltr'><strong>ad</strong></span> <span class='ocrx_word' id='word_1_658' title='bbox 2203 1967 2278 2004; x_wconf 93' lang='lat' dir='ltr'><strong>hoc</strong></span> <span class='ocrx_word' id='word_1_659' title='bbox 2301 1968 2407 2017; x_wconf 85' lang='lat' dir='ltr'><strong>quod</strong></span> <span class='ocrx_word' id='word_1_660' title='bbox 2424 1969 2464 2006; x_wconf 91' lang='lat' dir='ltr'><strong>in</strong></span> <span class='ocrx_word' id='word_1_661' title='bbox 2482 1982 2532 2016; x_wconf 58' lang='lat' dir='ltr'><strong>,se</strong></span> 
     </span>
     <span class='ocr_line' id='line_1_98' title="bbox 1467 2015 2536 2070; baseline 0.007 -19"><span class='ocrx_word' id='word_1_662' title='bbox 1467 2022 1580 2052; x_wconf 89' lang='lat' dir='ltr'><strong>amat.</strong></span> <span class='ocrx_word' id='word_1_663' title='bbox 1600 2015 1697 2052; x_wconf 93' lang='lat' dir='ltr'><strong>Puta</strong></span> <span class='ocrx_word' id='word_1_664' title='bbox 1725 2015 1755 2052; x_wconf 91' lang='lat' dir='ltr'><strong>si</strong></span> <span class='ocrx_word' id='word_1_665' title='bbox 1779 2016 1903 2054; x_wconf 89' lang='lat' dir='ltr'><strong>bonus</strong></span> <span class='ocrx_word' id='word_1_666' title='bbox 1924 2025 2054 2055; x_wconf 85' lang='lat' dir='ltr'><strong>cantor</strong></span> <span class='ocrx_word' id='word_1_667' title='bbox 2072 2018 2219 2058; x_wconf 90' lang='lat' dir='ltr'><strong>bonum</strong></span> <span class='ocrx_word' id='word_1_668' title='bbox 2245 2028 2347 2057; x_wconf 89' lang='lat' dir='ltr'><strong>amet</strong></span> <span class='ocrx_word' id='word_1_669' title='bbox 2369 2021 2536 2070; x_wconf 43' lang='lat' dir='ltr'><strong>scripto„</strong></span> 
     </span>
    </p>
   </div>
   <div class='ocr_carea' id='block_1_31' title="bbox 1466 2068 2523 2120">
    <p class='ocr_par' dir='ltr' id='par_1_38' title="bbox 1466 2068 2523 2120">
     <span class='ocr_line' id='line_1_99' title="bbox 1466 2068 2523 2120; baseline 0.007 -15"><span class='ocrx_word' id='word_1_670' title='bbox 1466 2080 1559 2115; x_wconf 89' lang='lat' dir='ltr'><strong>rem,</strong></span> <span class='ocrx_word' id='word_1_671' title='bbox 1590 2068 1792 2105; x_wconf 90' lang='lat' dir='ltr'><strong>attenditur</strong></span> <span class='ocrx_word' id='word_1_672' title='bbox 1809 2068 1861 2105; x_wconf 91' lang='lat' dir='ltr'><strong>ibi</strong></span> <span class='ocrx_word' id='word_1_673' title='bbox 1880 2069 2083 2108; x_wconf 90' lang='lat' dir='ltr'><strong>similitudo</strong></span> <span class='ocrx_word' id='word_1_674' title='bbox 2102 2071 2370 2120; x_wconf 87' lang='lat' dir='ltr'><strong>proportionis,</strong></span> <span class='ocrx_word' id='word_1_675' title='bbox 2390 2086 2523 2112; x_wconf 88' lang='lat' dir='ltr'><strong>secun-</strong></span> 
     </span>
    </p>
   </div>
   <div class='ocr_carea' id='block_1_32' title="bbox 1465 2121 2627 2173">
    <p class='ocr_par' dir='ltr' id='par_1_39' title="bbox 1465 2121 2627 2173">
     <span class='ocr_line' id='line_1_100' title="bbox 1465 2121 2627 2173; baseline 0.009 -17"><span class='ocrx_word' id='word_1_676' title='bbox 1465 2121 1558 2158; x_wconf 90' lang='lat' dir='ltr'><strong>dum</strong></span> <span class='ocrx_word' id='word_1_677' title='bbox 1591 2122 1696 2170; x_wconf 91' lang='lat' dir='ltr'><strong>quod</strong></span> <span class='ocrx_word' id='word_1_678' title='bbox 1728 2128 1887 2170; x_wconf 87' lang='lat' dir='ltr'><strong>uterque</strong></span> <span class='ocrx_word' id='word_1_679' title='bbox 1914 2122 2029 2160; x_wconf 86' lang='lat' dir='ltr'><strong>habet</strong></span> <span class='ocrx_word' id='word_1_680' title='bbox 2060 2124 2165 2172; x_wconf 90' lang='lat' dir='ltr'><strong>quod</strong></span> <span class='ocrx_word' id='word_1_681' title='bbox 2198 2125 2377 2167; x_wconf 87' lang='lat' dir='ltr'><strong>convenit</strong></span> <span class='ocrx_word' id='word_1_682' title='bbox 2406 2125 2439 2163; x_wconf 87' lang='lat' dir='ltr'><strong>ei</strong></span> <span class='ocrx_word' id='word_1_683' title='bbox 2456 2139 2538 2173; x_wconf 18' lang='lat' dir='ltr'><strong>yser..</strong></span> <span class='ocrx_word' id='word_1_684' title='bbox 2587 2164 2591 2168; x_wconf 76' lang='grc'>,</span> <span class='ocrx_word' id='word_1_685' title='bbox 2626 2164 2627 2167; x_wconf 75' lang='grc'>,</span> 
     </span>
    </p>
   </div>
   <div class='ocr_carea' id='block_1_33' title="bbox 1465 2174 1930 2211">
    <p class='ocr_par' dir='ltr' id='par_1_40' title="bbox 1465 2174 1930 2211">
     <span class='ocr_line' id='line_1_101' title="bbox 1465 2174 1930 2211; baseline 0 -1"><span class='ocrx_word' id='word_1_686' title='bbox 1465 2174 1634 2211; x_wconf 87' lang='lat' dir='ltr'><strong>cundum</strong></span> <span class='ocrx_word' id='word_1_687' title='bbox 1663 2185 1772 2210; x_wconf 90' lang='lat' dir='ltr'><strong>suam</strong></span> <span class='ocrx_word' id='word_1_688' title='bbox 1801 2181 1930 2210; x_wconf 90' lang='lat' dir='ltr'><strong>artem.</strong></span> 
     </span>
    </p>
   </div>
   <div class='ocr_carea' id='block_1_34' title="bbox 1517 2214 2587 2277">
    <p class='ocr_par' dir='ltr' id='par_1_41' title="bbox 1517 2214 2587 2277">
     <span class='ocr_line' id='line_1_102' title="bbox 1517 2214 2587 2277; baseline 0.007 -15"><span class='ocrx_word' id='word_1_689' title='bbox 1517 2228 1576 2263; x_wconf 83' lang='lat' dir='ltr'><strong>An</strong></span> <span class='ocrx_word' id='word_1_690' title='bbox 1604 2238 1763 2263; x_wconf 76' lang='lat' dir='ltr'><strong>TERTmM</strong></span> <span class='ocrx_word' id='word_1_691' title='bbox 1791 2238 1975 2264; x_wconf 84' lang='lat' dir='ltr'>D1CENDUM</span> <span class='ocrx_word' id='word_1_692' title='bbox 2008 2228 2113 2275; x_wconf 93' lang='lat' dir='ltr'><strong>quod</strong></span> <span class='ocrx_word' id='word_1_693' title='bbox 2141 2228 2200 2265; x_wconf 91' lang='lat' dir='ltr'><strong>ille</strong></span> <span class='ocrx_word' id='word_1_694' title='bbox 2229 2214 2295 2277; x_wconf 86' lang='lat' dir='ltr'><strong>qui</strong></span> <span class='ocrx_word' id='word_1_695' title='bbox 2319 2230 2422 2268; x_wconf 85' lang='lat' dir='ltr'><strong>amat</strong></span> <span class='ocrx_word' id='word_1_696' title='bbox 2448 2230 2533 2276; x_wconf 79' lang='lat' dir='ltr'><strong>hoc</strong></span> <span class='ocrx_word' id='word_1_697' title='bbox 2584 2219 2587 2226; x_wconf 39' lang='lat'><strong><em>¹</em></strong></span> 
     </span>
    </p>
   </div>
   <div class='ocr_carea' id='block_1_35' title="bbox 1465 2278 2538 2331">
    <p class='ocr_par' dir='ltr' id='par_1_42' title="bbox 1465 2278 2538 2331">
     <span class='ocr_line' id='line_1_103' title="bbox 1465 2278 2538 2331; baseline 0.007 -17"><span class='ocrx_word' id='word_1_698' title='bbox 1465 2291 1542 2327; x_wconf 92' lang='lat' dir='ltr'><strong>quo</strong></span> <span class='ocrx_word' id='word_1_699' title='bbox 1557 2278 1708 2325; x_wconf 89' lang='lat' dir='ltr'><strong>indiget,</strong></span> <span class='ocrx_word' id='word_1_700' title='bbox 1724 2279 1839 2315; x_wconf 91' lang='lat' dir='ltr'><strong>habet</strong></span> <span class='ocrx_word' id='word_1_701' title='bbox 1858 2279 2140 2326; x_wconf 81' lang='lat' dir='ltr'><strong>similitudinem</strong></span> <span class='ocrx_word' id='word_1_702' title='bbox 2160 2281 2208 2318; x_wconf 92' lang='lat' dir='ltr'><strong>ad</strong></span> <span class='ocrx_word' id='word_1_703' title='bbox 2227 2281 2267 2319; x_wconf 89' lang='lat' dir='ltr'><strong>id</strong></span> <span class='ocrx_word' id='word_1_704' title='bbox 2287 2282 2392 2330; x_wconf 87' lang='lat' dir='ltr'><strong>quod</strong></span> <span class='ocrx_word' id='word_1_705' title='bbox 2407 2292 2538 2331; x_wconf 86' lang='lat' dir='ltr'><strong>amat,.</strong></span> 
     </span>
    </p>
   </div>
   <div class='ocr_carea' id='block_1_36' title="bbox 1465 2330 2519 2379">
    <p class='ocr_par' dir='ltr' id='par_1_43' title="bbox 1465 2330 2519 2379">
     <span class='ocr_line' id='line_1_104' title="bbox 1465 2330 2519 2379; baseline 0.008 -13"><span class='ocrx_word' id='word_1_706' title='bbox 1465 2331 1559 2367; x_wconf 91' lang='lat' dir='ltr'><strong>sicut</strong></span> <span class='ocrx_word' id='word_1_707' title='bbox 1578 2330 1682 2378; x_wconf 91' lang='lat' dir='ltr'><strong>quod</strong></span> <span class='ocrx_word' id='word_1_708' title='bbox 1703 2337 1758 2366; x_wconf 89' lang='lat' dir='ltr'><strong>est</strong></span> <span class='ocrx_word' id='word_1_709' title='bbox 1775 2331 1944 2379; x_wconf 90' lang='lat' dir='ltr'><strong>potentia</strong></span> <span class='ocrx_word' id='word_1_710' title='bbox 1973 2331 2021 2368; x_wconf 92' lang='lat' dir='ltr'><strong>ad</strong></span> <span class='ocrx_word' id='word_1_711' title='bbox 2040 2339 2179 2379; x_wconf 91' lang='lat' dir='ltr'><strong>actum,</strong></span> <span class='ocrx_word' id='word_1_712' title='bbox 2199 2342 2242 2371; x_wconf 89' lang='lat' dir='ltr'><strong>ut</strong></span> <span class='ocrx_word' id='word_1_713' title='bbox 2260 2335 2401 2375; x_wconf 89' lang='lat' dir='ltr'><strong>dictum</strong></span> <span class='ocrx_word' id='word_1_714' title='bbox 2421 2343 2477 2373; x_wconf 83' lang='lat' dir='ltr'><strong>est</strong></span> <span class='ocrx_word' id='word_1_715' title='bbox 2489 2337 2519 2374; x_wconf 60' lang='lat'><strong>³².</strong></span> 
     </span>
    </p>
   </div>
   <div class='ocr_carea' id='block_1_37' title="bbox 1517 2385 2535 2432">
    <p class='ocr_par' dir='ltr' id='par_1_44' title="bbox 1517 2385 2535 2432">
     <span class='ocr_line' id='line_1_105' title="bbox 1517 2385 2535 2432; baseline 0.008 -13"><span class='ocrx_word' id='word_1_716' title='bbox 1517 2385 1576 2419; x_wconf 85' lang='lat' dir='ltr'><strong>AD</strong></span> <span class='ocrx_word' id='word_1_717' title='bbox 1605 2394 1776 2425; x_wconf 81' lang='lat' dir='ltr'><strong>QUARTUM</strong></span> <span class='ocrx_word' id='word_1_718' title='bbox 1805 2395 1987 2420; x_wconf 79' lang='lat' dir='ltr'><strong>mcENDUM</strong></span> <span class='ocrx_word' id='word_1_719' title='bbox 2009 2386 2112 2432; x_wconf 91' lang='lat' dir='ltr'><strong>quod</strong></span> <span class='ocrx_word' id='word_1_720' title='bbox 2131 2387 2341 2424; x_wconf 88' lang='lat' dir='ltr'><strong>secundum</strong></span> <span class='ocrx_word' id='word_1_721' title='bbox 2361 2388 2535 2426; x_wconf 83' lang='lat' dir='ltr'><strong>eandem</strong></span> 
     </span>
    </p>
   </div>
   <div class='ocr_carea' id='block_1_38' title="bbox 1466 2435 2523 2590">
    <p class='ocr_par' dir='ltr' id='par_1_45' title="bbox 1466 2435 2523 2590">
     <span class='ocr_line' id='line_1_106' title="bbox 1466 2435 2522 2488; baseline 0.007 -17"><span class='ocrx_word' id='word_1_722' title='bbox 1466 2435 1747 2472; x_wconf 90' lang='lat' dir='ltr'><strong>similitudinem</strong></span> <span class='ocrx_word' id='word_1_723' title='bbox 1774 2435 1965 2483; x_wconf 88' lang='lat' dir='ltr'><strong>potentiae</strong></span> <span class='ocrx_word' id='word_1_724' title='bbox 1999 2436 2048 2473; x_wconf 93' lang='lat' dir='ltr'><strong>ad</strong></span> <span class='ocrx_word' id='word_1_725' title='bbox 2085 2445 2233 2485; x_wconf 89' lang='lat' dir='ltr'><strong>actum,</strong></span> <span class='ocrx_word' id='word_1_726' title='bbox 2262 2439 2322 2475; x_wconf 90' lang='lat' dir='ltr'><strong>ille</strong></span> <span class='ocrx_word' id='word_1_727' title='bbox 2346 2441 2415 2488; x_wconf 37' lang='lat' dir='ltr'><strong>,qui</strong></span> <span class='ocrx_word' id='word_1_728' title='bbox 2442 2454 2522 2478; x_wconf 90' lang='lat' dir='ltr'><strong>non</strong></span> 
     </span>
     <span class='ocr_line' id='line_1_107' title="bbox 1467 2487 2521 2542; baseline 0.008 -19"><span class='ocrx_word' id='word_1_729' title='bbox 1467 2496 1522 2524; x_wconf 88' lang='lat' dir='ltr'><strong>est</strong></span> <span class='ocrx_word' id='word_1_730' title='bbox 1549 2487 1722 2534; x_wconf 90' lang='lat' dir='ltr'><strong>liberalis,</strong></span> <span class='ocrx_word' id='word_1_731' title='bbox 1748 2495 1849 2524; x_wconf 90' lang='lat' dir='ltr'><strong>amat</strong></span> <span class='ocrx_word' id='word_1_732' title='bbox 1882 2500 1970 2524; x_wconf 88' lang='lat' dir='ltr'><strong>eum</strong></span> <span class='ocrx_word' id='word_1_733' title='bbox 1999 2489 2063 2536; x_wconf 91' lang='lat' dir='ltr'><strong>qui</strong></span> <span class='ocrx_word' id='word_1_734' title='bbox 2089 2497 2144 2526; x_wconf 91' lang='lat' dir='ltr'><strong>est</strong></span> <span class='ocrx_word' id='word_1_735' title='bbox 2170 2490 2342 2538; x_wconf 89' lang='lat' dir='ltr'><strong>liberalis,</strong></span> <span class='ocrx_word' id='word_1_736' title='bbox 2362 2492 2521 2542; x_wconf 87' lang='lat' dir='ltr'><strong>inquan-</strong></span> 
     </span>
     <span class='ocr_line' id='line_1_108' title="bbox 1466 2540 2523 2590; baseline 0.007 -14"><span class='ocrx_word' id='word_1_737' title='bbox 1466 2548 1547 2577; x_wconf 90' lang='lat' dir='ltr'><strong>tum</strong></span> <span class='ocrx_word' id='word_1_738' title='bbox 1576 2547 1746 2588; x_wconf 86' lang='lat' dir='ltr'><strong>expectat</strong></span> <span class='ocrx_word' id='word_1_739' title='bbox 1778 2541 1826 2576; x_wconf 95' lang='lat' dir='ltr'><strong>ab</strong></span> <span class='ocrx_word' id='word_1_740' title='bbox 1861 2553 1906 2577; x_wconf 89' lang='lat' dir='ltr'><strong>eo</strong></span> <span class='ocrx_word' id='word_1_741' title='bbox 1940 2540 2079 2588; x_wconf 89' lang='lat' dir='ltr'><strong>aliquid</strong></span> <span class='ocrx_word' id='word_1_742' title='bbox 2114 2543 2219 2590; x_wconf 93' lang='lat' dir='ltr'><strong>quod</strong></span> <span class='ocrx_word' id='word_1_743' title='bbox 2254 2544 2453 2583; x_wconf 89' lang='lat' dir='ltr'><strong>desiderat.</strong></span> <span class='ocrx_word' id='word_1_744' title='bbox 2474 2547 2523 2584; x_wconf 90' lang='lat' dir='ltr'><strong>Et</strong></span> 
     </span>
    </p>
   </div>
   <div class='ocr_carea' id='block_1_39' title="bbox 2549 2334 2770 2375">
    <p class='ocr_par' dir='ltr' id='par_1_46' title="bbox 2549 2334 2770 2375">
     <span class='ocr_line' id='line_1_109' title="bbox 2549 2334 2770 2375; baseline 0.005 -7"><span class='ocrx_word' id='word_1_745' title='bbox 2549 2346 2558 2357; x_wconf 88' lang='grc'>·</span> <span class='ocrx_word' id='word_1_746' title='bbox 2573 2346 2599 2368; x_wconf 85' lang='lat' dir='ltr'><strong>ln</strong></span> <span class='ocrx_word' id='word_1_747' title='bbox 2613 2352 2718 2375; x_wconf 70' lang='lat' dir='ltr'><strong>corpore.</strong></span> <span class='ocrx_word' id='word_1_748' title='bbox 2767 2334 2770 2337; x_wconf 20' lang='grc' dir='ltr'><em>Α</em></span> 
     </span>
    </p>
   </div>
   <div class='ocr_carea' id='block_1_40' title="bbox 1467 2592 2574 2694">
    <p class='ocr_par' dir='ltr' id='par_1_47' title="bbox 1467 2592 2574 2694">
     <span class='ocr_line' id='line_1_110' title="bbox 1467 2592 2571 2640; baseline 0.007 -12"><span class='ocrx_word' id='word_1_749' title='bbox 1467 2593 1601 2629; x_wconf 89' lang='lat' dir='ltr'><strong>eadem</strong></span> <span class='ocrx_word' id='word_1_750' title='bbox 1630 2592 1723 2629; x_wconf 87' lang='lat' dir='ltr'><strong>ratio</strong></span> <span class='ocrx_word' id='word_1_751' title='bbox 1753 2599 1808 2628; x_wconf 91' lang='lat' dir='ltr'><strong>est</strong></span> <span class='ocrx_word' id='word_1_752' title='bbox 1836 2592 1882 2629; x_wconf 90' lang='lat' dir='ltr'><strong>de</strong></span> <span class='ocrx_word' id='word_1_753' title='bbox 1910 2602 2175 2640; x_wconf 87' lang='lat' dir='ltr'><strong>perseverante</strong></span> <span class='ocrx_word' id='word_1_754' title='bbox 2213 2595 2252 2632; x_wconf 91' lang='lat' dir='ltr'><strong>in</strong></span> <span class='ocrx_word' id='word_1_755' title='bbox 2283 2597 2447 2634; x_wconf 90' lang='lat' dir='ltr'><strong>amicitia</strong></span> <span class='ocrx_word' id='word_1_756' title='bbox 2475 2599 2523 2636; x_wconf 87' lang='lat' dir='ltr'><strong>ad</strong></span> <span class='ocrx_word' id='word_1_757' title='bbox 2566 2605 2571 2607; x_wconf 80' lang='grc'><em>“</em></span> 
     </span>
     <span class='ocr_line' id='line_1_111' title="bbox 1467 2645 2574 2694; baseline 0.005 -12"><span class='ocrx_word' id='word_1_758' title='bbox 1467 2657 1556 2682; x_wconf 89' lang='lat' dir='ltr'><strong>eum</strong></span> <span class='ocrx_word' id='word_1_759' title='bbox 1579 2645 1644 2693; x_wconf 91' lang='lat' dir='ltr'><strong>qui</strong></span> <span class='ocrx_word' id='word_1_760' title='bbox 1668 2657 1747 2681; x_wconf 93' lang='lat' dir='ltr'><strong>non</strong></span> <span class='ocrx_word' id='word_1_761' title='bbox 1770 2652 1998 2693; x_wconf 87' lang='lat' dir='ltr'><strong>perseverat.</strong></span> <span class='ocrx_word' id='word_1_762' title='bbox 2024 2645 2234 2694; x_wconf 89' lang='lat' dir='ltr'><strong>Utrobique</strong></span> <span class='ocrx_word' id='word_1_763' title='bbox 2255 2648 2356 2685; x_wconf 88' lang='lat' dir='ltr'><strong>enim</strong></span> <span class='ocrx_word' id='word_1_764' title='bbox 2375 2649 2526 2687; x_wconf 83' lang='lat' dir='ltr'><strong>videtur.</strong></span> <span class='ocrx_word' id='word_1_765' title='bbox 2572 2651 2574 2654; x_wconf 84' lang='lat'>&#39;</span> 
     </span>
    </p>
   </div>
   <div class='ocr_carea' id='block_1_41' title="bbox 1467 2697 2528 2745">
    <p class='ocr_par' dir='ltr' id='par_1_48' title="bbox 1467 2697 2528 2745">
     <span class='ocr_line' id='line_1_112' title="bbox 1467 2697 2528 2745; baseline 0.005 -11"><span class='ocrx_word' id='word_1_766' title='bbox 1467 2710 1549 2735; x_wconf 90' lang='lat' dir='ltr'><strong>esse</strong></span> <span class='ocrx_word' id='word_1_767' title='bbox 1578 2697 1741 2734; x_wconf 91' lang='lat' dir='ltr'><strong>amicitia</strong></span> <span class='ocrx_word' id='word_1_768' title='bbox 1769 2705 1924 2745; x_wconf 88' lang='lat' dir='ltr'><strong>propter</strong></span> <span class='ocrx_word' id='word_1_769' title='bbox 1951 2697 2159 2736; x_wconf 89' lang='lat' dir='ltr'><strong>utilitatem.</strong></span> <span class='ocrx_word' id='word_1_770' title='bbox 2179 2720 2204 2727; x_wconf 91' lang='lat'><em>-</em></span> <span class='ocrx_word' id='word_1_771' title='bbox 2220 2700 2290 2736; x_wconf 89' lang='lat' dir='ltr'><strong>Vel</strong></span> <span class='ocrx_word' id='word_1_772' title='bbox 2319 2701 2528 2739; x_wconf 70' lang='lat' dir='ltr'><strong>dicendum</strong></span> 
     </span>
    </p>
   </div>
   <div class='ocr_carea' id='block_1_42' title="bbox 1466 2749 2538 2799">
    <p class='ocr_par' dir='ltr' id='par_1_49' title="bbox 1466 2749 2538 2799">
     <span class='ocr_line' id='line_1_113' title="bbox 1466 2749 2538 2799; baseline 0.007 -13"><span class='ocrx_word' id='word_1_773' title='bbox 1466 2750 1583 2799; x_wconf 92' lang='lat' dir='ltr'><strong>quod,</strong></span> <span class='ocrx_word' id='word_1_774' title='bbox 1617 2749 1701 2786; x_wconf 89' lang='lat' dir='ltr'><strong>licet</strong></span> <span class='ocrx_word' id='word_1_775' title='bbox 1729 2762 1807 2786; x_wconf 92' lang='lat' dir='ltr'><strong>non</strong></span> <span class='ocrx_word' id='word_1_776' title='bbox 1840 2761 1972 2788; x_wconf 90' lang='lat' dir='ltr'><strong>omnes</strong></span> <span class='ocrx_word' id='word_1_777' title='bbox 2001 2750 2177 2789; x_wconf 89' lang='lat' dir='ltr'><strong>homines</strong></span> <span class='ocrx_word' id='word_1_778' title='bbox 2204 2753 2538 2792; x_wconf 65' lang='lat' dir='ltr'><strong>habeant·huius-³</strong></span> 
     </span>
    </p>
   </div>
   <div class='ocr_carea' id='block_1_43' title="bbox 1466 2802 2524 2904">
    <p class='ocr_par' dir='ltr' id='par_1_50' title="bbox 1466 2802 2524 2904">
     <span class='ocr_line' id='line_1_114' title="bbox 1466 2802 2524 2854; baseline 0.007 -15"><span class='ocrx_word' id='word_1_779' title='bbox 1466 2802 1573 2840; x_wconf 92' lang='lat' dir='ltr'><strong>modi</strong></span> <span class='ocrx_word' id='word_1_780' title='bbox 1589 2802 1746 2839; x_wconf 84' lang='lat' dir='ltr'><strong>virtutes</strong></span> <span class='ocrx_word' id='word_1_781' title='bbox 1770 2802 1981 2840; x_wconf 90' lang='lat' dir='ltr'><strong>secundum</strong></span> <span class='ocrx_word' id='word_1_782' title='bbox 2000 2803 2171 2841; x_wconf 89' lang='lat' dir='ltr'><strong>habitum</strong></span> <span class='ocrx_word' id='word_1_783' title='bbox 2193 2807 2439 2854; x_wconf 89' lang='lat' dir='ltr'><strong>completum,</strong></span> <span class='ocrx_word' id='word_1_784' title='bbox 2456 2807 2524 2846; x_wconf 85' lang='lat' dir='ltr'><strong>ha·</strong></span> 
     </span>
     <span class='ocr_line' id='line_1_115' title="bbox 1466 2855 2524 2904; baseline 0.007 -13"><span class='ocrx_word' id='word_1_785' title='bbox 1466 2856 1556 2892; x_wconf 88' lang='lat' dir='ltr'><strong>bent</strong></span> <span class='ocrx_word' id='word_1_786' title='bbox 1592 2862 1721 2891; x_wconf 89' lang='lat' dir='ltr'><strong>tamen</strong></span> <span class='ocrx_word' id='word_1_787' title='bbox 1758 2867 1821 2891; x_wconf 87' lang='lat' dir='ltr'><strong>eas</strong></span> <span class='ocrx_word' id='word_1_788' title='bbox 1858 2855 2069 2893; x_wconf 90' lang='lat' dir='ltr'><strong>secundum</strong></span> <span class='ocrx_word' id='word_1_789' title='bbox 2101 2857 2292 2904; x_wconf 86' lang='lat' dir='ltr'><strong>quaedam</strong></span> <span class='ocrx_word' id='word_1_790' title='bbox 2329 2859 2524 2899; x_wconf 84' lang='lat' dir='ltr'><strong>seminalia</strong></span> 
     </span>
    </p>
   </div>
   <div class='ocr_carea' id='block_1_44' title="bbox 1467 2907 2538 2960">
    <p class='ocr_par' dir='ltr' id='par_1_51' title="bbox 1467 2907 2538 2960">
     <span class='ocr_line' id='line_1_116' title="bbox 1467 2907 2538 2960; baseline 0.007 -17"><span class='ocrx_word' id='word_1_791' title='bbox 1467 2907 1631 2954; x_wconf 89' lang='lat' dir='ltr'><strong>rationis,</strong></span> <span class='ocrx_word' id='word_1_792' title='bbox 1653 2908 1865 2945; x_wconf 87' lang='lat' dir='ltr'><strong>seeundum</strong></span> <span class='ocrx_word' id='word_1_793' title='bbox 1890 2920 1999 2956; x_wconf 87' lang='lat' dir='ltr'><strong>quae,</strong></span> <span class='ocrx_word' id='word_1_794' title='bbox 2021 2909 2085 2957; x_wconf 92' lang='lat' dir='ltr'><strong>qui</strong></span> <span class='ocrx_word' id='word_1_795' title='bbox 2104 2921 2182 2946; x_wconf 92' lang='lat' dir='ltr'><strong>non</strong></span> <span class='ocrx_word' id='word_1_796' title='bbox 2201 2910 2316 2947; x_wconf 85' lang='lat' dir='ltr'><strong>habet</strong></span> <span class='ocrx_word' id='word_1_797' title='bbox 2333 2911 2538 2960; x_wconf 78' lang='lat' dir='ltr'><strong>virtutem‚1</strong></span> 
     </span>
    </p>
   </div>
   <div class='ocr_carea' id='block_1_45' title="bbox 1467 2960 2524 3050">
    <p class='ocr_par' dir='ltr' id='par_1_52' title="bbox 1467 2960 2524 3050">
     <span class='ocr_line' id='line_1_117' title="bbox 1467 2960 2524 3010; baseline 0.006 -14"><span class='ocrx_word' id='word_1_798' title='bbox 1467 2960 1582 3008; x_wconf 86' lang='lat' dir='ltr'><strong>diligit</strong></span> <span class='ocrx_word' id='word_1_799' title='bbox 1608 2960 1838 3007; x_wconf 88' lang='lat' dir='ltr'><strong>virtuosum,</strong></span> <span class='ocrx_word' id='word_1_800' title='bbox 1867 2967 2049 3010; x_wconf 89' lang='lat' dir='ltr'><strong>tanquam</strong></span> <span class='ocrx_word' id='word_1_801' title='bbox 2079 2973 2170 2998; x_wconf 89' lang='lat' dir='ltr'><strong>suae</strong></span> <span class='ocrx_word' id='word_1_802' title='bbox 2204 2964 2362 3000; x_wconf 87' lang='lat' dir='ltr'><strong>naturali</strong></span> <span class='ocrx_word' id='word_1_803' title='bbox 2390 2965 2524 3002; x_wconf 81' lang='lat' dir='ltr'><strong>rationi</strong></span> 
     </span>
     <span class='ocr_line' id='line_1_118' title="bbox 1468 3013 1718 3050; baseline -0.004 0"><span class='ocrx_word' id='word_1_804' title='bbox 1468 3013 1718 3050; x_wconf 88' lang='lat' dir='ltr'><strong>conformem.</strong></span> 
     </span>
    </p>
   </div>
   <div class='ocr_carea' id='block_1_46' title="bbox 1521 3115 2523 3161">
    <p class='ocr_par' dir='ltr' id='par_1_53' title="bbox 1521 3115 2523 3161">
     <span class='ocr_line' id='line_1_119' title="bbox 1521 3115 2523 3161; baseline 0.005 -9"><span class='ocrx_word' id='word_1_805' title='bbox 1521 3126 1546 3161; x_wconf 87' lang='grc' dir='ltr'><strong>β)</strong></span> <span class='ocrx_word' id='word_1_806' title='bbox 1567 3128 1645 3160; x_wconf 85' lang='lat' dir='ltr'><strong>quod.</strong></span> <span class='ocrx_word' id='word_1_807' title='bbox 1663 3141 1681 3147; x_wconf 77' lang='lat'>—</span> <span class='ocrx_word' id='word_1_808' title='bbox 1699 3127 1745 3159; x_wconf 85' lang='lat' dir='ltr'><strong>qui</strong></span> <span class='ocrx_word' id='word_1_809' title='bbox 1768 3127 2022 3160; x_wconf 84' lang='lat' dir='ltr'><strong>ACDEGKLszF,</strong></span> <span class='ocrx_word' id='word_1_810' title='bbox 2048 3135 2101 3153; x_wconf 88' lang='lat' dir='ltr'><strong>om.</strong></span> <span class='ocrx_word' id='word_1_811' title='bbox 2125 3128 2172 3161; x_wconf 82' lang='lat' dir='ltr'><strong>pF.</strong></span> <span class='ocrx_word' id='word_1_812' title='bbox 2190 3141 2209 3148; x_wconf 87' lang='lat'><em>-</em></span> <span class='ocrx_word' id='word_1_813' title='bbox 2228 3130 2321 3160; x_wconf 80' lang='lat' dir='ltr'><strong>Quoad</strong></span> <span class='ocrx_word' id='word_1_814' title='bbox 2346 3131 2482 3159; x_wconf 75' lang='lat' dir='ltr'><strong>editionem</strong></span> <span class='ocrx_word' id='word_1_815' title='bbox 2495 3115 2523 3156; x_wconf 64' lang='grc' dir='ltr'><strong> α</strong></span> 
     </span>
    </p>
   </div>
   <div class='ocr_carea' id='block_1_47' title="bbox 1465 3162 2367 3230">
    <p class='ocr_par' dir='ltr' id='par_1_54' title="bbox 1465 3162 2367 3230">
     <span class='ocr_line' id='line_1_120' title="bbox 1465 3162 1737 3187; baseline 0 0"><span class='ocrx_word' id='word_1_816' title='bbox 1465 3162 1524 3187; x_wconf 89' lang='lat' dir='ltr'><strong>vide</strong></span> <span class='ocrx_word' id='word_1_817' title='bbox 1542 3162 1737 3187; x_wconf 81' lang='lat' dir='ltr'><strong>Praefationem.</strong></span> 
     </span>
     <span class='ocr_line' id='line_1_121' title="bbox 1518 3197 2367 3230; baseline 0.005 -9"><span class='ocrx_word' id='word_1_818' title='bbox 1518 3197 1544 3230; x_wconf 88' lang='grc' dir='ltr'><strong>γ)</strong></span> <span class='ocrx_word' id='word_1_819' title='bbox 1565 3205 1626 3222; x_wconf 83' lang='grc' dir='ltr'><em>ηοη.</em></span> <span class='ocrx_word' id='word_1_820' title='bbox 1643 3211 1662 3217; x_wconf 83' lang='grc'><strong>·-</strong></span> <span class='ocrx_word' id='word_1_821' title='bbox 1680 3198 1741 3222; x_wconf 88' lang='lat' dir='ltr'><strong>Om.</strong></span> <span class='ocrx_word' id='word_1_822' title='bbox 1760 3197 2001 3229; x_wconf 80' lang='lat' dir='ltr'><strong>PACDGILpBFH.</strong></span> <span class='ocrx_word' id='word_1_823' title='bbox 2019 3210 2038 3216; x_wconf 91' lang='lat'><em>-</em></span> <span class='ocrx_word' id='word_1_824' title='bbox 2055 3197 2106 3222; x_wconf 87' lang='lat' dir='ltr'><strong>Pro</strong></span> <span class='ocrx_word' id='word_1_825' title='bbox 2124 3198 2204 3230; x_wconf 81' lang='lat' dir='ltr'><strong>ratio,</strong></span> <span class='ocrx_word' id='word_1_826' title='bbox 2223 3199 2320 3225; x_wconf 85' lang='lat' dir='ltr'><strong>bonum</strong></span> <span class='ocrx_word' id='word_1_827' title='bbox 2338 3200 2367 3226; x_wconf 82' lang='lat' dir='ltr'><strong>P.</strong></span> 
     </span>
    </p>
   </div>
   <div class='ocr_carea' id='block_1_48' title="bbox 1027 3276 1850 3310">
    <p class='ocr_par' dir='ltr' id='par_1_55' title="bbox 1027 3276 1850 3310">
     <span class='ocr_line' id='line_1_122' title="bbox 1027 3276 1850 3310; baseline -0.004 0"><span class='ocrx_word' id='word_1_828' title='bbox 1027 3277 1358 3310; x_wconf 74' lang='lat' dir='ltr'><strong>Commentaria</strong></span> <span class='ocrx_word' id='word_1_829' title='bbox 1379 3276 1629 3309; x_wconf 70' lang='lat' dir='ltr'><strong>Oardjnalis</strong></span> <span class='ocrx_word' id='word_1_830' title='bbox 1651 3276 1850 3310; x_wconf 73' lang='lat' dir='ltr'><strong>Caietam</strong></span> 
     </span>
    </p>
   </div>
   <div class='ocr_carea' id='block_1_49' title="bbox 357 3355 1414 3429">
    <p class='ocr_par' dir='ltr' id='par_1_56' title="bbox 357 3355 1414 3429">
     <span class='ocr_line' id='line_1_123' title="bbox 357 3355 1414 3429; baseline -0.003 -41"><span class='ocrx_word' id='word_1_831' title='bbox 357 3368 403 3429; x_wconf 75' lang='lat' dir='ltr'><strong>IN</strong></span> <span class='ocrx_word' id='word_1_832' title='bbox 432 3357 563 3388; x_wconf 79' lang='lat' dir='ltr'><strong>articulo</strong></span> <span class='ocrx_word' id='word_1_833' title='bbox 592 3356 683 3386; x_wconf 90' lang='lat' dir='ltr'><strong>tertio</strong></span> <span class='ocrx_word' id='word_1_834' title='bbox 712 3355 847 3386; x_wconf 87' lang='lat' dir='ltr'><strong>dubium</strong></span> <span class='ocrx_word' id='word_1_835' title='bbox 875 3362 921 3386; x_wconf 89' lang='lat' dir='ltr'><strong>est</strong></span> <span class='ocrx_word' id='word_1_836' title='bbox 950 3356 988 3385; x_wconf 93' lang='lat' dir='ltr'><strong>de</strong></span> <span class='ocrx_word' id='word_1_837' title='bbox 1018 3356 1117 3386; x_wconf 88' lang='lat' dir='ltr'><strong>modo</strong></span> <span class='ocrx_word' id='word_1_838' title='bbox 1149 3365 1214 3396; x_wconf 92' lang='lat' dir='ltr'><strong>quo</strong></span> <span class='ocrx_word' id='word_1_839' title='bbox 1239 3355 1414 3385; x_wconf 86' lang='lat' dir='ltr'><strong>similitudo</strong></span> 
     </span>
    </p>
   </div>
   <div class='ocr_carea' id='block_1_50' title="bbox 355 3399 1415 3527">
    <p class='ocr_par' dir='ltr' id='par_1_57' title="bbox 355 3399 1415 3527">
     <span class='ocr_line' id='line_1_124' title="bbox 386 3399 1415 3441; baseline -0.003 -10"><span class='ocrx_word' id='word_1_840' title='bbox 386 3408 431 3431; x_wconf 91' lang='lat' dir='ltr'><strong>est</strong></span> <span class='ocrx_word' id='word_1_841' title='bbox 453 3401 581 3441; x_wconf 87' lang='lat' dir='ltr'><strong>propria</strong></span> <span class='ocrx_word' id='word_1_842' title='bbox 597 3410 689 3430; x_wconf 88' lang='lat' dir='ltr'><strong>causa</strong></span> <span class='ocrx_word' id='word_1_843' title='bbox 709 3399 835 3429; x_wconf 88' lang='lat' dir='ltr'><strong>amoris.</strong></span> <span class='ocrx_word' id='word_1_844' title='bbox 862 3399 893 3429; x_wconf 88' lang='lat' dir='ltr'><strong>Si</strong></span> <span class='ocrx_word' id='word_1_845' title='bbox 915 3399 999 3429; x_wconf 88' lang='lat' dir='ltr'><strong>enim</strong></span> <span class='ocrx_word' id='word_1_846' title='bbox 1022 3399 1151 3439; x_wconf 89' lang='lat' dir='ltr'><strong>ponitur</strong></span> <span class='ocrx_word' id='word_1_847' title='bbox 1167 3409 1259 3430; x_wconf 83' lang='lat' dir='ltr'><strong>causa</strong></span> <span class='ocrx_word' id='word_1_848' title='bbox 1276 3409 1313 3429; x_wconf 85' lang='lat' dir='ltr'><strong>ex</strong></span> <span class='ocrx_word' id='word_1_849' title='bbox 1328 3405 1415 3438; x_wconf 83' lang='lat' dir='ltr'><strong>parte</strong></span> 
     </span>
     <span class='ocr_line' id='line_1_125' title="bbox 355 3443 1415 3485; baseline -0.003 -10"><span class='ocrx_word' id='word_1_850' title='bbox 355 3445 483 3481; x_wconf 81' lang='lat' dir='ltr'><strong>obiecti,</strong></span> <span class='ocrx_word' id='word_1_851' title='bbox 509 3444 659 3485; x_wconf 90' lang='lat' dir='ltr'><strong>sequitur,</strong></span> <span class='ocrx_word' id='word_1_852' title='bbox 677 3450 786 3474; x_wconf 89' lang='lat' dir='ltr'><strong>contra</strong></span> <span class='ocrx_word' id='word_1_853' title='bbox 805 3443 945 3483; x_wconf 89' lang='lat' dir='ltr'><strong>primum</strong></span> <span class='ocrx_word' id='word_1_854' title='bbox 969 3443 1151 3479; x_wconf 87' lang='lat' dir='ltr'><strong>articulum,</strong></span> <span class='ocrx_word' id='word_1_855' title='bbox 1181 3443 1269 3483; x_wconf 92' lang='lat' dir='ltr'><strong>quod</strong></span> <span class='ocrx_word' id='word_1_856' title='bbox 1293 3443 1415 3472; x_wconf 89' lang='lat' dir='ltr'><strong>bonum</strong></span> 
     </span>
     <span class='ocr_line' id='line_1_126' title="bbox 355 3486 1415 3527; baseline -0.002 -9"><span class='ocrx_word' id='word_1_857' title='bbox 355 3489 497 3519; x_wconf 84' lang='lat' dir='ltr'><strong>absolute</strong></span> <span class='ocrx_word' id='word_1_858' title='bbox 522 3499 587 3519; x_wconf 92' lang='lat' dir='ltr'><strong>non</strong></span> <span class='ocrx_word' id='word_1_859' title='bbox 612 3495 657 3518; x_wconf 88' lang='lat' dir='ltr'><strong>est</strong></span> <span class='ocrx_word' id='word_1_860' title='bbox 680 3487 807 3527; x_wconf 82' lang='lat' dir='ltr'><strong>propria</strong></span> <span class='ocrx_word' id='word_1_861' title='bbox 831 3496 925 3517; x_wconf 84' lang='lat' dir='ltr'><strong>causa</strong></span> <span class='ocrx_word' id='word_1_862' title='bbox 949 3486 1081 3522; x_wconf 88' lang='lat' dir='ltr'><strong>amoris,</strong></span> <span class='ocrx_word' id='word_1_863' title='bbox 1112 3487 1166 3516; x_wconf 88' lang='lat' dir='ltr'><strong>sed</strong></span> <span class='ocrx_word' id='word_1_864' title='bbox 1189 3487 1312 3517; x_wconf 87' lang='lat' dir='ltr'><strong>bonurn</strong></span> <span class='ocrx_word' id='word_1_865' title='bbox 1341 3496 1415 3516; x_wconf 87' lang='lat' dir='ltr'><strong>con·</strong></span> 
     </span>
    </p>
   </div>
   <div class='ocr_carea' id='block_1_51' title="bbox 1439 3353 1443 3523">
    <p class='ocr_par' dir='ltr' id='par_1_58' title="bbox 1439 3353 1443 3523">
     <span class='ocr_line' id='line_1_127' title="bbox 1439 3353 1443 3523; baseline 0 629"><span class='ocrx_word' id='word_1_866' title='bbox 1439 3353 1443 3523; x_wconf 95' lang='lat' dir='ltr'><strong> </strong></span> 
     </span>
    </p>
   </div>
   <div class='ocr_carea' id='block_1_52' title="bbox 1466 3354 2521 3528">
    <p class='ocr_par' dir='ltr' id='par_1_59' title="bbox 1466 3354 2521 3528">
     <span class='ocr_line' id='line_1_128' title="bbox 1466 3354 2521 3395; baseline 0 -10"><span class='ocrx_word' id='word_1_867' title='bbox 1466 3361 1601 3386; x_wconf 84' lang='lat' dir='ltr'><strong>tractum</strong></span> <span class='ocrx_word' id='word_1_868' title='bbox 1624 3355 1663 3385; x_wconf 86' lang='lat' dir='ltr'><strong>ad</strong></span> <span class='ocrx_word' id='word_1_869' title='bbox 1687 3355 1798 3386; x_wconf 86' lang='lat' dir='ltr'><strong>simile.</strong></span> <span class='ocrx_word' id='word_1_870' title='bbox 1821 3371 1839 3377; x_wconf 96' lang='lat'><em>-</em></span> <span class='ocrx_word' id='word_1_871' title='bbox 1863 3354 1895 3385; x_wconf 83' lang='lat' dir='ltr'><strong>Si</strong></span> <span class='ocrx_word' id='word_1_872' title='bbox 1917 3365 1992 3385; x_wconf 88' lang='lat' dir='ltr'><strong>vero</strong></span> <span class='ocrx_word' id='word_1_873' title='bbox 2020 3365 2086 3386; x_wconf 90' lang='lat' dir='ltr'><strong>non</strong></span> <span class='ocrx_word' id='word_1_874' title='bbox 2109 3356 2239 3395; x_wconf 88' lang='lat' dir='ltr'><strong>ponitur</strong></span> <span class='ocrx_word' id='word_1_875' title='bbox 2261 3365 2353 3386; x_wconf 78' lang='lat' dir='ltr'><strong>causa</strong></span> <span class='ocrx_word' id='word_1_876' title='bbox 2375 3365 2412 3386; x_wconf 87' lang='lat' dir='ltr'><strong>ex</strong></span> <span class='ocrx_word' id='word_1_877' title='bbox 2434 3361 2521 3394; x_wconf 82' lang='lat' dir='ltr'><strong>parte</strong></span> 
     </span>
     <span class='ocr_line' id='line_1_129' title="bbox 1469 3398 2520 3439; baseline 0 -11"><span class='ocrx_word' id='word_1_878' title='bbox 1469 3398 1591 3435; x_wconf 88' lang='lat' dir='ltr'><strong>obiecti,</strong></span> <span class='ocrx_word' id='word_1_879' title='bbox 1616 3399 1678 3429; x_wconf 91' lang='lat' dir='ltr'><strong>ruit</strong></span> <span class='ocrx_word' id='word_1_880' title='bbox 1700 3405 1786 3430; x_wconf 86' lang='lat' dir='ltr'><strong>totus</strong></span> <span class='ocrx_word' id='word_1_881' title='bbox 1809 3408 1975 3438; x_wconf 83' lang='lat' dir='ltr'><strong>processus</strong></span> <span class='ocrx_word' id='word_1_882' title='bbox 1998 3398 2030 3428; x_wconf 91' lang='lat' dir='ltr'><strong>in</strong></span> <span class='ocrx_word' id='word_1_883' title='bbox 2054 3409 2187 3439; x_wconf 90' lang='lat' dir='ltr'><strong>corpore</strong></span> <span class='ocrx_word' id='word_1_884' title='bbox 2210 3399 2338 3435; x_wconf 81' lang='lat' dir='ltr'><strong>articuli,</strong></span> <span class='ocrx_word' id='word_1_885' title='bbox 2361 3398 2520 3438; x_wconf 78' lang='lat' dir='ltr'><strong>assignans</strong></span> 
     </span>
     <span class='ocr_line' id='line_1_130' title="bbox 1470 3442 2519 3483; baseline -0.001 -10"><span class='ocrx_word' id='word_1_886' title='bbox 1470 3442 1630 3473; x_wconf 88' lang='lat' dir='ltr'><strong>obiectum</strong></span> <span class='ocrx_word' id='word_1_887' title='bbox 1653 3442 1817 3482; x_wconf 88' lang='lat' dir='ltr'><strong>utriusque</strong></span> <span class='ocrx_word' id='word_1_888' title='bbox 1842 3442 1958 3472; x_wconf 83' lang='lat' dir='ltr'><strong>amoris</strong></span> <span class='ocrx_word' id='word_1_889' title='bbox 1983 3443 2103 3483; x_wconf 85' lang='lat' dir='ltr'><strong>aliquid</strong></span> <span class='ocrx_word' id='word_1_890' title='bbox 2127 3443 2237 3473; x_wconf 80' lang='lat' dir='ltr'><strong>simile.</strong></span> <span class='ocrx_word' id='word_1_891' title='bbox 2267 3443 2308 3473; x_wconf 90' lang='lat' dir='ltr'><strong>Et</strong></span> <span class='ocrx_word' id='word_1_892' title='bbox 2335 3442 2367 3472; x_wconf 89' lang='lat' dir='ltr'><strong>in</strong></span> <span class='ocrx_word' id='word_1_893' title='bbox 2391 3452 2519 3482; x_wconf 88' lang='lat' dir='ltr'><strong>respon-</strong></span> 
     </span>
     <span class='ocr_line' id='line_1_131' title="bbox 1470 3486 2520 3528; baseline 0 -12"><span class='ocrx_word' id='word_1_894' title='bbox 1470 3486 1557 3516; x_wconf 89' lang='lat' dir='ltr'><strong>sione</strong></span> <span class='ocrx_word' id='word_1_895' title='bbox 1578 3487 1616 3517; x_wconf 90' lang='lat' dir='ltr'><strong>ad</strong></span> <span class='ocrx_word' id='word_1_896' title='bbox 1637 3487 1821 3522; x_wconf 81' lang='lat' dir='ltr'><strong>secundum,</strong></span> <span class='ocrx_word' id='word_1_897' title='bbox 1843 3496 1988 3526; x_wconf 87' lang='lat' dir='ltr'><strong>expresse.</strong></span> <span class='ocrx_word' id='word_1_898' title='bbox 2003 3486 2116 3517; x_wconf 91' lang='lat' dir='ltr'><strong>dicitur</strong></span> <span class='ocrx_word' id='word_1_899' title='bbox 2131 3487 2219 3528; x_wconf 93' lang='lat' dir='ltr'><strong>quod</strong></span> <span class='ocrx_word' id='word_1_900' title='bbox 2241 3496 2349 3516; x_wconf 81' lang='lat' dir='ltr'><strong>amans</strong></span> <span class='ocrx_word' id='word_1_901' title='bbox 2370 3486 2402 3516; x_wconf 92' lang='lat' dir='ltr'><strong>in</strong></span> <span class='ocrx_word' id='word_1_902' title='bbox 2423 3487 2520 3516; x_wconf 80' lang='lat' dir='ltr'><strong>altero</strong></span> 
     </span>
    </p>
   </div>
  </div>
 </body>
</html>
