2852 4152
994 312 1257 358 QUAESTIO
1285 313 1355 359 V1,
1384 312 1676 349 ARTICULUS
1705 313 1791 349 VIII

307 390 448 427 dictum
469 396 536 426 est.
557 389 648 426 Non
663 397 792 426 tamen
808 391 998 437 quaelibet
1012 390 1221 439 ignorantia
1235 391 1364 427 huius-

307 442 413 479 modi
433 441 687 489 cognitionem
707 442 841 490 privat.
863 444 911 480 Et
930 444 1016 480 ideo
1037 443 1234 480 sciendum
1260 444 1364 492 quod

305 494 514 542 ignorantia
532 494 723 542 tripliciter
741 507 780 531 se
797 495 911 531 habet
930 496 978 532 ad
998 504 1125 533 actum
1143 495 1363 533 voluntatis:

258 559 384 591 suno
403 547 535 594 modo,
552 547 866 593 concomitanter;
886 549 959 584 alio
982 549 1111 595 modo,
1129 560 1365 596 consequen-

70 868 80 878 *
93 867 120 889 ln
135 872 183 894 arg.
197 872 218 895 3.

43 1061 46 1064 -
70 1080 82 1091 ”
94 1079 170 1102 Μ.
185 1079 225 1101 lib.
237 1079 280 1106 m,

69 1111 283 1156 &auectas

306 607 380 646 ter;
399 598 508 636 tertio
524 599 655 646 modo,
672 600 947 637 antecedenter.
961 601 1270 638 Concornitanter
1285 601 1365 650 qui-

308 652 410 696 dem,
434 651 589 700 quando
615 651 825 699 ignorantia
853 661 908 690 est
935 654 981 690 de
1016 666 1061 689 eo
1095 654 1201 701 quod
1233 654 1364 702 agitur,

307 712 454 752 tamen,
488 703 603 741 etiam
636 704 667 741 si
699 704 873 752 sciretur,
905 705 1149 743 nihilominus
1181 714 1363 754 ageretur.

307 758 418 794 Tunc
446 756 548 794 enim
574 756 785 804 ignorantia
811 770 890 794 non
914 758 1056 795 inducit
1083 759 1132 795 ad
1155 759 1364 796 volendum

306 817 349 847 ut
374 810 450 846 hoc
475 809 554 856 fiat,
583 809 651 846 sed
671 810 805 847 accidit
831 810 942 847 simul
962 823 1043 848 esse
1067 811 1207 860 aliquid
1226 812 1381 848 factum.

308 870 344 899 et
367 862 603 910 ignoratum:
638 862 742 909 sicut,
762 862 800 899 in
829 864 1001 912 exemplo
1030 863 1154 912 posito
1182 863 1202 885 *
1221 862 1247 909 β,
1277 875 1364 900 cum

308 914 440 964 aliquis
468 914 583 951 vellet
610 915 766 962 quidem
796 916 969 952 occidere
987 917 1150 963 hostem,
1171 916 1239 952 sed
1261 915 1366 963 igno-

307 979 394 1004 rans
414 967 551 1004 occidit
570 979 671 1014 eum,
691 976 828 1016 putans
847 969 1021 1005 occidere
1037 980 1206 1005 cervum.
1223 969 1272 1004 Et
1285 968 1366 1004 talis

307 1020 518 1068 ignorantia
533 1032 611 1056 non
627 1020 714 1057 facit
732 1020 1041 1067 involuntarium,
1057 1028 1098 1057 ut
1111 1020 1366 1068 Philosophus

309 1072 397 1110 dicit
422 1072 463 1119 ²⁸,
493 1072 592 1123 quia·
609 1085 687 1110 non
717 1081 845 1110 causat
874 1073 1016 1122 aliquid
1050 1073 1155 1120 quod
1183 1073 1229 1110 sit
1256 1084 1367 1122 repu-

308 1137 427 1174 gnans
454 1126 654 1162 voluntati:
684 1126 751 1163 sed
779 1126 867 1163 facit
889 1139 962 1163 non
982 1125 1248 1172 voluntarium,
1278 1126 1367 1174 quia

309 1190 388 1216 non
410 1186 535 1227 potest
555 1191 636 1215 esse
657 1186 743 1215 actu
760 1178 923 1215 volitum
942 1178 1046 1226 quod
1065 1178 1278 1226 ignoratum
1298 1185 1364 1215 est.

363 1231 652 1280 Consequenter
671 1239 797 1268 autem
816 1243 856 1267 se
874 1231 989 1268 habet
1007 1230 1216 1278 ignorantia
1235 1232 1283 1268 ad
1297 1243 1367 1268 vo-

309 1285 503 1331 luntatem,
532 1283 756 1332 inquantum
783 1283 865 1332 ipsa
892 1283 1103 1330 ignorantia
1122 1291 1176 1319 est
1194 1284 1367 1320 volunta-

310 1337 375 1374 ria.
404 1337 455 1374 Et
480 1337 556 1375 hoc
583 1336 764 1383 contingit
791 1335 999 1383 dupliciter,
1029 1335 1241 1372 secundum
1269 1336 1367 1372 duos

309 1389 450 1434 modos
467 1387 670 1433 voluntarii
689 1400 805 1435 supra
817 1387 837 1410 ’¹‘
850 1387 1006 1435 positos.
1022 1387 1110 1424 Uno
1126 1388 1258 1434 modo,
1278 1388 1367 1436 quia

309 1437 644 1489 wmnffifis
671 1440 788 1477 fertur
813 1439 853 1476 in
873 1439 1142 1487 ignorantiam:
1162 1439 1260 1476 sicut
1278 1452 1367 1477 cum

263 1491 271 1494 ’
309 1492 442 1542 aliquis
475 1492 648 1541 ignorare
684 1493 766 1529 vult
792 1499 834 1528 ut
859 1496 875 1519 Υ
903 1491 1186 1529 excusationem
1223 1493 1367 1540 peccati

308 1546 458 1592 habeat,
480 1546 550 1583 «vel
567 1552 708 1582 ut-non
734 1545 943 1582 retrahatur
961 1556 984 1581 a
1001 1545 1211 1593 peccando,
1236 1556 1370 1582 secun-

310 1598 403 1646 dum
421 1597 512 1636 illud
524 1599 595 1635 Iob
612 1610 674 1635 xxl
686 1597 722 1634 *z
743 1597 943 1634 Scientiam
961 1597 1113 1634 viarum
1131 1603 1283 1634 tuarum
1302 1610 1367 1635 no-

309 1652 445 1698 lumus.
463 1652 513 1689 Et
539 1651 638 1694 haec
653 1649 1023 1698 diciturignorantia
1041 1650 1226 1687 affectata.
1242 1671 1267 1678 -
1281 1650 1367 1688 Alio

309 1704 430 1751 modo
449 1703 583 1741 dicitur
601 1702 812 1752 ignorantia
829 1703 1043 1740 voluntaria
1062 1703 1142 1740 eius
1160 1703 1266 1752 quod
1285 1703 1368 1752 quis

308 1764 434 1806 potest
461 1756 556 1794 scire
584 1763 620 1794 et
648 1756 777 1794 debet:
798 1755 850 1793 sic
879 1755 981 1793 enim
1005 1754 1084 1792 non
1102 1767 1214 1803 agere
1233 1763 1270 1792 et
1289 1768 1367 1793 non

309 1810 407 1856 velle
434 1809 692 1847 voluntarium
721 1809 867 1855 dicitur,
891 1816 933 1846 ut
956 1820 1070 1857 supra
1088 1808 1109 1830 ’¹‘
1134 1808 1277 1846 dictum
1300 1816 1366 1846 est.

2426 313 2475 349 63

1417 390 1500 439 quis
1520 397 1606 427 actu
1625 403 1703 427 non
1730 391 1943 428 considerat
1965 391 2070 439 quod
2094 391 2332 427 considerare
2351 397 2476 439 potest

1418 451 1454 480 et
1477 443 1602 490 debet,
1623 455 1721 491 quae
1741 451 1796 480 est
1813 443 2023 491 ignorantia
2041 444 2165 479 malae
2189 443 2392 489 electionis,
2412 445 2475 480 vel

1418 508 1463 532 ex
1491 496 1668 545 passione
1693 496 1757 534 vel
1785 507 1830 532 ex
1852 495 1982 532 habitu
2002 495 2251 544 proveniens:
2281 495 2361 532 sive
2387 508 2475 532 cum

1418 548 1550 597 aliquis
1578 548 1748 585 notitiam
1783 561 1899 597 quam
1931 548 2043 585 debet
2070 549 2226 595 habere,
2265 560 2344 584 non
2373 556 2476 585 curat

1418 601 1628 649 acquirere3
1653 609 1690 637 et
1713 602 1922 638 secundum
1948 601 2051 637 hunc
2070 601 2243 647 modum,
2268 601 2476 648 ignorantia

1417 653 1690 690 universalium
1718 653 1808 690 iuris
1826 651 1852 700 ὅ,
1881 665 1980 702 quae
2008 653 2092 702 quis
2116 653 2209 690 scire
2230 660 2388 700 tenetur,
2406 666 2476 690 vo-

1417 706 1576 743 luntaria
1605 706 1755 752 dicitur,
1794 706 1900 754 quasi
1932 718 2002 754 per
2038 706 2301 754 negligentiam
2338 718 2475 754 prove-

1419 758 1536 795 niens.
1553 779 1576 786 -
1594 759 1693 795 Cum
1717 766 1843 795 autem
1871 759 1952 807 ipsa
1972 758 2181 806 ignorantia
2201 758 2246 795 sit
2263 758 2477 795 voluntaria

1419 811 1546 858 aliquo
1561 811 1719 848 istorum
1739 812 1957 857 modorum,
1977 823 2056 848 non
2074 818 2198 860 potest
2217 823 2371 848 causare
2391 811 2476 847 sim-

1417 863 1561 911 pliciter
1589 863 1897 900 involuntarium.
1928 864 2070 900 Causat
2100 871 2230 900 tamen
2265 863 2476 900 secundum

1419 916 1509 964 quid
1538 915 1850 962 involuntarium,
1872 916 2097 964 inquantum
2115 916 2308 964 praecedit
2326 923 2475 953 motum

1417 968 1620 1004 voluntatis
1635 968 1683 1005 ad
1699 968 1836 1016 aliquid
1851 969 2055 1016 agendum,
2072 969 2136 1016 qui
2151 981 2230 1006 non
2245 976 2343 1006 esset
2356 968 2476 1006 scien-

1419 1021 1470 1057 tia
1499 1028 1707 1068 praesente.

1471 1073 1750 1110 Antecedenter
1786 1080 1913 1109 autem
1947 1086 1987 1110 se
2014 1074 2128 1110 habet
2159 1074 2208 1111 ad
2239 1074 2475 1110 voluntatem

1419 1125 1639 1173 ignorantia,
1659 1125 1814 1174 quando
1843 1138 1920 1162 non
1951 1134 2005 1162 est
2030 1126 2259 1173 voluntaria,
2286 1134 2321 1163 et
2347 1134 2477 1163 tamen

1419 1186 1476 1215 est
1504 1190 1618 1215 causa
1645 1177 1799 1215 volendi
1827 1178 1932 1226 quod
1960 1178 2050 1214 alias
2078 1179 2197 1215 homo
2217 1191 2295 1215 non
2318 1184 2330 1199 ⁸
2348 1180 2474 1216 vellet.

1420 1231 1525 1268 Sicut
1551 1243 1640 1268 curn
1657 1232 1778 1268 homo
1801 1230 1947 1278 ignorat
1966 1231 2133 1278 aliquam
2158 1231 2476 1268 circumstantiam

1419 1291 1524 1320 actus
1553 1296 1669 1332 quam
1697 1296 1775 1320 non
1803 1285 2001 1320 tenebatur
2033 1283 2144 1330 scire,
2176 1291 2212 1320 et
2239 1295 2284 1320 ex
2311 1284 2386 1320 hoc
2413 1284 2477 1320 ali-

1420 1336 1513 1383 quid
1532 1335 1618 1383 agit,
1639 1337 1743 1384 quod
1758 1348 1836 1373 non
1850 1336 1989 1373 faceret
2011 1335 2041 1372 si
2061 1336 2186 1373 sciret:
2206 1344 2298 1384 puta
2313 1348 2400 1373 cum
2415 1336 2478 1373 ali-

1421 1388 1516 1436 quis,
1542 1388 1730 1435 diligentia
1752 1389 1928 1435 adhibita,
1949 1389 2121 1426 nesciens
2139 1389 2305 1437 aliquem
2323 1388 2477 1426 transire

1419 1452 1488 1488 per
1513 1440 1634 1485 viam,
1663 1441 1811 1488 proiicit
1837 1441 2027 1488 sagittam,
2057 1454 2133 1490 qua
2160 1441 2335 1478 interficit
2359 1449 2477 1479 trans-

1421 1501 1586 1529 euntem.
1607 1493 1656 1529 Et
1682 1493 1765 1530 talis
1787 1493 1998 1540 ignorantia
2026 1502 2154 1531 causat
2181 1493 2478 1532 involuntarium

1421 1545 1648 1594 simpliciter.
2402 1581 2409 1586 ,

1474 1598 1523 1635 Et
1549 1610 1618 1646 per
1645 1598 1720 1634 hoc
1746 1605 1849 1646 patet
1876 1598 2072 1646 responsio
2106 1599 2154 1636 ad
2182 1599 2341 1636 obiecta.
2374 1600 2478 1636 Nam

1420 1651 1542 1699 prima
1556 1649 1649 1686 ratio
1665 1650 1896 1698 procedebat
1910 1649 1922 1675 ζ
1938 1650 1985 1687 de
2000 1651 2207 1698 ignorantia
2227 1663 2361 1688 eorum
2380 1663 2478 1699 quae

1420 1703 1503 1751 quis
1531 1710 1679 1740 tenetur
1701 1703 1808 1740 scire.
1833 1703 2011 1740 Secunda
2038 1711 2179 1751 autem,
2199 1704 2247 1741 de
2271 1704 2480 1751 ignorantia

1422 1755 1623 1802 electionis,
1652 1767 1751 1803 quae
1779 1755 2072 1804 quodammodo
2101 1764 2156 1793 est
2181 1757 2411 1804 voluntaria,
2438 1763 2481 1793 ut

1421 1808 1564 1846 dictum
1584 1816 1639 1845 est
1657 1808 1688 1846 *.
1704 1808 1834 1845 Tertia
1850 1820 1956 1855 vero,
1978 1809 2025 1846 de
2044 1809 2254 1857 ignorantia
2272 1821 2372 1858 quae
2391 1821 2481 1846 con-

310 1863 398 1910 Hoc
415 1861 525 1910 igitur
543 1862 663 1900 modo
684 1862 818 1899 dicitur
843 1861 1064 1909 ignorantia,
1093 1861 1175 1898 sive
1196 1873 1285 1898 cum
1304 1861 1368 1898 ali·
1422 1861 1646 1898 comitanter
1673 1873 1714 1898 se
1740 1861 1856 1898 habet
1882 1862 1931 1899 ad
1958 1862 2207 1899 voluntatem.

324 1993 392 2028 ,ι’ῐβ)Υ
403 1994 502 2028 posito.
519 2007 539 2014 -
555 1994 654 2020 scilicet
670 1994 768 2019 addunt
786 1989 843 2019 Ρα.’

1473 1993 1495 2025 ε)
1513 1993 1591 2018 homo
1609 2000 1671 2018 non.
1684 2008 1702 2012 -
1715 1993 1764 2019 hoc
1783 2000 1834 2018 non
1849 1991 2036 2024 ACDGKLpB,
2050 1999 2103 2017 non
2119 1992 2212 2017 PEHa.
2222 2006 2242 2013 ·-
2258 1992 2308 2018 Pro
2319 2000 2378 2018 cum
2393 1993 2482 2023 homo,

1419 2035 1478 2053 cum
1497 2028 1594 2060 aliquis
1611 2029 1690 2053 homo
1709 2029 1754 2053 Pa.

1473 2062 1498 2095 ζ)
1513 2063 1685 2094 procedebat.
1703 2078 1723 2082 -
1735 2063 1860 2096 procedit
1879 2063 1926 2087 Pa.

364 2152 368 2158 ··
984 2141 1316 2174 commentaria
1337 2141 1589 2175 Cardinah‘s
1611 2141 1812 2175 Caietam

342 2239 363 2261 u
379 2235 499 2260 ›octavo
522 2228 665 2265 articulo,
684 2228 848 2270 diligenter
866 2229 1093 2260 advertendum
1111 2235 1158 2260 est
1177 2229 1276 2269 quod,
1296 2239 1370 2259 cum

315 2242 518 2314 Iignorantia
537 2282 734 2314 consequens
753 2273 951 2303 voluntatem
969 2272 1130 2313 tripliciter
1147 2278 1295 2313 ponatur,
1313 2272 1369 2303 sci-

311 2316 384 2351 licet
399 2316 555 2352 affectata,
578 2316 681 2347 malae
703 2316 883 2352 electionis,
908 2322 939 2346 et
961 2316 1052 2352 iuris;
1077 2323 1108 2346 et
1126 2315 1228 2356 prima
1250 2315 1370 2346 differat

311 2361 357 2391 ab‘
373 2359 442 2391 aliis
463 2360 498 2390 in
518 2359 596 2396 hoc,
621 2360 710 2400 quod
736 2360 805 2399 ipsa
827 2366 874 2390 est
897 2359 1056 2390 obiectum
1085 2366 1172 2390 actus
1198 2359 1370 2390 voluntatis

311 2402 377 2446 (u
390 2403 476 2435 enim
488 2401 611 2445 volita),
626 2403 706 2434 aliae
727 2412 803 2433 vero
822 2408 897 2433 sunt
911 2403 1002 2443 quasi
1020 2403 1181 2434 obiectum
1200 2403 1372 2434 voluntatis

311 2447 453 2488 potentis
465 2453 497 2479 et
511 2447 653 2479 debentis
668 2446 752 2487 ipsas
775 2447 906 2478 abiicere
922 2446 1015 2489 (sunt
1030 2447 1115 2478 enim
1133 2446 1206 2478 ideo
1225 2447 1371 2478 volunta-

311 2491 387 2534 riae,
398 2491 474 2532 quia
495 2491 644 2523 voluntas
663 2497 771 2532 potest
793 2497 824 2521 et
838 2491 930 2531 debet
952 2491 1114 2522 actualiter
1130 2490 1326 2522 considerare
1341 2497 1372 2522 et

311 2533 468 2576 applicare
487 2535 527 2565 ad
550 2545 644 2577 opus,
667 2541 699 2565 et
713 2534 756 2565 sic
779 2534 942 2566 excludere
957 2534 1168 2575 ignorantiam
1190 2534 1292 2565 malae
1311 2535 1371 2566 ele-

313 2572 441 2617 ctionis;
461 2585 492 2609 et
514 2577 656 2610 similiter
677 2577 758 2608 velle
782 2578 942 2620 acquirere
965 2578 1127 2609 scientiam
1150 2578 1209 2609 sibi
1232 2588 1371 2609 necessa-

312 2623 394 2654 riam
415 2629 559 2663 tempore
582 2623 703 2659 debito,
724 2629 755 2652 et
778 2622 821 2652 sic
844 2622 1007 2653 excludere
1029 2622 1240 2662 ignorantiam
1262 2621 1370 2664 iuris);

216 2679 237 2688 ν
267 2684 269 2687 ·
311 2666 394 2697 inter-
407 2666 464 2697 has
480 2672 588 2697 autem
603 2667 682 2697 duas
698 2665 870 2697 differentia
890 2666 930 2697 sit
946 2667 1037 2707 quod
1050 2666 1226 2706 ignorantia
1245 2666 1371 2696 electio-

314 2710 363 2741 nis
379 2710 522 2747 consistit
532 2710 566 2741 in
576 2710 645 2750 i-psa
655 2710 834 2741 voluntaria
847 2710 961 2741 actuali
974 2710 1268 2746 inconsideratione,
1281 2709 1371 2750 igno-

314 2753 415 2785 rantia
427 2763 502 2784 vero
520 2754 598 2784 iuris
611 2754 645 2784 in
659 2754 838 2785 voluntaria
853 2754 1004 2785 habituali
1019 2754 1193 2794 privatione
1209 2754 1370 2785 scientiae:

315 2797 586 2839 quandocumque
608 2797 721 2840 aliquis
744 2807 782 2828 ex
799 2797 913 2828 actuali
936 2797 1098 2828 oblivione
1121 2798 1188 2828 eius
1211 2798 1299 2839 quod
1315 2797 1373 2828 scit

315 2841 348 2872 e't
360 2839 560 2872 habitualiter
581 2841 735 2877 meminit,
752 2844 908 2882 operatur,
929 2848 1074 2872 neutram
1096 2841 1306 2882 ignorantiam
1325 2841 1372 2871 in-

316 2885 426 2921 currit;
451 2885 605 2925 quoniam
628 2885 775 2915 omnium
802 2884 960 2915 reminisci
983 2895 1078 2925 supra
1099 2885 1238 2916 hominis
1260 2893 1306 2916 est
1328 2885 1372 2915 fa-

314 2928 475 2959 cultatem.
489 2929 646 2966 Quocirca
658 2929 684 2959 si
696 2928 776 2969 quis,
789 2935 871 2959 certa
882 2929 1057 2960 intentione
1071 2939 1270 2969 perseverans
1282 2929 1372 2960 nullo

1422 2229 1520 2259 modo
1536 2228 1688 2268 peccandi
1701 2228 1883 2264 mortaliter,
1897 2234 1928 2259 et
1942 2228 2041 2259 sciens
2058 2234 2256 2259 contractum
2266 2229 2363 2259 talem
2374 2238 2482 2269 sapere

1424 2282 1564 2308 usuram,
1589 2278 1620 2303 et
1642 2271 1849 2302 nihilominus
1872 2281 1938 2302 non
1960 2272 2101 2302 recolens
2124 2272 2285 2302 actualiter
2309 2273 2376 2303 eius
2395 2273 2484 2313 quod

1424 2315 1623 2346 habitualiter
1645 2315 1711 2352 scit,
1731 2315 1804 2346 facit
1818 2315 1914 2346 talem
1933 2321 2139 2352 contractum,
2155 2325 2220 2346 non
2238 2316 2378 2356 peccavit
2398 2326 2484 2347 mor-

1425 2358 1534 2390 taliter.
1559 2359 1600 2390 Et
1623 2359 1765 2389 similiter
1787 2358 1886 2389 sciens
1910 2359 2081 2396 Socratem,
2105 2359 2163 2389 sibi
2186 2366 2315 2396 notum,
2336 2370 2402 2390 esse
2425 2370 2484 2390 no-

1425 2403 1571 2434 minatim
1593 2403 1913 2439 excommunicatum,
1929 2410 1960 2433 et
1976 2410 2082 2434 tamen
2101 2403 2340 2434 communicans
2355 2413 2430 2434 cum
2445 2414 2484 2434 eo

1424 2447 1457 2477 in
1480 2447 1607 2483 divinis,
1632 2457 1670 2477 ex
1691 2447 1754 2478 hoc
1776 2447 1865 2487 quod
1887 2457 1954 2477 non
1977 2447 2137 2478 actualiter
2159 2447 2218 2478 sibi
2241 2448 2377 2478 occurrit
2398 2448 2485 2479 hunc

1425 2501 1492 2522 esse
1515 2490 1835 2528 excommunicatum,
1859 2497 2023 2522 excusatur
2045 2501 2063 2521 a
2082 2491 2216 2522 mortali.
2241 2491 2381 2528 Quilibet
2399 2491 2485 2522 enim

1425 2535 1457 2565 in
1482 2534 1586 2574 seipso
1610 2535 1766 2576 experitur
1783 2545 1849 2564 non
1873 2545 1939 2565 esse
1961 2534 1994 2564 in
2016 2541 2171 2585 potestate
2190 2545 2246 2565 sua
2269 2535 2357 2576 quod
2379 2545 2483 2567 recor-

1425 2578 1516 2609 detur
1539 2588 1651 2609 eorum
1674 2589 1756 2620 quae
1778 2578 1977 2609 habitualiter
2003 2579 2155 2609 meminit.
2180 2579 2312 2619 Propter
2334 2579 2422 2620 quod
2436 2580 2483 2610 in-

1426 2622 1635 2653 consideratio
1666 2622 1759 2659 haec,
1792 2632 1865 2653 cum
1889 2632 1954 2652 non
1985 2622 2025 2653 sit
2047 2622 2263 2654 concomitans
2290 2633 2347 2653 nec
2375 2633 2483 2653 conse-

1425 2676 1537 2706 quens,
1561 2666 1637 2706 quia
1658 2675 1725 2696 non
1749 2672 1795 2697 est
1818 2666 1951 2696 omnino
1974 2665 2007 2696 in
2030 2672 2184 2706 potestate
2207 2672 2326 2703 nostra,
2349 2667 2484 2697 locanda

1427 2717 1472 2741 est
1487 2710 1546 2740 sub
1562 2710 1780 2740 antecedente:
1801 2717 1907 2740 causat
1922 2709 2008 2740 enim
2021 2710 2272 2741 involuntarium
2291 2710 2483 2751 simpliciter,

1426 2760 1456 2784 et
1470 2754 1540 2794 ipsa
1551 2754 1641 2784 nullo
1653 2754 1752 2784 modo
1767 2760 1815 2784 est
1828 2753 1934 2786 volita.
1946 2756 1994 2784 Ac
2005 2763 2061 2793 per
2071 2754 2143 2790 hoc,
2160 2761 2286 2785 excusat
2300 2764 2365 2784 non
2376 2755 2484 2785 solum

1425 2808 1443 2827 a
1467 2805 1605 2838 peccato,
1621 2798 1676 2828 sed
1698 2808 1717 2828 a
1740 2797 1877 2828 censuris
1901 2798 2166 2838 consequentibus
2189 2798 2325 2838 culpam.
2345 2798 2386 2829 Et
2407 2798 2484 2829 haec

1426 2851 1484 2882 pro
1509 2841 1726 2872 consolatione
1749 2841 1906 2872 bonarum
1922 2842 2077 2872 mentium
2095 2841 2139 2872 ibi
2160 2842 2287 2883 culpam
2305 2841 2484 2872 timentium

1426 2885 1481 2915 ubi
1503 2885 1569 2915 non
1591 2885 1757 2925 reperitur,
1782 2886 1922 2916 notanda
1945 2885 2192 2926 applicandaque
2220 2892 2294 2916 sunt
2322 2895 2484 2916 occurren-

1427 2929 1511 2960 tibus
1535 2929 1665 2960 casibus.

2508 1823 2517 1832 ·
2531 1821 2557 1843 In
2572 1826 2677 1850 corpore.
