2852 4152
2 4025 14 4063 «ι

2 4079 11 4152 ξ

107 459 117 468 “
138 457 195 485 Cap.
214 463 229 478 v
262 462 285 478 n.
305 456 319 477 8

106 489 160 531 :3135
167 494 179 499 -
186 473 256 506 ssia.
266 483 319 504 lect.

103 1285 115 1296 ¹
128 1283 155 1306 h
168 1289 230 1311 resp.
244 1282 274 1306 ad
287 1289 303 1306 ι.

991 263 1257 310 QUAEST10
1287 263 1425 309 xlm,
1454 261 1750 298 ARTICULUS
1778 261 1864 297 v111

347 341 452 392 quod
470 342 586 378 iratus
605 340 757 389 appetit,
774 340 914 378 scilicet
927 341 1135 378 vindictae:
1158 349 1193 378 et
1211 342 1306 377 haec
1320 353 1403 390 per-

346 395 438 432 tinet
465 393 514 431 ad
527 395 728 442 furorem,
757 394 821 441 qui
859 406 1056 442 nunquam
1092 393 1249 442 quiescit
1281 394 1403 430 donec

345 447 487 497 puniat.
499 445 610 484 Unde
630 445 896 494 Philosophus,
917 447 955 483 in
975 447 1154 484 IVEthic.
1168 447 1199 493 *,
1216 446 1403 495 quosdam

346 499 587 537 irascentium
615 505 730 535 vocat
765 504 912 545 acutos,
943 499 1031 548 quia
1066 499 1139 535 cito
1172 498 1402 544 irascuntur3

347 552 538 602 quosdam
556 563 722 597 amaros,
751 551 842 599 quia
870 551 934 588 diu
962 552 1121 588 retinent
1148 551 1260 597 iram;
1289 564 1402 600 quos-

348 605 438 642 dam
466 604 645 653 dffdles,
673 603 763 652 quia
791 616 989 652 nunquam
1015 604 1212 653 quiescunt
1241 604 1310 641 nisi
1333 616 1403 652 pu-

347 657 462 695 niant.

399 711 458 747 An
477 721 615 746 prunum
637 719 736 745 ERGO
755 720 938 746 mCENDUM
966 709 1070 758 quod
1093 709 1223 747 omnia
1250 709 1311 746 illa
1334 721 1404 757 per

347 774 445 811 quae
458 761 515 799 ira
528 760 659 810 recipit
673 761 840 810 aliquam
855 762 1138 810 perfectionem,
1151 774 1230 799 non
1244 761 1402 798 omnino

343 826 414 863 per
432 813 606 851 accidens
628 826 668 850 se
687 814 830 851 habent
845 814 893 852 ad
912 814 1020 851 iram.
1037 815 1086 851 Et
1104 814 1191 852 ideo
1207 814 1296 851 nihil
1315 826 1403 862 pro-

342 866 448 904 hibet
475 866 687 904 seeundum
717 879 762 904 ea
790 867 936 915 species
964 867 1040 904 irae
1069 866 1260 915 assignari.

397 1014 422 1048 β)
442 1015 521 1048 quod.
538 1029 557 1034 -
575 1015 620 1048 qui
638 1016 740 1040 codices
760 1020 785 1040 et
802 1022 828 1040 a.

2438 272 2512 309 299

1509 342 1568 377 An
1603 351 1791 377 SECUNDUM
1824 351 2007 376 mci-:NDUM
2045 339 2149 387 quod
2187 340 2512 385 excandescentia,

1457 405 1574 441 quam
1598 392 1745 429 Tullius
1772 392 1896 441 ponit,
1926 392 2047 439 magis
2074 392 2223 429 videtur
2249 392 2436 440 pertinere
2466 393 2514 429 ad

1455 445 1620 495 primam
1648 444 1815 494 speeiem
1844 444 1933 492 irae,
1963 456 2062 494 quae
2088 445 2284 493 perficitur
2302 445 2514 481 secundum

1456 498 1695 535 velocitatem
1724 498 1813 545 irae,
1843 509 1958 546 quam
1977 497 2025 534 ad
2045 497 2224 533 furorem.
2254 497 2357 533 Nihil
2386 505 2513 533 autem

1456 551 1631 600 prohibet
1658 558 1699 588 ut
1725 550 1905 599 thymosis
1931 562 2078 598 graece,
2099 550 2204 598 quod
2221 548 2238 578 β
2266 549 2377 586 latine
2394 551 2515 597 furor

1459 603 1602 650 dicitur,
1622 611 1826 652 utrumque
1852 603 2042 651 importet,
2064 610 2100 639 et
2117 602 2357 639 velocitatem
2377 602 2424 639 ad
2443 602 2514 638 ira-

1457 657 1655 703 scendum,
1686 663 1722 692 et
1748 655 1965 693 firmitatem
1992 655 2175 704 propositi
2195 655 2243 692 ad
2262 654 2512 703 puniendum.

1510 710 1569 745 An
1588 720 1747 746 TERTIUM
1766 720 1949 746 mcENDUM
1969 708 2073 757 quod
2092 707 2229 755 gradus
2258 707 2309 744 illi
2335 707 2412 743 irae
2441 707 2514 744 dis-

1457 761 1676 809 tinguuntur
1708 761 1918 798 secundum
1947 760 2124 798 effectum
2153 761 2251 797 irae:
2280 772 2359 797 non
2387 767 2514 796 autem

1457 813 1669 850 secundum
1703 813 1893 851 diversam
1927 813 2202 862 perfectionem
2234 812 2351 862 ipsius
2389 820 2515 849 motus

1456 878 1546 902 irae.
1588 896 1595 901 .

1016 1101 1347 1133 commentaria
1371 1101 1622 1134 Cardinafis
1644 1100 1845 1134 Caietam

417 1200 504 1221 Misso
527 1189 663 1230 septimo
684 1189 830 1221 articulo:
846 1207 867 1212 -
885 1189 919 1220 in
942 1199 1009 1230 quo
1030 1189 1193 1229 diligenter
1215 1189 1348 1225 notabis,
1373 1196 1404 1220 et

346 1200 590 1265 Omemoriae
606 1233 769 1264 mandabis
789 1233 1022 1264 distinctionem
1041 1233 1104 1264 irae
1123 1243 1159 1264 ex
1178 1233 1403 1272 imaginatione

344 1285 376 1309 et
397 1277 519 1309 ratione
540 1277 573 1314 *;
596 1284 627 1308 et
649 1277 791 1308 advertes
813 1277 912 1317 quod,
929 1287 1003 1308 cum
1026 1275 1214 1308 scientificus
1237 1286 1341 1307 sermo
1365 1277 1403 1307 de

342 1322 389 1353 ira
412 1328 468 1358 est,
483 1320 668 1361 intelligitur
677 1321 716 1351 de
731 1321 778 1351 ira
797 1330 834 1351 ex
848 1320 969 1351 ratione
993 1320 1174 1351 nuntiante:
1198 1338 1218 1342 —
1233 1320 1267 1350 in
1279 1327 1402 1355 octavo,

343 1364 377 1396 in
395 1365 603 1407 responsione
619 1364 658 1394 ad
677 1363 827 1405 primum,
843 1363 968 1394 adverte
984 1364 1073 1404 quod
1088 1365 1210 1394 Auctor
1225 1373 1290 1393 non
1305 1363 1404 1403 aperit

343 1406 677 1449 intentinmm‘suam,
701 1417 741 1437 an
764 1406 919 1447 putaverit
941 1406 997 1436 has
1020 1407 1084 1437 irae
1098 1407 1217 1447 species
1233 1416 1300 1437 esse
1315 1415 1402 1436 veras

344 1449 474 1493 Species.
496 1451 539 1482 Et
560 1457 668 1491 posset
690 1449 770 1481 forte
794 1449 855 1480 dici
878 1451 966 1490 quod
989 1459 1055 1480 non
1079 1457 1153 1481 sunt
1170 1460 1260 1480 verae
1284 1449 1402 1490 species

1460 1198 1497 1219 ex
1515 1195 1603 1229 parte
1626 1188 1749 1224 obiecti,
1766 1188 1942 1219 secundum
1961 1188 2051 1218 cuius
2074 1197 2130 1228 per
2146 1198 2178 1219 se
2193 1188 2378 1219 differentias
2396 1188 2516 1228 passio-

1459 1243 1539 1263 num
1555 1232 1743 1263 differentiae
1759 1238 1944 1262 sumuntur:
1965 1231 2110 1272 quamvis
2129 1242 2165 1262 ex
2181 1239 2267 1272 parte
2288 1232 2427 1268 subiecti,
2445 1242 2515 1272 spe-

1460 1275 1546 1307 cifice
1570 1276 1811 1316 distinguantur.
1841 1275 2011 1307 obiectum
2040 1275 2124 1305 enim
2157 1276 2261 1306 omnis
2291 1275 2354 1306 irae
2380 1276 2515 1306 omnino

1458 1320 1544 1350 idem
1567 1327 1630 1351 est:
1655 1320 1710 1350 sed
1733 1330 1770 1350 ex
1789 1319 1996 1360 dispositione
2019 1319 2112 1355 varia,
2132 1319 2212 1350 fulta
2231 1319 2348 1350 scilicet
2361 1319 2515 1351 celeritate

1460 1363 1613 1400 cholerae,
1631 1363 1795 1400 memoria,
1810 1363 1861 1393 vel
1879 1363 2021 1403 appetitu
2037 1363 2118 1403 ipso,
2136 1362 2370 1394 diversificatur.
2384 1363 2517 1404 Propter

1459 1407 1558 1447 quod,
1583 1417 1650 1437 non
1672 1407 1765 1437 video
1789 1406 1848 1437 nisi
1868 1407 2073 1438 accidentales
2089 1406 2285 1444 differentias,
2301 1407 2375 1438 licet
2389 1417 2456 1437 non
2470 1413 2516 1438 to-

1459 1450 1560 1480 taliter
1583 1450 1796 1487 accidentales,
1821 1458 1856 1481 ut
1878 1451 1986 1481 album
2010 1457 2040 1482 et
2062 1451 2188 1491 nigrum
2211 1451 2252 1481 ad
2273 1451 2399 1482 animal.
