2846 4146
77 2523 148 2573 'finem
171 2529 236 2547 aum.
257 2530 289 2552 vr,

1011 205 1275 252 QUAESTIO
1305 204 1423 253 LXV,
1453 205 1747 242 ARTICULUS
1777 207 1790 242 I

318 290 433 316 rectam
452 284 599 315 electivus
623 284 718 314 medii
742 283 774 313 in
793 284 1052 315 delectationibus
1068 291 1177 320 tactus,
1195 295 1259 314 non
1277 291 1372 324 prout

317 327 502 359 electionem
526 327 621 358 medii
644 328 677 358 in
700 328 813 358 talibus
842 328 1099 359 delectationibus
1129 328 1281 367 contingit
1304 338 1371 358 cor-

317 371 423 412 rumpi
442 381 460 401 a
475 371 529 402 tali
548 378 602 402 aut
620 371 673 402 tali
688 371 849 411 passione;
867 373 921 402 sed
940 372 1129 412 simpliciter,
1147 373 1371 412 undecumque

318 415 478 455 contingat
491 416 531 445 ab
547 415 698 446 electione
713 415 782 445 talis
798 416 893 446 medii
909 416 941 445 in
958 416 1143 446 electionem
1159 422 1370 446 extremorum

316 459 467 490 vitiorum
489 459 653 490 declinare.
673 459 757 499 Ergo
777 460 1000 499 temperantiae
1014 460 1112 490 virtus
1128 460 1300 490 necessario
1316 459 1370 489 ha-

316 503 474 534 bituatum
494 500 596 534 reddit
618 502 762 533 animum
777 503 815 532 ad
831 503 1011 543 eligendum
1026 504 1087 534 tale
1103 504 1245 534 medium
1262 513 1371 534 secun-

317 547 395 577 dum
418 546 617 587 prudentiam
638 546 779 577 totalem.

372 590 439 621 VII.
462 592 673 630 Assumpturn
696 590 758 621 hoc
781 590 1006 621 manifestatur.
1027 591 1200 631 Dupliciter
1214 591 1369 631 siquidem

317 634 400 665 credi
419 640 523 674 potest
543 634 632 675 quod
655 634 753 664 virtus
777 635 914 671 moralis,
930 642 1007 675 puta
1021 635 1235 675 temperantia,
1253 634 1380 675 perficit-

315 678 472 708 animum.
493 677 610 714 Primo,
631 684 667 708 ut
689 678 855 710 declinatio
872 689 889 708 a
905 679 957 709 tali
975 679 1080 710 medio
1100 679 1200 709 oritur
1215 689 1251 709 ex
1267 678 1372 718 aliqua

317 727 399 752 certa
421 721 584 762 passione:
610 728 686 762 puta
709 729 744 752 ut
760 732 796 752 ex
811 732 918 753 amore
938 723 1209 763 concupiscentiae
1226 722 1371 753 declinari

316 765 396 796 solet
418 774 436 795 a
458 765 564 795 medio
588 765 620 795 in
644 765 903 797 delectationibus
926 773 1039 803 tactus;
1058 766 1100 797 ita
1115 767 1203 807 quod
1219 776 1284 796 non
1299 775 1370 806 spe-

316 815 379 840 ctat
399 809 439 839 ad
465 809 706 849 temperantiam
728 810 876 840 inclinare
905 811 944 840 ad
967 811 1147 850 eligendum
1175 810 1315 840 medium
1339 809 1370 839 in

315 852 574 883 delectationibus
588 860 698 890 tactus,
722 854 782 884 nisi
806 863 865 893 pro
887 860 1008 894 quanto
1028 854 1215 884 abducimur
1229 863 1246 884 a
1265 853 1371 883 medio

315 896 358 927 ob
373 904 516 927 amorem
534 897 711 937 superfluae
730 898 953 928 delectationis.
977 898 1122 928 Secundo
1139 904 1245 928 autem
1260 897 1370 933 modo,

316 946 352 971 ut
374 941 596 981 temperantiae
619 941 658 971 sit
681 941 828 972 inclinare
851 943 890 971 ad
913 942 974 972 tale
994 941 1135 972 medium
1152 948 1259 972 contra
1275 951 1371 982 quos-

315 994 378 1024 que
400 984 548 1025 impetuS,
565 994 602 1015 ex
620 994 822 1026 quacumque
845 986 990 1025 passione
1013 985 1242 1026 provenientes,
1262 986 1300 1015 ad
1318 985 1372 1015 ab·

315 1029 498 1059 ducendum
520 1038 538 1058 a
561 1029 615 1059 tali
638 1029 757 1059 medio:
783 1036 859 1069 puta
881 1039 918 1059 ex
941 1029 1076 1066 avaritia,
1097 1039 1134 1059 ex
1156 1029 1270 1060 timore
1286 1039 1371 1059 mor-

315 1072 364 1108 tis,
386 1078 442 1103 etc.
460 1071 616 1103 Differunt
637 1079 749 1103 autem
766 1073 924 1104 intantum
947 1073 979 1103 hi
1003 1074 1068 1104 duo
1092 1073 1191 1109 modi,
1208 1079 1243 1104 ut
1257 1083 1293 1103 ex
1309 1073 1370 1104 hoc

315 1116 451 1156 pendeat
473 1116 531 1147 ista
553 1116 678 1147 veritas:
695 1123 727 1147 et
740 1117 916 1147 secundum
931 1117 1070 1157 primum
1086 1118 1221 1147 modum
1237 1127 1302 1147 non
1319 1117 1372 1148 fiat

315 1159 429 1200 aliquis
457 1166 648 1200 temperatus
674 1160 734 1190 nisi
762 1161 936 1191 secundum
965 1161 1059 1201 quid;
1087 1161 1172 1192 iuxta
1195 1161 1371 1192 secundum

315 1213 402 1242 vero,
418 1203 472 1234 fiat
490 1210 683 1244 temperatus
698 1204 889 1244 simpliciter.
914 1205 1085 1242 Quoniam,
1110 1211 1146 1235 ut
1168 1211 1262 1245 patet,
1286 1205 1372 1236 iuxta

315 1247 455 1288 primum
474 1248 609 1278 modum
628 1257 693 1278 non
717 1254 762 1278 est
778 1247 957 1278 habituatus
973 1248 1012 1278 ad
1028 1249 1170 1279 medium
1185 1249 1218 1279 in
1237 1249 1370 1279 delecta—

316 1291 454 1330 tionibus
477 1298 578 1322 tactus
600 1291 659 1321 nisi
682 1291 858 1322 secundum
880 1292 967 1332 quid,
991 1292 1066 1332 quia
1084 1293 1259 1323 secundum
1283 1294 1372 1333 quod

314 1334 461 1365 oriuntur
478 1344 496 1365 a
511 1341 595 1365 certo
618 1334 740 1364 motivo
759 1341 898 1365 tantum:
921 1335 1007 1366 iuxta
1030 1336 1205 1366 secundum
1219 1346 1306 1372 vero,
1326 1343 1373 1367 est

314 1378 494 1409 habituatus
517 1378 558 1408 ad
579 1377 723 1408 medium
751 1378 784 1408 in
812 1378 1071 1409 delectationibus
1095 1385 1195 1409 tactus
1218 1380 1370 1416 totaliter,

258 1453 270 1455 ,
313 1420 587 1462 qmndum
609 1421 698 1461 quod
716 1421 863 1452 oriuntur
878 1430 914 1451 ex
927 1431 1134 1462 quocumque
1150 1423 1282 1454 motivo.

368 1465 467 1503 Quod
480 1471 588 1496 autem
601 1465 808 1504 temperantia
821 1465 927 1504 primo
943 1466 1042 1499 modo
1058 1475 1124 1495 non
1140 1466 1179 1496 sit
1193 1467 1300 1502 virtus,
1317 1468 1371 1497 sed

314 1509 454 1540 secundo
470 1509 570 1539 modo
586 1514 721 1545 tantum,
734 1518 799 1539 non
815 1515 885 1548 eget
899 1509 1100 1550 probatione:
1117 1509 1192 1549 quia
1208 1510 1371 1541 manifeste

314 1563 351 1584 ex
374 1562 435 1584 usu
457 1552 662 1584 convincitur.
691 1553 806 1583 Mulier
835 1552 919 1583 enim
947 1553 1107 1590 habituata
1135 1554 1175 1583 ad
1199 1554 1372 1585 castitatem

313 1603 471 1638 quantum
486 1603 533 1627 est
547 1606 584 1627 ex
599 1606 707 1627 amore
723 1596 978 1632 delectationum,
991 1597 1018 1627 si
1033 1597 1126 1636 inops
1142 1603 1174 1628 et
1185 1607 1275 1628 avara
1289 1599 1372 1629 male

313 1641 466 1672 merendo
487 1640 628 1672 venereis
648 1647 747 1677 vacat,
770 1641 882 1680 procul
905 1641 1003 1671 dubio
1026 1640 1233 1681 intemperata
1255 1649 1316 1672 est:
1342 1649 1373 1673 et

313 1685 456 1716 similiter
473 1685 499 1715 si
517 1684 630 1717 timore
653 1684 819 1715 verberum
841 1691 897 1715 aut
918 1685 1076 1721 infamiae,
1100 1691 1169 1721 etc„
1190 1685 1250 1716 hoc
1270 1685 1371 1716 faciat.

314 1729 404 1760 Idem
418 1738 495 1768 ergo
509 1735 556 1759 est
570 1729 671 1759 dicere
686 1730 775 1769 quod
789 1729 995 1769 temperantia
1009 1739 1076 1759 non
1092 1729 1212 1769 perficit
1227 1730 1371 1760 animum

313 1779 423 1804 eontra
436 1772 568 1804 timores
583 1779 614 1803 et
628 1772 704 1802 alias
715 1772 887 1813 passiones,
900 1779 936 1803 ut
947 1780 978 1803 et
992 1773 1182 1814 inquantum
1195 1780 1285 1804 natae
1297 1780 1372 1805 sunt

314 1825 515 1857 eorrumpere
534 1816 721 1847 electionem
744 1816 840 1846 medii
863 1816 894 1846 in
919 1817 1177 1848 delectationibus
1201 1823 1318 1854 tactus;
1342 1825 1374 1848 et

313 1860 416 1892 dicere
438 1860 527 1901 quod
550 1860 606 1901 qui
625 1860 811 1891 moechatur
834 1866 870 1890 ut
892 1860 1021 1897 furetur,
1045 1871 1111 1891 non
1135 1867 1181 1892 est
1204 1862 1371 1898 moechus;

314 1911 346 1935 et
359 1903 556 1935 meretricem
570 1904 612 1934 ob
627 1904 728 1934 solam
740 1904 910 1940 avaritiam,
924 1914 1018 1944 posse
1033 1905 1128 1935 simul
1140 1914 1207 1935 esse
1219 1912 1372 1946 tempera-

313 1955 392 1984 ωιτη
415 1954 448 1979 et
467 1947 591 1978 infinita
606 1947 793 1978 huiusmodi
807 1948 893 1979 falsa.
910 1949 1144 1989 Spectat'igitur
1162 1949 1202 1979 ad
1217 1950 1372 1980 moralem

311 1992 461 2024 virtutem
475 1991 624 2022 inclinare
639 1992 678 2022 ad
693 1991 835 2023 medium
849 1992 881 2023 in
894 1992 1021 2033 propria
1035 1993 1173 2029 materia,
1189 2003 1254 2024 non
1266 1994 1372 2024 solum

315 2036 512 2067 excludendo
529 2043 664 2067 extrema
680 2036 856 2067 secundum
872 2045 920 2073 se,
937 2037 992 2067 sed
1007 2037 1184 2067 secundum
1195 2038 1285 2078 quod
1297 2047 1373 2068 con-

313 2080 483 2111 nexionem
503 2080 620 2111 habent
645 2090 721 2113 cum
747 2080 848 2110 aliena
875 2080 1014 2112 materia.
1042 2081 1086 2111 Ut
1108 2081 1193 2111 enim
1216 2081 1248 2111 in
1272 2081 1374 2113 littera

314 2123 437 2160 dieitur,
453 2123 487 2154 in
502 2124 708 2164 responsione
724 2125 764 2154 ad
777 2124 906 2155 tertium
922 2131 952 2155 et
965 2132 1124 2165 quartum,
1141 2125 1274 2165 agibilia,
1292 2135 1373 2166 quae

314 2173 390 2198 sunt
404 2168 551 2198 materiae
564 2168 717 2199 virtutum
732 2167 911 2204 moralium,
925 2175 999 2199 sunt
1010 2169 1152 2203 ordinata
1167 2169 1206 2200 ad
1222 2169 1372 2200 invicem:

314 2218 346 2242 et
363 2218 530 2252 propterea
553 2222 655 2243 unum
677 2212 832 2242 redundat
849 2212 882 2242 in
898 2212 995 2243 aliud.
1010 2213 1052 2243 Et
1069 2219 1234 2253 propterea
1250 2219 1376 2253 oportet

314 2255 463 2286 virtutem
486 2256 640 2287 moralem
659 2255 807 2296 perficere
821 2256 864 2286 sic
880 2256 1024 2286 animum
1039 2256 1072 2286 in
1087 2257 1217 2296 propria
1233 2258 1372 2294 materia,

315 2306 352 2330 ut
365 2308 424 2330 nec
439 2309 477 2330 ex
490 2299 539 2329 his
555 2310 636 2340 quae
652 2299 732 2330 infra
747 2299 862 2330 limites
874 2299 1019 2340 propriae
1035 2300 1182 2330 materiae
1199 2301 1375 2331 secundum

315 2353 348 2374 se
371 2349 455 2379 sunt,
477 2352 536 2373 uec
559 2353 596 2374 ex
618 2343 666 2373 his
685 2353 768 2383 quae
786 2343 903 2374 intrant
924 2343 1040 2374 limites
1063 2344 1209 2384 propriae
1228 2345 1375 2375 materiae

315 2396 353 2418 ex
375 2386 572 2418 connexione
593 2387 678 2417 illius
697 2396 771 2417 cum
789 2387 867 2424 aliis,
883 2388 1058 2418 abducatur
1072 2398 1091 2418 a
1105 2387 1213 2418 medio
1228 2388 1375 2429 eligendo

315 2429 348 2461 in
370 2430 424 2461 illa
446 2430 584 2462 materia.
759 2443 761 2446 ’

360 2475 443 2505 VIII.
454 2474 495 2505 Et
506 2475 550 2505 sic
562 2481 648 2516 patet
663 2481 880 2514 assumptum:
900 2482 931 2506 et
946 2481 1039 2505 restat
1055 2475 1283 2506 manifestanda
1300 2485 1375 2506 con-

316 2517 479 2559 sequentia
485 2517 512 2555 *‚
523 2519 612 2559 quod
623 2518 741 2549 scilicet
753 2528 789 2548 ex
801 2519 863 2549 hoc
875 2526 1025 2559 sequatur
1036 2519 1125 2559 quod
1136 2519 1236 2550 virtus
1246 2520 1376 2550 moralis

317 2562 458 2602 coexigat
474 2562 676 2601 prudentiam
691 2562 833 2592 totalem.
853 2563 925 2592 Hoc
944 2569 1051 2593 autem
1067 2562 1111 2592 sic
1125 2563 1286 2602 probatur.
1306 2563 1376 2594 Vir-

315 2612 368 2637 tus
391 2605 521 2636 moralis
543 2605 629 2645 eligit
650 2606 794 2636 medium
816 2606 848 2636 in
868 2606 995 2646 propria
1024 2606 1154 2636 materia
1176 2606 1376 2646 simpliciter,

315 2649 397 2680 idest
418 2649 596 2680 secundum
618 2659 661 2686 se,
685 2656 716 2680 et
734 2656 770 2680 ut
787 2650 820 2679 in
836 2659 906 2679 eam
924 2650 1101 2680 redundant
1121 2650 1200 2681 aliae
1219 2651 1375 2682 materiae.

317 2694 403 2733 Ergo
425 2693 520 2733 exigit
541 2699 659 2724 rectam
686 2693 842 2724 rationem
865 2693 914 2724 sui
942 2695 1117 2724 secundum
1139 2704 1186 2730 se,
1210 2701 1241 2725 et
1263 2704 1374 2725 secun-

318 2738 397 2768 dum
416 2737 686 2777 comparationem
701 2737 741 2767 ad
759 2737 844 2768 alias.
865 2737 926 2768 Sed
941 2737 1003 2768 hoc
1018 2745 1065 2768 est
1079 2738 1246 2777 prudentia
1260 2739 1375 2769 totalis.

317 2782 414 2821 Ergo.
435 2798 457 2804 -
479 2781 614 2822 Sequela
635 2787 683 2812 est
704 2781 869 2812 manifesta
892 2791 929 2812 ex
952 2791 990 2812 eo
1014 2782 1103 2822 quod
1126 2782 1224 2812 virtus
1247 2783 1376 2813 moralis

318 2831 365 2856 est
387 2825 516 2856 electiva
541 2825 717 2856 secundum
743 2832 860 2856 rectam
890 2825 1056 2856 rationem.
1079 2826 1120 2856 Et
1142 2826 1223 2857 sicut
1246 2833 1292 2857 est
1314 2827 1376 2857 ele-

318 2869 398 2900 ctiva
417 2869 449 2899 in
472 2869 601 2910 propria
614 2869 743 2900 materia
764 2876 794 2900 et
814 2870 990 2900 secundum
1004 2879 1037 2900 se
1053 2876 1083 2900 et
1098 2871 1274 2900 secundum
1290 2880 1377 2901 com-

318 2912 515 2952 parationem
537 2913 578 2943 ad
599 2913 674 2943 alias
697 2913 852 2949 materias,
875 2913 918 2944 ita
937 2920 1063 2953 oportet
1077 2914 1166 2954 quod
1180 2914 1259 2945 ratio
1276 2914 1316 2945 sit
1329 2925 1376 2945 re-

318 2955 455 2987 ctificans
473 2956 562 2987 illam
576 2957 741 2988 materiam
756 2963 787 2987 et
804 2957 980 2988 secundum
996 2967 1039 2994 se,
1054 2964 1086 2988 et
1101 2958 1276 2988 secundum
1290 2968 1378 2989 com-

318 3000 516 3040 parationem
538 3001 578 3031 ad
596 3001 681 3032 alias.
705 3001 753 3031 Ex
776 3000 898 3031 defectu
917 3011 1056 3042 namque
1079 3008 1179 3032 rectae
1201 3002 1326 3042 regulae
1344 3003 1378 3033 in

318 3044 503 3075 huiusmodi
522 3044 821 3084 comparationibus,
841 3045 987 3084 provenit
1004 3046 1094 3086 quod
1111 3045 1293 3076 habituatus
1311 3046 1377 3076 ani-

319 3098 391 3119 mus
414 3089 448 3119 in
471 3088 619 3125 castitate,
644 3096 674 3119 et
696 3098 762 3119 non
785 3089 818 3119 in
836 3095 1029 3129 paupertate,
1045 3089 1237 3126 liberalitate,
1254 3089 1378 3120 fortitu-

319 3132 391 3162 dine
414 3139 445 3163 et
466 3132 594 3169 iustitia,
618 3139 748 3173 propter
768 3132 929 3163 avaritiam
945 3139 1000 3163 aut
1018 3133 1167 3163 timorem
1185 3139 1241 3164 aut
1255 3133 1377 3170 odium,

319 3183 428 3207 contra
451 3176 626 3207 castitatem
648 3176 730 3207 facit.
751 3176 963 3217 Comparatur
986 3176 1144 3217 siquidem
1167 3183 1243 3208 tunc
1266 3177 1299 3207 in
1323 3177 1377 3208 tali

319 3220 427 3251 animo
439 3221 563 3251 bonum
575 3220 721 3251 castitatis
733 3221 820 3251 bono
833 3220 996 3260 pecuniae,
1004 3227 1059 3251 aut
1070 3220 1224 3251 evasionis
1236 3231 1255 3251 a
1265 3228 1377 3258 morte,

319 3271 374 3295 aut
396 3265 541 3304 explendi
568 3264 726 3305 appetitus
754 3265 818 3295 odii
845 3264 1044 3301 huiusmodi;
1069 3271 1100 3295 et
1123 3265 1256 3296 dictatur
1278 3265 1379 3305 magis

319 3308 501 3348 eligendum
523 3318 610 3339 nunc
631 3309 693 3339 hoc
713 3318 867 3349 apparens
888 3309 1011 3339 bonum
1027 3318 1125 3349 quam
1139 3308 1219 3339 illud
1233 3319 1305 3339 vere
1320 3310 1378 3340 bo-

318 3362 408 3389 num,
421 3359 550 3393 propter
561 3352 723 3392 passiones
738 3362 793 3383 seu
808 3352 985 3383 affectiones
999 3363 1094 3389 nunc,
1106 3352 1168 3391 hic,
1181 3359 1249 3390 etc„
1262 3353 1301 3383 ad
1317 3353 1379 3384 hoc

319 3396 419 3436 magis
442 3406 540 3437 quam
561 3396 649 3427 illud.
673 3414 695 3420 -
718 3396 817 3434 Quod
839 3403 946 3427 autem
968 3396 1047 3428 ratio
1070 3403 1153 3427 recta
1178 3397 1257 3428 circa
1280 3406 1379 3427 unam

2403 213 2475 250 421

1427 283 1566 314 iudicans
1590 282 1669 313 inter
1691 283 1795 323 aliqua
1819 284 1893 319 duo,
1909 291 2035 323 oportet
2049 293 2237 323 cognoscere
2252 290 2431 323 utrumque.
2448 283 2480 313 Si

1428 327 1511 357 enirn
1534 328 1614 357 hanc
1637 334 1753 357 rectam
1775 327 1928 357 rationem
1953 334 2078 367 oportet
2108 337 2287 367 comparare
2311 327 2390 356 hanc
2414 337 2482 356 ma-

1427 371 1536 401 teriam
1559 371 1685 411 reliquis
1709 370 1883 410 agibilibus,
1901 377 2027 410 oportet
2045 381 2124 407 eam,
2141 371 2215 411 quia
2232 371 2309 400 ratio
2326 377 2380 406 est,
2398 377 2479 400 utra-

1426 425 1488 455 que
1508 423 1709 454 cognoscere;
1726 421 1756 444 et
1772 414 1846 454 quia
1861 422 1942 445 recta
1958 422 2013 450 est,
2030 415 2109 445 circa
2125 421 2257 454 utraque
2271 422 2387 445 rectam
2403 424 2479 444 esse.

1427 459 1560 489 Constat
1582 465 1688 489 autem
1711 465 1828 488 rectam
1850 458 2006 488 rationem
2030 458 2108 489 circa
2132 458 2239 488 omnia
2257 457 2390 497 agibilia,
2408 467 2480 497 pru-

1427 503 1565 533 dentiam
1587 511 1654 532 esse
1678 502 1818 533 totalem.

1481 546 1531 576 IX.
1551 547 1639 576 Patet
1657 545 1751 586 igitur
1765 555 1801 576 ex
1816 545 1905 576 dictis
1920 546 2008 586 quod
2024 545 2190 585 prudentia
2204 545 2340 584 partialis
2356 555 2420 574 non
2436 551 2481 575 est

1427 590 1592 630 prudentia
1606 590 1666 620 nisi
1682 589 1722 620 sit
1736 589 1851 620 totalis.
1876 589 1916 619 Et
1931 595 2168 630 consequenter,
2186 595 2222 619 ut
2238 589 2354 628 patebit
2365 587 2392 624 α’,
2418 588 2479 618 exi-

1427 634 1471 673 git
1494 643 1604 663 omnes
1628 633 1756 663 virtutes
1780 633 1924 663 morales.
1948 632 2080 673 Propter
2102 633 2190 673 quod
2213 632 2244 662 in
2262 632 2343 662 calce
2361 632 2480 662 articuli

1427 677 1540 708 dicitur
1557 677 1646 717 quod
1661 677 1804 716 defectus
1812 677 2006 717 prudentiae
2024 678 2110 707 circa
2127 685 2223 707 unam
2234 681 2362 716 partem
2378 676 2479 716 agibi-

1428 721 1517 758 lium,
1543 721 1707 751 induceret
1728 721 1885 762 defectum
1909 722 1995 751 circa
2018 721 2093 751 alia.

1482 765 1528 794 Ex
1551 765 1599 794 his
1621 771 1729 795 autem
1751 765 1846 794 habes
1869 765 2036 805 quomodo
2059 764 2260 803 intelligenda
2283 763 2322 794 sit
2341 762 2481 793 definitio

1427 808 1549 838 virtutis
1564 808 1691 838 moralis
1706 809 1732 838 11
1742 808 1879 845 Ethic.*,
1895 809 2001 848 quoad
2017 809 2098 838 duos
2112 807 2273 844 terminos,
2291 807 2407 838 scilicet
2421 807 2482 837 ele-

1427 853 1558 882 ctionem
1587 852 1696 889 medii,
1727 859 1757 882 et
1780 857 1898 882 rectam
1927 853 2092 882 rationem.
2123 851 2307 891 Intelligitur
2335 851 2420 881 enim
2443 851 2483 880 de

1427 895 1580 926 electione
1602 895 1698 925 medii
1721 905 1786 925 non
1806 896 1981 926 secundum
2004 895 2091 936 quid,
2116 896 2170 926 sed
2193 895 2383 935 simpliciter,
2404 894 2483 925 idest

1427 946 1534 970 contra
1554 949 1775 980 quaecumque
1791 939 1989 975 abducentia;
2006 946 2036 970 et
2047 946 2128 970 recta
2144 940 2274 975 ratione,
2291 948 2356 969 non
2373 948 2483 969 secun-

1427 984 1505 1013 dum
1523 983 1610 1024 quid,
1627 983 1707 1013 idest
1725 984 1900 1013 secundum
1916 990 2046 1022 partem,
2064 983 2118 1013 sed
2133 983 2383 1023 simpliciter·seu
2403 989 2483 1013 tota-

1428 1027 1506 1058 liter.
1522 1044 1543 1050 -
1557 1027 1599 1057 Et
1613 1026 1656 1057 sic
1673 1033 1759 1067 patet
1780 1028 1868 1066 quod
1888 1037 1924 1057 ex
1943 1026 2123 1057 definitione
2138 1027 2270 1063 virtutis,
2286 1027 2352 1056 sine
2371 1026 2483 1066 glossis

1427 1071 1620 1111 appositivis‚
1645 1070 1840 1101 excludendo
1863 1071 1970 1100 solum
1993 1081 2121 1101 sensum
2144 1066 2319 1101 sec'undum
2342 1070 2429 1111 quid,
2453 1076 2484 1100 et

1427 1116 1545 1146 utendo
1565 1125 1657 1145 sensu
1675 1114 1857 1154 simpliciter
1872 1113 1974 1156 (quod
1997 1114 2176 1154 regulariter
2197 1114 2230 1144 in
2249 1113 2483 1144 definitionibus

1426 1157 1635 1201 intelligitur);
1651 1158 1747 1188 habes
1765 1157 1994 1188 connexionem
2009 1158 2193 1199 prudentiae
2208 1158 2345 1188 totaliter
2366 1158 2406 1188 ad
2423 1158 2483 1188 vir-

1426 1209 1528 1233 tutem
1550 1202 1712 1232 moralem.

1481 1247 1520 1277 X.
1544 1247 1716 1286 Explanata
1739 1252 1845 1276 autem
1869 1252 1900 1276 et
1917 1246 2048 1285 probata
2071 1245 2173 1285 prima
2195 1245 2414 1285 propositione
2436 1254 2484 1274 as-

1427 1297 1567 1330 sumpta,
1591 1289 1749 1330 reliquum
1773 1296 1819 1319 est
1841 1295 1877 1320 ut
1899 1290 2051 1329 probetur
2073 1295 2103 1319 et
2126 1289 2308 1329 explanetur
2330 1289 2482 1324 secunda,

1426 1333 1543 1364 scilicet
1557 1334 1645 1373 quod
1651 1333 1826 1373 prudentia
1838 1334 1940 1373 exigit
1950 1342 2059 1363 omnes
2071 1334 2204 1364 virtutes
2214 1333 2352 1363 morales
2359 1333 2385 1362 *.
2397 1333 2484 1363 Haec

1427 1377 1603 1417 propositio
1626 1377 1698 1408 licet
1720 1377 1821 1416 possit
1835 1377 1960 1416 probari
1977 1387 2013 1407 ex
2029 1383 2115 1416 parte
2138 1377 2293 1412 materiae,
2310 1377 2385 1417 quia
2404 1377 2485 1407 sicut

1426 1420 1631 1460 temperantia
1654 1427 1819 1460 generatur
1837 1430 1873 1450 ex
1889 1420 2105 1460 frequentibus
2120 1421 2325 1451 electionibus
2340 1421 2436 1450 medii
2451 1421 2484 1450 in

1426 1464 1694 1500 delectationibus,
1710 1464 1753 1494 ita
1776 1464 1975 1503 prudentiam
1991 1471 2118 1504 oportet
2133 1465 2273 1503 generari
2289 1474 2325 1494 ex
2340 1464 2485 1505 frequen-

1425 1508 1510 1538 tibus
1525 1507 1648 1538 iudiciis
1664 1514 1694 1537 et
1707 1508 1880 1547 praeceptis
1895 1508 1975 1538 circa
1991 1517 2082 1538 suam
2098 1508 2271 1544 materiam,
2284 1518 2366 1548 quae
2380 1515 2426 1540 est
2439 1514 2486 1538 to-

1426 1559 1496 1582 tum
1511 1551 1637 1591 agibile3
1654 1568 1673 1573 —
1690 1551 1803 1581 melius
1818 1558 1924 1581 tamen
1941 1558 2135 1582 monstratur
2149 1552 2350 1591 propositum
2365 1562 2402 1582 ex
2417 1552 2486 1592 ipsa

1426 1594 1546 1625 ratione
1570 1594 1754 1634 prudentiae
1776 1595 1952 1625 secundum
1975 1605 2022 1631 se,
2047 1602 2082 1625 ut
2104 1595 2136 1624 in
2160 1596 2261 1625 littera
2282 1595 2318 1626 fit
2341 1605 2376 1625 ex
2400 1603 2486 1636 parte

1426 1638 1655 1679 principiorum
1673 1638 1772 1678 ipsius
1787 1639 1981 1678 prudentiae,
1995 1639 2048 1668 sic.
2064 1639 2232 1669 Prudentia
2247 1646 2293 1669 est
2311 1646 2392 1669 recta
2407 1640 2486 1670 ratio

1426 1682 1633 1718 consiliafiva,
1659 1682 1825 1713 indicativa
1849 1690 1879 1712 et
1903 1682 2108 1722 praeceptiva.
2133 1683 2217 1722 Ergo
2241 1681 2395 1713 rectitudo
2419 1683 2486 1713 eius

1426 1727 1519 1767 exigit
1533 1727 1678 1756 animum
1691 1733 1757 1757 tam
1773 1726 1949 1756 secundum
1965 1732 2086 1766 partem
2102 1727 2371 1766 apprehensivam,
2388 1724 2495 1767 quam*

1426 1771 1602 1802 secundum
1625 1777 1748 1810 partem
1764 1770 1978 1810 appetitivam,
1994 1777 2076 1800 recte
2091 1777 2122 1800 et
2137 1771 2215 1800 bene
2230 1781 2263 1801 se
2278 1770 2391 1801 habere
2407 1770 2487 1801 circa

1424 1815 1577 1855 principia
1600 1821 1700 1845 rectae
1723 1814 1862 1850 rationis,
1887 1824 1968 1854 quae
1991 1821 2066 1844 sunt
2083 1813 2161 1844 fines
2178 1814 2350 1854 agibilium.
2367 1815 2429 1845 Sed
2443 1815 2487 1845 sic

1424 1868 1457 1889 se
1473 1859 1586 1889 habere
1602 1859 1643 1889 ad
1655 1858 1840 1888 huiusmodi
1859 1857 1937 1888 fines
1954 1865 2000 1889 est
2014 1859 2127 1888 habere
2143 1868 2255 1889 omnes
2270 1859 2400 1889 virtutes
2417 1868 2486 1889 mo-

1424 1903 1502 1933 rales
1526 1902 1722 1943 principales.
1746 1903 1831 1942 Ergo
1859 1902 2025 1942 prudentia
2056 1902 2206 1942 coexigit‚
2236 1903 2411 1933 secundum
2434 1913 2484 1939 se,

1425 1957 1537 1977 omnes
1558 1946 1688 1977 virtutes
1706 1946 1902 1978 huiusmodi.

1478 1991 1676 2021 Antecedens
1699 1996 1793 2030 patet.
1810 2007 1828 2012 -
1844 1990 1978 2030 Sequela
2000 2000 2086 2027 vero,
2110 1990 2217 2031 quoad
2236 1996 2358 2030 partem
2373 2000 2484 2031 appre-

1426 2035 1599 2073 hensivam‚
1613 2042 1660 2066 est
1671 2044 1727 2074 per
1740 2042 1774 2064 se
1785 2041 1874 2065 nota:
1887 2034 1963 2075 quia
1975 2034 2098 2065 habitus
2115 2034 2358 2065 conclusionum
2370 2035 2487 2075 pendet

1425 2089 1462 2109 ex
1484 2078 1593 2109 habitu
1617 2078 1856 2120 principiorum.
1873 2095 1892 2102 -
1908 2078 2024 2115 Quoad
2043 2085 2163 2118 partem
2177 2087 2252 2108 vero
2269 2078 2482 2119 appetitivam,

1424 2123 1496 2153 licet
1518 2132 1555 2153 ex
1578 2122 1764 2163 supradictis
1786 2122 1805 2141 *
1827 2122 1866 2152 de
1889 2123 2055 2162 prudentia
2078 2128 2191 2162 pateat,
2215 2122 2348 2153 breviter
2369 2129 2485 2159 tamen,

1425 2166 1516 2207 quasi
1539 2167 1720 2207 repetendo,
1737 2166 1954 2197 manifestatur
1976 2166 2029 2197 sic.
2054 2166 2223 2197 Prudentia
2246 2176 2313 2196 non
2331 2173 2378 2197 est
2392 2167 2425 2197 in
2439 2176 2487 2197 ra-

1425 2211 1512 2241 tione
1535 2211 1653 2247 solum,
1677 2217 1714 2241 ut
1736 2210 1850 2241 dicitur
1871 2210 1904 2240 in
1927 2211 1969 2241 VI
1992 2210 2095 2241 Ethic.
2110 2209 2143 2240 ’κε
2163 2210 2239 2250 quia
2257 2217 2303 2241 est
2318 2211 2351 2241 in
2366 2211 2487 2242 ratione

1428 2262 1463 2285 ut
1485 2261 1574 2285 mota
1601 2255 1639 2284 ab
1663 2254 1818 2294 appetitu;
1844 2260 1874 2284 et
1904 2260 2033 2294 propter
2060 2254 2140 2290 hoc,
2165 2264 2230 2284 non
2254 2254 2385 2285 traditur
2407 2255 2488 2285 obli·

1425 2299 1522 2334 vioni,
1547 2305 1583 2329 ut
1604 2298 1723 2333 ibidem
1739 2298 1861 2328 dicitur.
1879 2298 1963 2337 Ergo
1978 2298 2134 2337 dependet
2150 2298 2188 2328 ab
2204 2298 2356 2340 appetitu,
2374 2299 2487 2338 procul

1426 2342 1525 2373 dubio
1548 2348 1644 2372 recto.
1670 2341 1840 2372 Obiectum
1863 2348 1970 2372 autem
1994 2341 2151 2382 appetitus
2167 2347 2214 2372 est
2228 2341 2309 2372 finis.
2327 2342 2412 2382 Ergo
2432 2343 2487 2372 de-

1427 2386 1543 2426 pendet
1566 2386 1604 2416 ab
1627 2385 1769 2426 appetitu
1793 2392 1875 2416 recte
1899 2395 1931 2416 se
1954 2385 2087 2416 habente
2110 2386 2150 2415 ad
2172 2384 2278 2415 finem.
2300 2386 2402 2423 Quod
2425 2392 2490 2417 erat

1428 2431 1597 2461 intentum.

1483 2474 1580 2511 Quod
1604 2480 1711 2504 autem
1733 2473 1909 2513 dependeat
1931 2473 2097 2512 prudentia
2120 2474 2158 2503 ab
2182 2473 2323 2512 appetitu
2342 2480 2428 2504 recto
2443 2483 2490 2504 re-

1428 2525 1537 2558 spectu
1553 2517 1701 2547 omnium
1715 2516 1829 2547 finium
1845 2516 2018 2556 agiffilium,
2031 2523 2062 2548 et
2076 2526 2142 2546 non
2157 2517 2252 2547 unius
2264 2523 2402 2553 tantum;
2418 2517 2490 2548 licet

1429 2570 1467 2592 ex
1488 2561 1694 2592 redundantia
1710 2560 1915 2590 connexionis
1928 2566 2036 2600 posset
2051 2560 2171 2596 haberi;
2188 2561 2221 2590 in
2237 2560 2337 2591 littera
2352 2558 2368 2575 *
2383 2567 2489 2591 tamen

1429 2606 1580 2645 probatur
1603 2614 1640 2635 ex
1662 2605 1724 2634 hoc
1747 2604 1845 2644 quod,
1869 2604 1950 2634 sicut
1968 2604 2097 2634 scientia
2116 2604 2272 2644 dependet
2287 2614 2324 2635 ex
2340 2604 2489 2635 omnibus

1428 2649 1528 2689 ipsius
1551 2648 1720 2689 principiis,
1739 2655 1769 2678 et
1787 2658 1854 2678 non
1875 2648 2033 2688 aliquibus
2049 2654 2183 2684 tantum,
2199 2648 2242 2678 ita
2258 2650 2347 2688 quod
2362 2658 2490 2688 geome-

1429 2694 1487 2724 tria
1509 2703 1614 2723 errans
1637 2692 1670 2722 in
1693 2701 1760 2722 uno
1784 2690 1950 2732 principio,
1967 2701 2032 2722 non
2049 2698 2095 2722 est
2110 2692 2249 2728 scientia;
2266 2692 2309 2722 ita
2324 2693 2490 2733 prudentia

1430 2748 1495 2768 non
1526 2744 1572 2767 est
1600 2736 1781 2777 prudentia,
1810 2735 1869 2766 nisi
1896 2736 2005 2766 omnia
2034 2736 2186 2776 principia
2213 2743 2295 2767 recta
2318 2743 2488 2777 supponat.

1429 2782 1522 2812 Fines
1544 2788 1652 2811 autem
1667 2780 1830 2820 agibilium
1846 2787 1968 2810 constat
1983 2790 2050 2810 esse
2065 2780 2217 2821 principia
2233 2790 2270 2810 ex
2285 2781 2401 2821 quibus
2416 2790 2490 2822 pru-

1429 2825 1534 2856 dentia
1553 2824 1712 2865 procedit;
1733 2831 1764 2855 et
1782 2824 1821 2854 ad
1840 2833 1921 2864 quos
1941 2831 2067 2864 oportet
2085 2824 2261 2864 appetitum
2285 2835 2317 2855 se
2333 2831 2414 2855 recte
2433 2825 2487 2855 ha-

1429 2871 1522 2900 bere:
1541 2868 1688 2909 alioquin
1712 2874 1743 2898 et
1764 2868 1796 2897 in
1821 2875 1892 2898 actu
1915 2867 2033 2904 iudicii,
2058 2868 2134 2908 quia
2155 2868 2320 2898 delectatio
2345 2877 2489 2899 corrum-

1424 2915 1475 2954 pit
1498 2914 1747 2944 aestimationem
1765 2912 1959 2952 prudentiae
1977 2912 2003 2948 *,
2021 2918 2051 2942 et
2073 2912 2105 2942 in
2129 2919 2200 2943 actu
2224 2912 2391 2952 praecepti,
2416 2912 2491 2953 quia

1430 2964 1476 2988 est
1498 2967 1517 2987 a
1539 2957 1659 2987 ratione
1682 2963 1718 2986 ut
1741 2956 1847 2986 subest
1869 2955 2032 2995 appetitui,
2057 2956 2217 2986 errabitur.

1485 3002 1526 3031 Et
1548 3001 1627 3031 scito
1655 3000 1758 3040 quod,
1787 3000 1860 3030 licet
1889 3006 1972 3030 recta
1998 2999 2076 3029 ratio
2105 3000 2268 3039 agibilium
2296 3000 2431 3040 pendeat
2454 3006 2491 3030 ex

1430 3052 1563 3085 utraque
1585 3044 1770 3082 rectitudine
1793 3044 1872 3074 circa
1890 3042 1977 3080 fines
1995 3043 2112 3074 scilicet
2134 3053 2171 3074 ex
2193 3043 2377 3075 rectitudine
2397 3043 2491 3084 partis

1430 3088 1683 3129 apprehensivae,
1701 3094 1732 3118 et
1750 3087 1952 3127 appetitivae;
1977 3087 2052 3127 quia
2074 3094 2180 3118 tamen
2203 3087 2358 3118 rectitudo
2383 3096 2491 3128 appre⁴

1430 3132 1578 3163 hensivae
1601 3141 1667 3162 non
1690 3138 1736 3162 est
1757 3131 1886 3171 propria
1901 3131 2094 3171 prudentiae,
2115 3132 2169 3162 sed
2191 3132 2371 3162 communis
2386 3131 2445 3162 sibi
2461 3138 2492 3162 et

1431 3177 1539 3207 ceteris
1557 3175 1725 3206 virtutibus
1740 3175 2002 3207 intellectualibus
2023 3174 2102 3206 circa
2126 3176 2359 3212 conclusiones,
2378 3182 2408 3206 et
2423 3178 2489 3206 Au-

1431 3221 1524 3251 ctoris
1547 3219 1692 3250 divinum
1715 3219 1878 3259 ingenium
1901 3228 1938 3249 ex
1960 3219 2095 3259 propriis
2123 3220 2287 3250 consuevit
2316 3219 2491 3250 doctrinam

1431 3265 1544 3295 facere:
1568 3264 1640 3294 ideo
1663 3263 1751 3293 illam
1774 3262 1899 3293 silentio
1926 3263 2116 3303 praeterivit,
2134 3270 2171 3302 ⁴et
2194 3263 2413 3294 rectitudinem
2435 3273 2491 3303 ap-

1431 3308 1562 3349 petitus,
1586 3317 1668 3348 quae
1691 3313 1737 3337 est
1759 3307 1887 3347 propria
1910 3307 2094 3347 prudentiae
2118 3306 2199 3349 (sola
2222 3307 2307 3337 enim
2326 3306 2492 3347 prudentia

1432 3351 1608 3383 secundum
1631 3360 1663 3381 se
1686 3352 1803 3391 pendet
1819 3360 1856 3381 ex
1871 3351 2013 3391 appetitu
2037 3357 2122 3381 recto
2145 3351 2306 3381 moraliter
2320 3349 2414 3393 finis),
2431 3359 2491 3391 po-

1432 3396 1495 3427 suit
1518 3395 1709 3436 principium
1732 3395 1926 3435 prudentiae.
1946 3392 1987 3425 Et
2002 3401 2167 3435 propterea
2182 3395 2376 3434 comparavit
2389 3394 2491 3435 ipsam

2507 591 2517 600 ⁸
2532 590 2601 612 Num.
2613 597 2663 618 seq.

2509 812 2518 820 ·
2534 810 2570 832 Cf.
2586 816 2648 832 num.
2664 817 2695 832 ιν.

2510 1335 2519 1343 ·
2535 1333 2571 1355 Cf.
2586 1338 2649 1354 num.
2664 1339 2686 1354 v.

2512 2128 2572 2156 'Qu.
2580 2129 2644 2155 nvr'n,
2652 2129 2694 2150 a'rt.
2701 2134 2723 2156 5.

2514 2218 2523 2227 '¹
2539 2216 2571 2238 Ca
2590 2222 2631 2242 .v,
2647 2215 2726 2237 n.8.-

2514 2243 2539 2265 S.
2549 2243 2570 2264 Τ
2588 2258 2594 2264 .
2609 2242 2660 2263 lect.
2675 2247 2705 2263 tv.

2515 2567 2526 2578 ⁸*
2540 2567 2566 2588 In
2583 2573 2643 2595 resp.
2657 2566 2686 2588 ad
2700 2573 2726 2593 4.

2517 2916 2728 2943 ·Cf.Aristot.‚1oc.

2517 2944 2557 2965 ult.
2573 2944 2620 2970 cit,⁷
2635 2949 2658 2965 n.
2673 2943 2696 2964 6.

85 3458 173 3481 ‘Ten-
187 3459 294 3512 31:¹45,
321 3440 484 3471 materiam
506 3447 572 3471 tam
594 3440 771 3471 secundum
793 3450 826 3470 se
850 3450 948 3481 qnam
970 3441 1147 3471 secundum
1169 3441 1202 3470 id
1225 3441 1314 3481 quod
1341 3451 1378 3472 ex
1432 3439 1603 3471 intellectui
1626 3439 1679 3480 qui
1705 3445 1751 3469 est
1770 3439 1895 3470 habitus
1919 3439 2156 3479 principiorum,
2174 3439 2279 3469 dicens
2295 3439 2393 3479 quod,
2410 3438 2490 3469 sicut

84 3485 295 3534 filh¹lg'1x-s⁰1⁸·ss'
321 3484 515 3515 conmione
537 3485 640 3521 habet,
665 3484 704 3515 sit
726 3485 892 3525 prudentia
915 3485 1030 3520 totalis,
1047 3494 1083 3515 ex
1106 3484 1162 3515 illo
1181 3484 1335 3525 principio
1351 3485 1377 3515 II
1432 3485 1464 3514 in
1488 3482 1687 3524 speculativis
1710 3483 1836 3514 scientia
1860 3483 1975 3523 pendet
1999 3492 2035 3513 ex
2057 3482 2165 3513 habitu
2190 3482 2425 3523 principiorum,
2449 3482 2492 3512 ita

85 3527 142 3561 1ἐαῖ
153 3527 188 3560 m’.
213 3528 219 3539 ’
243 3526 249 3533 ’
288 3525 295 3532 ’
321 3527 360 3558 de
374 3528 490 3559 Anima
501 3528 529 3565 ¹⁸,
545 3529 578 3559 in
594 3538 662 3568 cap.
675 3529 713 3558 de
725 3529 825 3559 Sensu
841 3528 1026 3565 Communi,
1043 3535 1142 3569 patet:
1160 3528 1276 3559 scilicet
1289 3529 1379 3569 quod
1432 3528 1465 3558 in
1490 3527 1662 3558 moralibus
1685 3534 1766 3558 recta
1789 3527 1868 3558 ratio
1892 3527 2008 3567 pendet
2031 3536 2068 3557 ex
2091 3533 2175 3557 recto
2199 3526 2340 3567 appetitu
2363 3525 2493 3556 finiumz
