2852 4152
0 2518 39 2561 *or

110 396 171 416 'Art.
181 400 206 422 3,
215 394 244 416 ad
253 400 271 420 ις

109 427 175 447 xvni,
183 424 226 442 art.
235 426 256 448 7,
266 426 279 441 ι

109 865 212 894 ·D·⁶3-

280 400 319 442 3¹¹1:

1034 255 1299 301 QUAESTIO
1329 255 1416 301 XX,
1446 255 1740 292 ARTICULUS
1768 256 1819 292 V1

347 332 557 370 secundum
592 331 697 380 quod
731 332 887 368 refertur
914 333 962 370 ad
991 345 1109 381 genus
1137 333 1254 370 moris
1271 363 1280 380 ,
1310 333 1404 370 sicut

347 393 384 422 et
412 397 432 421 e
461 396 660 431 converse,
689 391 731 420 ut
750 384 892 422 dictum
922 393 976 422 est
994 386 1025 423 ²¹⁶.
1054 386 1271 422 Ambulatio
1301 386 1402 422 enim

347 437 526 474 continua
557 444 613 474 est
640 449 740 473 unus
768 445 872 474 actus
899 438 1111 476 secundum
1146 448 1265 487 genus
1298 446 1404 476 natu-

347 502 431 527 rae:
459 496 585 538 potest
620 497 750 526 tamen
788 490 1002 538 contingere
1037 491 1142 539 quod
1179 491 1251 528 sint
1277 492 1404 540 plures

347 542 559 580 secundum
593 554 712 590 genus
749 543 887 590 moris,
917 543 947 580 si
975 552 1139 581 mutetur
1174 545 1404 581 ambulantis

346 596 534 642 voluntas,
551 606 649 643 quae
669 602 724 631 est
738 595 964 644 principium
984 604 1135 634 actuum
1156 596 1403 634 moralium.-

349 648 388 685 Si
409 660 498 696 ergo
527 646 730 695 accipiatur
748 660 847 684 unus
867 656 971 685 actus
1003 657 1116 697 prout
1135 657 1190 686 est
1208 650 1246 686 in
1265 661 1404 697 genere

349 700 482 747 moris,
510 699 744 748 impossibile
780 709 834 738 est
862 702 966 749 quod
994 702 1039 738 sit
1066 703 1190 739 bonus
1218 710 1254 739 et
1282 703 1405 739 malus

347 752 514 789 bonitate
534 760 571 789 et
589 752 730 789 malitia
758 754 903 790 morali.
926 754 964 791 Si
987 762 1115 791 tamen
1139 755 1184 791 sit
1205 767 1305 791 unus
1323 754 1405 791 uni-

346 812 421 842 tate
448 812 626 853 naturae,
658 813 693 842 et
720 818 798 843 non
830 806 970 844 unitate
1005 807 1142 855 moris,
1171 814 1295 856 potest
1323 819 1405 844 esse

346 857 471 894 bonus
500 865 535 894 et
564 859 685 894 malus
712 858 743 895 ²¹⁶.

399 912 458 947 An
487 922 623 948 PRIMUM
647 923 745 948 ERGO
764 923 947 949 DICENDUM
966 911 1071 960 quod
1089 911 1150 948 ille
1169 919 1296 948 motus
1317 924 1406 948 con-

346 962 473 1000 tinuus
507 963 571 1011 qui
601 964 773 1012 procedit
809 976 854 1001 ex
882 964 1033 1002 diversa
1063 964 1291 1011 intentione,
1319 963 1406 1001 licet

2442 258 2511 294 163

1459 333 1504 371 sit
1531 346 1630 370 unus
1666 333 1807 370 unitate
1845 342 2019 381 naturae,
2050 347 2128 371 non
2165 343 2221 372 est
2256 343 2383 372 tamen
2415 348 2514 372 unus

1457 386 1599 423 unitate
1626 386 1755 423 moris.

1511 441 1570 476 AD
1599 450 1787 477 SECUNDUM
1823 450 2006 477 mei-:noum
2042 439 2148 488 quod
2185 439 2282 476 actio
2318 447 2354 476 et
2389 441 2513 488 passio

1458 492 1645 540 pertinent
1672 492 1722 528 ad
1749 504 1868 539 genus
1896 492 2026 539 moris,
2055 492 2279 540 inquantum
2299 492 2440 528 habent
2458 506 2514 529 ra-

1458 545 1602 581 tionem
1630 544 1844 582 voluntarii.
1882 545 1931 582 Et
1963 544 2051 581 ideo
2089 545 2300 583 secundum
2330 545 2433 592 quod
2461 545 2514 582 di-

1458 610 1570 634 versa
1596 598 1792 635 voluntate
1830 597 2006 635 dicuntur
2038 597 2272 644 voluntaria,
2302 597 2512 634 secundum

1459 650 1533 686 hoc
1562 657 1649 686 sunt
1676 650 1752 687 duo
1782 650 1991 697 moraliter,
2022 658 2058 687 et
2084 657 2208 699 potest
2237 662 2282 686 ex
2308 661 2383 686 una
2410 657 2515 698 parte

1460 702 1584 739 inesse
1612 703 1770 750 bonurn,
1801 710 1836 739 et
1864 715 1910 739 ex
1937 702 2009 739 alia
2036 703 2192 740 malum.

1512 752 1571 790 An
1590 766 1748 792 Tem-ium
1768 767 1950 792 mOENDuM
1970 755 2075 803 quod
2103 763 2208 792 actus
2227 754 2338 802 servi,
2358 754 2515 802 inquan-

1460 814 1541 843 tum
1569 807 1741 855 procedit
1769 820 1813 844 ex
1839 808 2034 844 voluntate
2067 807 2188 855 servi,
2217 819 2295 844 non
2329 814 2384 850 est
2412 814 2516 843 actus

1461 859 1626 897 domini:
1656 860 1723 897 sed
1751 861 1876 897 solum
1903 860 2127 909 inquantum
2153 856 2327 911 procedit
2345 871 2391 896 ex
2409 870 2516 897 man-

1462 912 1550 948 dato
1579 911 1735 949 domini.
1773 913 1884 950 Unde
1917 913 1969 950 sic
2002 925 2081 950 non
2108 913 2194 950 facit
2220 912 2346 962 ipsum
2374 909 2517 949 malum

1460 965 1561 1001 mala
1588 965 1764 1002 voluntas
1793 965 1903 1003 servi.
2459 962 2461 965 ’

1024 1068 1352 1102 Commentaria
1375 1068 1622 1101 Oardjnalis
1644 1067 1843 1102 Caietam

350 1165 397 1227 IN
421 1156 553 1186 articulo
578 1163 664 1187 sexto
688 1157 830 1187 eiusdem
847 1156 1016 1196 vigesimae
1034 1156 1236 1197 quaestionis,
1254 1156 1332 1187 nihil
1350 1167 1402 1187 oc-

1460 1157 1602 1187 cundum
1625 1167 1658 1187 se
1677 1164 1723 1188 est
1744 1157 1778 1187 in
1800 1167 1912 1197 genere
1938 1165 2081 1194 naturae,
2106 1165 2135 1188 ct
2158 1158 2340 1189 secundum·
2355 1167 2427 1188 suas
2444 1167 2518 1188 con-

378 1200 473 1230 currit
496 1200 706 1237 scribendum,
728 1201 791 1230 nisi*
810 1200 937 1230 reddere
960 1200 1110 1231 lectorem
1133 1207 1286 1231 attentum
1313 1201 1404 1241 quod
1459 1200 1594 1231 ditiones
1617 1201 1649 1231 in
1672 1211 1784 1241 genere
1807 1201 1917 1232 moris.
1933 1202 1974 1232 Et
1997 1201 2073 1231 haec
2089 1202 2218 1231 dixerim
2242 1208 2372 1241 propter
2394 1202 2517 1232 Duran-

347 1253 413 1273 non
442 1244 516 1275 dicit
538 1246 660 1275 Auctor
682 1244 820 1275 eundem
843 1254 977 1274 numero
1001 1251 1107 1274 actum
1135 1244 1305 1274 voluntatis
1338 1254 1404 1274 non
1460 1245 1548 1281 dum,
1565 1245 1598 1275 in
1614 1245 1770 1281 Secundo,
1785 1245 1855 1276 dist.
1871 1256 1920 1282 XL,
1934 1255 1987 1286 qu.
2004 1255 2048 1281 111,
2065 1255 2104 1275 ne
2123 1245 2194 1286 quis
2210 1252 2299 1285 putet
2316 1252 2423 1276 contra
2439 1245 2519 1275 hanc

347 1297 441 1327 posse
458 1298 524 1318 esse
548 1287 721 1318 successive
743 1288 867 1317 bonum
883 1294 914 1317 et
936 1287 1074 1317 malum:
1099 1287 1154 1318 sed
1169 1287 1245 1317 dicit
1268 1287 1405 1317 eundem
1461 1288 1636 1319 doctrinam
1660 1289 1802 1320 militare.

347 1341 481 1362 numero
505 1338 611 1362 actum
634 1333 667 1361 in
690 1340 810 1371 genere
824 1332 931 1361 moris.
947 1333 1046 1361 Actus
1063 1330 1148 1360 enim
1170 1330 1340 1361 voluntatis
1360 1341 1406 1361 se-
