2852 4152
126 811 207 860 ὶῃξὲἀ
213 817 252 839 qu.
268 816 336 838 nix,

119 1446 336 1473 ‘videcomfiait
356 1440 388 1444 '⁷'

125 1474 260 1504 culam
267 1477 335 1502 nrt-3.

122 1576 336 1621 fflflssmffl.

128 2973 143 2986 ⁴
155 2973 216 2996 lbid.
231 2976 273 2995 nrt.
282 2980 306 3000 4.

1095 222 1359 268 QUAESTIO
1389 224 1436 270 L,
1465 224 1759 261 ARTICULUS
1790 226 1802 260 1

2460 229 2535 277 317

900 429 1308 505 QUAESTIO
1349 431 2018 508 QUINQUAGESIMA

1065 557 1149 597 DE
1182 556 1478 598 SUBIECTO
1513 558 1835 599 HABITUUM

1199 664 1233 688 IN
1263 664 1327 688 SEX
1354 664 1554 689 ARTlCULOS
1583 664 1698 689 DlVISA

447 766 554 792 emm-3
591 754 910 793 considerandum
944 765 999 794 est
1033 757 1080 794 de
1113 757 1282 794 subiecto
1318 757 1423 794 habi-

447 815 556 844 tuum
574 807 605 845 ³¹².

364 860 413 897 Et
441 860 539 897 circa
566 861 641 897 hoc
668 869 901 910 quaeruntur
928 873 1004 898 sex.

417 913 570 950 Primo:
598 921 726 950 utrum
754 914 791 950 in
821 926 980 963 corpore
1009 914 1055 951 sit
1082 914 1213 962 aliquis
1241 913 1402 950 habitus.

418 966 618 1003 Secundo:
646 974 775 1003 utrum
808 966 936 1004 anima
963 966 1009 1003 sit
1032 967 1242 1003 subiectum
1272 966 1422 1003 habitus

470 1019 682 1056 secundum
720 1032 829 1056 suam
867 1019 1089 1067 essentiam,
1119 1020 1182 1056 vel
1210 1019 1420 1056 secundum

471 1084 580 1110 suam
607 1072 827 1121 potentiam.
927 1074 932 1077 ”

1531 758 1683 794 Tertio:
1719 765 1847 795 utrum
1885 758 1923 795 in
1959 758 2134 807 potentiis
2177 759 2378 797 sensitivae
2413 760 2530 808 partis

1583 810 1701 858 possit
1729 823 1811 847 esse
1840 810 1973 860 aliquis
2000 811 2162 848 habitus.

1531 863 1698 908 Quarto:
1735 871 1863 900 utrum
1901 864 1939 900 in
1975 864 2058 912 ipso
2095 864 2282 902 intellectu
2319 865 2365 902 sit
2402 865 2532 914 aliquis

1582 915 1743 952 habitus.

1531 967 1695 1014 Quinto:
1729 975 1856 1004 utrum
1891 968 1928 1005 in
1956 969 2149 1006 voluntate
2183 969 2229 1006 sit
2261 969 2393 1018 aliquis
2425 970 2530 1007 habi-

1581 1027 1651 1056 tus.

1530 1073 1666 1109 Sexto:
1695 1080 1822 1109 utrum
1850 1073 1888 1109 in
1915 1073 2130 1110 substantiis
2158 1075 2350 1123 separatis.

1167 1180 1482 1222 ARTICULUS
1514 1181 1718 1222 PRIMUS

975 1273 1130 1303 UTRUM
1154 1272 1197 1302 1N
1221 1272 1423 1303 CORPORE
1447 1272 1513 1302 SIT
1536 1273 1707 1310 ALIQms
1731 1274 1917 1305 HAsssz

1192 1350 1222 1374 111
1242 1350 1324 1378 Sent„
1345 1350 1402 1374 dist.
1421 1358 1494 1381 xxm,
1513 1358 1558 1383 qu.
1576 1358 1599 1380 1,
1619 1357 1664 1376 art.
1682 1359 1703 1376 1.

482 1458 550 1498 'oq'
577 1449 600 1474 D
615 1448 752 1474 PRIMUM
771 1448 824 1474 sm
844 1448 1071 1474 PROCEDITUR
1085 1436 1116 1474 ²¹⁶.
1141 1437 1300 1474 Videtur
1319 1438 1424 1486 quod

498 1490 546 1535 ὲέι
577 1489 617 1526 in
645 1501 806 1538 corpore
834 1501 912 1526 non
941 1489 985 1526 sit
1012 1489 1146 1538 aliquis
1182 1489 1345 1526 habitus.
1374 1491 1424 1527 Ut

384 1546 407 1589 ’,
434 1559 503 1589 pr,
514 1528 545 1585 ’ᾖ
560 1540 565 1544 ⁴
579 1541 679 1579 enim
699 1542 991 1579 Commentator
1019 1542 1117 1590 dicit,
1142 1541 1180 1578 in
1200 1543 1249 1578 111
1269 1543 1314 1579 de
1331 1543 1423 1579 Ani-

423 1589 519 1627 &w
535 1587 642 1631 ma
668 1594 709 1642 ²⁸,
737 1595 884 1632 habitus
919 1600 973 1631 est
1007 1606 1080 1643 quo
1117 1596 1198 1643 quis
1225 1595 1308 1644 agit
1337 1606 1422 1632 cum

363 1648 533 1686 voluerit.
564 1647 641 1685 Sed
669 1647 838 1684 actiones
867 1648 1083 1696 corporales
1115 1660 1194 1684 non
1227 1648 1424 1684 subiacent

363 1700 568 1739 voluntati:
600 1712 688 1737 cum
717 1701 790 1737 sint
817 1701 1017 1737 naturales.
1047 1701 1149 1748 Ergo
1186 1700 1224 1736 in
1262 1713 1422 1749 corpore

365 1766 444 1791 non
472 1760 598 1802 potest
626 1765 708 1790 esse
737 1753 870 1802 aliquis
898 1753 1059 1790 habitus.

420 1818 455 1843 2.
476 1807 718 1852 PRAETEREA,
748 1818 884 1843 omnes
912 1805 1177 1855 dispositiones
1206 1807 1422 1855 corporales

366 1866 453 1897 sunt
470 1859 578 1896 facile
597 1858 769 1896 mobiles.
792 1858 868 1896 Sed
895 1859 1045 1896 habitus
1066 1866 1120 1895 est
1147 1858 1305 1907 qualitas
1326 1859 1422 1896 diffi-

368 1912 437 1949 cile
465 1910 628 1949 mobilis.
649 1912 751 1959 Ergo
781 1912 882 1948 nulla
910 1911 1104 1960 dispositio
1129 1912 1335 1960 corporalis
1353 1925 1421 1961 po-

365 1971 437 2002 test
465 1976 546 2001 esse
575 1969 592 1986 ²
619 1964 781 2001 habitus.

422 2018 456 2054 3.
473 2018 714 2064 PRAETEREA,
740 2029 876 2054 omnes
904 2016 1168 2066 dispositiones
1206 2019 1422 2066 corporales

367 2070 561 2107 subiacent
588 2069 807 2107 alterationi.
830 2069 906 2107 Sed
925 2069 1094 2106 alteratio
1123 2082 1201 2106 non
1221 2078 1278 2107 est
1295 2070 1365 2107 nisi
1384 2071 1421 2107 in

366 2122 473 2160 tertia
499 2123 625 2173 specie
653 2122 848 2172 qualitatis,
869 2135 967 2171 quae
996 2122 1173 2160 dividitur
1197 2130 1328 2160 contra
1355 2124 1421 2160 ha-

367 2175 501 2213 bitum.
522 2177 625 2224 Ergo
653 2176 776 2212 nullus
804 2176 954 2212 habitus
983 2184 1039 2212 est
1065 2175 1104 2212 in
1133 2187 1304 2224 corpore.

420 2229 494 2266 SED
510 2240 656 2266 CONTRA
674 2240 740 2266 EST
759 2230 863 2278 quod
883 2228 1150 2277 Philosophus,
1167 2228 1205 2264 in
1222 2229 1422 2265 Praedica-

253 2306 260 2318 .
293 2305 301 2312 ·
332 2305 338 2310 -
366 2281 497 2319 mentis
523 2281 556 2330 ³⁶,
576 2281 774 2318 sanitatem
795 2281 976 2330 corporis,
996 2281 1059 2318 vel
1086 2280 1343 2318 infirmitatem
1368 2281 1422 2317 in-

366 2334 586 2382 sanabilem,
606 2334 777 2371 habitum
805 2333 994 2371 nominari
1023 2332 1121 2370 dicit.

419 2387 645 2424 Responmzo
663 2398 847 2424 memnon
867 2387 985 2435 quod,
1002 2386 1096 2423 sicut
1115 2398 1229 2435 supra
1246 2386 1266 2407 *
1280 2386 1421 2424 dictum

368 2439 605 2487 est,.habitus
634 2447 689 2477 est
717 2439 906 2488 quaedam
935 2439 1128 2488 dispositio
1153 2439 1308 2476 alicuius
1336 2441 1421 2477 sub-

366 2492 451 2530 iecti
472 2493 660 2530 existentis
679 2493 718 2529 in
745 2492 914 2541 potentia
936 2492 998 2529 vel
1028 2492 1076 2528 ad
1096 2492 1272 2538 formam,
1292 2493 1354 2528 vel
1374 2493 1422 2530 ad

359 2546 641 2595 operationem.
673 2545 894 2582 Secundum
923 2556 1012 2591 ergo
1044 2544 1149 2592 quod
1176 2544 1326 2581 habitus
1353 2545 1422 2581 im-

366 2605 492 2646 portat
520 2597 806 2646 dispositionem
835 2597 884 2633 ad
912 2596 1186 2645 operationem,
1207 2597 1330 2633 nullus
1357 2598 1423 2633 ha-

367 2649 467 2687 bitus
487 2657 542 2686 est
559 2648 812 2698 principaliter
829 2649 867 2685 in
889 2660 1049 2697 corpore
1069 2648 1163 2685 sicut
1182 2648 1221 2685 in
1240 2649 1421 2686 subiecto.

369 2702 507 2739 Omnis
535 2701 637 2738 enim
662 2701 832 2750 operatio
861 2701 1029 2750 corporis
1050 2708 1106 2738 est
1133 2708 1197 2738 aut
1224 2714 1247 2738 a
1265 2702 1422 2738 naturali

369 2754 544 2804 qualitate
565 2754 750 2803 corporis3
771 2761 835 2791 aut
855 2762 910 2791 est
928 2755 976 2791 ab
997 2754 1124 2790 anima
1142 2761 1322 2791 movente
1343 2767 1424 2791 cor-

367 2819 452 2856 pus.
483 2807 678 2854 Quantum
716 2807 825 2855 igitur
852 2807 900 2844 ad
936 2807 1016 2843 illas
1049 2806 1288 2856 operationes
1324 2819 1423 2856 quae

369 2867 457 2897 sunt
476 2872 497 2896 a
516 2867 660 2907 natura,
681 2872 759 2896 non
780 2859 990 2908 disponitur
1013 2871 1150 2908 corpus
1168 2871 1238 2908 per
1256 2859 1422 2908 aliquem

368 2913 560 2950 habitum:
581 2912 668 2962 quia
690 2912 847 2950 virtutes
871 2912 1058 2949 naturales
1087 2919 1173 2948 sunt
1200 2911 1423 2949 determina-

368 2973 428 3003 tae
448 2965 497 3003 ad
515 2977 655 3011 unum3
683 2965 824 3003 dictum
845 2972 900 3002 est
918 2971 1045 3001 autem
1064 2963 1085 2986 ‘¹‘
1103 2965 1207 3012 quod
1226 2965 1423 3002 habitualis

370 3018 563 3068 dispositio
589 3017 787 3067 requiritur
805 3017 870 3054 ubi
890 3017 1102 3054 subiectum
1127 3025 1181 3053 est
1199 3017 1236 3053 in
1255 3017 1423 3066 potentia

369 3071 418 3109 ad
438 3071 567 3108 multa.
589 3071 841 3120 Operationes
868 3082 962 3107 vero
987 3081 1084 3118 quae
1109 3077 1195 3106 sunt
1222 3070 1269 3106 ab
1298 3069 1424 3107 anima

367 3136 437 3173 per
465 3136 616 3173 corpus,
635 3123 889 3173 principaliter
907 3122 1061 3171 quidem
1091 3129 1176 3159 sunt
1203 3122 1318 3170 ipsius
1347 3122 1424 3159 ani-

369 3189 477 3214 mae:
508 3176 731 3214 secundario
768 3188 862 3213 vero
891 3175 1007 3225 ipsius
1050 3174 1229 3223 corporis.
1263 3175 1424 3212 Habitus

370 3237 496 3267 autem
538 3229 875 3278 proportionantur
906 3227 1210 3278 operationibus:
1239 3227 1341 3264 unde
1376 3240 1425 3264 ex

367 3282 547 3320 similibus
575 3282 716 3319 actibus
733 3281 870 3319 similes
893 3281 1038 3318 habitus
1062 3285 1276 3326 causantur,
1301 3287 1343 3317 ut
1371 3281 1424 3318 di-

213 3339 220 3346 “
329 3330 342 3366 -³
369 3335 464 3372 citur
482 3335 520 3372 in
541 3336 572 3371 II
592 3335 711 3372 Ethic.
732 3335 753 3356 ⁸*
780 3335 829 3371 Et
851 3334 938 3372 ideo
969 3333 1232 3382 dispositiones
1255 3332 1303 3370 ad
1332 3334 1423 3370 tales

267 3393 274 3425 t
304 3392 314 3425 ”.
334 3383 341 3403 ³
369 3388 609 3438 operationes
623 3386 878 3438 principaliter
893 3386 1030 3424 suntin
1045 3386 1182 3423 anima.
1204 3387 1246 3422 In
1262 3397 1423 3435 corpore

1476 1450 1571 1474 vero
1589 1447 1749 1486 possunt
1768 1452 1850 1476 esse
1875 1441 2119 1478 secundario:
2149 1442 2372 1490 inquantum
2393 1443 2531 1481 scilicet

1479 1503 1616 1538 corpus
1645 1491 1856 1539 disponitur
1884 1500 1920 1528 et
1947 1493 2159 1530 habilitatur
2187 1496 2234 1531 ad
2262 1504 2438 1544 prompte
2468 1497 2532 1534 de-

1478 1543 1721 1579 serviendum
1751 1544 2032 1592 operationibus
2061 1546 2221 1583 animae.

1532 1595 1571 1631 Si
1598 1608 1691 1631 vero
1720 1597 1924 1644 loquamur
1952 1597 1998 1634 de
2027 1598 2272 1646 dispositione
2300 1600 2458 1638 subiecti
2482 1602 2532 1638 ad

1477 1648 1662 1694 formam,
1690 1648 1742 1684 sic
1769 1649 1967 1685 habitualis
2005 1650 2199 1698 dispositio
2232 1659 2356 1700 potest
2384 1665 2466 1690 esse
2493 1654 2532 1690 in

1478 1712 1649 1749 corpore,
1671 1701 1775 1749 quod
1795 1709 2038 1750 comparatur
2065 1703 2112 1740 ad
2137 1703 2305 1741 animam
2333 1705 2427 1742 sicut
2445 1707 2532 1742 sub-

1476 1753 1615 1790 iectum
1643 1754 1692 1790 ad
1720 1754 1896 1791 formam.
1918 1755 1967 1791 Et
1989 1755 2064 1791 hoc
2093 1756 2211 1793 modo
2231 1757 2368 1794 sanitas
2397 1765 2433 1794 et
2450 1759 2532 1806 pul-

1477 1805 1664 1853 chritudo,
1696 1814 1731 1843 et
1757 1807 1996 1855 huiusmodi,
2024 1808 2234 1845 habituales
2268 1809 2531 1858 dispositiones

1477 1858 1652 1895 dicuntur
1678 1857 1704 1896 β.
1726 1860 1817 1896 Non
1842 1867 1970 1896 tamen
1998 1861 2161 1908 perfecte
2184 1862 2326 1898 habent
2344 1863 2530 1900 rationem

1475 1911 1695 1948 habituum:
1718 1912 1805 1960 quia
1833 1924 1970 1956 causae
1999 1925 2132 1949 eorum
2154 1926 2198 1950 ex
2225 1927 2294 1951 sua
2322 1923 2454 1952 natura
2483 1916 2530 1952 de

1476 1964 1572 2000 facili
1600 1964 1902 2001 transmutabiles
1931 1972 2028 2002 sunt.

1528 2017 1743 2054 Alexander
1773 2029 1866 2054 vero
1903 2018 2030 2066 posuit
2061 2019 2164 2055 nullo
2202 2019 2320 2056 modo
2357 2020 2528 2059 habiturn

1475 2070 1536 2106 vel
1566 2069 1851 2119 dispositionem
1870 2070 2017 2118 primae
2036 2070 2175 2119 speciei
2196 2083 2278 2108 esse
2297 2072 2336 2108 in
2356 2085 2527 2122 corpore,

1475 2130 1517 2159 ut
1532 2122 1748 2171 Simplicius
1764 2122 1874 2159 refert
1888 2123 1926 2159 in
1942 2123 2174 2160 Commento
2189 2125 2526 2163 Praedicamenff:

1476 2175 1543 2212 sed
1571 2175 1719 2212 dicebat
1740 2175 1905 2224 primam
1933 2175 2100 2224 speciem
2129 2177 2313 2225 qualitatis
2340 2178 2528 2226 pertinere

1476 2235 1622 2264 tanturn
1652 2228 1699 2265 ad
1727 2227 1908 2265 animam.
1933 2228 1982 2264 Et
2009 2228 2113 2276 quod
2141 2229 2360 2267 Aristoteles
2387 2231 2530 2268 inducit

1476 2281 1513 2317 in
1527 2281 1843 2317 Praedicamentis
1859 2280 1906 2317 de
1926 2280 2081 2318 sanitate
2104 2288 2139 2318 et
2153 2281 2383 2330 aegritudine
2397 2283 2428 2331 ³¹⁸,
2448 2296 2527 2321 non

1476 2333 1618 2370 inducit
1633 2333 1739 2382 quasi
1752 2334 1847 2369 haec
1860 2337 1877 2361 Υ
1894 2333 2105 2382 pertineant
2119 2334 2167 2371 ad
2180 2334 2345 2383 primam
2364 2336 2529 2384 speciem

1477 2386 1673 2434 qualitatis,
1703 2386 1770 2422 sed
1789 2398 1858 2434 per
1877 2385 2037 2423 modum
2058 2387 2240 2436 exempli:
2263 2395 2305 2424 ut
2327 2388 2372 2425 sit
2399 2401 2530 2426 sensus

1476 2439 1582 2487 quod
1606 2438 1700 2475 sicut
1723 2438 1917 2486 aegritudo
1934 2446 1970 2475 et
1988 2439 2125 2476 sanitas
2142 2447 2303 2488 possunt
2322 2453 2404 2478 esse
2424 2441 2530 2478 facile

1476 2492 1537 2528 vel
1566 2491 1714 2528 difficile
1738 2491 1910 2538 mobiles,
1939 2491 1990 2528 ita
2018 2492 2130 2528 etiam
2160 2493 2356 2541 qualitates
2382 2494 2529 2542 primae

1477 2544 1626 2592 speciei,
1648 2555 1744 2592 quae
1766 2543 1939 2580 dicuntur
1957 2544 2107 2580 habitus
2126 2552 2163 2581 et
2182 2545 2390 2594 dispositio.
2408 2568 2432 2574 —
2453 2547 2528 2584 Sed

1475 2603 1578 2645 patet
1591 2597 1665 2632 hoc
1681 2608 1762 2632 esse
1778 2603 1908 2632 contra
1922 2595 2170 2634 intentionem
2185 2598 2404 2636 Aristotelis.
2425 2599 2529 2636 Tum

1477 2649 1566 2698 quia
1585 2648 1723 2688 eodem
1743 2648 1862 2685 modo
1881 2648 2062 2696 loquendi
2079 2649 2195 2686 utitur
2213 2651 2528 2699 exemplificando

1477 2702 1524 2738 de
1562 2701 1717 2738 sanitate
1756 2708 1790 2737 et
1827 2701 2072 2748 aegritudine,
2097 2709 2134 2738 et
2162 2703 2208 2739 de
2244 2703 2380 2740 virtute
2418 2711 2454 2740 et
2481 2705 2529 2742 de

1477 2754 1631 2804 scientia
1657 2753 1689 2790 ²¹³.
1719 2754 1822 2790 Tum
1851 2754 1940 2802 quia
1967 2753 2006 2790 in
2032 2754 2101 2791 VII
2120 2755 2268 2803 Pitysic.
2287 2755 2327 2777 ²¹⁸*
2355 2768 2528 2805 expresse

1477 2806 1584 2855 ponit
1610 2805 1706 2843 inter
1733 2805 1882 2843 habitus
1909 2806 2229 2855 pulchritudinem
2256 2815 2292 2845 et
2318 2809 2527 2847 sanitatem.

1520 2862 1588 2896 'An
1618 2870 1753 2896 ramum
1781 2870 1879 2896 ERGO
1914 2871 2098 2897 mCENDuM
2126 2860 2232 2908 quod
2268 2861 2429 2898 obiectio
2467 2862 2529 2899 illa

1476 2912 1649 2960 procedit
1668 2911 1715 2948 de
1735 2911 1865 2948 habitu
1890 2912 2100 2949 secundum
2123 2912 2228 2961 quod
2257 2920 2312 2950 est
2335 2913 2529 2963 dispositio

1478 2965 1526 3001 ad
1555 2964 1828 3014 operationem,
1858 2971 1894 3000 et
1921 2965 1968 3001 de
1992 2965 2136 3002 actibus
2165 2965 2333 3014 corporis
2361 2966 2532 3015 quisunt

1478 3029 1499 3053 a
1527 3024 1680 3054 natura:
1710 3029 1787 3053 non
1817 3024 1944 3053 autem
1963 3016 2011 3054 de
2039 3017 2097 3053 his
2125 3017 2189 3066 qui
2208 3025 2295 3055 sunt
2322 3019 2370 3056 ab
2390 3019 2528 3069 anima,

1478 3070 1647 3118 quorum'
1671 3068 1898 3118 principium
1927 3077 1982 3106 est
2008 3070 2197 3107 voluntas.

1530 3124 1589 3158 An
1618 3133 1806 3159 SECUNDUM
1830 3133 2013 3159 mcENDUM
2031 3123 2137 3170 quod
2165 3123 2429 3172 dispositiones
2449 3138 2531 3163 cor-

1477 3175 1627 3223 porales
1646 3186 1725 3211 non
1744 3182 1830 3211 sunt
1848 3174 2063 3223 simpliciter
2081 3175 2232 3213 difficile
2251 3177 2423 3225 mobiles,
2443 3190 2531 3227 pro-

1478 3235 1560 3276 pter
1574 3227 1861 3264 mutabilitatem
1874 3227 2128 3276 corporalium
2140 3241 2351 3266 causarum.
2364 3231 2529 3268 Possunt

1477 3287 1605 3317 tamen
1638 3291 1720 3317 esse
1748 3279 1898 3317 difficile
1921 3280 2082 3318 mobiles
2109 3293 2177 3330 per
2205 3283 2529 3330 comparationem

1477 3333 1527 3370 ad
1546 3333 1618 3369 tale
1646 3332 1871 3380 subiectum,
1891 3331 1980 3381 quia
2007 3333 2156 3381 scilicet,
2177 3334 2239 3371 tali
2266 3334 2434 3372 subiecto
2464 3336 2531 3373 du-

1478 3393 1594 3433 rante,
1615 3385 1785 3423 amoveri
1809 3397 1888 3422 non
1914 3394 2093 3435 possunt:
2123 3387 2184 3423 vel
2212 3387 2299 3436 quia
2321 3395 2407 3425 sunt
2435 3388 2531 3426 diffi-

421 3503 450 3535 α)
464 3506 554 3536 potest
572 3510 636 3528 esse.
653 3517 671 3522 -
689 3506 727 3527 est
747 3502 856 3527 codices.

422 3537 447 3571 β)
467 3539 600 3564 dicuntur.
619 3553 636 3557 —
656 3538 761 3563 habitus
779 3537 906 3562 dicuntur
923 3537 953 3568 E,
972 3538 1098 3562 dicuntur
1115 3537 1220 3562 habitus
1239 3536 1267 3561 F.

1532 3501 1558 3534 γ)
1580 3502 1655 3533 quasi
1673 3502 1746 3526 haec.
1763 3515 1782 3520 -
1800 3508 1883 3534 quare
1901 3502 1964 3527 haec
1982 3502 2140 3534 ACGlel-l,
2160 3502 2222 3534 quia
2241 3502 2304 3528 haec
2323 3503 2373 3534 BF,
2391 3504 2469 3535 quasi
2486 3504 2534 3529 Pa.

2556 2134 2565 2143 ·
2580 2133 2637 2161 Cap.
2647 2133 2677 2155 de
2693 2133 2764 2162 Quali

2556 2161 2579 2181 et
2593 2159 2681 2187 Qualit.

2555 2290 2565 2300 ·
2584 2290 2620 2312 ef.
2640 2296 2687 2318 arg.
2702 2282 2750 2313 εἷα

2556 2319 2638 2338 contra
2641 2333 2647 2338 .

2555 2766 2567 2777 ⁸
2585 2765 2620 2787 Cf.
2642 2765 2686 2786 loe.
2706 2766 2747 2787 eit.

2556 2792 2604 2813 ibid

2555 2807 2644 2866 130³st
2650 2823 2719 2866 ”2¹23-
2726 2825 2751 2865 ε·
