2852 4152
68 435 79 445 ⁸
95 433 143 460 Qu.
153 437 211 454 xvur

70 466 102 486 ιο,
117 458 145 481 ad
160 464 181 480 2.

987 297 1252 343 QUAESTIO
1282 297 1386 343 XIX,
1415 296 1709 334 ARTlCULUS
1737 297 1787 332 111

308 395 313 397 >
360 373 435 410 SED
463 385 618 421 CONTRA,
641 386 686 410 ex
715 374 1010 422 circumstantiis,
1040 376 1262 424 inquantum
1290 376 1358 411 hu-

215 435 278 459 ‚am
304 425 481 473 iusmodi,
502 434 606 463 actus
626 439 704 463 non
731 427 846 464 habet
865 428 1044 476 speciem,
1063 436 1105 466 ut
1132 440 1247 477 supra
1265 427 1285 450 ’³‘
1305 428 1358 464 di-

304 485 409 521 etum
438 486 503 516 est.
526 479 603 516 Sed
632 479 777 516 bonum
807 488 842 516 et
869 482 1012 518 malurn
1046 488 1132 518 sunt
1159 481 1358 529 specificae

68 545 76 552 ·
99 541 153 563 Art-
173 540 279 569 praeced·
306 531 539 569 differentiae
560 539 664 568 actus
682 532 898 579 voluntatis,
919 542 960 570 ut
975 534 1116 571 dictum
1137 541 1191 570 est
1205 533 1236 570 ²⁸.
1256 534 1357 581 Ergo

175 1943 215 1956 .l,=

106 1969 127 1985 ,”
147 1962 157 1984 s
192 1962 245 1982 ὄμμ’

305 583 454 625 bonitas
489 591 525 622 et
561 584 702 621 malitia
735 586 937 623 voluntatis
975 599 1053 623 non
1091 586 1280 634 dependet
1314 598 1358 623 ex

306 636 606 684 circumstantiis,
627 637 695 674 sed
724 649 768 675 ex
796 639 878 675 solo
908 639 1069 676 obiecto.

359 690 583 726 Rsssponnsso
612 701 795 727 DlCENDUM
818 691 923 738 quod
956 692 995 728 in
1014 692 1181 740 quolibet
1207 704 1357 739 genere,

307 749 461 790 quanto'
478 742 620 791 aliquid
648 750 703 779 est
730 743 845 791 prius,
874 751 978 781 tanto
1007 752 1062 781 est
1089 744 1295 793 simplicius
1323 751 1359 780 et

306 794 345 831 in
372 794 615 843 paucioribus
653 796 878 833 consistens:
908 796 1002 833 sicut
1039 797 1162 846 prima
1199 809 1359 845 corpora

306 854 394 890 sunt
421 847 614 896 simplicia.
644 848 698 884 Et
712 848 798 886 ideo
826 849 1042 886 invenimus
1067 850 1172 898 quod
1196 862 1241 886 ea
1260 861 1358 897 quae

307 906 395 936 sunt
410 899 536 948 prima
553 900 592 938 in
619 901 788 948 quolibet
810 914 960 949 genere,
980 910 1067 939 sunt
1089 902 1215 950 aliquo
1239 902 1358 939 modo

307 951 502 1001 simplicia,
524 960 561 990 et
579 953 616 990 in
638 966 714 991 uno
743 954 961 992 consistunt.
983 955 1213 1003 Principium
1232 962 1376 991 autem⁴

308 1004 483 1047 bonitatis
509 1013 546 1042 et
571 1006 733 1044 malitiae
760 1008 1018 1045 humanorum
1047 1015 1200 1044 actuum
1226 1014 1282 1044 est
1315 1019 1360 1044 ex

306 1065 394 1094 actu
429 1059 644 1096 voluntatis.
674 1061 723 1097 Et
749 1060 835 1098 ideo
873 1060 1021 1097 bonitas
1055 1068 1092 1096 et
1119 1059 1259 1097 malitia
1291 1072 1360 1097 vo-

306 1110 457 1154 luntatis
485 1112 695 1149 secundum
716 1113 856 1161 aliquid
884 1126 1004 1151 unum
1026 1113 1245 1150 attenditur:
1270 1113 1361 1150 alio-

307 1175 392 1200 rum
410 1176 504 1201 vero
525 1173 678 1202 actuum
698 1165 845 1202 bonitas
865 1173 902 1202 et
928 1165 1068 1202 malitia
1086 1173 1211 1214 potest
1229 1178 1361 1203 secun-

308 1216 402 1259 dum
431 1217 581 1255 diversa
608 1218 759 1255 attendi.

362 1269 458 1307 Illud
480 1278 607 1308 autem
627 1283 749 1309 unum
769 1271 874 1319 quod
894 1278 949 1308 est
966 1270 1191 1319 principium
1210 1271 1249 1307 in
1266 1283 1361 1319 quo-

276 1342 280 1347 ·
307 1322 395 1359 libet
421 1335 571 1371 genere,
597 1336 673 1361 non
708 1331 764 1360 est
790 1335 859 1371 per
886 1322 1078 1369 accidens,
1104 1323 1170 1360 sed
1204 1335 1272 1371 per
1300 1336 1361 1360 se:

306 1375 396 1424 quia
415 1388 530 1413 omne
558 1376 664 1424 quod
683 1383 739 1412 est
755 1388 824 1424 per
841 1375 1027 1421 accidens,
1049 1375 1239 1413 reducitur
1256 1376 1305 1412 ad
1324 1376 1363 1412 id

307 1428 418 1476 quod
442 1437 504 1465 est
515 1440 585 1477 per
603 1440 654 1474 se,
681 1428 775 1464 sicut
793 1428 840 1464 ad
859 1427 1097 1475 principium.
1118 1429 1167 1464 Et
1190 1427 1276 1464 ideo
1297 1429 1363 1464 bo-

306 1481 403 1518 nitas
421 1480 625 1518 voluntatis
653 1492 698 1516 ex
717 1480 798 1516 solo
822 1492 901 1516 uno
929 1480 991 1516 illo
1021 1479 1229 1528 dependet,
1259 1481 1364 1527 quod

305 1546 376 1582 per
393 1546 434 1570 se
453 1533 540 1570 facit
567 1533 774 1570 bonitatem
798 1533 836 1569 in
855 1540 952 1579 actu,
973 1532 1111 1569 scilicet
1130 1544 1175 1568 ex
1195 1532 1361 1570 obiecto:

308 1593 345 1623 et
362 1598 440 1623 non
461 1599 506 1623 ex
526 1585 823 1632 circumstantiis,
845 1597 942 1634 quae
971 1592 1057 1622 sunt
1085 1585 1276 1633 quaedam
1305 1598 1364 1622 ac-

308 1639 470 1676 cidentia
498 1647 614 1676 actus.

361 1693 420 1729 An
449 1704 586 1729 ramum
614 1703 712 1728 ERGO
737 1702 920 1728 DICENDUM
947 1690 1157 1739 quodvfinis
1186 1698 1242 1727 est
1260 1690 1365 1727 obie-

309 1752 412 1782 ctum
431 1744 647 1791 voluntatis,
663 1757 741 1781 non
761 1751 889 1780 autem
909 1743 1066 1780 aliarum
1085 1743 1236 1780 virium.
1253 1743 1363 1780 Unde

314 1894 323 1897 „
362 1858 388 1894 β)
409 1860 450 1884 vel
468 1859 511 1884 ubi
530 1866 580 1884 non
601 1859 684 1884 debet.
701 1872 721 1877 -
739 1859 800 1883 Om.
820 1859 889 1884 ΡΚα.

2393 297 2463 344 143

1413 382 1596 423 quantum
1617 374 1664 411 ad
1684 382 1812 412 actum
1831 375 2045 422 voluntatis,
2067 387 2145 411 non
2173 375 2296 412 differt
2315 375 2463 413 bonitas

1412 440 1511 475 quae
1540 434 1595 464 est
1623 439 1667 464 ex
1691 427 1854 474 obiecto,
1875 440 1897 464 a
1916 427 2081 464 bonitate
2102 439 2199 476 quae
2227 435 2284 464 est
2310 439 2355 464 ex
2373 428 2464 475 fine,
2494 456 2496 459 v

1412 480 1506 517 sicut
1533 479 1571 518 in
1609 479 1752 517 actibus
1789 480 1948 517 aliarum
1980 479 2138 517 virium:
2169 479 2238 516 nisi
2275 480 2369 516 forte
2396 492 2463 529 per

1412 532 1598 579 accidens,
1616 539 1732 580 prout
1757 533 1843 570 finis
1872 533 2062 582 dependet
2085 544 2131 569 ex
2157 533 2245 579 fine,
2268 539 2303 568 et
2329 533 2463 570 volun—

1411 593 1467 622 tas
1496 597 1540 622 ex
1566 586 1772 623 voluntate.
2361 618 2363 620 ,

1464 640 1523 674 An
1551 649 1740 675 SECUNDUM
1773 649 1955 675 mcENDuM
1983 637 2104 686 quod,
2134 637 2329 686 supposito
2359 638 2463 685 quod

1411 691 1585 728 voluntas
1605 691 1650 727 sit
1678 690 1780 736 boni,
1801 691 1903 727 nulla
1922 690 2200 727 circumstantia
2225 697 2350 738 potest
2378 702 2463 727 eam

1412 743 1534 780 facere
1567 744 1719 780 malam.
1752 743 1868 790 Quod
1897 755 1986 791 ergo
2024 743 2158 780 dicitur
2190 742 2295 790 quod
2329 742 2463 791 aliquis

1412 796 1492 832 vult
1517 795 1669 844 aliquod
1698 797 1843 833 bonum
1876 796 2030 843 quando
2059 808 2136 833 non
2171 795 2284 833 debet
2310 795 2372 832 vel
2397 795 2463 832 ubi

1413 858 1491 886 non
1511 848 1622 886 debet
1641 847 1666 894 β,
1686 856 1810 896 potest
1827 848 1978 896 intelligi
1998 848 2204 897 dupliciter.
2225 848 2312 886 Uno
2331 848 2462 895 modo,

1412 901 1462 938 ita
1490 901 1594 948 quod
1613 901 1682 938 ista
1710 901 1986 938 circumstantia
2005 901 2188 939 referatur
2214 901 2263 938 ad
2290 900 2462 937 volitum.

1414 954 1462 991 Et
1490 953 1542 991 sic
1568 953 1743 991 voluntas
1771 966 1850 991 non
1877 958 1933 990 eSt
1956 953 2068 990 boni:
2097 954 2184 1002 quia
2215 953 2313 991 velle
2341 953 2464 990 facere

1414 1005 1555 1054 aliquid
1591 1006 1745 1054 quando
1782 1019 1861 1043 non
1892 1006 2005 1043 debet
2036 1007 2134 1053 fieri,
2168 1019 2248 1044 non
2281 1013 2336 1043 est
2365 1006 2463 1043 velle

1414 1060 1572 1098 bonum.
1592 1058 1677 1095 Alio
1697 1059 1828 1105 modo,
1848 1059 1897 1095 ita
1922 1059 2027 1106 quod
2055 1060 2235 1096 referatur
2261 1059 2310 1096 a'd
2338 1066 2467 1095 actum

1413 1111 1579 1149 volendi.
1601 1112 1649 1148 Et
1677 1111 1729 1148 sic
1747 1111 1980 1159 impossibile
2009 1119 2064 1148 est
2090 1112 2195 1160 quod
2218 1111 2348 1160 aliquis
2375 1110 2466 1148 velit

1415 1165 1561 1201 bonum
1590 1164 1744 1212 quando
1770 1176 1854 1200 'non
1882 1164 2013 1210 debet,
2043 1164 2131 1212 quia
2163 1176 2314 1212 semper
2343 1165 2468 1201 homo>

1416 1218 1528 1254 debet
1560 1217 1657 1254 velle
1686 1217 1852 1254 bonum:
1877 1216 1948 1253 nisi
1975 1217 2068 1253 forte
2095 1229 2164 1265 per
2191 1217 2383 1263 accidens,
2410 1216 2465 1253 in-

1415 1277 1599 1318 quantum
1624 1269 1768 1317 aliquis,
1788 1269 1955 1306 volendo
1979 1269 2054 1306 hoc
2082 1270 2238 1316 bonum,
2263 1268 2466 1317 impeditur

1416 1327 1466 1360 n'e
1492 1328 1581 1359 tunc
1607 1322 1698 1359 velit
1729 1321 1881 1370 aliquod
1918 1322 2063 1358 bonum
2092 1322 2272 1359 debitum.
2301 1322 2350 1358 Et
2376 1328 2466 1358 tunc

1417 1387 1495 1414 non
1521 1374 1650 1411 incidit
1677 1375 1820 1412 malum
1840 1387 1886 1411 ex
1915 1387 1960 1410 eo
1990 1375 2095 1422 quod
2119 1374 2251 1422 aliquis
2268 1374 2350 1410 vult
2376 1373 2466 1410 illud

1417 1429 1581 1473 bonum;
1597 1427 1664 1463 sed
1684 1439 1729 1463 ex
1748 1438 1794 1463 eo
1814 1427 1918 1474 quod
1937 1439 2015 1464 non
2031 1427 2113 1464 vult
2131 1427 2232 1464 aliud
2251 1427 2408 1463 bonum.
2418 1427 2468 1463 Et

1417 1479 1584 1516 similiter
1618 1479 1821 1515 dicendum
1859 1487 1914 1515 est
1946 1479 1992 1516 de
2027 1479 2106 1515 aliis
2141 1478 2438 1516 circumstantiis.

1471 1534 1529 1568 An
1561 1543 1718 1567 TERTmM
1753 1543 1934 1568 mOENDUM
1970 1532 2072 1580 quod
2107 1531 2466 1568 circumstantiarum

1417 1583 1626 1632 ignorantia
1646 1591 1797 1621 excusat
1819 1584 1998 1620 malitiam
2021 1584 2234 1631 voluntatis,
2256 1584 2466 1621 secundum

1411 1637 1525 1685 'quod
1561 1636 1860 1673 circumstantiae
1893 1648 1933 1672 se
1967 1643 2096 1672 tenent
2133 1648 2176 1673 ex
2204 1644 2308 1684 parte
2340 1636 2466 1673 voliti:

1419 1690 1644 1738 inquantum
1672 1688 1810 1725 scilicet
1850 1688 1996 1736 ignorat
2029 1688 2323 1725 circumstantias
2364 1696 2467 1726 actus

1420 1754 1536 1792 quem
1563 1742 1655 1779 vult.

983 1927 1314 1960 Commentaria
1336 1926 1585 1959 Cardinalis
1606 1927 1805 1959 Caietam

327 2008 359 2039 'rt
382 2007 515 2039 articulo
543 2007 682 2038 secundo
707 2006 848 2037 eiusdem
871 2004 1078 2046 quaestionis,
1103 2005 1136 2035 in
1159 2004 1366 2045 responsione

311 2021 380 2083 Iad
402 2052 553 2092 primum,
574 2051 698 2082 adverte
721 2050 834 2081 ultima
855 2051 958 2086 verba,
977 2056 1008 2079 et
1030 2046 1107 2080 scito
1131 2050 1218 2089 quod
1241 2048 1299 2079 tria
1321 2048 1367 2078 in-

309 2096 445 2128 sinuant.
468 2096 591 2132 Primo,
614 2095 703 2136 quod
730 2094 831 2124 differt
852 2100 928 2124 tunc
951 2093 1074 2124 bonitas
1099 2093 1212 2123 obiecti
1236 2102 1253 2122 a
1275 2091 1365 2122 boni-

309 2148 377 2173 tate.
392 2140 467 2171 finis
487 2140 521 2170 in
544 2146 616 2171 actu
637 2138 819 2174 voluntatis,
849 2138 978 2178 quando
1000 2137 1071 2167 finis
1093 2137 1210 2177 pendet
1232 2146 1270 2166 ex
1291 2135 1365 2166 fine.

308 2185 471 2224 Secundo,
487 2184 576 2225 quod
598 2190 674 2214 tunc
689 2182 784 2213 etiam
802 2182 913 2219 differt,
929 2182 1058 2222 quando
1080 2181 1228 2211 voluntas
1250 2180 1367 2220 pendet

309 2239 348 2268 ex
369 2229 543 2260 voluntate.
558 2227 679 2264 Tertio,
694 2227 784 2268 quod
806 2233 978 2267 utrumque
1000 2226 1118 2256 horum
1142 2232 1188 2256 est
1210 2234 1265 2265 per
1288 2225 1366 2256 acci-

310 2274 398 2312 dens.
413 2291 433 2296 -
451 2271 595 2304 Primum
617 2269 770 2311 significat
792 2271 890 2311 quod,
907 2270 1035 2311 quando
1060 2276 1134 2300 sunt
1156 2269 1262 2309 plures
1288 2268 1365 2300 fines

309 2322 367 2358 per
381 2326 414 2347 se
429 2315 626 2347 subordinati
642 2321 673 2345 et
686 2314 776 2345 voliti
795 2314 900 2350 simul,
918 2320 954 2344 ut
977 2324 1049 2344 cum
1066 2313 1136 2354 quis
1155 2313 1224 2343 vult
1239 2313 1366 2344 medici-

309 2370 384 2392 nam
407 2359 580 2391 sanativam
603 2363 732 2399 propter·
754 2359 933 2389 adeundam
949 2357 1094 2388 militiam
1117 2363 1246 2397 propter
1266 2357 1366 2387 victo-

309 2405 406 2442 rimu
422 2403 564 2435 formalis
587 2402 711 2433 bonitas
735 2402 865 2438 obiecti,
887 2409 966 2441 puta
983 2412 1050 2432 esse
1072 2410 1202 2437 sanum,
1225 2400 1327 2431 differt
1349 2410 1366 2430 a

309 2449 450 2480 bonitate
466 2447 592 2478 alterius
606 2446 687 2484 finis,
703 2453 781 2487 puta
796 2445 935 2478 militiae.
947 2463 967 2468 -
978 2445 1162 2476 Secundum
1176 2455 1261 2482 vero,
1278 2445 1367 2486 quod

309 2493 440 2536 quando
467 2492 615 2522 voluntas
639 2490 735 2522 unius
757 2489 844 2527 finis,
869 2497 945 2530 puta
969 2489 1126 2526 adulterii,
1148 2489 1304 2529 dependet
1331 2499 1368 2519 ex

308 2537 473 2578 voluntate
495 2535 630 2573 alterius,
645 2545 701 2575 per
724 2534 866 2565 accidens
888 2533 960 2564 finis
983 2533 1106 2574 prioris,
1124 2541 1201 2574 puta
1224 2533 1308 2570 furti,
1333 2539 1369 2564 ut

311 2574 392 2613 dum’
408 2580 480 2622 quis
502 2579 571 2610 vult
593 2579 759 2610 adulterari
778 2586 814 2609 ut
837 2577 969 2614 furetur;
990 2578 1108 2608 malitia
1131 2587 1261 2619 quoque
1285 2577 1369 2608 obie-

311 2625 361 2663 cti,
373 2632 452 2666 puta
466 2623 619 2660 adulterii,
632 2623 734 2654 differt
749 2633 767 2653 a
782 2622 901 2654 malitia
914 2621 994 2659 finis,
1006 2629 1084 2663 puta
1099 2621 1184 2652 furti.
1194 2621 1368 2652 -Tertium

310 2675 416 2700 autem
430 2691 439 2707 ,
460 2668 575 2699 scilicet
598 2668 687 2708 quod
716 2674 888 2707 utrumque
915 2667 1033 2697 horum
1061 2673 1107 2696 est
1129 2676 1185 2706 per
1208 2665 1368 2701 accidens,

311 2712 465 2753 significat
487 2712 576 2752 quod
591 2711 702 2742 accidit
725 2711 807 2742 actui
830 2711 1003 2741 voluntatis
1026 2710 1196 2740 differentia
1220 2710 1296 2739 haec
1311 2710 1368 2740 bo-

310 2756 416 2789 nitatis
432 2762 575 2796 *utroque
603 2755 718 2797 modo:
742 2755 816 2795 quia
839 2755 950 2786 accidit
976 2753 1031 2784 fini
1060 2753 1257 2784 subordinari
1281 2753 1368 2784 alteri

310 2799 382 2836 fini,
407 2799 438 2831 et
452 2800 563 2830 accidit
585 2799 740 2830 voluntati
757 2797 933 2839 dependere
955 2809 991 2829 ex
1014 2798 1074 2828 alia
1089 2798 1268 2834 voluntate,
1288 2797 1368 2828 sicut

312 2844 423 2876 accidit
439 2843 579 2875 moventi
600 2844 689 2886 quod
711 2851 886 2877 moveatur.
902 2843 970 2873 Nisi
991 2843 1076 2873 enirn
1099 2842 1259 2878 accideret,
1278 2840 1367 2871 omni

311 2887 367 2919 fini
391 2894 422 2919 et
441 2887 538 2918 ‘omnir
555 2886 700 2919 volitioni
724 2886 913 2918 conveniret.

1461 2005 1508 2035 De
1532 2004 1702 2036 differentia
1725 2012 1831 2036 autem
1854 2005 2017 2046 utriusque
2036 2005 2181 2036 bonitatis
2204 2005 2237 2035 in
2256 2005 2374 2036 actibus
2398 2004 2474 2036 alia-

1417 2058 1490 2078 rum
1505 2049 1630 2085 virium,
1647 2049 1696 2079 hic
1712 2055 1802 2085 tacta,
1819 2049 1851 2079 in
1867 2050 2009 2090 sequenti
2025 2049 2209 2090 quaestione
2224 2049 2242 2068 *
2255 2059 2292 2079 ex
2305 2049 2470 2090 proposito

1418 2093 1475 2123 erit
1497 2102 1601 2123 sermo
1628 2092 1767 2124 diffusus.
1895 2107 1897 2109 ·

1462 2137 1499 2167 11.
1517 2136 1608 2167 Circa
1619 2137 1775 2177 praedicta
1790 2137 1883 2167 verba
1900 2137 2033 2168 dubium
2049 2137 2196 2168 occurrit:
2212 2137 2288 2178 quia
2304 2136 2473 2168 differentia

1417 2180 1488 2211 finis
1511 2188 1542 2212 et
1564 2181 1631 2212 eius
1654 2181 1743 2221 quod
1766 2188 1812 2212 est
1834 2181 1875 2211 ad
1895 2181 2002 2218 finem,
2022 2191 2089 2212 non
2111 2191 2167 2221 per
2189 2181 2330 2212 accidens
2353 2188 2473 2220 spectat

1418 2226 1457 2255 ad
1472 2225 1684 2261 voluntatem;
1705 2235 1762 2255 nec
1777 2225 1923 2266 voluntas
1941 2235 1997 2265 per
2015 2225 2160 2265 accidens
2176 2225 2310 2256 intendit
2327 2231 2358 2255 et
2376 2225 2470 2265 eligit.

1418 2269 1502 2309 Ergo
1527 2279 1593 2299 non
1617 2269 1723 2302 solum
1750 2278 1806 2309 per
1828 2268 1986 2305 accidens,
2011 2269 2078 2305 sed,
2093 2279 2148 2309 per
2171 2279 2204 2299 se
2227 2268 2342 2305 differt,

1418 2313 1626 2348 voluntatem,
1642 2312 1766 2343 bonitas
1782 2323 1818 2343 ex
1837 2312 1909 2349 fine,
1930 2320 1960 2343 et
1976 2323 2012 2343 ex
2031 2311 2170 2343 obiecto:
2194 2311 2247 2342 illa
2268 2312 2353 2343 enim
2375 2311 2415 2342 ad
2428 2312 2473 2343 in-

1419 2356 1603 2392 tentionem,
1627 2356 1704 2386 haec
1728 2356 1767 2386 ad
1791 2357 1976 2393 electionem
2000 2363 2128 2397 spectat.

1463 2400 1514 2430 Ad
1536 2401 1598 2431 hoc
1617 2400 1730 2431 dicitur
1751 2401 1853 2441 quod,
1877 2401 1950 2432 lieet
1976 2400 2054 2431 nihil
2081 2401 2211 2431 illorum
2240 2407 2475 2442 assumptorum

1420 2451 1586 2479 concurrat
1607 2455 1663 2484 per
1685 2445 1827 2475 accidens
1850 2445 1889 2476 ad
1911 2445 2118 2481 voluntatem,
2140 2445 2285 2485 neganda
2306 2452 2412 2476 tamen
2431 2452 2476 2476 est

1420 2489 1560 2530 sequela:
1584 2489 1659 2530 quia
1681 2489 1805 2520 bonitas
1827 2488 1908 2526 finis,
1926 2496 1956 2520 et
1979 2489 2047 2519 eius
2068 2489 2157 2529 quod
2176 2496 2222 2519 est
2245 2489 2284 2519 ad
2306 2488 2416 2526 finem,
2441 2496 2477 2520 ut

1420 2533 1473 2569 sic,
1490 2539 1537 2563 est
1559 2539 1697 2569 unamet,
1717 2533 1789 2564 licet
1812 2532 1881 2563 finis
1906 2539 1936 2563 et
1957 2533 1989 2563 id
2007 2534 2108 2574 quode
2119 2539 2165 2564 est
2187 2533 2227 2562 ad
2248 2532 2345 2564 finem
2368 2532 2474 2564 distin-

1420 2583 1566 2617 guantur.
1597 2577 1688 2608 Unde
1714 2577 1747 2606 id
1771 2577 1859 2617 quod
1883 2584 1928 2607 est
1951 2577 1990 2607 ad
2012 2576 2123 2613 finem,
2153 2575 2317 2616 dupliciter
2345 2587 2474 2616 compa-

1420 2621 1479 2659 rari
1502 2627 1608 2661 potest
1623 2622 1662 2651 ad
1676 2621 1882 2652 voluntatem.
1899 2621 1973 2651 Uno
1992 2621 2100 2657 modo,
2118 2626 2154 2651 ut
2162 2620 2224 2650 sic:
2249 2627 2280 2651 et
2298 2630 2363 2650 non
2382 2620 2476 2651 habet

1421 2665 1515 2695 aliam
1544 2665 1733 2700 bonitatem,
1765 2665 1818 2695 sed
1845 2664 1916 2695 finis
1944 2671 1990 2694 est
2018 2664 2084 2695 eius
2112 2664 2190 2694 ratio
2219 2663 2368 2694 formalis.
2400 2664 2473 2694 Alio

1421 2709 1534 2744 modo,
1558 2709 1734 2739 secundum
1764 2708 1904 2748 aliquam
1927 2708 2021 2738 aliam
2043 2708 2205 2748 propriam
2232 2708 2422 2739 bonitatem:
2446 2714 2477 2738 et

1421 2753 1464 2783 sic
1487 2762 1553 2783 non
1576 2759 1622 2782 est
1644 2759 1679 2783 ut
1702 2752 1741 2782 ad
1755 2751 1861 2793 finem,
1885 2752 1940 2783 sed
1963 2759 1999 2782 ut
2019 2761 2162 2782 seorsum
2178 2752 2382 2786 volitum.,Et
2400 2758 2476 2783 tunc

1421 2796 1520 2827 differt
1535 2796 1659 2827 bonitas
1682 2796 1795 2827 obiecti
1811 2806 1828 2826 a
1843 2795 1916 2832 fine,
1941 2796 1995 2826 sed
2017 2806 2072 2836 per
2095 2796 2248 2832 accidens,
2272 2802 2310 2826 ut
2325 2795 2357 2825 in
2372 2795 2474 2827 littera

1423 2840 1545 2872 dicitur.
2356 2837 2358 2841 ”

1114 3011 1428 3053 ARTICULUS
1456 2991 1682 3074 rrimus

772 3096 927 3127 UTRUM
950 3094 1134 3126 BONITAS
1157 3090 1434 3125 VOLUNTATIS
1458 3093 1717 3123 DEPENDEAT
1740 3093 1796 3123 EX
1820 3088 2011 3124 RATIONE

507 3187 549 3211 D
577 3187 736 3212 TERTuJM
760 3187 812 3211 stc
832 3185 1068 3211 PROCEDITUR.
1089 3172 1248 3209 Videtur
1266 3172 1371 3220 quod

527 3227 675 3264 bonitas
703 3227 906 3264 voluntatis
925 3239 1003 3263 non
1032 3226 1243 3274 dependeat
1267 3237 1289 3261 a
1316 3237 1372 3261 ra-

360 3192 410 3234 ,ξῇ
430 3193 486 3223 tas}

341 3191 399 3273 t

394 3297 454 3325 νε
474 3285 496 3329 (ε

316 3387 365 3424 ad
391 3387 628 3423 voluntatem
657 3397 773 3432 quam
802 3385 850 3422 ad
879 3385 1076 3431 rationem,
1098 3391 1137 3420 ut
1170 3396 1214 3419 ex
1243 3395 1370 3431 supra-

19 3431 20 3434 *
72 3456 87 3465 ⁴
101 3453 150 3482 Qu.
166 3459 200 3481 tx,
216 3457 258 3476 an.
272 3459 286 3475 ι.
317 3439 423 3477 dictis
441 3438 461 3460 ’¹‘
480 3446 591 3487 patet.
613 3439 713 3485 Ergo
733 3438 880 3474 bonum
902 3437 1105 3475 voluntatis
1125 3448 1202 3472 non
1232 3435 1371 3484 depen-

317 3493 380 3530 det
408 3505 429 3529 a
457 3492 611 3529 ratione.

1481 3183 1515 3208 2.
1545 3155 1788 3218 ΡιὶΑΕτΕιιιεΑ,ν
1800 3171 2053 3219 Philosophus
2073 3171 2170 3219 dicit,
2191 3172 2229 3209 in
2247 3172 2298 3208 VI
2317 3171 2476 3219 Ethic.*,

1427 3224 1530 3271 quod
1559 3224 1706 3260 bonitas
1734 3224 1939 3260 intellectus
1967 3224 2119 3273 practici
2148 3233 2202 3261 est
2233 3236 2363 3262 verum
2392 3237 2478 3261 con-

528 3281 641 3317 tione.
666 3280 775 3316 Prius
803 3279 903 3316 enim
932 3292 1010 3316 non
1038 3278 1227 3327 dependet
1255 3290 1277 3314 a
1304 3290 1371 3326 po—
1414 3279 1548 3326 forme
1575 3277 1751 3325 appetitui
1777 3282 1888 3314 recto.
1917 3276 2115 3325 Appetitus
2135 3285 2260 3314 autem
2282 3286 2403 3314 rectus
2424 3285 2478 3313 est

485 3324 684 3370 &steriori⁸
711 3333 788 3369 Sed
815 3333 961 3369 bonurn
989 3344 1057 3380 per
1083 3331 1186 3379 prius
1213 3330 1372 3379 pertinet
1424 3330 1599 3367 voluntas
1627 3330 1740 3366 bona.
1770 3330 1872 3377 Ergo
1900 3329 2047 3366 bonitas
2068 3335 2085 3350 ²
2113 3329 2265 3366 rationis
2292 3330 2476 3378 practicae

1425 3382 1544 3430 magis
1565 3382 1752 3431 dependet
1767 3394 1789 3418 a
1807 3382 1972 3419 bonitate
1986 3382 2200 3430 voluntatis,
2217 3395 2332 3430 quam
2353 3394 2372 3419 e
2389 3394 2477 3418 con-

1424 3447 1548 3472 verso.

1480 3489 1513 3525 3.
1530 3489 1759 3534 PRAETEREA,
1777 3499 1938 3524 movens
1954 3499 2031 3524 non
2047 3487 2234 3535 dependet
2248 3487 2295 3524 ab
2312 3499 2357 3523 eo
2373 3486 2477 3535 quod

371 3607 398 3639 α)
418 3605 531 3631 bonitas.
548 3619 565 3624 —
584 3605 677 3629 bonum
698 3603 963 3635 ABCDEFGlKLpH.

2499 2050 2508 2059 ·
2527 2049 2578 2070 Art.
2593 2054 2614 2074 2,
2632 2048 2703 2070 Com-

2498 2078 2569 2096 ment.

2366 2268 2476 2309 quoad
2508 2280 2511 2284 ’

2503 3179 2582 3228 sfii:
2591 3185 2652 3227 ¹1¹÷0¹2¹5
2666 3186 2689 3227 3:
2702 3191 2714 3195 ·

2598 3336 2614 3352 α
