2846 4146
101 699 110 707 ¹
120 697 155 719 Cf.
164 703 202 725 qu.
212 703 258 723 arv,
269 701 310 719 art.

102 730 124 750 4,
133 723 240 745 Coment.
247 730 312 745 uum.

102 755 113 771 2
128 756 179 778 sqq.

98 1699 306 1727 *11⁵11*·,qu.xx111,

96 1739 138 1757 art.
145 1741 166 1762 2,
176 1734 306 1757 comment.

95 1766 118 1777 ⁴*
125 1765 184 1787 Ibid.
196 1772 235 1793 qu.
245 1772 292 1787 xvn
302 1781 307 1791 ,

95 1800 137 1818 art.
145 1802 165 1824 5,
174 1796 305 1818 Commeat.

94 3067 104 3076 ‘
119 3066 185 3089 Vers.
201 3073 231 3094 ¹7·

94 3281 106 3291 *
120 3279 178 3308 Cap.
192 3286 277 3302 xxxvu.

340 235 419 270 404

1014 225 1280 271 QUAESTIO
1310 226 1430 271 LXII,
1459 225 1755 262 ARTICULUS
1785 226 1836 262 1v

1015 345 1343 378 Commentaria
1367 336 1615 377 Cardinalis
1638 344 1837 378 Caietani

369 444 390 464 N
405 433 537 464 articulo
553 433 644 464 tertio
662 433 802 463 eiusdem
815 432 1008 473 quaestionis
1022 431 1396 471 sexagesimaesecundae,

343 446 402 508 Iin
418 477 624 518 responsione
641 477 680 507 ad
696 476 846 516 primum,
860 476 983 506 adverte
998 475 1087 516 quod
1099 477 1220 505 Auctor
1233 474 1334 504 reddit
1349 484 1397 504 ra—

339 521 460 552 tionem
473 520 663 561 indigentiae
678 520 802 550 habitus
819 519 967 550 naturalis
983 519 1016 548 in
1031 518 1190 548 intellectu
1207 527 1243 548 ex
1258 517 1397 557 indigen-

339 565 382 596 tia
404 564 580 605 specierum
606 563 849 603 intelligibilium
872 563 910 593 ad
939 561 1193 601 intelligendum,
1218 571 1284 591 non
1308 561 1397 601 quod

339 615 428 649 putet
443 607 587 639 habitum
598 608 773 638 naturalem
785 607 817 636 in
828 606 997 641 intellectu,
1010 605 1066 645 qui
1078 611 1209 636 vocatur
1220 604 1395 636 intellectus

339 652 577 692 principiorum,
594 661 660 682 esse
683 651 768 681 idern
788 650 876 690 quod
891 649 1009 689 species
1024 647 1244 688 intelligibiles,
1261 655 1297 679 ut
1311 655 1397 689 patet

340 706 376 726 ex
392 695 515 735 supra*
531 695 636 726 dictis:
661 694 724 730 sed,
743 693 896 734 quoniam
915 692 1110 723 intellectum
1127 701 1216 732 egere
1232 692 1395 732 speciebus

338 739 583 779 intelligibilibus
607 739 645 768 ad
669 738 730 767 hoc
749 744 783 767 ut
798 736 958 775 intelligat,
976 742 1022 766 est
1037 735 1230 766 intellectum
1246 746 1312 766 non
1329 745 1396 766 esse

339 793 394 823 per
410 783 549 823 seipsum
564 782 596 812 in
612 788 692 816 actu,
706 781 748 811 ita
763 781 850 820 quod
865 779 966 819 possit
977 780 1095 819 absque
1107 779 1306 819 superaddita
1319 790 1395 820 qua-

337 828 422 858 litate
446 826 526 856 exire
549 826 581 855 in
605 832 711 855 actum
734 823 940 863 intelligendi;
966 829 996 853 et
1017 833 1053 853 ex
1076 823 1137 853 hoc
1156 823 1288 854 habetur
1307 824 1396 864 quod

338 881 393 911 per
416 880 506 900 suam
530 868 695 898 essentiam
719 877 785 897 non
808 874 912 906 potest
934 867 1000 896 vim
1023 867 1147 897 habitus
1172 867 1321 898 naturalis
1339 868 1395 898 ha-

338 916 423 949 bere;
449 920 478 943 et
501 912 677 952 experimur
691 911 722 940 in
743 911 833 940 nobis
850 910 989 950 aliquem
1006 911 1179 941 naturalem
1194 911 1339 942 habiturn
1355 912 1395 942 ad

337 957 575 996 intelligendum
598 955 720 990 habere,
745 961 887 994 respectu
904 954 1020 985 scilicet
1035 954 1265 994 principiorum
1281 962 1346 985 tam
1361 955 1393 985 in

337 999 534 1040 speculativis
545 1008 642 1039 quam
652 998 684 1028 in
697 998 854 1037 practicis;
872 997 994 1038 optime
1008 998 1149 1038 sequitur
1164 999 1253 1039 quod
1269 1005 1395 1039 oportet

336 1045 368 1074 in
392 1044 549 1074 intellectu
570 1052 686 1082 ponere
702 1042 842 1082 aliquem
857 1042 1001 1073 habitum
1020 1042 1203 1073 naturalem.
1230 1042 1329 1079 Quasi
1349 1043 1394 1072 di-

337 1094 429 1118 ceret:
454 1088 608 1126 Respectu
632 1085 703 1116 finis
723 1086 881 1122 naturalis,
903 1092 1029 1126 oportet
1047 1095 1166 1125 ponere
1191 1093 1245 1117 aut
1267 1086 1393 1117 habitus

337 1131 504 1166 naturales;
530 1137 584 1160 aut
607 1130 763 1170 potentias
787 1130 968 1170 supplentes
982 1130 1065 1160 vices
1082 1129 1258 1160 habituum.
1284 1130 1345 1160 Sed
1361 1130 1393 1160 in

336 1175 495 1205 intellectu
519 1183 584 1204 non
612 1179 717 1214 potest
746 1175 824 1213 poni
847 1174 936 1213 quod
959 1173 1100 1213 potentia
1124 1174 1269 1213 suppleat
1292 1174 1393 1205 vicem

335 1219 478 1249 habitus:
503 1218 591 1259 quod
614 1227 651 1248 ex
674 1217 735 1247 hoc
757 1216 962 1248 manifestum
985 1216 1036 1253 fit,
1061 1217 1136 1258 quia
1158 1217 1274 1249 scilicet
1297 1227 1334 1248 ex
1360 1228 1393 1248 se

336 1269 382 1293 est
404 1262 483 1292 adeo
506 1261 538 1292 in
563 1261 712 1301 potentia,
737 1267 773 1291 ut
788 1267 876 1301 egeat
895 1259 1063 1292 adventitia
1078 1261 1180 1301 specie
1196 1261 1392 1302 intelligibili,

335 1306 360 1336 si
377 1306 469 1336 debet
486 1305 666 1345 intelligere.
691 1305 776 1344 Ergo
794 1312 920 1344 oportet
934 1305 967 1335 in
986 1315 1024 1335 eo
1041 1315 1200 1345 apponere
1217 1306 1393 1336 naturalem

334 1350 487 1380 habitum.
513 1349 547 1379 ln
570 1349 733 1379 voluntate
757 1355 873 1385 autem,
890 1349 959 1389 ipsa
977 1348 1119 1389 potentia
1137 1349 1220 1379 vices
1244 1350 1394 1380 naturalis

334 1394 459 1424 habitus
483 1393 603 1433 optime
626 1393 770 1433 praebet:
795 1393 870 1433 quia
892 1393 1072 1424 naturaliter
1094 1403 1132 1424 ex
1147 1393 1249 1433 seipsa
1263 1393 1393 1424 inclina-

334 1445 385 1469 tur
407 1438 447 1468 ad
469 1437 664 1468 tendendum
682 1437 715 1467 in
731 1436 828 1467 finem
846 1437 1022 1469 naturalem
1028 1446 1038 1474 ;
1062 1443 1092 1468 et
1108 1444 1154 1467 est
1169 1438 1346 1468 secundum
1360 1448 1393 1469 se

335 1481 491 1522 appetitus
515 1480 696 1511 naturaliter
720 1487 893 1521 coaptatus,
918 1491 974 1512 seu
998 1480 1182 1518 conformis,
1207 1481 1395 1513 huiusmodi

334 1525 398 1562 fini,
413 1532 469 1556 etc.
483 1525 523 1555 Et
538 1524 610 1555 ideo
626 1535 692 1555 non
709 1531 835 1565 oportet
849 1524 882 1554 in
899 1535 934 1555 ea
950 1534 1067 1565 ponere
1082 1525 1239 1556 naturales
1257 1525 1393 1557 habitus.

335 1569 431 1600 Secus
454 1575 561 1599 autem
584 1575 630 1599 est
653 1575 795 1609 respectu
814 1569 1065 1609 'supernaturalis
1088 1568 1169 1605 finis,
1194 1575 1230 1600 ut
1251 1576 1338 1609 patet
1361 1569 1394 1600 in

334 1613 444 1644 littera.

390 1657 477 1695 Quid
493 1656 532 1688 sit
550 1663 656 1687 autem
671 1656 729 1687 ista
746 1655 951 1687 conformitas
966 1656 1124 1696 appetitus
1140 1657 1180 1687 ad
1196 1656 1301 1693 finem,
1319 1667 1394 1688 cum

335 1701 373 1732 de
396 1700 521 1732 caritate
542 1699 722 1731 tractabitur
733 1699 759 1736 *‚
776 1700 905 1741 patebit:
924 1700 1004 1731 sicut
1020 1700 1115 1731 etiarn
1130 1701 1169 1731 de
1185 1707 1255 1732 actu
1271 1702 1338 1741 spei
1349 1701 1393 1733 **.

333 1746 427 1776 Nunc
451 1744 537 1775 enim
559 1744 591 1774 in
615 1743 784 1774 universali
807 1754 911 1774 sermo
936 1751 990 1775 est.
1019 1744 1081 1774 Pro
1105 1754 1190 1775 nunc
1212 1751 1317 1775 tamen
1341 1755 1392 1776 co-

333 1789 406 1829 gita,
423 1788 551 1823 novitie‚
571 1787 748 1818 amicorum
766 1788 944 1818 voluntates
964 1797 1030 1818 esse
1052 1787 1251 1819 habitualiter
1267 1789 1392 1819 confor-

333 1843 400 1863 mes
423 1842 479 1872 per
501 1832 587 1862 idem
609 1831 688 1861 velle
719 1837 750 1862 et
771 1831 857 1861 idem
879 1831 965 1861 nolle
992 1831 1203 1868 habitualiter‚
1235 1832 1315 1863 idest
1337 1843 1394 1873 per

332 1876 458 1906 habitus
482 1876 521 1905 ad
543 1875 621 1905 haec
643 1874 837 1911 inclinantes,
863 1885 944 1915 quos
968 1881 1091 1905 constat
1113 1885 1179 1905 esse
1203 1876 1328 1907 amoris.

388 1920 425 1950 II.
438 1920 474 1950 In
489 1918 695 1959 responsione
712 1919 751 1949 ad
766 1919 942 1950 secundum
959 1918 1100 1949 eiusdem
1116 1918 1236 1950 articuli
1252 1926 1283 1950 et
1297 1930 1392 1961 quae-

332 1964 453 1999 stionis,
477 1969 553 1994 nota
575 1963 664 2003 quod
687 1969 753 1993 tam
775 1962 853 1993 fides
875 1973 975 2003 quam
997 1973 1068 2003 spes
1092 1963 1243 2004 acquisita
1265 1971 1311 1994 est
1334 1964 1392 1994 du-

332 2008 418 2048 plex:
443 2018 506 2038 una
529 2013 671 2046 respectu
696 2016 809 2036 eorum
833 2016 914 2047 quae
937 2007 995 2037 sub
1019 2006 1129 2037 ordine
1153 2014 1320 2044 creaturae,
1337 2018 1392 2039 seu

332 2051 475 2088 naturali,
489 2051 618 2087 cadunt;
635 2050 730 2080 altera
746 2057 792 2081 est
807 2058 949 2091 respectu
965 2051 1263 2091 supernaturalium,
1277 2051 1393 2083 scilicet

332 2096 421 2137 quod
444 2095 530 2126 Deus
554 2101 600 2125 est
622 2094 732 2130 trinus,
757 2101 788 2124 et
810 2094 987 2125 incarnatus
1011 2101 1066 2131 est,
1085 2101 1115 2125 et
1133 2095 1270 2125 aliorum
1283 2095 1391 2126 huius-

332 2139 431 2170 modi.
456 2139 496 2169 Et
518 2138 590 2169 licet
613 2140 734 2169 Auctor
755 2138 787 2168 in
807 2138 908 2169 littera
927 2148 994 2169 non
1010 2147 1152 2179 expresse
1167 2139 1318 2180 loquatur
1333 2139 1392 2170 nisi

333 2184 371 2214 de
393 2183 456 2214 fide
479 2189 509 2214 et
532 2192 586 2222 spe
606 2182 764 2222 acquisitis
783 2189 926 2222 respectu
942 2192 1054 2214 eorum
1069 2192 1150 2223 quae
1167 2190 1241 2214 sunt
1255 2183 1287 2214 in
1303 2191 1392 2224 pote-

333 2234 411 2258 state
433 2227 582 2263 humana,
603 2232 633 2257 et
649 2236 700 2257 eas
717 2226 861 2257 excludat
875 2237 893 2257 a
909 2236 1043 2257 numero
1058 2227 1226 2263 virtutum;
1244 2227 1270 2258 si
1286 2234 1392 2259 tamen

333 2271 509 2302 attendatur
531 2270 624 2306 ratio,
656 2269 811 2302 videbitur
833 2271 922 2311 quod
951 2270 1062 2301 eadem
1088 2270 1208 2302 ratione
1235 2281 1292 2302 nec
1315 2270 1392 2302 fides

333 2325 391 2345 nec
410 2324 481 2354 spes
505 2313 673 2355 acquisitae
688 2320 831 2354 respectu
848 2314 1145 2356 supernaturalium,
1163 2322 1236 2345 sunt
1251 2315 1392 2346 virtutes.

333 2358 366 2389 Si
390 2358 475 2389 enim
498 2358 637 2388 advertas
661 2358 749 2398 quod
773 2358 943 2394 obiectum,
967 2358 1109 2389 habitum
1134 2364 1164 2389 et
1187 2365 1294 2389 actum
1319 2369 1391 2399 pro-

1452 431 1671 471 portionaliter
1694 432 1752 463 sibi
1775 433 1911 464 invicem
1933 436 2123 475 respondere
2146 442 2286 476 oportet,
2310 445 2346 467 ac
2367 446 2424 477 per
2438 436 2509 473 hoc,

1452 474 1576 506 obiecto
1600 475 1830 516 supernaturali
1852 487 1910 509 nec
1933 484 2020 510 actus
2043 489 2101 510 nec
2119 479 2244 510 habitus
2267 479 2416 510 naturalis
2436 490 2510 521 pro-

1451 519 1651 559 portionatus
1675 526 1734 556 est;
1759 527 1790 551 et
1812 521 1901 561 quod
1923 521 2052 553 virtutes
2076 529 2202 563 oportet
2221 533 2287 554 esse
2306 533 2372 554 non
2388 523 2510 564 quales-

1452 572 1590 602 cumque
1612 562 1752 600 habitus,
1777 564 1832 594 sed
1854 564 2072 605 dispositiones
2087 567 2228 608 perfecti
2250 567 2293 598 ad
2314 563 2466 608 optimuin
2482 566 2509 604 *,

1449 606 1613 637 reddentes
1636 613 1723 638 actus
1739 607 1998 648 proportionatos
2014 609 2154 642 obiecto:
2171 620 2368 652 consequens
2384 620 2451 642 esse
2466 610 2509 641 vi-

1451 649 1538 680 debis
1561 650 1650 691 quod
1672 649 1750 682 fides
1773 658 1804 682 et
1826 661 1897 692 spes
1920 653 2090 693 acquisitae
2116 661 2260 695 respectu
2290 661 2510 694 supernatura-

1449 693 1540 730 lium,
1564 694 1668 725 multo
1691 694 1798 726 minus
1821 702 1895 726 sunt
1913 696 2044 728 virtutes
2064 707 2162 738 quam
2176 697 2254 729 fides
2270 705 2302 730 et
2316 708 2387 738 spes
2403 697 2509 739 acqui-

1450 737 1526 768 sitae
1550 745 1693 778 respectu
1721 748 1834 770 eorum
1863 749 1945 780 quae
1968 747 2044 772 sunt
2064 741 2098 771 in
2121 749 2274 782 potestate
2297 741 2447 773 humana.
2477 741 2510 774 Si

1451 781 1536 811 enim
1558 781 1635 812 fides
1658 788 1689 812 et
1712 792 1782 822 spes
1806 782 1975 823 acquisitae
1998 791 2141 824 respectu
2165 785 2365 826 possibilium
2386 793 2509 816 nostro-

1449 835 1532 861 rum,
1556 825 1706 856 deficiunt
1721 836 1739 856 a
1759 826 1880 857 ratione
1901 827 2024 858 virtutis
2047 828 2123 868 quia
2145 838 2211 859 non
2234 836 2308 860 sunt
2329 829 2509 870 proportio-

1450 875 1540 899 natae
1564 869 1703 906 obiectis,
1729 870 1804 911 quia
1826 877 1901 901 sunt
1923 871 1962 901 de
1984 871 2159 902 visibilibus
2178 882 2244 902 non
2259 873 2406 910 videndo,
2424 880 2455 904 et
2470 873 2509 904 de

1450 913 1654 952 possibilibus
1682 914 1789 944 haberi
1813 923 1878 944 non
1908 914 2071 951 habendo,
2096 921 2132 945 ut
2153 915 2185 945 in
2209 916 2310 947 littera
2332 917 2454 953 dicitur,
2479 923 2510 948 et

1449 957 1544 993 bene;
1569 964 1689 998 quanto
1713 957 1812 997 magis
1835 957 1912 988 fides
1936 965 1966 989 et
1989 968 2059 998 spes
2083 959 2235 1000 acquisita
2256 960 2295 990 de
2310 960 2509 991 credibilibus

1450 1007 1480 1030 et
1507 1001 1668 1040 sperandis
1698 1001 1989 1041 supernaturaliter,
2014 1001 2165 1033 deficiunt
2191 1013 2209 1033 a
2231 1002 2353 1034 ratione
2375 1004 2507 1041 virtutis,

1449 1051 1578 1084 propter
1600 1044 1888 1085 improportionem
1909 1045 2078 1082 maiorem,
2103 1046 2178 1087 quia
2200 1047 2318 1078 seilicet
2339 1047 2378 1077 ad
2401 1058 2508 1088 super-

1448 1087 1602 1118 naturalia
1626 1088 1772 1119 ordinant
1795 1089 1971 1120 secundum
1994 1089 2075 1120 vires
2099 1090 2266 1121 naturales.
2298 1091 2396 1128 Quod
2423 1091 2509 1122 enim

1448 1131 1499 1162 hic
1522 1132 1561 1162 sit
1583 1131 1805 1172 improportio,
1822 1139 1918 1172 patet.
1943 1133 2041 1170 Quod
2064 1133 2167 1164 maior
2179 1144 2265 1170 vero,
2286 1134 2459 1165 declaratur
2473 1145 2509 1166 ex
2523 1143 2531 1151 ⁶

1449 1185 1487 1206 eo
1511 1176 1600 1216 quod
1623 1176 1695 1216 plus
1719 1175 1823 1207 deficit
1845 1183 1933 1207 actus
1956 1177 2133 1208 secundum
2155 1178 2236 1208 vires
2258 1185 2388 1210 naturae
2402 1188 2508 1220 aper-

1448 1219 1584 1250 fectione
1607 1219 1710 1250 debita
1734 1220 1773 1250 ad
1797 1220 2039 1261 proportionem
2063 1221 2141 1253 tanti
2162 1222 2286 1258 obiecti,
2303 1231 2402 1263 quam
2421 1229 2509 1254 aetus

1447 1262 1522 1294 fidei
1554 1263 1591 1293 de
1620 1263 1769 1294 humanis
1793 1274 1810 1294 a
1833 1263 1955 1296 visione
1979 1274 2101 1296 eorum.
2132 1265 2176 1296 Hi
2199 1265 2284 1296 enim
2313 1272 2389 1298 sunt
2409 1266 2509 1299 nostri

1449 1307 1578 1344 ordinis,
1604 1314 1634 1338 et
1657 1317 1712 1349 per
1734 1307 1884 1339 virtutem
1900 1314 2036 1339 creatam
2052 1314 2157 1349 potest
2170 1319 2260 1340 mens
2279 1315 2388 1341 nostra
2401 1309 2509 1352 perfici

1448 1351 1486 1381 de
1510 1351 1574 1382 his:
1598 1350 1643 1381 illi
1667 1357 1774 1382 autem
1798 1358 1872 1383 sunt
1893 1351 2092 1383 diversorum
2107 1353 2266 1390 ordinum,
2282 1353 2399 1384 scilicet
2416 1360 2508 1385 natu-

1447 1395 1519 1426 ralis
1543 1402 1574 1426 et
1596 1396 1851 1435 supernaturalis,
1876 1402 1907 1426 et
1928 1405 1994 1426 non
2010 1396 2071 1426 nisi
2089 1406 2146 1436 per
2158 1397 2264 1427 Deum
2287 1397 2510 1429 infundentem

1448 1445 1553 1479 potest
1575 1449 1665 1470 mens
1687 1439 1928 1480 proportionate
1951 1439 2059 1480 perfici
2081 1441 2121 1471 de
2143 1440 2215 1472 illis.
2235 1441 2338 1478 Unde,
2354 1448 2391 1473 ut
2406 1441 2441 1473 in
2458 1442 2508 1473 lit-

1447 1490 1513 1514 tera
1535 1483 1658 1519 dicitur,
1682 1482 1760 1514 fides
1778 1490 1810 1514 et
1823 1493 1895 1524 spes
1909 1483 2033 1515 infusae
2048 1484 2166 1516 habent
2182 1485 2276 1526 ,quod
2299 1485 2362 1516 sint
2378 1485 2508 1518 virtutes

1448 1537 1485 1557 ex
1509 1537 1547 1557 eo
1571 1526 1660 1568 quod
1684 1534 1758 1558 sunt
1780 1527 1878 1558 divini
1901 1527 2020 1558 ordinis
2043 1527 2254 1565 essentialiter,
2271 1535 2302 1560 et
2319 1538 2386 1560 non
2401 1529 2509 1561 solum

1448 1577 1605 1611 quantum
1628 1571 1668 1601 ad
1696 1571 1877 1602 materiam:
1907 1581 1944 1601 ex
1966 1571 2028 1602 hoc
2056 1571 2142 1601 enim
2169 1572 2286 1603 habent
2308 1572 2397 1614 quod
2420 1578 2508 1605 actus

1448 1615 1707 1655 proportionatos
1731 1614 1860 1645 obiectis
1880 1614 2016 1651 eliciunt,
2034 1614 2172 1646 efficaces
2191 1615 2232 1645 ad
2248 1615 2508 1657 coniungentium

1448 1658 1587 1689 obiectis.
1611 1659 1652 1689 Et
1680 1658 1825 1698 quamvis
1854 1657 2127 1698 imperfectionem
2155 1659 2328 1690 evidentiae
2355 1659 2507 1698 habeant,

1447 1702 1568 1733 iustum
1591 1709 1697 1732 tamen
1721 1709 1767 1733 est
1790 1709 1826 1733 ut
1847 1702 1932 1742 quod
1958 1702 2121 1742 infirmum
2145 1708 2192 1734 est
2218 1703 2296 1741 Dei,
2318 1700 2446 1744 sortitis
2466 1705 2509 1736 sit

1446 1746 1634 1777 hominibus.

1503 1789 1555 1820 111.
1571 1789 1619 1820 Ex
1634 1789 1695 1820 hoc
1711 1796 1817 1820 autem
1834 1789 1929 1820 habes
1945 1789 2140 1821 solutionem
2158 1787 2363 1822 tractatorum
2377 1801 2396 1822 a
2410 1791 2507 1823 Scoto

1446 1833 1479 1863 in
1494 1843 1566 1864 xxvr
1588 1833 1787 1864 distinctione
1810 1833 1851 1864 111
1874 1833 1960 1864 Sent.
1981 1833 2086 1864 Habes
2107 1833 2192 1864 enim
2214 1835 2304 1876 quod
2324 1835 2365 1865 ad
2383 1835 2507 1866 theolo-

1446 1877 1550 1917 gicam
1565 1877 1723 1914 virtutem,
1741 1877 1800 1907 nisi
1824 1877 1996 1919 aequivoce
2009 1877 2190 1918 loquamur,
2210 1877 2342 1918 exigitur
2364 1879 2454 1920 quod
2468 1879 2509 1912 sit

1446 1920 1543 1951 divini
1559 1930 1615 1951 seu
1630 1921 1883 1961 *supernaturalis
1902 1920 2022 1952 ordinis
2038 1922 2255 1959 essentialiter;
2275 1928 2307 1954 et
2321 1922 2366 1953 sic
2381 1929 2508 1963 oportet

1446 1964 1553 1995 haberi
1576 1965 1644 1995 sola
1670 1964 1830 1996 infusione
1854 1965 1976 2002 divina,
2000 1972 2037 1996 ut
2058 1966 2154 1996 etiarn
2179 1966 2214 1996 in
2241 1965 2347 2006 primo
2374 1966 2508 1999 articulo

1447 2009 1568 2039 dictum
1591 2015 1646 2039 est.
1662 2026 1684 2032 -
1703 2009 1809 2039 Habes
1833 2019 1964 2050 quoque
1987 2010 2077 2050 quod
2099 2010 2186 2040 aliud
2210 2017 2256 2040 est
2276 2010 2368 2052 loqui
2391 2011 2431 2042 de
2452 2010 2508 2043 ha-

1445 2052 1513 2083 bitu
1530 2052 1725 2094 theologico;
1749 2059 1779 2084 et
1794 2053 1880 2084 aliud
1895 2053 1934 2084 de
1949 2053 2063 2084 virtute
2078 2053 2267 2094 theologica.
2284 2053 2368 2087 Nam
2382 2053 2508 2086 habitus

1445 2095 1644 2136 theologicos
1667 2097 1699 2127 in
1723 2097 1815 2129 nobis
1842 2096 2013 2138 acquisitos
2036 2097 2112 2135 dari,
2136 2104 2173 2128 ut
2193 2097 2339 2140 habitum
2362 2098 2508 2140 scientiae

1446 2139 1657 2181 imperfectae,
1682 2139 1784 2181 qualis
1807 2147 1854 2172 est
1868 2140 2028 2181 theologia
2043 2147 2159 2178 nostra,
2176 2151 2258 2182 quae
2273 2140 2434 2173 inevidens
2450 2146 2506 2179 est,

1446 2191 1477 2215 et
1499 2183 1671 2224 opinionis,
1695 2191 1726 2215 et
1748 2184 1831 2221 fidei,
1856 2191 1887 2216 et
1909 2184 2095 2221 dilectionis,
2112 2192 2143 2216 et
2161 2185 2238 2226 spei,
2254 2195 2320 2216 non
2336 2194 2505 2226 negamus:

1445 2228 1575 2259 virtutes
1598 2235 1708 2261 autem
1730 2228 1923 2269 theologicas
1947 2229 2116 2270 acquisitas
2138 2229 2204 2261 dan·
2227 2239 2391 2269 negamus.
2415 2231 2457 2262 Et
2473 2230 2508 2263 in

1447 2279 1599 2312 promptu
1628 2282 1721 2303 causa
1748 2279 1808 2304 est:
1838 2273 1914 2314 quia
1940 2271 2227 2314 improportiohata
2254 2280 2328 2306 sunt
2355 2274 2509 2315 aequisita

1446 2315 1554 2346 omnia
1570 2315 1610 2346 ad
1633 2323 1721 2347 actus
1744 2315 1948 2348 infallibiliter
1961 2323 2063 2348 rectos
2077 2323 2108 2348 et
2123 2317 2383 2358 proportionatos
2398 2315 2507 2360 super4

1447 2359 1651 2396 naturalibus,
1675 2366 1712 2390 ut
1733 2366 1819 2400 patet
1841 2370 1879 2390 ex
1902 2359 2000 2391 dictis.

1110 2511 1427 2554 ARTICULUS
1459 2511 1756 2564 QUARTUS·

870 2602 1026 2633 UTRUM
1051 2602 1172 2634 amns
1196 2602 1262 2634 εῖτ
1286 2603 1416 2634 PmoR
1439 2603 1524 2639 SPE,
1547 2603 1606 2634 ET
1629 2603 1726 2634 spes
1749 2603 1970 2634 camni-E

578 2682 609 2706 11·
628 2681 679 2710 11⁰,
699 2688 743 2713 qu.
762 2687 795 2710 tv,
815 2686 861 2705 art.
881 2687 911 2712 7;
931 2688 974 2713 qu.
994 2688 1052 2712 xvn,
1072 2686 1118 2706 art.
1139 2689 1162 2713 7,
1182 2679 1212 2711 85
1232 2681 1263 2705 111
1283 2681 1365 2710 sent„
1386 2682 1444 2707 dist.
1463 2689 1532 2712 xxm,
1551 2689 1596 2714 qu.
1614 2689 1642 2712 11,
1656 2687 1703 2707 art.
1723 2681 1737 2706 5
1743 2690 1751 2713 ;
1771 2682 1830 2708 dist.
1850 2690 1915 2712 xxvr,
1934 2691 1978 2716 qu.
1998 2690 2031 2714 ¹13
2051 2688 2097 2709 art.
2114 2683 2137 2714 3,
2157 2685 2205 2717 qu·
2226 2692 2239 2708 2
2246 2691 2253 2716 ;

1221 2716 1263 2741 De
1285 2717 1390 2746 Virtut„
1410 2725 1454 2750 qu.
1473 2724 1508 2748 w,
1527 2721 1573 2742 art.
1593 2716 1617 2742 3.

376 2814 425 2841 Ν
462 2825 503 2841 Μ
542 2807 564 2832 D
585 2805 757 2837 QUARTUM
776 2806 829 2833 Sic
849 2806 1088 2832 PROCEDITUR.
1105 2794 1264 2832 Videtur
1282 2794 1390 2842 quod

356 2831 518 2909 ’ᾒέἓ
543 2860 621 2885 non
650 2847 696 2884 sit
722 2847 784 2884 hic
812 2847 907 2885 ordo
937 2846 1238 2896 theologicarum
1274 2847 1391 2885 virtu-

349 2902 464 2981 {tgr
481 2887 533 2989 ’ἶ
543 2908 635 2990 min’
665 2900 971 2991 353313‘113232‘
988 2899 1102 2990 epis„
1112 2912 1173 2990 ἒξ
1177 2908 1289 2990 '³213
1304 2913 1391 2990 ῗΡέἒ

389 2970 428 2986 s<
465 2964 477 2981 ν’
522 2973 534 2983 κ
570 2966 587 2991 r
602 2966 645 2990 or
819 2982 828 2990 .

333 3005 438 3054 quod
458 2966 577 3043 est-eii<
596 3006 732 3044 radice.
755 3006 833 3044 Sed
846 3005 986 3049 ,caritas
1007 3013 1062 3043 est
1085 2965 1209 3044 radixp
1217 3006 1391 3044 omnium

332 3058 536 3104 virtutum;
558 3059 768 3097 secundum
797 3059 887 3097 illud
915 3059 967 3096 ad
991 3060 1127 3108 Ephes.
1149 3071 1183 3096 111
1202 3058 1238 3096 *z
1258 3060 1305 3096 In
1330 3071 1391 3097 ca-

332 3112 440 3148 ritate
469 3111 628 3148 radicati
653 3118 688 3148 et
713 3112 881 3160 fundati.
911 3113 1013 3160 Ergo
1043 3111 1177 3149 caritas
1206 3120 1261 3150 est
1287 3111 1392 3161 prior

333 3164 424 3201 aliis.

386 3229 420 3254 2.
450 3218 685 3265 PRAETEREA,
714 3217 946 3264 Augustinus
975 3217 1074 3265 dicit,
1103 3217 1142 3254 in
1171 3219 1184 3254 1
1213 3218 1259 3255 de
1280 3218 1390 3255 Doct.

337 3270 468 3307 Christ.
482 3269 519 3307 *z
534 3270 626 3308 Non
640 3275 763 3318 potest
779 3269 913 3318 aliquis
931 3269 1088 3319 diligere
1106 3271 1207 3319 quod
1220 3282 1298 3307 esse
1316 3282 1391 3308 non

333 3323 538 3360 crediderit.
559 3323 680 3360 Porro
707 3323 742 3359 si
767 3323 884 3359 credit
910 3328 946 3359 et
971 3323 1102 3373 diligit,
1131 3324 1224 3361 hene
1241 3324 1392 3374 agendo

333 3376 447 3423 efficit
473 3381 513 3412 ut
538 3376 649 3412 etiam
676 3381 808 3424 speret.
837 3375 939 3423 Ergo
977 3375 1128 3414 videtur
1155 3376 1262 3425 quod
1295 3376 1392 3414 fides

332 3430 534 3477 praecedat
561 3429 767 3476 caritatem⁷
798 3435 833 3464 et
862 3427 994 3465 caritas
1023 3441 1143 3477 spem.

371 2831 377 2838 r

387 3533 412 3564 α)
429 3532 515 3564 prior.
529 3547 547 3551 -
562 3533 639 3564 prius
659 3532 862 3557 ABCDEGHIL.

1500 2796 1534 2832 3.
1556 2795 1794 2844 Pmmm,
1823 2808 1932 2833 amor
1951 2804 2006 2834 est
2023 2797 2252 2847 principium
2272 2799 2397 2837 omnis
2416 2799 2508 2838 affe-

1445 2847 1592 2896 ctionis,
1612 2855 1653 2885 ut
1680 2860 1796 2897 supra
1824 2849 2049 2889 dictumest
2065 2851 2096 2888 *.
2114 2851 2192 2890 Sed
2219 2863 2306 2900 spes
2334 2852 2508 2891 nominat

1446 2901 1641 2949 quandam
1669 2900 1928 2940 affectionem:
1950 2910 2006 2940 est
2026 2903 2128 2941 enim
2157 2904 2346 2953 quaedam
2363 2905 2506 2954 passio,

1445 2961 1486 2991 ut
1504 2966 1618 3003 supra
1631 2953 1651 2975 ’¹‘
1667 2953 1809 2992 dictum
1828 2962 1894 2992 est.
1911 2956 2014 3004 Ergo
2029 2956 2175 3005 caritas,
2190 2969 2290 3006 quae
2309 2965 2366 2995 est
2384 2970 2506 3007 amor,

1447 3014 1502 3044 est
1529 3006 1631 3056 prior
1659 3019 1739 3056 spe.

1499 3059 1573 3096 Sao
1602 3071 1748 3097 CONTRA
1775 3071 1841 3098 as‘r
1869 3061 1966 3098 ordo
1993 3073 2072 3110 quo
2100 3063 2308 3111 Apostolus
2326 3063 2397 3101 ista
2415 3075 2507 3103 enu-

1447 3119 1568 3150 merat
1581 3111 1612 3160 *,
1639 3111 1786 3150 dicens:
1806 3113 1924 3151 Nunc
1949 3120 2074 3152 autem
2101 3121 2257 3154 manent
2269 3116 2383 3164 fideS,
2411 3128 2504 3165 spes,

1446 3165 1596 3202 caritas.

1500 3219 1726 3256 Rrspounso
1745 3230 1929 3256 mesanum
1944 3219 2051 3268 quod
2069 3219 2209 3269 duplex
2228 3228 2285 3258 est
2302 3221 2420 3259 ordo:
2435 3221 2505 3259 sci-

1447 3270 1533 3308 licet
1559 3270 1825 3319 generationis,
1847 3279 1883 3308 et
1908 3271 2161 3321 perfectionis,
2183 3273 2329 3311 Ordine
2348 3273 2505 3323 quidem

1448 3323 1712 3372 generationis,
1724 3335 1802 3373 quo
1817 3324 1974 3362 materia
1989 3333 2046 3362 est
2054 3326 2157 3374 prior
2170 3326 2307 3375 forma,
2318 3334 2355 3364 et
2367 3326 2505 3376 imper-

1449 3376 1591 3414 fectum
1613 3377 1795 3426 perfecto,
1818 3377 1857 3416 in
1871 3390 1950 3416 uno
1970 3385 2006 3416 et
2025 3379 2182 3426 eodem;
2197 3379 2294 3417 fides
2313 3379 2506 3428 praeeedit

1449 3441 1569 3478 spem,
1601 3437 1636 3467 et
1663 3442 1749 3479 spes
1778 3429 1987 3479 caritatem,
2018 3431 2229 3469 secundum
2261 3439 2366 3469 actus
2394 3434 2503 3479 (nam

2537 573 2548 584 ⁸
2555 573 2591 595 cf.
2600 577 2642 596 art.
2650 580 2666 602 ι,
2676 580 2724 603 arg.
2731 581 2747 597 ι.

2533 2865 2744 2895 *caan-astu.

2533 2970 2688 3024 LQuaxm,
2702 2974 2746 2994 ιη.

2534 3129 2559 3152 Ἰ
2571 3128 2607 3150 ad
2619 3129 2684 3157 Cor„
2693 3135 2744 3157 eap.

2532 3161 2584 3183 xm,
2593 3161 2654 3178 ven.
2669 3161 2698 3185 ¹3·
