2852 4152
141 1051 150 1059 ·
167 1050 218 1071 Art.
232 1055 257 1077 7,
278 1049 350 1070 Com-

140 1079 225 1102 ment.,
242 1076 267 1096 17:
287 1080 350 1102 resp.

144 1101 179 1123 ad
191 1100 321 1123 secundum.

375 235 446 272 126

372 320 499 349 motus
518 312 658 350 horum
678 313 952 350 membrorum.
970 312 1062 349 Non
1080 319 1207 348 tamen
1226 318 1431 347 moventur

372 365 582 403 secundum
600 366 747 403 iussum
767 365 917 403 rationis
937 372 1001 402 aut
1019 365 1237 410 intellectus,
1255 363 1343 411 quia
1362 362 1430 399 sci-

372 418 458 455 licet
494 419 542 456 ad
574 426 722 456 motum
755 419 894 456 horum
932 417 1194 454 membrorum
1232 414 1431 463 requiritur

373 471 498 520 aliqua
525 471 692 509 alteratio
722 471 911 517 naturalis,
941 470 1079 507 scilicet
1103 467 1296 506 caliditatis
1317 474 1351 503 et
1371 466 1430 503 fri-

372 524 543 572 giditatis,
573 536 669 573 quae
698 524 854 573 quidem
883 522 1049 560 alteratio
1074 534 1152 558 non
1175 520 1344 557 subiacet
1361 519 1430 556 irn-

372 577 479 626 perio
504 577 667 614 rationis.
690 576 907 626 Sp'ecialiter
925 583 1052 612 autem
1071 575 1147 610 hoc
1165 572 1298 608 accidit
1315 572 1354 608 in
1373 572 1430 608 his

375 630 525 667 duobus
551 629 745 677 membris,
775 629 863 678 quia
889 634 1094 675 utrumque
1122 625 1281 661 istorum
1309 636 1431 661 mem—

428 777 454 810 ὃ)
473 778 557 810 quasi.
574 791 593 797 —
611 778 672 802 Om.
687 775 905 801 ABCFGHILsD.

1048 232 1313 280 QUAESTIO
1341 232 1461 278 xvn,
1490 230 1784 268 ARTICULUS
1813 230 1865 267 1x

1483 310 1642 346 brorum
1671 315 1726 345 est
1753 307 1860 357 quasi
1878 305 1891 330 δ
1919 308 2116 356 quoddam
2144 306 2284 344 animal
2312 312 2539 354 separatum,

1483 361 1707 410 inquantum
1725 368 1780 397 est
1793 360 2021 409 principium
2036 360 2152 408 vitae,
2167 359 2397 409 principium
2413 365 2540 395 autem

1485 421 1540 450 est
1565 414 1703 451 virtute
1731 420 1866 450 totum.
1888 413 1966 450 Cor
1993 413 2095 451 enim
2118 412 2346 462 principium
2375 418 2430 448 est
2457 423 2541 448 sen-

1485 478 1617 503 suum:
1649 473 1685 502 et
1713 478 1758 502 ex
1785 466 1961 503 membro
1994 465 2145 514 genitali
2171 465 2299 503 virtus
2323 464 2396 501 exit
2429 463 2541 501 semi-

1484 518 1589 565 nalis,
1611 530 1708 566 quae
1737 525 1792 555 est
1819 518 1954 556 virtute
1982 526 2104 556 totum
2129 518 2280 556 animal.
2301 518 2350 555 Et
2367 517 2455 554 ideo
2475 517 2541 554 ha-

1484 571 1575 607 bent
1605 570 1781 620 proprios
1812 578 1939 608 motus
1970 571 2204 609 naturaliter:
2238 571 2328 619 quia
2359 570 2542 619 principia

1486 630 1635 672 oportet
1663 635 1745 660 esse
1773 624 1967 672 naturalia,
1995 631 2038 662 ut
2065 624 2206 662 dictum
2236 631 2292 661 est
2308 623 2339 660 ²¹⁸.

1050 861 1380 895 Commenta-ia
1402 862 1651 895 Cardjnalis
1673 860 1873 894 Caietam

408 963 428 983 N
451 951 655 992 responsione
677 950 716 980 ad
737 949 886 980 ultimum
910 949 987 980 noni
1012 948 1146 986 articuli,
1166 955 1243 979 nota
1268 949 1343 979 duo.
1369 949 1434 979 Pri-

380 965 498 1026 Imum
531 1001 595 1033 est,
619 994 706 1034 quod
731 993 896 1034 dispositio
924 993 1074 1034 requisita
1096 993 1136 1023 ad
1162 999 1289 1024 motum
1317 993 1433 1023 horum

377 1040 594 1070 membrorum
610 1062 617 1075 ,
653 1047 719 1067 non
752 1044 798 1068 est
828 1037 881 1068 illa
913 1037 1047 1078 qualitas
1078 1037 1116 1067 de
1148 1047 1211 1077 qua
1242 1036 1386 1076 superius
1414 1035 1432 1053 '²‘

379 1084 499 1114 dictum
522 1089 568 1112 est
590 1082 679 1123 quod
702 1081 844 1122 sequitur
867 1081 1049 1122 passionem
1069 1081 1244 1122 appetitus,
1270 1076 1431 1110 'mediante

378 1134 470 1158 motu
494 1126 610 1157 cordis:
635 1126 689 1156 sed
706 1132 752 1156 est
768 1125 901 1166 qualitas
924 1124 1074 1156 naturalis
1097 1124 1157 1155 soli
1176 1130 1305 1154 naturae
1328 1123 1430 1154 subie-

378 1178 440 1208 cta,
468 1181 523 1211 per
553 1180 651 1211 quam
673 1176 781 1201 motus
811 1169 867 1200 iste
891 1179 957 1200 non
980 1168 1193 1203 voluntarius,
1224 1167 1279 1198 sed
1307 1174 1431 1198 natura-

377 1215 414 1245 lis
438 1222 493 1246 est.

432 1258 615 1290 Secundum
632 1264 686 1294 est,
704 1258 791 1298 quod
807 1257 840 1287 in
863 1256 964 1287 littera
987 1256 1067 1286 duae
1085 1265 1194 1286 causae
1214 1264 1251 1285 ex
1265 1254 1432 1285 Aristotele

1488 955 1668 989 tanguntur,
1685 959 1781 989 quare
1809 949 1951 979 membra
1973 948 2050 979 haec
2077 948 2194 980 habent
2220 956 2348 981 motum
2376 951 2542 992 proprium

1487 992 1671 1023 naturalem.
1689 992 1793 1023 Prima
1816 998 1871 1028 est,
1892 992 1966 1033 quia
1989 991 2155 1033 quodlibet
2177 1002 2289 1024 eorum
2312 1000 2359 1024 est
2380 995 2472 1035 quasi
2495 1005 2542 1025 se-

1485 1043 1632 1075 paratum
1660 1036 1786 1067 animal.
1808 1036 1952 1067 Secunda
1980 1042 2039 1072 est,
2060 1036 2135 1076 quia
2163 1037 2327 1077 quodlibet
2356 1048 2469 1069 eorum
2497 1045 2544 1070 est

1485 1079 1686 1119 principium.
1703 1080 1751 1110 Ex
1773 1080 1875 1120 prima
1894 1080 1979 1110 enim
2001 1080 2134 1110 habetur
2157 1080 2246 1120 quod
2269 1087 2376 1112 motus
2398 1082 2455 1113 iste
2475 1092 2543 1113 non

1485 1123 1630 1153 subditur
1651 1123 1785 1163 imperio
1809 1123 1980 1163 superioris
2004 1123 2114 1164 partis:
2140 1133 2176 1154 ex
2191 1134 2258 1165 quo
2282 1124 2367 1155 enim
2390 1132 2436 1156 est
2450 1126 2542 1166 quasi

1486 1174 1666 1207 separatum
1689 1167 1819 1204 animal,
1844 1167 2020 1198 secundum
2043 1167 2184 1207 seipsum
2209 1168 2303 1198 habet
2325 1175 2453 1200 motum
2475 1179 2543 1199 non

1484 1210 1676 1251 imperatum
1698 1211 1737 1241 ab
1761 1211 1833 1242 alio.
1850 1211 1898 1242 Ex
1913 1211 2051 1242 secunda
2074 1221 2159 1248 vero,
2177 1212 2265 1252 quod
2286 1219 2392 1243 motus
2415 1213 2473 1243 iste
2497 1218 2543 1243 est

1485 1254 1651 1286 naturalis:
1676 1255 1750 1296 quia
1773 1254 1927 1296 principia
1950 1261 2077 1296 oportet
2100 1266 2166 1286 esse
2190 1256 2352 1287 naturalia.

2570 628 2578 637 ·
2593 627 2619 648 In
2634 632 2696 655 resp.
2706 627 2734 649 ad
2745 633 2765 649 2.
