2846 4146
330 198 403 235 366
1010 199 1274 245 QUAESTIO
1305 199 1404 234 LVII
1415 226 1424 243 ,

334 283 387 312 est
415 275 615 324 perfectior
643 289 759 325 quam
788 276 982 322 sensibilis,
1010 283 1044 312 et
1064 275 1246 312 sensibilis
1271 286 1387 322 quam

331 328 560 376 vegetabilis.
579 329 664 365 Hoc
685 329 786 366 enim
806 329 938 375 modo,
959 328 1111 365 scientia
1131 327 1321 376 dependet
1341 327 1388 362 ab

332 381 519 418 intellectu
536 381 630 418 sicut
645 394 667 418 a
681 382 944 440 principaliori.
963 382 1011 418 Et
1029 389 1233 427 utrumque
1250 379 1388 426 depen-

334 434 396 471 det
420 446 441 470 a
461 434 643 492 sapientia
671 435 766 471 sicut
790 447 811 471 a
835 433 1160 491 principalissimo,
1190 443 1289 479 quae
1319 431 1388 466 sub

191 486 205 518 β
333 499 372 523 se
403 487 568 523 continet
597 495 633 523 et
661 487 887 523 intellectum
918 494 954 522 et
981 485 1175 522 scientiam
1205 482 1238 529 β,
1269 490 1309 518 ut
1342 483 1390 520 de

334 539 640 576 conclusionibus
661 539 901 576 scientiarum
928 537 1147 582 diiudicans,
1170 543 1204 571 et
1225 537 1271 572 de
1290 535 1390 583 prin-

334 591 437 640 cipiis
467 592 686 629 earundem.

93 648 303 674 'Q¹¹·¹-v2⁸¹1·324
386 646 445 681 An
465 656 623 682 TERTIUM
643 655 825 681 DICENDUM
841 642 958 691 quod,
976 642 1070 678 sicut
1085 653 1199 689 supra
1212 640 1232 662 ‘³‘
1248 641 1390 678 dictum

386 755 411 790 β)
431 757 575 782 scientiam.
588 771 606 775 -
624 757 746 781 scientias
766 757 793 780 P.

1453 197 1747 233 ARTICULUS
1778 197 1825 232 Ill

1445 282 1511 320 est,
1534 273 1685 310 habitus
1712 273 1860 310 virtutis
1881 273 2127 312 determinate
2156 287 2196 311 se
2224 275 2339 311 habet
2367 274 2416 311 ad
2438 274 2505 310 bo-

1445 338 1550 372 nurn,
1568 327 1670 362 nullo
1688 333 1816 362 autem
1831 326 1949 363 modo
1970 326 2019 364 ad
2034 328 2191 364 malum.
2208 328 2360 364 Bonum
2377 334 2504 363 autem

1443 371 1651 414 intellectus
1681 386 1736 414 est
1750 390 1900 424 verum,
1926 379 2071 416 malum
2095 387 2224 416 autem
2255 379 2335 416 eius
2365 387 2419 416 est
2439 379 2504 416 fal-

1445 443 1543 467 sum.
1569 430 1679 468 Unde
1708 430 1778 466 soli
1806 430 1854 467 illi
1882 431 2032 477 habitus
2058 432 2216 470 virtutes
2235 432 2506 469 intellectuales

1445 483 1630 531 dicuntur,
1642 482 1779 531 quibus
1794 495 1946 532 semper
1957 484 2089 522 dicitur
2102 497 2251 531 verum,
2264 492 2300 521 et
2309 496 2507 532 nunquam

1444 536 1592 571 falsum.
1624 535 1766 583 Opinio
1786 547 1880 572 vero
1901 543 1937 573 et
1955 537 2117 585 suspicio
2145 544 2305 586 possunt
2325 548 2406 573 esse
2426 535 2507 573 veri

1446 595 1481 624 et
1509 587 1601 624 falsi.
1628 589 1676 624 Et
1704 588 1790 624 ideo
1819 600 1897 625 non
1926 598 2012 626 sunt
2039 590 2306 627 intellectuales
2335 589 2505 635 virtutes,

1444 648 1486 677 ut
1515 640 1647 677 dicitur
1674 640 1712 676 in
1740 641 1791 677 VI
1819 641 1938 678 Ethic.
1959 641 1979 663 ⁹¹⁵
2537 628 2546 637 '
2561 626 2593 648 θ’
2613 632 2662 653 ¹¹¹
2673 632 2695 648 ¹¹·
2706 632 2722 648 ¹·
2735 637 2745 643 -

2537 653 2561 675 S.
2571 652 2616 674 Τ.
2630 642 2683 674 lect.
2699 658 2733 675 nr.

1005 816 1337 849 Commentaria
1360 816 1610 849 Car-ainans
1633 816 1831 850 Caietam
1852 852 1855 855 ¹

364 908 384 928 N
409 898 540 928 articulo
569 897 722 933 secundo,
748 903 778 927 et
801 896 974 936 specialiter
1001 896 1033 926 in
1057 896 1263 936 responsione
1287 897 1326 930 ad
1350 906 1395 926 se-

338 910 516 977 Icundum,
541 948 616 971 nota
639 941 806 981 quomodo
822 940 973 980 sapientia
989 940 1129 970 continet
1147 940 1342 971 intellectum
1365 947 1396 970 et

335 985 504 1015 scientiam.
529 985 603 1015 Non
620 985 705 1015 enim
721 984 861 1015 continet
877 990 912 1014 ut
928 991 1030 1024 partes
1046 983 1220 1024 integrales,
1241 994 1316 1014 cum
1331 984 1395 1014 iam

94 1035 306 1063 ·Cf.qu.uv,art.
334 1029 453 1059 dictum
477 1029 620 1068 superius
634 1029 651 1047 *
675 1028 714 1059 sit
737 1029 825 1069 quod
852 1028 984 1059 habitus'
997 1038 1062 1058 non
1082 1028 1253 1067 integratur
1269 1037 1305 1057 ex
1323 1028 1394 1067 plu-

95 1069 118 1088 4'
334 1073 419 1103 ribus
436 1072 609 1103 habitibus:
627 1073 680 1102 sed
697 1072 837 1103 continet
853 1072 942 1112 quasi
959 1079 1061 1112 partes
1076 1072 1273 1112 potentiales.
1289 1072 1393 1102 Habet

334 1117 418 1146 enim
439 1126 470 1146 se
495 1116 647 1156 sapientia
663 1117 702 1146 ad
717 1116 912 1147 intellectum
928 1123 957 1147 et
974 1115 1135 1146 scientiam
1155 1115 1208 1151 sic,
1224 1115 1313 1155 quod
1327 1115 1395 1155 ipsa

334 1161 473 1191 continet
495 1160 651 1201 quidquid
674 1160 754 1197 illae,
780 1167 810 1191 et
834 1160 1033 1190 eminentiori
1057 1160 1172 1189 modo:
1198 1159 1297 1189 utitur
1311 1159 1396 1189 enim

334 1204 495 1244 principiis
519 1207 574 1244 per
597 1214 629 1235 se
653 1204 736 1235 notis
760 1205 946 1235 deducendo
979 1203 1213 1239 conclusiones,
1238 1203 1327 1244 quod
1351 1210 1396 1234 est

1449 896 1613 933 scientiae;
1638 903 1670 927 et
1684 896 1752 937 ipsa
1768 906 1824 936 per
1839 907 1871 926 se
1882 903 1963 927 nota
1980 895 2132 936 principia
2147 905 2219 926 vera
2237 906 2302 927 esse
2319 907 2355 927 ex
2369 897 2510 928 terminis

1448 940 1575 976 iudicat,
1601 940 1740 971 defendit
1763 947 1794 971 et
1816 940 1958 976 inchoat,
1982 949 2064 980 quae
2086 939 2262 970 intellectus
2285 942 2510 972 tantummodo

1448 984 1533 1014 videt
1548 984 1707 1020 absolute;
1728 991 1757 1015 et
1773 991 1945 1025 utrumque
1965 984 2059 1014 habet
2075 983 2285 1014 resolvendo'
2277 994 2309 1014 1n
2326 984 2548 1015 altissimam
2537 1002 2620 1050 Capr,
2635 1007 2676 1028 vn
2691 1006 2712 1022 n
2727 1006 2748 1030 ³·

1449 1038 1586 1064 causam,
1607 1029 1696 1068 quod
1715 1035 1761 1058 est
1780 1028 1969 1058 eminentius
1990 1027 2160 1058 continere.
2180 1027 2221 1058 Et
2237 1034 2403 1069 propterea
2416 1028 2449 1059 in
2465 1029 2507 1060 VI
2538 1028 2599 1076 le‘n
2611 1017 2748 1076 Γξεῐθῗάὲ

1450 1072 1552 1102 Ethic.
1569 1070 1596 1108 ³¹,
1613 1078 1643 1102 et
1664 1072 1697 1102 in
1719 1072 1826 1103 littera
1839 1072 1882 1108 **,
1898 1071 2012 1102 dicitur
2022 1071 2111 1112 quod
2127 1071 2268 1102 continet
2292 1072 2455 1103 scientiam
2481 1079 2511 1103 et
2538 1081 2584 1103 ·s.
2592 1080 2638 1102 τιι
2657 1083 2701 1102 eet
2712 1085 2730 1103 ι.
2738 1090 2750 1096 -

2538 1107 2590 1129 Did.
2602 1107 2643 1128 lib.
2649 1106 2690 1133 m,
2698 1112 2749 1135 eap-

1450 1095 1654 1146 intellectiim.
1678 1116 1719 1146 Et
1741 1116 1774 1146 in
1799 1116 1840 1147 lV
1856 1116 2040 1156 Metaphys.
2056 1115 2082 1152 *,
2098 1122 2229 1146 vocatur
2252 1115 2388 1153 scientia,
2406 1123 2436 1147 et
2459 1116 2511 1147 de·
2539 1140 2556 1160 1
2571 1139 2593 1155 n
2609 1139 2625 1155 ,

1450 1159 1549 1190 fendit
1572 1159 1726 1200 principia
1748 1170 1786 1190 ex
1809 1159 1950 1190 terminis
1973 1159 2000 1190 *.

1137 1358 1454 1400 ARTICULUS
1482 1358 1711 1399 TERTIUS

744 1451 898 1482 UTRUM
922 1450 1109 1481 HABITUS
1133 1450 1505 1481 INTELLECTUALIS
1530 1450 1604 1488 Qut
1627 1450 1708 1481 EST
1732 1451 1830 1487 ARs,
1856 1451 1922 1482 5ιΤ
1946 1450 2103 1482 VIRTUS

1082 1528 1122 1553 De
1140 1528 1246 1557 Virtut„
1265 1536 1310 1560 qu.
1329 1536 1350 1557 ι,
1370 1533 1415 1553 art.
1429 1535 1460 1561 7;
1479 1529 1513 1553 VI
1534 1529 1629 1558 Etlzic„
1649 1529 1706 1553 lect.
1725 1536 1764 1554 111.

401 1766 405 1773 ,
482 1676 540 1779 is
551 1725 652 1762 enirn
667 1725 913 1773 Augustinus,
924 1724 962 1760 in
977 1724 1071 1760 libro
1083 1724 1128 1759 de
1138 1724 1275 1760 Libero
1286 1723 1398 1759 Arhi-

100 1781 237 1829 Qvfflbguffg
259 1787 310 1808 ⁰³¹³
395 1794 410 1810 κ
428 1781 485 1809 ἵν’
508 1771 621 1817 χκκΐνιο
636 1778 666 1824 *,
693 1779 798 1827 quod
817 1778 983 1814 virtute⁰²
1003 1776 1126 1813 nullus
1149 1776 1248 1812 male
1272 1777 1396 1812 utitur.

161 1824 166 1833 ’
197 1844 214 1860 0¹
339 1832 415 1869 Sed
444 1839 521 1868 arte
550 1831 683 1878 aliquis
703 1832 803 1868 male
831 1830 965 1866 utitur.
994 1836 1120 1878 potest
1144 1829 1245 1865 enim
1266 1828 1398 1877 aliquis

338 1885 479 1930 artifex,
502 1884 712 1921 secundum
740 1883 935 1920 scientiam
955 1882 1043 1918 artis
1063 1894 1166 1928 suae,
1187 1882 1287 1918 male
1308 1893 1398 1930 ope-

338 1937 422 1974 rari.
453 1938 554 1984 Ergo
583 1949 643 1973 ars
672 1949 750 1974 non
780 1943 835 1972 est
860 1935 991 1972 virtus.

392 2002 427 2027 2.
457 1991 690 2037 PRAETEREA,
710 1988 855 2026 virtutis
881 2000 959 2024 non
980 1994 1034 2024 est
1052 1987 1183 2024 virtus.
1212 1987 1314 2023 Artis
1334 1999 1400 2024 au-

99 2045 182 2093 ξῦτῡ
193 2050 310 2092 13:02¹1⁷“
337 2051 415 2080 tem
444 2049 497 2079 est
528 2043 655 2091 aliqua
683 2042 821 2088 virtus,
851 2049 893 2078 ut
925 2040 1058 2078 dicitur
1086 2040 1123 2076 in
1151 2040 1201 2076 VI
1230 2040 1350 2077 Ethic.
1379 2039 1399 2061 ’¹‘

337 2097 439 2144 Ergo
460 2108 519 2132 ars
548 2108 625 2132 non
654 2103 709 2132 est
735 2095 866 2132 virtus.

393 2150 428 2186 3.
448 2149 681 2196 PRAETEREA,
702 2156 799 2185 artes
819 2147 992 2184 liberales
1012 2154 1099 2183 sunt
1118 2146 1399 2183 excellentiores

338 2214 455 2250 quam
471 2208 568 2238 artes
581 2201 838 2238 mechanicae.
851 2200 926 2237 Sed
940 2199 1035 2236 sicut
1045 2206 1142 2235 artes
1152 2199 1397 2236 mechanicae

339 2263 426 2292 sunt
439 2254 636 2303 practicae,
658 2254 708 2291 ita
723 2261 821 2290 artes
836 2253 1010 2289 liberales
1030 2259 1117 2289 sunt
1131 2252 1396 2300 speculativae.

339 2309 441 2355 Ergo
470 2307 500 2343 si
523 2320 583 2344 ars
604 2314 702 2344 esset
719 2307 837 2343 virtus
859 2304 1127 2351 intellectualis,
1152 2304 1308 2341 deberet
1325 2305 1399 2341 vir-

338 2361 479 2397 tutibus
507 2359 747 2409 speculativis
776 2358 1029 2396 annumerari.

393 2414 467 2450 SED
488 2425 633 2450 CONTRA
651 2425 717 2449 EST
736 2412 839 2460 quod
858 2411 1128 2463 PhilosophuS,
1149 2409 1188 2447 in
1198 2410 1248 2446 VI
1263 2409 1396 2456 Ethic„

338 2466 445 2514 ponit
464 2470 582 2503 artem
602 2478 684 2502 esse
698 2465 894 2510 virtutem;
915 2476 985 2500 nec
999 2471 1128 2500 tamen
1149 2470 1399 2499 connumerat

339 2531 424 2556 eam
456 2519 657 2556 virtutibus
694 2517 953 2566 speculativis,
984 2527 1146 2565 quarum
1183 2515 1396 2552 subiectum

100 2580 181 2628 ’δρυΐ-
191 2586 262 2628 ιῗιεῐπ
271 2587 310 2632 ¹¹¹¹-
336 2571 442 2620 ponit
469 2571 714 2608 scientificam
741 2578 890 2619 partem
919 2569 1068 2606 animae
1086 2568 1117 2605 ²⁸.

101 2633 146 2687 qu
153 2639 205 2660 cai>
219 2639 239 2660 ι
258 2624 311 2681 n-n4'
390 2626 615 2662 RESPONDEO
643 2635 827 2661 DICENDUM
861 2622 965 2671 quod
994 2634 1054 2658 ars
1087 2620 1179 2658 nihil
1207 2621 1308 2658 aliud
1341 2629 1398 2658 est

99 2692 121 2739 1¹}
133 2666 310 2734 t{¹8³S-''19h-¹'122-cnt·
338 2690 453 2726 quam
471 2677 564 2714 ratio
586 2685 687 2714 recta
702 2677 914 2725 aliquorum
935 2687 1096 2724 operum
1121 2674 1395 2712 faciendorum.

337 2731 512 2777 Quorum
539 2738 666 2767 tamen
686 2730 832 2767 bonum
862 2741 939 2771 non
960 2727 1128 2765 consistit
1151 2728 1189 2764 in
1215 2739 1261 2764 eo
1290 2727 1396 2776 quod

337 2784 522 2832 appetitus
541 2784 731 2820 humanus
760 2783 886 2831 aliquo
906 2781 1025 2819 modo
1046 2793 1086 2817 se
1106 2781 1236 2817 habet:
1266 2781 1333 2818 sed
1358 2781 1396 2818 in

337 2849 383 2874 eo
412 2837 515 2886 quod
534 2837 660 2885 ipsum
690 2848 786 2885 opus
806 2835 912 2883 quod
939 2835 996 2881 fit,
1027 2834 1064 2870 in
1092 2846 1133 2870 se
1162 2835 1308 2871 bonurn
1329 2841 1394 2871 est.

336 2890 428 2927 Non
447 2890 548 2927 enim
568 2889 729 2938 pertinet
744 2889 792 2926 ad
811 2888 964 2925 laudem
985 2886 1148 2933 artificis,
1169 2886 1395 2935 inquantum

337 2943 466 2979 artifex
495 2951 561 2990 est,
591 2955 667 2991 qua
686 2943 882 2979 voluntate
909 2953 1008 2990 opus
1036 2939 1162 2977 faciat:
1192 2940 1259 2976 sed
1283 2940 1394 2988 quale

337 2995 382 3032 sit
410 3008 507 3044 opus
535 2995 640 3044 quod
668 2995 764 3032 facit.

391 3048 453 3085 Sic
467 3048 576 3096 igitur
591 3061 661 3095 ars,
678 3047 830 3096 proprie
845 3046 1052 3096 loquendO,
1068 3045 1218 3083 habitus
1234 3045 1395 3094 operati-

336 3114 409 3138 vus
425 3109 490 3139 est.
508 3102 556 3138 Et
569 3109 698 3138 tamen
712 3101 750 3137 in
765 3101 891 3150 aliquo
907 3099 1086 3137 convenit
1101 3111 1189 3136 cum
1204 3098 1394 3136 habitibus

337 3154 593 3203 speculativis:
614 3154 702 3202 quia
723 3154 834 3190 etiam
861 3154 910 3190 ad
934 3153 1037 3202 ipsos
1056 3152 1205 3189 habitus
1224 3152 1394 3200 specula-

336 3207 435 3244 tivos
464 3207 625 3256 pertinet
653 3207 812 3255 qualiter
840 3219 879 3242 se
904 3207 1042 3243 habeat
1070 3217 1129 3242 res
1157 3217 1275 3254 quam
1304 3217 1395 3242 con-

337 3260 512 3307 siderant,
542 3272 620 3297 non
644 3267 772 3301 autern
798 3259 956 3307 qualiter
981 3271 1020 3296 se
1045 3258 1184 3296 habeat
1207 3257 1394 3307 appetitus

337 3314 526 3350 humanus
537 3313 586 3350 ad
595 3313 686 3350 illas.
698 3312 924 3349 Dummodo
937 3312 1039 3348 enirn
1049 3324 1187 3348 verum
1198 3317 1394 3359 geometra

337 3366 582 3414 demonstret,
594 3378 673 3403 non
688 3365 798 3402 refert
809 3365 968 3413 qualiter
977 3377 1016 3401 se
1028 3366 1167 3402 habeat
1181 3364 1393 3401 secundum

391 3480 417 3514 α)
438 3480 545 3505 virtute.
558 3493 577 3499 ·-
591 3480 675 3504 virtus
694 3483 733 3504 est
746 3487 797 3512 qua
811 3479 863 3504 EF.
875 3493 893 3497 -
908 3479 986 3503 Iidem
1007 3487 1059 3503 om.
1076 3479 1129 3504 Sed
1140 3497 1146 3504 .
1157 3497 1164 3504 .

1175 3497 1181 3503 .
1202 3479 1294 3503 utitur.
1309 3492 1326 3496 —
1342 3479 1392 3502 Pro
1418 3479 1420 3543 1

337 3516 405 3540 enim
425 3515 527 3547 aliquis,
547 3519 634 3540 autem
655 3515 739 3539 omnis
758 3515 788 3540 E.

1454 1617 1700 1665 appetitivam
1725 1625 1892 1666 partem,
1922 1625 2050 1654 utrum
2077 1618 2122 1654 sit
2149 1619 2268 1655 laetus
2293 1619 2356 1656 vel
2381 1619 2512 1656 iratus:

1450 1669 1550 1706 sicut
1568 1682 1639 1706 nec
1658 1670 1696 1706 in
1711 1670 1853 1707 artifice
1869 1670 1992 1716 refert,
2005 1677 2045 1706 ut
2060 1670 2201 1708 dictum
2219 1679 2284 1708 est.
2301 1672 2351 1708 Et
2363 1672 2452 1709 ideo
2466 1684 2514 1709 eo

1453 1722 1572 1759 modo
1593 1735 1653 1758 ars
1672 1723 1787 1770 habet
1806 1722 1992 1759 rationem
2010 1723 2170 1770 virtutis,
2191 1723 2287 1761 sicut
2305 1731 2343 1761 et
2365 1724 2515 1762 habitus

1454 1774 1691 1823 speculativi:
1708 1775 1934 1824 inquantum
1949 1775 2089 1813 scilicet
2103 1789 2174 1813 nec
2189 1789 2261 1825 ars,
2277 1789 2349 1814 nec
2363 1778 2514 1815 habitus

1454 1827 1730 1876 speculativus,
1760 1828 1901 1865 faciunt
1933 1829 2080 1866 bonum
2113 1841 2211 1878 opus
2245 1837 2432 1878 quantum
2465 1831 2515 1868 ad

1454 1892 1578 1927 usum,
1588 1881 1692 1928 quod
1704 1888 1760 1918 est
1767 1881 1966 1930 proprium
1977 1881 2122 1919 virtutis
2131 1882 2362 1931 perficientis
2371 1883 2516 1932 appeti·

1454 1940 1549 1979 tum;
1561 1933 1628 1970 sed
1639 1934 1765 1970 solum
1774 1942 1958 1983 quantum
1971 1934 2020 1972 ad
2030 1935 2247 1973 facultatem
2255 1936 2354 1973 bene
2364 1936 2512 1984 agendi.

1507 1988 1566 2023 Αι)
1586 1998 1723 2024 ΡιὶιΜυΜ
1743 1998 1841 2024 ERGO
1857 1999 2041 2025 monimum
2056 1988 2174 2037 quod,
2192 2001 2280 2026 curn
2299 1988 2434 2038 aliquis
2448 1989 2516 2026 ha·

1455 2040 1549 2075 bens
1578 2046 1697 2076 artem
1726 2048 1906 2088 operatur
1933 2041 2079 2078 malum
2108 2041 2320 2088 artificium,
2340 2042 2416 2079 hoc
2435 2054 2515 2080 non

1455 2099 1511 2128 est
1530 2104 1627 2140 opus
1646 2093 1747 2140 artis,
1764 2093 1882 2130 immo
1900 2101 1955 2130 est
1974 2101 2105 2131 contra
2123 2101 2265 2132 artem:
2286 2094 2382 2132 sicut
2400 2093 2514 2133 etiam

1455 2157 1543 2181 cum
1578 2145 1711 2194 aliquis
1749 2146 1871 2183 sciens
1898 2159 2051 2184 verum-
2074 2147 2272 2195 mentitur,
2301 2148 2377 2185 hoe
2408 2149 2514 2197 quod

1455 2197 1544 2234 dicit
1580 2211 1659 2235 non
1688 2205 1743 2235 ε5ῐ
1779 2199 1991 2237 secundum
2029 2200 2246 2248 scientiam,
2282 2200 2350 2239 sed
2383 2208 2515 2239 contra

1453 2251 1660 2288 scientiam.
1690 2251 1801 2288 Unde
1830 2252 1925 2289 sicut
1962 2252 2116 2290 scientia
2144 2266 2184 2291 se
2212 2254 2328 2291 habet
2359 2265 2514 2302 semper

1453 2304 1502 2340 ad
1531 2304 1691 2351 bonum,
1710 2312 1752 2340 ut
1780 2304 1922 2342 dictum
1943 2300 2000 2342 est
2019 2307 2051 2353 *,
2073 2306 2124 2342 ita
2144 2314 2180 2343 et
2207 2318 2285 2343 ars.
2315 2313 2352 2343 et
2378 2318 2512 2345 seeun-

1453 2356 1544 2393 dum
1573 2357 1650 2394 hoc
1676 2356 1809 2394 dicitur
1841 2357 1969 2394 virtus.
2001 2359 2042 2395 In
2070 2359 2145 2395 hoc
2172 2366 2302 2396 tamen
2335 2358 2463 2396 deficit
2489 2372 2512 2396 a

1452 2409 1619 2457 perfecta
1647 2410 1790 2447 ratione
1809 2410 1967 2457 virtutis,
1987 2411 2077 2459 quia
2095 2423 2174 2448 non
2191 2411 2306 2449 facit
2296 2423 2422 2460 1psum
2441 2413 2512 2450 bo-

1453 2474 1546 2498 num
1575 2474 1700 2509 usum,
1721 2463 1789 2499 sed
1817 2464 1865 2500 ad
1893 2464 1968 2500 hoc
1996 2464 2138 2513 aliquid
2161 2465 2261 2502 aliud
2290 2464 2510 2513 requiritur:

1454 2515 1629 2563 quamvis
1649 2516 1774 2552 bonus
1792 2527 1885 2552 usus
1904 2516 1986 2553 sine
2014 2525 2093 2554 arte
2113 2529 2196 2554 esse
2219 2526 2299 2555 non
2317 2517 2447 2566 possit.

1506 2569 1564 2604 AD
1593 2579 1784 2605 SECUNDUM
1813 2580 1996 2606 mer-:unum
2024 2570 2140 2618 quod,
2170 2569 2260 2618 quia
2287 2570 2336 2608 ad
2363 2571 2440 2608 hoc
2470 2578 2534 2608 ut-

1452 2621 1571 2657 homo
1606 2621 1704 2658 bene
1737 2628 1863 2658 utatur
1895 2629 1974 2658 arte
2007 2634 2124 2671 quarn
2152 2623 2282 2670 habet,
2313 2622 2512 2673 requiritur

1453 2674 1556 2710 bona
1583 2674 1771 2720 voluntas,
1793 2686 1891 2723 quae
1919 2675 2114 2724 perficitur
2131 2688 2201 2724 per
2222 2676 2402 2714 virtutem
2429 2688 2512 2714 mo-

1452 2726 1592 2772 ralem;
1622 2727 1708 2764 ideo
1728 2727 1983 2776 Philosophus
2008 2728 2096 2765 dicit
2123 2729 2229 2778 quod
2256 2729 2345 2767 artis
2364 2736 2420 2767 est
2435 2729 2511 2767 vir-

1451 2788 1523 2827 tus,
1539 2779 1679 2816 scilicet
1706 2780 1871 2826 moralis,
1894 2780 2119 2830 inquantum
2143 2781 2193 2819 ad
2221 2782 2369 2820 bonurn
2396 2794 2510 2820 usum

1452 2833 1533 2870 eius
1552 2832 1677 2881 aliqua
1705 2833 1824 2870 virtus
1850 2834 2004 2871 moralis
2033 2834 2243 2883 requiritur.
2264 2835 2511 2873 Manifestum

1452 2893 1507 2923 est
1535 2886 1638 2923 enim
1671 2886 1776 2935 quod
1805 2886 1934 2923 artifex
1962 2899 2030 2936 per
2066 2887 2264 2936 iustitiam,
2296 2900 2395 2936 quae
2424 2888 2512 2932 facit

1449 2940 1686 2976 voluntatem
1702 2946 1856 2986 rectam,
1873 2939 2072 2978 inclinatur
2085 2948 2127 2978 ut
2141 2953 2239 2989 opus
2253 2941 2368 2978 fidele
2387 2941 2508 2979 faciat.

1501 2994 1560 3028 AD
1588 3003 1747 3029 repertum
1775 3004 1960 3030 DICENDUM
1980 2993 2085 3042 quod
2113 2994 2227 3032 etiam
2245 2993 2285 3030 in
2313 2994 2404 3043 ipsis
2424 3007 2510 3044 spe-

1449 3045 1671 3082 culabilibus
1692 3053 1748 3082 est
1767 3045 1908 3094 aliquid
1925 3058 1996 3095 per
2013 3046 2176 3084 modum
2201 3046 2400 3084 cuiusdam
2419 3059 2510 3097 ope-

1448 3098 1514 3135 ris:
1538 3106 1630 3147 puta
1650 3098 1879 3135 constructio
1899 3099 2106 3147 syllogismi
2130 3107 2195 3138 aut
2213 3099 2393 3138 orationis
2419 3111 2511 3138 con-s

1447 3163 1580 3199 gruae,
1611 3159 1675 3188 aut
1703 3163 1800 3200 opus
1829 3152 2054 3190 numerandi
2081 3154 2144 3191 vel
2172 3153 2430 3191 mensurandi.
2459 3153 2510 3191 Et

1447 3204 1534 3241 ideo
1564 3204 1794 3253 quicumque
1823 3202 1839 3234 β
1864 3204 1914 3242 ad
1946 3200 2168 3244 huiusmodi
2203 3217 2321 3255 opera
2354 3205 2508 3243 rationis
2640 3208 2658 3242 β

1446 3257 1597 3302 habitus
1612 3257 1835 3306 speculativi
1856 3257 2089 3306 ordinantur,
2106 3259 2282 3296 dicuntur
2298 3271 2369 3309 per
2387 3269 2509 3307 quan-

1448 3310 1538 3348 dam
1566 3310 1850 3348 similitudinem
1879 3318 1990 3357 artes,
2011 3312 2079 3349 sed
2107 3317 2123 3340 Υ
2150 3312 2343 3358 liberales;
2372 3312 2420 3349 ad
2440 3310 2508 3348 dif-
2633 3313 2653 3338 t·

1447 3363 1643 3401 ferentiam
1685 3363 1834 3401 illarum
1877 3364 2014 3402 artium
2057 3377 2156 3413 quae
2199 3365 2422 3403 ordinantur
2458 3364 2508 3402 ad

1499 3477 1525 3512 β)
1546 3479 1708 3511 quicumque.
1722 3492 1741 3497 ·—
1754 3485 1932 3510 quaecumque
1952 3478 2211 3511 ABCDEFGIKLpH
2231 3483 2295 3503 eta.

1498 3514 1525 3547 γ)
1545 3515 1600 3539 sed.
1614 3528 1632 3532 -
1650 3514 1698 3538 sed
1715 3517 1788 3539 artes
1807 3514 1837 3544 Α,
1857 3513 1956 3539 scilicet
1975 3514 2022 3539 Pa.

2539 1191 2618 1240 lffl'-
2594 1217 2645 1240 cnp.
2656 1217 2682 1233 ιιι
2683 1200 2754 1240 sqq:

2538 2312 2615 2334 *Arm
2635 2312 2756 2340 praecem,

2838 1043 2846 1114 ἑ
