2852 4152
363 207 438 241 226

973 207 1237 253 QUAESTIO
1267 209 1425 255 xxxu,
1455 209 1748 247 ART1CULUS
1779 210 1841 257 111,
1873 211 1923 247 iv

1163 352 1478 394 ARTICULUS
1508 353 1734 395 TERTIUS

815 454 968 484 UTRUM
992 453 1087 483 SPES
1111 453 1168 483 ET
1192 452 1393 483 MEMORIA
1417 452 1513 482 SINT
1537 453 1705 483 CAUSAE
1729 453 2075 485 DELECTATIONIS

940 540 971 563 111
991 540 1073 567 Sent„
1094 539 1151 563 dist.
1170 546 1235 569 xxv1,
1256 546 1301 571 qu.
1319 546 1336 569 ι,
1357 543 1402 563 art.
1427 547 1446 570 1,

410 675 417 682 ,
505 657 527 685 :'
568 649 590 673 D
609 648 766 673 TERT1UM
795 648 847 672 su:
872 647 1109 672 PROCEDITUR.
1130 635 1288 672 Videtur
1307 636 1412 684 quod

484 685 755 791 :3memoria
784 696 819 724 et
847 700 932 736 spes
961 700 1039 724 non
1077 688 1149 724 sint
1178 700 1313 725 causae
1349 689 1411 726 de-

447 791 455 800 '
525 758 764 841 εΚριειεεειιῑί,
794 800 835 828 ut
862 793 1125 830 Damascenus
1155 793 1242 830 dicit
1272 795 1303 830 ²¹⁸.
1335 795 1411 832 Sed

357 846 543 881 memoria
573 853 607 881 et
635 857 720 903 spes
749 852 835 881 sunt
855 845 902 881 de
931 846 1091 882 absenti:
1122 854 1178 883 est
1202 847 1302 883 enim
1333 860 1411 884 me-

356 897 478 934 moria
506 898 804 945 praeteritorum,
827 909 913 945 spes
941 910 1035 935 vero
1064 899 1286 936 futurorum.
1309 901 1411 948 Ergo

356 950 539 987 memoria
568 958 604 987 et
631 962 717 999 spes
746 962 823 986 non
852 957 939 987 sunt
967 963 1081 988 causa
1115 952 1382 989 delectationis.

408 1015 442 1039 2.
464 1003 703 1050 Pmmzam,
735 1002 835 1040 idem
864 1015 943 1040 non
972 1012 1027 1040 est
1065 1017 1178 1041 causa
1208 1005 1412 1041 contrario-

355 1067 451 1091 rum.
475 1056 548 1092 Sed
569 1068 655 1104 spes
676 1063 731 1092 est
759 1068 873 1092 causa
892 1056 1126 1093 afflictionis:
1157 1057 1290 1094 dicitur
1309 1058 1410 1093 enim

352 1109 465 1144 Prov.
485 1108 596 1145 xi11*:
626 1109 716 1157 Spes
739 1120 836 1157 quae
853 1109 1036 1158 differtur,
1064 1110 1205 1158 affligit
1229 1110 1409 1146 animam.

354 1161 454 1208 Ergo
484 1173 570 1209 spes
599 1173 676 1198 non
706 1169 762 1198 est
790 1173 903 1198 causa
932 1162 1202 1198 delectationis.

408 1214 441 1250 3.
464 1214 696 1261 PRAETEREA,
720 1214 815 1251 sicut
838 1226 924 1262 spes
945 1214 1123 1250 convenit
1143 1226 1230 1251 cum
1252 1213 1412 1251 delecta-

352 1266 455 1302 tione
474 1266 511 1302 in
533 1279 579 1303 eo
609 1267 713 1315 quod
742 1274 797 1303 est
825 1267 871 1303 de
892 1267 1008 1313 bon0,
1030 1267 1080 1303 ita
1100 1267 1214 1303 etiam
1235 1267 1411 1316 concupi-

351 1319 492 1355 scentia
513 1327 549 1356 et
568 1332 686 1356 amor.
717 1320 808 1356 Non
837 1330 925 1366 ergo
955 1319 1075 1367 magis
1101 1320 1213 1356 debet
1232 1320 1411 1368 assignari

352 1384 438 1420 spes
458 1384 570 1409 causa
590 1372 858 1419 delectationis,
881 1384 997 1420 quam
1018 1372 1324 1421 concupiscentia
1349 1374 1411 1410 vel

352 1437 471 1461 amor.

405 1478 478 1514 SED
508 1489 652 1514 CONTRA
680 1489 746 1514 EST
779 1477 883 1526 quod
913 1477 1047 1514 dicitur
1074 1479 1186 1514 Rom.
1206 1477 1309 1514 xi1*:
1339 1478 1412 1525 Spe

350 1531 577 1579 gaudentes;
605 1538 641 1566 et
659 1530 698 1566 in
718 1530 869 1580 Psalmo
890 1542 996 1566 Lxxvi
1011 1529 1048 1566 *ε
1077 1531 1233 1566 Memor
1240 1530 1310 1578 fui
1326 1531 1410 1576 Dei,

351 1588 386 1619 et
412 1583 610 1619 delectatus
636 1595 732 1620 sum.

405 1636 628 1672 RESPONm-:o
658 1647 841 1672 DICENDUM
870 1634 975 1683 quod
1010 1633 1207 1671 delectatio
1238 1642 1412 1671 causatur

352 1700 396 1724 ex
415 1688 628 1736 praesentia
657 1688 747 1724 boni
772 1687 1042 1733 convenientis,
1064 1687 1274 1724 secundum
1305 1687 1410 1735 quod

352 1741 516 1787 sentitur,
537 1741 599 1777 vel
614 1740 938 1789 qualitercumque
958 1740 1174 1788 percipitur.
1195 1740 1264 1776 Est
1283 1747 1410 1776 autem

352 1793 489 1842 aliquid
514 1805 693 1841 praesens
722 1793 832 1829 nobis
858 1793 1074 1840 dupliciter:
1103 1805 1181 1829 uno
1202 1793 1333 1839 modo,
1355 1805 1411 1829 se-

353 1846 520 1883 cundum
550 1845 818 1893 cognitionem,
838 1853 952 1893 prout
975 1845 1114 1881 scilicet
1143 1845 1336 1892 cognitum
1357 1852 1412 1881 est

351 1899 389 1934 in
419 1906 671 1946 cognoscente
707 1898 919 1934 secundum
957 1910 1066 1934 suam
1105 1897 1410 1943 similitudinem;

351 1951 424 1987 alio
454 1951 584 1997 modo,
615 1950 827 1987 secundum
856 1962 955 1995 rem,
985 1957 1098 1998 prout
1126 1950 1263 1986 scilicet
1289 1962 1411 1986 unum

351 2003 454 2040 alteri
471 2003 616 2040 realiter
636 2003 886 2050 coniungitur,
901 2003 963 2039 vel
983 2010 1068 2038 actu
1083 2003 1145 2038 vel
1160 2002 1340 2051 potentia,
1357 2015 1414 2039 se-

353 2057 520 2093 cundum
549 2056 831 2104 quemcumque
862 2054 1141 2092 coniunctionis
1162 2055 1334 2092 modum.
1365 2056 1414 2091 Et

352 2109 440 2157 quia
469 2109 591 2146 maior
619 2116 674 2145 est
698 2108 912 2145 coniunctio
942 2107 1152 2144 secundum
1182 2120 1262 2144 rem
1296 2119 1413 2156 quam

352 2162 563 2199 secundum
591 2161 886 2207 similitudinem,
914 2173 1011 2209 quae
1033 2168 1087 2197 est
1115 2161 1330 2197 coniunctio
1352 2173 1414 2197 co·
1439 2164 1443 2202 Ι

211 2221 227 2238 ‘²
352 2215 527 2262 gnitionis
543 2220 575 2259 ‘²;
607 2215 773 2262 itemque
807 2213 930 2250 maior
967 2221 1023 2250 est
1052 2213 1265 2250 coniunctio
1295 2213 1348 2249 rei
1377 2213 1415 2250 in

354 2275 440 2304 actu
460 2280 578 2315 quam
595 2267 633 2304 in
649 2266 834 2316 potentia:
857 2267 942 2303 ideo
959 2265 1125 2302 maxima
1145 2273 1200 2302 est
1220 2266 1414 2302 delectatio

117 799 172 820 “De
183 798 242 820 Fide
254 799 328 826 Orth„

116 825 158 846 lib.
171 825 205 852 11,
220 831 270 853 cap.
286 832 327 847 x.u

116 1111 126 1120 '¹
141 1109 205 1132 Vers.
222 1115 251 1131 12.

112 1480 121 1489 '¹
137 1479 203 1501 Vei-s.
218 1485 247 1501 12.

112 1532 123 1543 ⁴¹
137 1531 204 1553 Vers.
218 1538 240 1558 4.

1467 539 1498 563 ad
1522 539 1534 563 3
1541 546 1548 568 ;
1568 539 1613 563 ΧΠ
1632 539 1793 572 Metaphys„
1814 541 1871 565 leet.
1890 548 1944 566 vm.

1940 586 1946 601 l

1469 648 1567 683 quae
1587 636 1630 672 fit
1647 648 1716 684 per
1735 649 1901 684 sensum,
1929 638 1994 687 qui
2023 639 2176 687 requirit
2202 636 2454 687 praesentiam
2475 639 2528 675 rei

1468 688 1664 726 sensibilis.
1700 690 1921 726 Secundum
1951 698 2077 727 autem
2106 692 2266 739 gradum
2300 699 2400 729 tenet
2428 692 2529 728 dele-

1468 741 1579 778 ctatio
1600 742 1693 790 spei,
1714 742 1753 778 in
1772 754 1847 790 qua
1866 754 1945 779 non
1972 744 2096 780 solum
2118 752 2171 780 est
2192 744 2419 781 delectabilis
2439 757 2530 781 con-

1467 794 1606 831 iunctio
1628 795 1839 831 secundum
1859 796 2215 843 apprehensionem,
2240 797 2307 834 sed
2336 797 2449 834 etiam
2469 809 2529 833 se-

1469 847 1637 884 cundum
1670 848 1886 884 facultatem
1913 848 1976 885 vel
2006 848 2266 896 potestatem*3
2295 849 2526 899 adipiscendi

1468 900 1613 936 bonum
1648 900 1752 949 quod
1788 900 1957 937 delectat.
1994 901 2168 938 Tertium
2201 909 2328 939 autem
2366 902 2526 950 gradum

1467 960 1568 988 tenet
1589 952 1785 989 delectatio
1805 953 2026 999 memoriae,
2044 966 2141 1002 quae
2160 953 2275 990 habet
2297 955 2417 991 solam
2437 967 2527 992 con-

1467 1004 1699 1041 iunctionem
1728 1005 2053 1053 apprehensionis.
2472 1025 2476 1030 ·

1519 1059 1578 1093 AD
1607 1069 1744 1094 PRlMUM
1771 1069 1869 1094 ERGO
1905 1070 2089 1095 DICENDUM
2124 1058 2229 1106 quod
2258 1070 2344 1107 spes
2374 1066 2409 1095 et
2446 1071 2527 1095 me-

1467 1109 1589 1146 moria
1618 1117 1705 1146 sunt
1723 1110 1881 1157 quidem
1910 1122 2045 1147 eorum
2078 1122 2176 1159 quae
2196 1118 2282 1147 sunt
2309 1111 2527 1160 simpliciter

1467 1161 1648 1208 absentia,
1670 1174 1768 1210 quae
1795 1169 1924 1199 tamen
1953 1163 2165 1200 secundum
2186 1163 2276 1211 quid
2306 1171 2392 1200 sunt
2418 1175 2525 1212 prae-

1467 1214 1605 1251 sentia:
1635 1214 1773 1251 scilicet
1791 1216 1852 1251 vel
1872 1215 2082 1252 secundum
2103 1215 2446 1264 apprehensionem
2466 1228 2527 1252 so-

1467 1268 1561 1314 lam3
1577 1268 1639 1304 vel
1659 1267 1870 1304 secundum
1887 1262 2231 1317 apprehensionem
2248 1276 2283 1305 et
2298 1269 2525 1316 facultatem,

1467 1320 1517 1357 ad
1545 1320 1670 1356 minus
1697 1320 1947 1358 aestimatam.

1519 1375 1577 1409 AD
1593 1384 1783 1410 SECUNDUM
1797 1385 1981 1410 DICENDUM
1996 1373 2101 1422 quod
2116 1373 2206 1410 nihil
2219 1372 2396 1422 prohibet
2409 1373 2525 1420 idem,

1467 1425 1680 1462 secundum
1719 1425 1888 1473 diversa,
1922 1438 2003 1463 esse
2042 1438 2197 1462 causam
2235 1425 2524 1463 contrariorum.

1468 1478 1529 1514 Sic
1556 1478 1666 1525 igitur
1693 1490 1791 1526 spes,
1812 1478 2039 1526 inquantum
2067 1479 2182 1515 habet
2205 1485 2444 1527 praesentem
2465 1490 2526 1514 ae-

1468 1530 1722 1567 stimationem
1762 1531 1852 1567 boni
1890 1531 2018 1578 futuri,
2049 1531 2339 1567 delectationem
2379 1539 2524 1567 causat:

1467 1583 1690 1631 inquantum
1729 1590 1857 1619 autem
1894 1591 1995 1620 caret
2030 1583 2242 1631 praesentia
2270 1583 2371 1630 eius,
2399 1589 2528 1619 causat

1467 1635 1723 1672 afflictionem.

1520 1690 1578 1724 Αι)
1593 1699 1752 1724 TERTHJM
1769 1699 1952 1724 DiCENDuM
1968 1687 2073 1736 quod
2089 1687 2202 1734 etiam
2217 1692 2233 1715 Υ
2252 1699 2362 1724 amor
2383 1694 2418 1724 et
2437 1699 2528 1723 con—

1468 1740 1699 1788 cupiscentia·
1732 1740 2019 1777 delectationem
2054 1747 2221 1776 causant.
2261 1740 2387 1777 Omne
2426 1739 2527 1776 enim

1467 1800 1637 1829 amatum
1657 1793 1700 1829 fit
1718 1792 1938 1829 delectabile
1962 1792 2126 1829 amanti:
2157 1805 2203 1829 eo
2223 1793 2329 1842 quod
2347 1804 2458 1829 amor
2472 1799 2529 1829 est

1467 1845 1658 1893 quaedam
1678 1845 1768 1882 unio
1788 1846 1849 1882 vel
1871 1845 2161 1882 connaturalitas
2180 1845 2341 1882 amantis
2360 1845 2408 1882 ad
2424 1857 2528 1882 ama-

1466 1905 1559 1934 tum.
1591 1897 1767 1934 Similiter
1804 1898 1917 1934 etiam
1951 1910 2067 1934 omne
2102 1897 2346 1946 concupitum
2381 1905 2437 1934 est
2464 1897 2528 1934 de-

1466 1949 1637 1986 lectabile
1675 1950 1977 1998 concupiscenti:
2017 1962 2103 1987 cum
2142 1949 2448 1999 concupiscentia
2484 1949 2530 1986 sit

1466 2002 1670 2051 praecipue
1689 2002 1876 2051 appetitus
1897 2002 2166 2039 delectationis.
2189 2003 2265 2039 Sed
2285 2010 2414 2039 tamen
2428 2014 2528 2050 spes,

1467 2055 1692 2104 inquantum
1719 2055 1899 2103 importat
1923 2055 2117 2104 quandam
2138 2054 2400 2092 certitudinem
2420 2054 2529 2092 realis

1467 2107 1700 2156 praesentiae
1729 2107 1820 2144 boni
1850 2107 2080 2155 delectantis,
2101 2120 2218 2156 quam
2245 2119 2323 2144 non
2351 2107 2530 2156 importat

1469 2173 1539 2198 nec
1577 2172 1686 2196 amor
1723 2172 1794 2196 nec
1832 2160 2156 2209 concupiscentia,
2191 2160 2312 2208 magis
2336 2157 2349 2181 ⁶
2377 2159 2531 2208 ponitur

1470 2225 1584 2250 causa
1614 2213 1869 2250 delectationis
1903 2225 2018 2261 quam
2047 2213 2118 2250 illa.
2141 2214 2190 2250 Et
2213 2213 2382 2249 similiter
2409 2212 2529 2260 magis

1470 2277 1586 2314 quam
1606 2265 1804 2312 memoria,
1824 2278 1922 2314 quae
1943 2273 1999 2302 est
2019 2265 2066 2302 de
2087 2277 2133 2301 eo
2153 2266 2258 2313 quod
2278 2265 2354 2302 iam
2373 2264 2527 2302 transiit.

407 2382 434 2413 α)
457 2381 626 2413 cognitionis.
644 2394 663 2399 —
680 2380 841 2404 conditionis
865 2379 1056 2408 ABCDEGLa,
1082 2379 1257 2404 conclusionis
1279 2379 1312 2404 H.
1329 2393 1348 2397 -
1366 2379 1416 2404 Pro

354 2417 474 2448 itemque,
495 2417 556 2440 item
575 2416 637 2448 quia
656 2415 767 2444 EFKsB,
788 2415 825 2439 ita
844 2414 907 2447 quia
927 2415 948 2443 Ι,
969 2415 1028 2439 ideo
1043 2415 1091 2445 εΗ,
1111 2414 1172 2438 item
1191 2414 1237 2438 Pa.

408 2451 432 2485 β)
448 2454 618 2483 potestatem.
636 2465 653 2468 —
668 2450 871 2482 possibilitatem
892 2450 938 2474 Pa.

1310 2536 1349 2543 ψ

1136 2611 1347 2653 ARTICU
1354 2610 1451 2652 LUS

1523 2379 1549 2411 γ)
1568 2378 1658 2403 etiam.
1677 2391 1695 2396 -
1714 2378 1775 2402 Om.
1794 2378 1864 2403 PKa.

1523 2413 1547 2445 ὂ)
1567 2414 1661 2446 magis.
1679 2427 1698 2432 -
1715 2419 1774 2445 spes
1793 2413 1879 2445 magis
1898 2413 1998 2437 codices
2018 2417 2043 2437 et
2058 2420 2085 2438 a.

1555 2535 1574 2542 s,

1481 2610 1751 2662 QUARTUS

931 2712 1087 2743 UTRUM
1110 2711 1327 2742 TRISTITIA
1351 2710 1417 2741 SIT
1441 2710 1582 2741 CAUSA
1604 2709 1951 2741 DELECTATIONIS

398 2841 436 2866 .
478 2835 546 2886 fe<
570 2823 593 2848 D
612 2821 783 2853 QUARTUM
803 2820 856 2846 Sic
876 2819 1114 2845 Paocemrun.
1136 2806 1294 2843 Videtur
1312 2806 1417 2855 quod

413 2855 549 2926 ἱξῆᾞ·
570 2863 713 2900 tristitia
733 2874 810 2898 non
831 2861 877 2898 sit
897 2873 1010 2897 causa
1030 2859 1298 2897 delectationis.
1316 2859 1417 2895 Con—

457 2948 476 2958 „
513 2907 726 2954 “strarium
757 2914 857 2952 enim
887 2926 965 2950 non
994 2920 1049 2950 est
1086 2925 1200 2949 causa
1229 2911 1416 2949 contrarii.

474 2963 506 2998 ἰ’
530 2961 650 3006 &Sed
691 2967 833 3005 tristitia
878 2966 1124 3003 contrariatur
1167 2964 1416 3002 delectationi.

362 3024 462 3070 Ergo
493 3034 570 3058 non
599 3029 655 3058 est
683 3033 796 3058 causa
824 3019 1094 3057 delectationis.

418 3086 452 3111 2.
472 3075 705 3120 PRAETEREA,
727 3073 1000 3110 contrariorum
1022 3070 1195 3108 contrarii
1224 3078 1310 3107 sunt
1330 3069 1419 3106 effe-

364 3135 455 3164 ctus.
478 3127 554 3163 Sed
574 3126 807 3176 delectabilia
834 3133 1045 3162 memorata
1064 3131 1150 3161 sunt
1179 3136 1291 3160 causa
1320 3123 1419 3159 dele-

365 3179 544 3217 ctationis.
577 3181 677 3227 Ergo
707 3178 822 3215 tristia
851 3185 1063 3215 memorata
1091 3183 1177 3213 sunt
1210 3188 1324 3213 causa
1353 3176 1419 3212 do-

364 3233 464 3280 loris,
486 3240 522 3268 et
549 3244 627 3268 non
657 3231 923 3269 delectationis.

419 3287 453 3322 3.
475 3286 712 3330 PRAETEREA,
743 3284 835 3320 sicut
863 3295 902 3320 se
930 3283 1045 3319 habet
1071 3282 1214 3319 tristitia
1243 3280 1292 3318 ad
1320 3280 1419 3318 dele-

366 3338 580 3384 ctationem,
602 3338 652 3374 ita
672 3337 803 3374 odium
823 3336 870 3373 ad
891 3347 1072 3372 amorem.
1095 3335 1171 3372 Sed
1191 3334 1322 3371 odium
1343 3345 1420 3369 non

128 3403 193 3430 *Qu
200 3408 262 3430 mx,
271 3405 313 3423 m
318 3407 337 3424 2
367 3399 422 3428 est
437 3403 550 3428 causa
570 3390 721 3438 amoris,
739 3389 805 3426 sed
824 3388 942 3436 magis
962 3401 982 3424 e
999 3400 1197 3434 converso,
1214 3395 1255 3423 ut
1274 3398 1388 3435 supra
1402 3386 1421 3407 *

421 3509 447 3541 α)
469 3508 641 3534 delectabiles.
658 3522 677 3527 -
696 3506 877 3532 delectationis
895 3513 976 3531 causa
996 3506 1040 3530 Pa.
1449 3498 1453 3537 l

1472 2806 1615 2843 dictum
1645 2813 1711 2842 est.
1733 2806 1834 2853 Ergo
1863 2805 2006 2842 tristitia
2034 2818 2112 2843 non
2142 2814 2197 2843 est
2224 2819 2339 2844 causa
2371 2807 2532 2845 delecta-

1471 2858 1595 2895 tionis.

1526 2912 1600 2948 SED
1629 2922 1774 2947 CONTRA
1801 2922 1866 2947 EST
1895 2911 1999 2960 quod
2027 2911 2066 2948 in
2093 2912 2247 2948 Psalmo
2266 2911 2360 2948 xm*
2380 2911 2529 2951 dicitur:

1471 2965 1642 3000 Fuerunt
1659 2963 1751 3000 mihi
1778 2963 1974 3012 lacrymae
1992 2975 2099 3000 meae
2119 2976 2242 3012 panes
2261 2965 2320 3001 die
2347 2977 2394 3002 ac
2412 2971 2528 3002 nocte.

1472 3018 1546 3054 Per
1572 3029 1714 3065 panem
1743 3024 1870 3053 autem
1900 3016 2053 3053 refectio
2077 3017 2336 3054 delectationis
2363 3017 2531 3066 intelligi·

1472 3077 1542 3106 tur.
1568 3070 1669 3117 Ergo
1706 3069 1915 3117 lacrymae,
1947 3081 2044 3117 quae
2081 3081 2126 3106 ex
2160 3069 2305 3106 tristitia
2340 3070 2528 3118 oriuntur,

1472 3130 1632 3171 possunt
1661 3134 1742 3159 esse
1772 3122 2011 3159 delectabiles
2032 3127 2060 3158 ⁴².

1527 3176 1750 3212 Responnso
1770 3186 1954 3211 montinum
1974 3174 2079 3222 quod
2098 3174 2240 3211 tristitia
2258 3182 2383 3224 potest
2411 3173 2530 3223 dupli-

1475 3228 1564 3265 citer
1584 3227 1834 3264 considerari:
1863 3239 1941 3263 uno
1961 3227 2093 3274 modo,
2119 3228 2330 3264 secundum
2351 3227 2455 3277 quod
2475 3234 2531 3264 est

1473 3281 1510 3317 in
1539 3289 1644 3327 actu3
1674 3279 1748 3317 alio
1776 3279 1906 3325 modo,
1929 3280 2141 3316 secundum
2169 3281 2273 3329 quod
2303 3287 2357 3317 est
2385 3280 2422 3316 in
2449 3291 2530 3316 me-

1474 3333 1606 3370 moria.
1636 3310 1686 3370 ’Et
1703 3340 1864 3380 utroque
1886 3332 2003 3369 modo
2023 3332 2166 3370 tristitia
2185 3340 2309 3392 potest
2329 3344 2408 3369 esse
2429 3331 2528 3368 dele-

1476 3386 1646 3423 ctationis
1661 3397 1784 3422 causa.
1797 3384 1961 3421 Tristitia
1976 3385 2164 3434 siquidem
2179 3384 2217 3415 β
2208 3397 2247 3422 in
2266 3392 2350 3422 actu
2369 3383 2529 3421 existens

1532 3502 1557 3538 β)
1577 3503 1716 3536 siquidem.
1733 3516 1752 3522 -
1769 3503 1874 3535 quidem
1895 3503 1972 3531 PHa;
1991 3502 2143 3528 Tristitia...
2157 3501 2339 3527 delectationis
2357 3508 2410 3526 om.
2429 3501 2460 3526 L.

2557 2923 2567 2934 ·
2580 2922 2648 2945 Ver..
2661 2929 2686 2950 ⁴-
