2852 4152
114 1053 125 1064 ·
137 1051 198 1074 naid.

985 234 1251 280 QUAESTIO
1280 235 1441 284 XXXII,
1469 234 1764 271 ARTICULUS
1793 234 1878 276 VIII

353 310 503 348 ctationi
531 321 648 357 quam
676 309 830 346 tristitia.
861 310 938 347 Sed
965 311 1014 347 illi
1037 311 1102 359 qui
1125 312 1314 360 patiuntur
1346 312 1406 349 tri-

353 362 466 400 stitias
490 367 518 408 ¹²,
547 361 713 398 maxime
741 370 950 409 sequuntur
978 364 1256 411 delectationes,
1285 372 1325 401 ut
1353 365 1406 402 di-

196 459 202 466 ·
245 423 326 464 νιος
353 415 446 452 citur
471 414 511 451 in
528 415 597 451 VII
615 414 734 450 Ethic.
755 413 775 434 ’¹‘
803 415 904 461 Ergo
934 415 1192 454 dissimilitudo
1213 425 1268 454 est
1287 418 1405 465 magis

354 479 467 504 causa
494 465 749 504 delectationis
777 478 892 514 quam
920 467 1135 505 similitudo.

407 520 441 557 3.
461 520 692 565 PRAETEREA,
713 517 764 553 illi
791 518 855 566 qui
882 527 968 556 sunt
987 521 1118 568 repleti
1136 521 1323 569 aliquibus
1342 522 1406 559 de-

351 571 583 609 lectabilibus
611 569 642 618 9,
669 582 748 607 non
776 570 1006 608 delectantur
1033 572 1071 608 in
1099 573 1163 619 eis,
1193 574 1260 610 sed
1287 575 1406 621 magis

351 624 544 662 fastidiunt
575 636 639 660 ea:
668 623 763 659 sicut
789 630 891 671 patet
917 623 956 660 in
985 624 1190 671 repletione
1220 626 1404 663 ciborum.

353 677 444 714 Non
472 688 562 724 ergo
589 675 793 712 similitudo
824 683 879 711 est
907 675 1163 712 delectationis
1192 690 1316 715 causa.

406 730 480 766 SED
500 740 645 766 coum
662 739 729 764 EST
747 728 852 776 quod
871 727 1076 765 similitudo
1097 736 1152 764 est
1172 741 1284 766 causa
1302 742 1406 766 amo-

351 781 411 828 ris,
422 789 464 817 ut
477 781 619 818 dictum
635 787 690 817 est
703 793 818 829 supra
827 780 858 817 *.
866 782 988 817 Amor
1002 787 1129 817 autem
1146 788 1200 817 est
1216 794 1327 818 causa
1344 783 1406 819 de-

350 833 568 871 lectationis.
584 833 687 880 Ergo
707 833 910 870 similitudo
931 841 987 870 est
1006 845 1118 869 causa
1138 833 1403 871 delectationis.

403 887 628 924 Respounsso
648 897 831 923 DICENDUM
850 885 956 934 quod
985 885 1188 922 similitudo
1219 893 1273 922 est
1292 898 1406 934 quae-

351 939 440 976 dam
467 938 612 976 unitas:
640 938 741 976 unde
769 938 807 976 id
835 939 938 987 quod
958 942 1013 975 est
1031 937 1163 981 simile,
1183 938 1405 986 inquantum

352 998 408 1028 est
433 1003 576 1038 unum,
607 998 663 1028 est
696 991 935 1038 delectabile,
964 991 1058 1027 sicut
1092 998 1127 1027 et
1154 991 1337 1038 amabile,
1365 999 1407 1028 ut

351 1055 464 1092 supra
482 1043 502 1065 *
530 1044 672 1081 dictum
701 1051 768 1081 est.
798 1044 847 1080 Et
874 1043 905 1080 si
931 1044 1085 1091 quidem
1103 1043 1141 1080 id
1162 1043 1266 1091 quod
1287 1051 1342 1080 est
1361 1043 1407 1080 si-

350 1096 451 1144 mile,
479 1097 678 1145 proprium
706 1097 853 1133 bonum
881 1108 960 1133 non
988 1103 1216 1144 corrumpat,
1251 1096 1319 1132 sed
1342 1108 1407 1132 au-

350 1156 452 1197 geat,
482 1157 538 1186 est
565 1149 782 1198 simpliciter
810 1148 1045 1186 delectabile:
1073 1156 1164 1197 puta
1191 1149 1310 1185 homo
1338 1149 1407 1185 ho-

351 1201 456 1249 mini,
479 1209 516 1239 et
532 1202 680 1240 iuvenis
702 1201 843 1239 iuveni.
863 1221 887 1229 -
909 1201 948 1238 Si
965 1213 1060 1238 vero
1085 1201 1131 1237 sit
1149 1201 1406 1249 corruptivum

350 1254 494 1303 proprii
517 1255 620 1302 boni,
640 1255 693 1292 sic
710 1266 780 1303 per
797 1254 972 1291 accidens
991 1253 1154 1291 efficitur
1171 1253 1406 1291 fastidiosum

349 1307 412 1344 vel
433 1307 672 1353 contristans3
696 1319 774 1343 non
794 1306 949 1354 quidem
971 1306 1194 1354 inquantum
1213 1314 1269 1343 est
1287 1306 1407 1343 simile

352 1366 389 1395 et
414 1371 548 1406 unum,
578 1359 645 1396 sed
673 1359 898 1407 inquantum
927 1358 1135 1407 corrumpit
1162 1359 1200 1395 id
1228 1359 1332 1408 quod
1353 1367 1407 1395 est

349 1412 622 1459 magisunum.

404 1463 520 1510 Quod
535 1471 663 1500 autem
682 1463 824 1511 aliquid
839 1463 959 1500 simile
979 1470 1197 1512 corrumpat
1209 1464 1407 1512 proprium

349 1517 508 1563 bonum,
530 1516 709 1564 contingit
728 1516 934 1565 dupliciter.
955 1516 1042 1553 Uno
1068 1516 1198 1563 modo,
1216 1517 1303 1565 quia
1327 1529 1407 1553 cor-

349 1569 491 1618 rumpit
516 1581 736 1606 mensuram
755 1569 896 1618 proprii
923 1569 1015 1605 boni
1033 1581 1102 1617 per
1129 1571 1321 1617 quendam
1347 1581 1408 1606 ex-

351 1634 520 1659 cessum:
549 1623 696 1660 bonum
733 1622 855 1670 enim,
884 1622 1087 1671 praecipue
1121 1623 1337 1671 corporale,
1367 1630 1409 1659 ut

351 1672 501 1722 sanitas,
521 1674 560 1712 in
579 1675 746 1724 quadam
775 1674 1146 1725 commensuratione
1166 1675 1343 1712 consistit.
1360 1676 1409 1712 Et

349 1735 505 1776 propter
530 1728 617 1775 hoc,
647 1727 998 1776 superabundantes
1026 1727 1110 1775 cibi,
1126 1728 1188 1764 vel
1217 1728 1406 1776 quaelibet

350 1779 618 1817 delectationes
637 1781 864 1829 corporales,
875 1780 1124 1818 fastidiuntur.
1135 1801 1159 1808 -
1171 1781 1257 1818 Alio
1274 1781 1405 1829 modo,

348 1835 418 1882 per
436 1832 618 1870 directam
637 1833 939 1870 contrarietatem
960 1833 1008 1870 ad
1026 1833 1221 1882 proprium
1240 1834 1404 1870 bonum:

349 1884 446 1922 sicut
463 1885 566 1933 figuli
587 1886 856 1923 abominantur
876 1886 970 1923 alios
985 1886 1133 1934 figulos,
1149 1898 1228 1923 non
1247 1886 1404 1935 inquan-

348 1945 430 1974 tum
458 1945 545 1975 sunt
570 1938 687 1986 figuli,
717 1939 784 1976 sed
803 1938 1027 1987 inquantum
1047 1943 1125 1987 per'
1140 1951 1205 1975 eos
1231 1939 1405 1976 amittunt

349 1991 609 2028 excellentiam
645 1991 860 2040 propriam,
890 1991 970 2028 sive
1007 1992 1202 2040 proprium
1235 1993 1403 2039 lucrum,

351 2054 448 2091 quae
477 2051 659 2092 appetunt
686 2043 781 2081 sicut
806 2044 1004 2092 proprium
1034 2045 1192 2081 bonum.

2438 244 2513 280 229

1510 314 1570 349 An
1590 324 1725 349 PRIMUM
1745 323 1842 348 ERGO
1863 323 2045 348 mcENDUM
2073 311 2189 359 quod,
2211 323 2297 347 cum
2325 311 2369 347 sit
2397 323 2514 359 quae-

1459 365 1548 402 dam
1574 364 1866 402 communicatio
1886 364 2127 413 principantis
2147 363 2194 400 ad
2213 363 2437 410 subiectum,
2459 371 2514 400 est

1459 417 1510 454 ibi
1537 417 1727 467 quaedam
1746 417 1961 454 similitudo.
1983 417 2134 453 Tamen
2162 416 2372 452 secundum
2393 428 2513 463 quan-

1460 471 1548 508 dam
1578 469 1846 516 excellentiam,
1875 481 1920 506 eo
1940 469 2044 517 quod
2064 468 2264 517 principari
2284 475 2319 504 et
2336 480 2511 516 praeesse

1459 522 1645 570 pertinent
1658 523 1707 559 ad
1727 522 1984 560 excellentiam
2003 521 2147 570 proprii
2167 521 2277 558 boni:
2299 520 2511 568 sapientum

1459 575 1560 611 enim
1580 583 1616 611 et
1630 575 1830 612 meliorum
1847 582 1902 612 est
1915 573 2118 623 principari
2139 581 2174 610 et
2191 585 2377 622 praeesse.
2399 573 2510 609 Unde

1458 639 1527 674 per
1545 628 1619 663 hoc
1638 628 1680 664 fit
1697 627 1843 664 homini
1863 627 2038 676 propriae
2054 626 2228 668 bonitatis
2248 625 2475 673 imaginatio.
2487 645 2511 652 -

1459 679 1528 715 Vel
1566 680 1654 726 quia
1693 692 1761 728 per
1800 681 1874 716 hoc
1916 681 2019 729 quod
2060 680 2179 716 homo
2212 678 2441 727 principatur
2477 685 2514 713 et

1459 739 1617 778 praeest,
1638 732 1717 768 aliis
1745 732 1946 769 benefacit:
1976 732 2079 781 quod
2103 739 2157 768 est
2177 731 2406 768 delectabile.

1513 786 1570 819 An
1599 796 1786 822 SECUNDUM
1813 797 1995 822 DICENDUM
2028 785 2132 832 quod
2165 784 2202 821 id
2237 784 2274 820 in
2307 795 2383 831 quo
2413 783 2512 819 dele-

1461 843 1578 871 ctatur
1605 837 1788 884 tristatus,
1819 838 1886 874 etsi
1914 850 1991 874 non
2019 837 2066 874 sit
2093 837 2213 874 simile
2241 836 2427 882 tristitiae,
2458 842 2514 871 est

1459 895 1588 924 tamen
1625 889 1743 925 simile
1778 890 1924 926 homini
1955 890 2182 927 contristato.
2213 889 2312 935 Quia
2347 887 2512 924 tristitiae

1461 940 1733 977 contrariantur
1760 942 1914 990 proprio
1942 943 2046 979 bono
2072 943 2150 979 eius
2175 941 2239 990 qui
2261 941 2434 978 tristatur.
2465 941 2512 976 Et

1460 992 1546 1028 ideo
1581 993 1767 1040 appetitur
1799 995 1994 1031 delectatio
2028 996 2075 1031 ab
2108 995 2165 1031 his
2202 994 2266 1043 qui
2297 994 2334 1030 in
2369 992 2512 1030 tristitia

1461 1052 1557 1091 sunt,
1585 1052 1628 1081 ut
1655 1046 1852 1083 conferens
1880 1047 1927 1084 ad
1950 1048 2147 1096 proprium
2167 1048 2325 1093 bonurn,
2354 1046 2512 1094 inquan-

1460 1104 1541 1133 tum
1570 1105 1624 1134 est
1656 1098 1882 1135 medicativa
1915 1100 2099 1136 contrarii.
2134 1101 2183 1136 Et
2214 1100 2283 1136 ista
2316 1107 2371 1136 est
2399 1110 2512 1135 causa

1461 1161 1578 1196 quare
1606 1151 1871 1187 delectationes
1900 1153 2125 1200 corporales,
2155 1152 2293 1199 quibus
2318 1159 2403 1188 sunt
2422 1162 2513 1188 con-

1460 1202 1591 1238 trariae
1611 1203 1800 1249 quaedam
1819 1204 1995 1251 tristitiae,
2011 1205 2130 1252 magis
2149 1211 2376 1253 appetuntur
2396 1216 2511 1252 quam

1461 1255 1726 1292 delectationes
1750 1256 2026 1304 intellectuales,
2048 1269 2145 1306 quae
2165 1267 2243 1294 non
2263 1257 2403 1293 habent
2422 1268 2510 1292 con-

1460 1307 1685 1344 trarietatem
1722 1309 1907 1355 tristitiae,
1940 1317 1982 1346 ut
2013 1309 2108 1346 infra
2125 1309 2145 1331 ²¹⁵
2173 1309 2326 1347 dicetur.
2365 1308 2511 1345 Exinde

1461 1360 1574 1396 etiam
1604 1368 1658 1396 est
1686 1361 1791 1407 quod
1813 1366 1828 1389 Υ
1857 1362 1986 1398 omnia
2009 1362 2184 1399 animalia
2210 1361 2425 1398 naturaliter
2447 1373 2511 1409 ap·
2551 1362 2557 1367 '

1460 1420 1592 1460 petunt
1607 1413 1914 1450 delectationem:
1935 1415 2023 1462 quia
2042 1427 2191 1463 semper
2211 1414 2348 1451 animal
2366 1414 2513 1450 laborat

1460 1477 1529 1513 per
1563 1477 1716 1501 sensum
1753 1473 1788 1502 et
1821 1474 1981 1503 motum.
2020 1468 2067 1503 Et
2098 1474 2252 1515 propter
2287 1468 2362 1503 hoc
2399 1466 2512 1503 etiam

1461 1517 1619 1554 iuvenes
1645 1518 1808 1554 maxime
1839 1518 2102 1556 delectationes
2130 1527 2331 1568 appetunt3
2358 1527 2513 1567 propter

1462 1571 1598 1607 multas
1617 1570 1947 1607 transmutationes
1966 1572 2003 1607 in
2023 1572 2076 1608 eis
2097 1572 2303 1618 existentes,
2321 1571 2412 1608 dum
2428 1579 2513 1608 sunt

1461 1623 1498 1660 in
1527 1630 1624 1659 statu
1652 1623 1853 1670 augmenti.
1888 1625 1937 1660 Et
1965 1624 2076 1660 etiam
2109 1624 2369 1660 melancholici
2396 1625 2513 1660 vehe-

1461 1683 1609 1713 menter
1642 1683 1823 1724 appetunt
1851 1676 2135 1723 delectationes,
2166 1676 2214 1713 ad
2249 1677 2512 1725 expellendum

1460 1729 1665 1766 tristitiam:
1695 1728 1784 1777 quia
1817 1741 1952 1776 corpus
1984 1741 2114 1766 eorum
2147 1730 2253 1777 quasi
2290 1740 2412 1776 pravo
2444 1730 2513 1766 hu·-

1460 1794 1566 1818 more
1594 1782 1816 1829 corroditur,
1844 1789 1886 1818 ut
1915 1781 2048 1818 dicitur
2074 1782 2112 1818 in
2140 1782 2207 1819 VII
2236 1782 2354 1818 Ethic.
2376 1782 2396 1801 ⁴*

1512 1836 1570 1871 An
1598 1846 1756 1871 TERTmM
1775 1846 1958 1871 mcENDUM
1986 1835 2091 1883 quod
2119 1835 2220 1871 bona
2250 1833 2456 1882 corporalia
2475 1833 2514 1869 in

1459 1888 1625 1935 quadam
1651 1899 1830 1924 mensura
1858 1887 2083 1924 consistunt:
2113 1894 2149 1924 et
2166 1887 2252 1924 ideo
2277 1898 2515 1935 superexces-

1459 1952 1522 1976 sus
1542 1939 1730 1976 similium*
1741 1940 1946 1988 corrumpit
1966 1939 2162 1988 proprium
2182 1940 2339 1976 bonum.
2361 1940 2410 1975 Et
2427 1951 2514 1987 pro-

1458 1999 1542 2040 pter
1569 1993 1643 2028 hoc
1672 1992 1831 2029 efficitur
1858 1993 2093 2029 fastidiosum
2122 2000 2157 2028 et
2186 1992 2426 2038 contristans,
2459 1991 2514 2027 in-

1460 2052 1644 2092 quantum
1673 2045 1916 2081 contrariatur
1944 2046 2047 2081 bono
2074 2044 2229 2093 proprio
2257 2044 2434 2081 hominis.

402 2157 430 2189 οι)
449 2157 582 2181 tristitias.
599 2170 618 2175 -
636 2157 774 2181 tristitiam
793 2157 839 2181 Pa.

402 2189 428 2223 β)
447 2192 649 2216 delectabilibus.
668 2206 688 2211 —-
705 2192 923 2217 delectationibus
944 2193 984 2217 vel
1002 2193 1197 2217 delectabilibus
1215 2193 1270 2224 EF,
1290 2193 1402 2217 delecta-

348 2226 463 2251 tionibus
482 2227 544 2252 PIL.
563 2227 613 2251 Pro
632 2234 671 2256 ea,
691 2234 736 2251 eas
755 2227 865 2258 PKsBD,
885 2235 937 2252 om.
952 2228 982 2252 E.

1510 2158 1536 2190 γ)
1550 2158 1628 2216 ᾳῦιίιιί.
1642 2170 1661 2176 ·-
1674 2158 1744 2189 quod
1762 2164 1844 2189 quare
1856 2157 2118 2189 ABCGHIKpDHsL,
2135 2157 2206 2188 quod
2224 2164 2335 2188 quarum
2357 2164 2439 2188 quare
2457 2157 2496 2189 pL
2506 2175 2514 2187 ,

1457 2199 1539 2224 quare
1553 2200 1565 2216 s
1616 2210 1623 2217 .

1122 2361 1439 2402 ARTICULUS
1468 2360 1739 2402 OCTAVUS

910 2451 1065 2481 UTRUM
1088 2450 1332 2481 ADMIRATIO
1356 2450 1422 2481 slT
1446 2449 1587 2481 CAUSA
1610 2449 1958 2480 DELECTATIOle

533 2563 537 2571 ‹
561 2552 584 2577 1)
605 2551 776 2577 οετΑνυΜ
796 2551 849 2576 Slc
868 2550 1106 2576 PROCEDlTUR.
1126 2538 1285 2576 Videtur
1304 2538 1409 2586 quod

416 2627 423 2642 Ι
492 2592 537 2611 ’“’”““’·
563 2592 761 2629 admiratio
799 2604 878 2628 non
915 2591 961 2628 sit
988 2604 1102 2628 causa
1140 2591 1407 2628 delectationis.

354 2755 408 2784 est
428 2749 668 2796 delectabilis,
684 2749 751 2785 sed
770 2749 888 2796 magis
909 2748 1072 2786 scientia.
1089 2749 1191 2796 Ergo
1212 2748 1410 2786 admiratio

353 2813 431 2837 non
460 2808 516 2837 est
544 2814 657 2838 causa
685 2801 978 2838 delectationis.'

409 2865 442 2890 2.
469 2855 701 2901 PRAETEREA,
722 2854 921 2890 admiratio
943 2861 998 2890 est
1015 2853 1242 2902 principium
1263 2854 1411 2902 sapien-

354 2905 439 2952 tiae,
470 2907 577 2955 quasi
603 2907 666 2944 via
694 2907 742 2943 ad
770 2906 1038 2954 inquirendum
1066 2906 1277 2952 veritatem,
1298 2914 1340 2943 ut
1358 2906 1412 2944 di-

300 2986 327 2995 .-
356 2958 451 2995 citur
468 2958 507 2995 in
525 2959 709 3008 principio
729 2960 944 3007 Metaphys.
956 2958 976 2980 '¹‘
996 2959 1072 2995 Sed
1095 2959 1342 2996 delectabilius
1361 2965 1415 2996 est

281 3007 315 3022 ¹¹¹·
356 3013 602 3060 contemplari
627 3013 702 3049 iam
731 3012 894 3061 cognita,
924 3023 1038 3059 quam
1058 3012 1246 3060 inquirere
1269 3013 1410 3061 ignota,

238 3092 244 3102 ,
278 3087 327 3123 ᾖ·
355 3071 397 3100 ut
424 3064 679 3123 Philosophus
708 3064 796 3101 dicit
823 3064 861 3100 in
881 3065 916 3100 X
933 3065 1052 3123 Pgthic.
1073 3064 1112 3100 *ε
1142 3076 1230 3123 cum
1250 3065 1323 3101 hoc
1347 3065 1412 3101 ha-

258 3117 265 3124 '
357 3117 444 3152 beat
472 3117 730 3154 difficultatem
760 3125 796 3153 et
823 3117 1150 3165 impedimentum,
1176 3117 1267 3154 illud
1286 3125 1412 3154 autem

357 3181 436 3205 non
463 3170 620 3215 habeat;
651 3169 847 3207 delectatio
876 3177 1003 3206 autem
1025 3177 1198 3206 causatur
1217 3182 1262 3206 ex
1282 3182 1414 3219 opera-

323 3240 329 3259 ;
356 3221 458 3258 tione
478 3234 556 3259 non
575 3222 768 3270 impedita,
788 3230 830 3259 ut
849 3222 983 3259 dicitur
1001 3222 1039 3258 in
1057 3223 1126 3259 VII
1144 3222 1293 3259 Ethic.*
1312 3223 1413 3270 Ergo

261 3273 272 3307 ·'
301 3270 330 3312 ’ἶ
357 3273 555 3311 admiratio
584 3287 663 3311 non
692 3282 748 3312 est
774 3287 888 3312 causa
917 3275 1183 3322 delectationis,
1209 3275 1276 3312 sed
1295 3275 1415 3323 magis

358 3327 647 3364 delectationem
676 3327 844 3376 impedit.

413 3381 447 3416 3.
477 3381 716 3426 PRAETEREA,
745 3379 1006 3428 unusquisque
1035 3379 1072 3416 in
1101 3380 1291 3416 consuetis
1316 3380 1414 3416 dele-

359 3439 498 3469 ctatur:
527 3433 628 3470 unde
658 3432 897 3481 operationes
929 3432 1126 3470 habituum
1156 3444 1225 3480 per
1257 3445 1415 3469 consue-

412 3545 439 3578 α)
457 3546 560 3571 crescit.
578 3560 596 3564 -
613 3546 739 3571 accrescit
758 3546 834 3574 PHa‚·
852 3546 919 3570 idem
939 3546 1052 3570 secundo
1071 3547 1128 3570 loco
1148 3547 1192 3571 Ρα.

1461 2538 1634 2575 tudinem
1654 2538 1937 2586 acquisitorum,
1959 2545 2045 2574 sunt
2064 2538 2313 2575 delectabiles.
2331 2538 2407 2575 Sed
2427 2551 2516 2575 con-

1464 2598 1570 2627 sueta
1598 2603 1677 2627 non
1705 2598 1791 2627 sunt
1818 2590 2070 2637 admirabilia,
2099 2598 2140 2627 ut
2169 2591 2255 2627 dicit
2273 2591 2515 2639 Augustinus,

1462 2654 1575 2691 super
1601 2644 1709 2680 Ioan.
1725 2642 1745 2664 ’¹‘
1773 2644 1874 2691 Ergo
1904 2643 2100 2680 admiratio
2121 2643 2365 2680 contrariatur
2381 2656 2515 2680 causae

1465 2695 1734 2733 delectationis.

1519 2749 1592 2785 SED
1622 2760 1767 2785 CONTRA
1799 2760 1864 2784 EST
1891 2748 1995 2796 quod
2023 2748 2275 2796 Philosophus
2305 2748 2406 2795 dicit,
2436 2749 2474 2785 in
2502 2750 2515 2785 I

1463 2800 1693 2847 Rhetoric.*,
1710 2801 1813 2849 quod
1833 2801 2030 2838 admiratio
2052 2809 2106 2837 est
2121 2801 2373 2837 delectationis
2393 2813 2516 2838 causa.
2545 2818 2554 2826 ·
2588 2822 2601 2837 a
2639 2822 2653 2837 ι
2688 2822 2702 2837 n
2726 2821 2746 2837 21

1517 2855 1741 2890 Responnsso
1770 2866 1951 2890 DICENDUM
1985 2855 2087 2902 quod
2125 2854 2277 2901 adipisci
2311 2853 2519 2890 desiderata

1466 2913 1520 2943 est
1553 2906 1795 2952 delectabile,
1823 2914 1864 2943 ut
1897 2919 2009 2955 supra
2028 2906 2048 2928 *
2077 2906 2215 2943 dictum
2246 2913 2311 2942 est.
2350 2907 2398 2942 Et
2431 2906 2517 2942 ideo
2545 2922 2556 2932 ·
2596 2927 2610 2941 u
2633 2926 2681 2941 xxl
2711 2926 2724 2941 a

1466 2967 1608 3007 quanto
1646 2959 1802 2995 alicuius
1830 2959 1883 2995 rei
1919 2967 2066 2995 amatae
2096 2959 2214 3006 magis
2247 2959 2378 2994 crescit
2410 2964 2427 2979 ²
2455 2959 2519 2995 de·
2545 2979 2562 3000 ι,

1466 3011 1665 3059 siderium,
1703 3019 1805 3048 tanto
1843 3011 1962 3059 magis
1998 3024 2067 3060 per
2108 3011 2349 3059 adeptionem
2387 3011 2519 3047 crescit

1467 3064 1676 3101 delectatio.
1715 3065 1763 3100 Et
1792 3063 1904 3100 etiarn
1933 3064 1970 3100 in
2003 3064 2084 3112 ipso
2114 3072 2315 3111 augmento
2346 3063 2519 3100 desiderii

1467 3117 1509 3153 fit
1536 3124 1783 3164 augmentum
1813 3116 2082 3163 delectationis,
2112 3116 2322 3153 secundum
2347 3116 2450 3165 quod
2478 3117 2520 3153 fit

1469 3170 1579 3206 etiam
1610 3182 1696 3218 spes
1720 3169 1773 3205 rei
1801 3177 1969 3215 amatae,
1999 3169 2093 3205 sicut
2122 3182 2234 3218 supra
2252 3169 2271 3190 ⁹³⁶
2300 3169 2441 3205 dictum
2466 3176 2521 3205 est

1468 3222 1573 3270 quod
1601 3222 1725 3270 ipsum
1751 3221 1981 3258 desiderium
2001 3234 2046 3258 ex
2075 3234 2141 3270 spe
2163 3229 2217 3258 est
2245 3221 2474 3259 delectabile.
2494 3242 2518 3248 —

1468 3276 1536 3312 Est
1555 3283 1682 3311 autem
1697 3274 1894 3311 admiratio
1912 3274 2140 3311 desiderium
2157 3274 2351 3323 quoddam
2367 3273 2519 3320 sciendi,

1469 3328 1574 3376 quod
1602 3327 1640 3364 in
1658 3327 1812 3363 homine
1834 3327 2012 3375 contingit
2032 3339 2074 3364 ex
2094 3328 2168 3363 hoc
2187 3327 2290 3375 quod
2309 3326 2412 3363 videt
2433 3326 2521 3362 effe-

1471 3388 1572 3417 ctum
1603 3388 1638 3416 et
1665 3380 1811 3427 ignorat
1839 3392 2013 3417 causam:
2042 3381 2103 3416 vel
2129 3391 2171 3416 ex
2190 3381 2265 3416 hoc
2284 3379 2387 3427 quod
2409 3390 2521 3414 causa

1470 3433 1551 3470 talis
1580 3432 1735 3469 effectus
1764 3433 1907 3470 excedit
1935 3433 2187 3481 cognitionem
2221 3439 2283 3468 aut
2307 3431 2520 3468 facultatem

2538 1321 2547 1330 ·
2564 1319 2612 1347 Qu.
2622 1325 2690 1346 xxxv,
2705 1322 2748 1340 art.

2540 1789 2549 1797 ·
2559 1787 2590 1809 ca
2610 1803 2615 1809 .
2623 1794 2698 1814 xmn.
2706 1788 2727 1809 6.
2740 1804 2747 1810 .

2540 1813 2565 1836 S.
2575 1794 2618 1835 Til.
2633 1815 2684 1836 lect.
2699 1820 2750 1836 xiv-

2543 2661 2553 2670 *
2567 2659 2642 2681 Tract.
2653 2658 2737 2680 XXIV.

2548 3184 2556 3192 ·
2567 3181 2603 3203 Cf.
2613 3185 2654 3203 art.
2665 3187 2687 3210 3,
2698 3181 2726 3202 ad
2735 3187 2756 3209 3.
