2852 4152
3 2528 47 2582 8⁶⁵0

104 2703 118 2714 ⁴·
132 2703 163 2725 D·
175 2708 225 2731 4²²,
238 2708 292 2731 ⁴9¹-

1032 257 1296 303 QUAEST10
1325 258 1430 304 XIX,
1459 257 1754 295 ARTICULUS
1783 259 1816 294 X

342 336 468 386 uxoris
485 336 548 372 vel
567 335 644 381 filii,
660 335 726 383 qui
743 335 825 371 vult
843 347 921 372 non
941 336 1062 372 occidi
1082 336 1219 384 ipsum,
1236 335 1395 384 inquan-

341 397 423 439 tum
439 395 495 425 est
507 387 719 427 secundum
739 395 912 424 naturam
930 389 1029 425 mala
1045 388 1196 435 occisio,
1214 395 1269 425 est
1284 388 1395 424 etiam

342 435 455 481 bona.

344 495 366 537 J·
395 494 496 531 Cum
516 500 644 530 autem
663 493 838 529 voluntas
857 501 1034 542 sequatur
1052 491 1395 542 apprehensionem

342 546 494 583 rationis
534 546 596 582 vel
637 545 843 582 intellectus
858 575 867 593 ,
906 546 1116 583 secundum
1159 546 1262 594 quod
1303 545 1395 582 ratio

342 599 434 636 boni
453 598 678 647 apprehensi
698 598 806 634 fuerit
825 598 1076 644 communior,
1092 598 1302 635 secundum
1322 599 1397 634 hoc

343 659 380 688 et
406 652 582 688 voluntas
618 651 733 687 fertur
759 651 797 687 in
829 651 974 687 bonum
1011 651 1262 687 communius.
1293 651 1397 687 Sicut

341 711 445 753 patet
480 703 518 740 in
559 704 733 752 exemplo
769 703 985 752 proposito:
1015 716 1103 740 nam
1140 703 1250 740 iudex
1283 703 1397 739 habet

344 769 474 793 curam
498 755 589 793 boni
617 756 843 803 communis,
864 757 969 804 quod
993 763 1048 792 est
1074 756 1224 802 iustitia,
1255 763 1291 792 et
1309 755 1395 792 ideo

341 810 424 846 vult
459 808 690 845 occisionem
727 809 893 855 latronis,
928 820 1025 857 quae
1061 809 1175 845 habet
1211 808 1395 844 rationem

343 861 433 899 boni
449 862 658 898 secundum
673 862 893 898 relationem
909 861 958 898 ad
977 868 1114 898 statum
1131 872 1394 906 communem;

342 926 439 951 uxor
471 922 598 950 autem
633 914 787 951 latronis
825 914 1062 950 considerare
1100 914 1214 950 habet
1250 913 1395 949 bonum

342 966 531 1015 privatum
551 966 725 1013 familiae,
743 975 779 1003 et
797 966 1007 1004 secundum
1027 966 1102 1002 hoc
1119 966 1199 1002 vult
1217 965 1394 1002 maritum

342 1020 527 1056 latronem
548 1031 626 1056 non
655 1019 786 1056 occidi.
810 1041 830 1047 -
851 1021 1003 1056 Bonum
1028 1026 1155 1054 autem
1174 1018 1288 1054 totius
1315 1017 1396 1054 uni-

342 1072 442 1109 versi
469 1080 525 1108 est
551 1072 591 1108 id
622 1072 726 1119 quod
756 1080 811 1108 est
837 1072 1119 1120 apprehensum
1148 1083 1170 1107 a
1197 1071 1301 1116 Deo,
1331 1070 1395 1118 qui

344 1133 399 1161 est
425 1124 592 1161 universi
611 1125 730 1160 factor
757 1133 793 1161 et
811 1125 1058 1172 gubernator:
1087 1123 1188 1160 unde
1213 1123 1396 1171 quidquid

342 1178 435 1224 vult,
454 1178 535 1213 vult
562 1177 632 1213 sub
662 1177 804 1213 ratione
833 1176 923 1213 boni
953 1176 1178 1222 communis,
1209 1175 1313 1223 quod
1341 1182 1405 1214 estv

343 1242 412 1266 sua
440 1229 599 1276 bonitas,
620 1242 717 1278 quae
738 1237 793 1266 est
820 1230 966 1266 bonum
985 1228 1097 1264 totius
1120 1227 1297 1264 universi.
1318 1229 1395 1275 Ap-

342 1282 545 1331 prehensio
573 1290 700 1318 autem
730 1289 932 1327 creaturae,
957 1281 1165 1317 secundum
1195 1292 1302 1316 suam
1331 1292 1395 1316 na-

342 1343 480 1381 turam,
501 1342 556 1371 est
575 1334 728 1370 alicuius
756 1333 847 1370 boni
865 1332 1095 1381 particularis
1122 1331 1396 1379 proportionati

343 1399 433 1423 suae
452 1394 620 1423 naturae.
638 1385 829 1432 Contingit
843 1392 969 1421 autem
988 1383 1126 1431 aliquid
1148 1395 1228 1419 esse
1249 1384 1395 1420 bonum

341 1439 554 1475 secundum
583 1437 766 1474 rationem
793 1436 1072 1485 particularem,
1103 1435 1207 1483 quod
1235 1447 1313 1471 non
1341 1443 1397 1471 est

343 1491 490 1527 bonum
523 1489 732 1526 secundum
769 1488 952 1525 rationem
981 1488 1254 1533 universalem,
1283 1495 1347 1523 aut
1376 1499 1396 1523 e

345 1554 546 1591 converso,
570 1549 613 1578 ut
636 1541 778 1578 dictum
807 1549 872 1577 est.
902 1542 951 1577 Et
978 1540 1064 1577 ideo
1094 1539 1273 1587 contingit
1291 1540 1395 1587 quod

344 1595 469 1644 aliqua
495 1595 672 1632 voluntas
709 1602 764 1630 est
791 1594 893 1630 bona
928 1593 1062 1629 volens
1091 1592 1231 1640 aliquid
1264 1604 1396 1628 secun-

345 1647 437 1685 dum
456 1647 642 1684 rationem
661 1646 924 1694 particularem
945 1645 1224 1682 consideratum
1245 1642 1269 1691 δ,
1290 1645 1395 1692 quod

343 1707 473 1737 tamen
508 1701 614 1737 Deus
642 1711 720 1735 non
746 1699 828 1735 vult
861 1699 1072 1736 secundum
1104 1697 1286 1734 rationem
1314 1697 1395 1733 uni-

342 1753 544 1798 versalem,
565 1759 601 1789 et
629 1764 648 1788 e
669 1763 868 1788 converso.
889 1752 938 1787 Et
965 1750 1052 1787 inde
1077 1757 1132 1786 est
1160 1750 1272 1786 etiam
1291 1750 1396 1798 quod

342 1813 504 1854 possunt
522 1805 692 1842 diversae
712 1805 926 1840 voluntates
941 1803 1179 1840 diversorum
1194 1802 1395 1839 hominum

345 1858 441 1895 circa
468 1857 644 1906 opposita
671 1868 752 1893 esse
781 1857 917 1903 bonae,
938 1863 1052 1905 prout
1072 1856 1142 1892 sub
1163 1855 1320 1892 diversis
1339 1867 1396 1892 ra-

343 1910 507 1948 tionibus
538 1909 822 1958 particularibus
852 1910 987 1945 volunt
1018 1909 1093 1945 hoc
1122 1920 1203 1944 esse
1230 1908 1292 1944 vel
1319 1919 1397 1944 non

345 1975 439 2000 esse.
755 1997 757 1999 .

398 2016 490 2052 Non
519 2022 574 2051 est
600 2021 727 2050 autem
762 2021 863 2050 recta
889 2015 1065 2050 voluntas
1093 2012 1248 2049 alicuius
1275 2012 1398 2049 homi-

345 2068 403 2104 nis
429 2067 592 2104 volentis
625 2066 779 2115 aliquod
806 2067 951 2102 bonum
979 2065 1222 2114 particulare,
1251 2064 1321 2101 nisi
1341 2077 1397 2101 re-

345 2121 440 2157 ferat
475 2119 566 2156 illud
593 2119 631 2155 in
658 2120 804 2155 bonum
833 2130 1038 2168 commune
1074 2118 1169 2154 sicut
1196 2117 1233 2153 in
1260 2118 1396 2154 finem:

347 2185 435 2209 cum
464 2172 575 2208 etiarn
614 2171 790 2208 naturalis
828 2171 1014 2219 appetitus
1052 2170 1248 2206 cuiuslibet
1282 2169 1398 2218 partis

345 2225 540 2261 ordinetur
575 2224 613 2260 in
650 2225 794 2260 bonum
834 2235 1038 2259 commune
1075 2223 1199 2259 totius.
1229 2223 1286 2258 Ex
1320 2222 1397 2258 fine

345 2285 474 2314 autem
501 2277 661 2313 sumitur
684 2276 791 2324 quasi
818 2276 986 2312 formalis
1015 2275 1106 2311 ratio
1134 2275 1289 2311 volendi
1307 2274 1397 2310 illud

346 2329 450 2378 quod
487 2329 536 2366 ad
570 2330 687 2365 finem
720 2328 924 2364 ordinatur.
953 2327 1063 2365 Unde
1102 2327 1150 2363 ad
1183 2328 1257 2363 hoc
1293 2326 1397 2375 quod

345 2381 478 2430 aliquis
506 2388 606 2418 recta
641 2381 835 2417 voluntate
865 2380 955 2416 velit
991 2379 1144 2428 aliquod
1176 2378 1398 2427 particulare

345 2434 502 2481 bonum,
524 2440 674 2482 oportet
692 2434 795 2481 quod
823 2432 913 2469 illud
932 2432 1153 2481 particulare
1183 2432 1329 2467 bonum
1354 2431 1399 2467 sit

343 2486 504 2523 volitum
523 2486 781 2530 materialiter,
807 2485 953 2522 bonum
973 2492 1099 2521 autem
1120 2496 1325 2520 commune
1345 2484 1399 2520 di-

344 2539 478 2576 vinum
507 2538 552 2575 sit
573 2538 732 2575 volitum
756 2537 970 2574 formaliter.
990 2538 1174 2574 Voluntas
1202 2537 1311 2584 igitur
1329 2537 1398 2572 hu-

345 2603 460 2628 mana
482 2599 629 2627 tenetur
649 2590 877 2627 conformari
905 2590 1054 2626 divinae
1073 2589 1257 2626 voluntati
1275 2589 1311 2624 in
1331 2601 1399 2625 vo-

343 2643 408 2680 lito
427 2643 645 2690 formaliter,
665 2650 812 2679 tenetur
827 2641 929 2678 enim
942 2643 1039 2679 velle
1064 2642 1210 2678 bonum
1227 2641 1398 2677 divinum

346 2703 382 2732 et
405 2708 627 2732 commune:
652 2695 720 2731 sed
743 2707 822 2730 non
845 2694 1085 2730 materialiter
1098 2693 1130 2740 ²¹⁶,
1156 2693 1298 2730 ratione
1322 2693 1398 2729 iam

346 2748 455 2785 dicta.
484 2768 508 2775 -
539 2748 615 2784 Sed
642 2755 769 2783 tamen
797 2754 981 2795 quantum
1010 2746 1057 2783 ad
1086 2754 1305 2794 utrumque,
1336 2746 1398 2782 ali-

347 2813 424 2848 quo
454 2801 571 2836 modo
589 2801 766 2837 voluntas
793 2799 960 2835 humana
981 2799 1238 2835 conformatur
1265 2799 1399 2835 volun-

347 2853 411 2890 tati
440 2852 600 2889 divinae.
631 2851 730 2898 Quia
767 2851 978 2888 secundum
1007 2851 1111 2900 quod
1140 2851 1399 2888 conformatur

345 2905 530 2942 voluntati
550 2904 701 2941 divinae
720 2909 732 2925 ⁸
747 2903 785 2940 in
802 2903 998 2940 communi
1014 2904 1156 2940 ratione
1171 2903 1288 2951 voliti,
1311 2916 1399 2940 con-

346 2959 530 2995 formatur
545 2957 578 2993 ei
597 2957 634 2993 in
651 2957 730 2995 fine
751 2956 895 2992 ultimo.
913 2956 1132 2992 Secundum
1148 2964 1275 2993 autem
1295 2956 1399 3004 quod

346 3023 425 3047 non
444 3010 702 3047 conformatur
721 3008 754 3045 ei
773 3009 811 3045 in
838 3008 955 3045 volito
980 3009 1229 3054 materialiter,
1252 3009 1400 3044 confor-

2433 261 2498 297 151

1450 343 1575 373 matur
1601 335 1635 372 ei
1663 336 1873 373 secundum
1902 337 2086 373 rationem
2117 350 2252 375 causae
2287 340 2502 377 efficientis:

1451 388 1537 438 quia
1560 389 1658 426 hanc
1684 388 1878 438 propriam
1899 388 2179 426 inclinationem
2209 400 2502 440 consequentem

1450 449 1636 488 naturam,
1655 442 1718 479 vel
1737 441 2080 490 apprehensionem
2099 443 2363 490 particularem
2391 445 2502 481 huius

1450 493 1514 540 rei,
1532 495 1647 531 habet
1667 507 1727 531 res
1745 507 1768 531 a
1787 495 1872 532 Deo
1894 494 1988 531 sicut
2006 507 2028 531 a
2047 507 2161 531 causa
2188 495 2372 533 effectiva.
2393 497 2502 534 Unde

1450 547 1661 584 consuevit
1683 547 1756 584 dici
1788 547 1892 595 quod
1927 547 2203 593 conformatur,
2233 556 2415 596 quantum
2454 550 2501 586 ad

1449 600 1534 645 hoc,
1551 600 1725 636 voluntas
1743 599 1908 636 hominis
1926 599 2110 636 voluntati
2130 600 2290 647 divinae,
2317 601 2404 648 quia
2422 602 2502 638 vult

1450 653 1523 688 hoc
1543 652 1648 699 quod
1667 653 1771 688 Deus
1798 653 1880 688 vult
1900 663 1987 688 eum
2006 653 2116 688 velle.

1503 705 1571 741 Est
1591 712 1626 740 et
1644 705 1737 741 alius
1766 704 1903 741 modus
1924 704 2193 741 conformitatis
2213 705 2422 741 secundum
2444 718 2500 742 ra-

1449 757 1592 793 tionem
1614 769 1747 793 causae
1767 757 1944 803 formalis,
1964 765 2005 793 ut
2032 757 2170 793 scilicet
2189 757 2308 793 homo
2328 757 2419 794 velit
2437 758 2500 794 ali-

1451 809 1541 857 quid
1570 821 1614 845 ex
1644 809 1813 855 caritate,
1843 809 1937 845 sicut
1964 810 2068 845 Deus
2095 810 2186 846 vult.
2214 810 2262 846 Et
2288 810 2358 846 ista
2387 810 2498 846 etiam

1450 861 1695 912 conformitas
1715 862 1904 898 reducitur
1919 862 1967 898 ad
1984 862 2285 898 conformitatem
2301 862 2499 899 formalem

1449 927 1546 962 quae
1563 914 1763 950 attenditur
1779 926 1823 950 ex
1843 914 1974 950 ordine
1989 914 2037 951 ad
2056 914 2230 951 ultimum
2249 915 2378 961 finem,
2396 915 2499 963 quod

1451 975 1505 1003 est
1531 967 1728 1015 proprium
1757 967 1948 1003 obiectum
1978 966 2146 1003 caritatis.

1501 1021 1559 1056 AD
1588 1030 1723 1056 PRlMUM
1751 1030 1848 1055 ERGO
1876 1030 2058 1055 mCENDUM
2086 1019 2191 1066 quod
2218 1019 2376 1056 volitum
2406 1019 2499 1056 divi-

1449 1084 1553 1118 num,
1574 1071 1783 1108 secundum
1812 1071 1995 1107 rationem
2025 1083 2283 1117 communem,
2304 1073 2413 1119 quale
2441 1072 2497 1118 sit,

1448 1125 1542 1161 scire
1570 1136 1785 1173 possumus.
1817 1123 1964 1160 Scimus
1993 1124 2094 1160 enim
2129 1125 2233 1171 quod
2261 1125 2366 1160 Deus
2394 1124 2499 1172 quid-

1448 1177 1537 1225 quid
1558 1178 1648 1224 vult,
1668 1177 1749 1212 vult
1768 1177 1837 1212 sub
1857 1176 1999 1212 ratione
2020 1176 2121 1212 boni.
2144 1177 2192 1212 Et
2210 1176 2295 1212 ideo
2325 1177 2495 1224 quicum-

1449 1241 1521 1278 que
1549 1231 1630 1266 vult
1665 1228 1805 1276 aliquid
1842 1229 1911 1264 sub
1941 1240 2180 1276 quacumque
2214 1228 2357 1264 ratione
2386 1229 2496 1275 boni,

1449 1283 1562 1318 habet
1588 1283 1821 1318 voluntatem
1851 1281 2087 1317 conformem
2115 1281 2298 1317 voluntati
2327 1281 2496 1327 divinae,

1449 1341 1632 1382 quantum
1660 1333 1709 1370 ad
1745 1333 1927 1369 rationem
1956 1333 2072 1370 voliti.
2103 1334 2178 1370 Sed
2213 1333 2252 1369 in
2287 1333 2498 1381 particulari

1449 1386 1638 1422 nescimus
1667 1385 1757 1433 quid
1784 1387 1888 1422 Deus
1916 1386 2014 1422 velit.
2045 1387 2093 1422 Et
2121 1393 2303 1433 quantum
2334 1385 2382 1422 ad
2409 1386 2495 1431 hoc,

1449 1450 1526 1474 non
1562 1445 1734 1473 tenemur
1775 1438 2012 1474 conformare
2052 1438 2287 1474 voluntatem
2329 1445 2496 1474 nostram

1449 1490 1598 1527 divinae
1617 1489 1810 1526 voluntati.
1827 1510 1850 1516 —
1872 1491 1912 1526 ln
1932 1498 2028 1526 statu
2046 1498 2174 1526 tamen
2193 1490 2342 1538 gloriae,
2363 1503 2498 1527 omnes

1448 1542 1632 1579 videbunt
1650 1542 1687 1577 in
1708 1541 1860 1588 singulis
1887 1554 1984 1589 quae
2007 1542 2149 1589 volent,
2171 1542 2343 1579 ordinem
2364 1555 2498 1579 eorum

1449 1595 1496 1631 ad
1516 1595 1553 1631 id
1582 1594 1686 1641 quod
1706 1595 1810 1630 Deus
1839 1594 1936 1629 circa
1954 1594 2028 1629 hoc
2046 1595 2137 1630 vult.
2159 1595 2208 1630 Et
2226 1595 2311 1630 ideo
2341 1607 2418 1631 non
2438 1607 2498 1631 so-

1448 1647 1526 1683 lum
1550 1646 1763 1692 formaliter,
1782 1646 1848 1682 sed
1872 1645 2110 1681 materialiter
2133 1646 2170 1682 in
2195 1646 2371 1683 omnibus
2392 1659 2499 1683 suam

1447 1700 1681 1736 voluntatem
1709 1699 1793 1734 Deo
1823 1698 2124 1734 conformabunt.

1502 1753 1559 1787 AD
1587 1762 1775 1788 SECUNDUM
1812 1761 1994 1787 D1CENDUM
2031 1750 2135 1798 quod
2168 1751 2272 1786 Deus
2309 1763 2387 1786 non
2421 1751 2501 1787 vult

1450 1803 1734 1842 damnationem
1768 1802 1921 1839 alicuius
1949 1803 2019 1839 sub
2057 1802 2199 1839 ratione
2229 1802 2499 1850 damnationis,

1449 1869 1520 1894 nec
1547 1863 1710 1893 mortem
1739 1855 1892 1892 alicuius
1924 1855 2148 1902 inquantum
2178 1863 2232 1891 est
2259 1867 2383 1901 mors,
2413 1855 2501 1903 quia

1449 1909 1529 1958 ipse
1556 1909 1636 1946 vult
1662 1920 1789 1945 omnes
1807 1907 1819 1933 t
1838 1908 2004 1944 homines
2021 1907 2145 1944 salvos
2160 1908 2255 1954 fieri
2271 1907 2311 1943 *τ
2333 1907 2400 1944 sed
2419 1909 2500 1944 vult

1449 1962 1517 1999 ista
1532 1961 1603 1998 sub
1623 1961 1766 1997 ratione
1786 1960 1943 1996 iustitiae
1959 1966 1990 1996 η.
2006 1960 2116 1997 Unde
2136 1960 2272 1996 sufficit
2297 1960 2392 1996 circa
2414 1961 2500 1996 talia

1449 2014 1552 2062 quod
1579 2014 1698 2050 homo
1726 2012 1816 2049 velit
1842 2012 2018 2049 iustitiam
2049 2012 2139 2059 Dei,
2170 2019 2206 2048 et
2234 2012 2407 2049 ordinem
2435 2025 2500 2049 na-

1448 2074 1554 2104 turae
1582 2065 1735 2102 servari.

1502 2118 1611 2156 Unde
1639 2125 1741 2166 patet
1769 2117 1903 2154 solutio
1931 2117 1980 2153 ad
2007 2117 2169 2154 tertium.

1503 2174 1561 2208 AD
1589 2183 1725 2207 PmMUM
1743 2182 1836 2206 vero
1866 2170 1968 2218 quod
1988 2169 2025 2206 in
2046 2169 2273 2206 contrarium
2302 2169 2503 2206 obiicieba-

1449 2231 1508 2260 tur
1526 2221 1551 2270 ⁰,
1572 2223 1775 2260 dicendum
1805 2222 1908 2270 quod
1928 2222 2046 2269 magis
2069 2223 2150 2258 vult
2169 2221 2272 2270 quod
2287 2223 2392 2258 Deus
2409 2223 2501 2269 vult,

1451 2275 1515 2324 qui
1535 2275 1746 2311 conformat
1763 2275 1996 2310 voluntatem
2025 2286 2132 2310 suam
2151 2274 2335 2310 voluntati
2355 2274 2503 2310 divinae

1451 2335 1634 2376 quantum
1654 2327 1703 2363 ad
1722 2326 1907 2363 rationem
1934 2326 2051 2374 voliti,
2072 2339 2186 2374 quam
2206 2326 2270 2374 qui
2295 2327 2505 2362 conformat

1453 2388 1634 2428 quantum
1670 2379 1718 2416 ad
1746 2379 1867 2428 ipsam
1896 2391 1978 2415 rem
2004 2379 2182 2415 volitam:
2212 2379 2300 2427 quia
2328 2379 2505 2415 voluntas

1451 2432 1688 2481 principalius
1707 2432 1822 2468 fertur
1840 2431 1878 2468 in
1906 2432 2036 2479 finem,
2058 2443 2174 2479 quam
2194 2431 2232 2467 in
2259 2431 2298 2468 id
2326 2432 2431 2480 quod
2451 2438 2506 2467 est

1453 2486 1501 2522 ad
1528 2486 1658 2522 finem.
2358 2519 2366 2529 ,

1505 2539 1563 2574 AD
1592 2549 1779 2574 SECUNDUM
1807 2548 1992 2573 mCENDUM
2017 2536 2121 2584 quod
2149 2535 2292 2584 species
2321 2543 2356 2572 et
2383 2536 2505 2572 forma

1452 2597 1556 2626 actus
1587 2590 1706 2636 magis
1744 2589 1943 2625 attenditur
1975 2589 2185 2625 secundum
2220 2588 2404 2624 rationem
2438 2589 2506 2625 ob-

1452 2642 1547 2688 iecti,
1577 2654 1693 2691 quam
1728 2641 1937 2678 secundum
1966 2641 2003 2677 id
2027 2641 2131 2688 quod
2165 2649 2219 2677 est
2251 2641 2442 2677 materiale
2466 2641 2505 2677 in

1453 2694 1613 2730 obiecto.
2433 2700 2435 2702 '

1505 2748 1563 2783 An
1591 2757 1749 2782 TER’rlUM
1777 2757 1959 2782 nicENDUM
1983 2745 2087 2793 quod
2115 2757 2193 2782 non
2213 2752 2267 2781 est
2295 2757 2506 2794 repugnan-

1452 2799 1501 2835 tia
1519 2799 1771 2845 voluntatum,
1793 2798 1945 2846 quando
1975 2798 2086 2846 aliqui
2106 2798 2255 2834 diversa
2277 2799 2411 2834 volunt
2429 2810 2507 2834 non

1453 2851 1662 2887 secundum
1691 2850 1851 2887 eandem
1872 2850 2067 2887 rationem.
2098 2850 2175 2887 Sed
2203 2850 2233 2886 si
2258 2851 2328 2886 sub
2355 2862 2431 2886 una
2450 2863 2506 2886 ra-

1453 2903 1555 2940 tione
1584 2911 1682 2940 esset
1708 2903 1848 2951 aliquid
1885 2904 1933 2939 ab
1960 2915 2038 2939 uno
2071 2903 2250 2949 volitum,
2281 2902 2385 2950 quod
2413 2903 2507 2939 alius

1454 2957 1587 3003 nollet,
1612 2956 1687 2992 hoc
1714 2955 1907 2992 induceret
1940 2955 2226 3003 repugnantiam
2254 2955 2505 2992 voluntatum.

1455 3008 1571 3054 Quod
1600 3015 1727 3044 tamen
1756 3019 1832 3043 non
1862 3015 1916 3044 est
1943 3007 1980 3043 in
2008 3007 2216 3056 proposito.

399 3142 424 3174 ὃ)
443 3141 649 3167 consideratum.
667 3155 684 3159 —
701 3141 896 3165 consideratam
916 3139 1160 3171 ABCDEGIKLpH.

400 3179 422 3209 ε)
442 3177 574 3202 voluntati
591 3176 706 3201 divinae.
724 3189 743 3194 -
761 3176 821 3200 Om.
835 3176 945 3200 codices.

399 3213 424 3245 ζ)
444 3219 542 3237 omnes.
559 3225 578 3231 ·-
597 3211 657 3236 Om.
672 3211 849 3242 ABCDGIpH.

1509 3139 1536 3169 η)
1557 3138 1681 3162 iustitiae.
1699 3152 1718 3156 —
1737 3138 1801 3162 iusti
1817 3137 2080 3162 ABCDEFGIKLsH.

1511 3171 1534 3205 θ)
1554 3180 1614 3197 vero
1626 3176 1650 3197 ᾳ..
1664 3173 1843 3198 obiiciebatur.
1861 3186 1879 3191 -
1897 3179 1961 3205 ergo
2013 3172 2136 3197 obiicitur
2154 3173 2264 3197 codices.

1022 3294 1348 3327 Commentaria
1372 3293 1619 3327 cardinalis
1641 3294 1838 3327 Caietam

352 3397 400 3459 IN
423 3385 554 3416 arficulo
578 3384 712 3420 decimo,
734 3383 856 3423 iungito
880 3383 973 3413 verba
996 3382 1028 3412 in
1051 3381 1256 3421 responsione
1280 3381 1320 3411 ad
1342 3381 1403 3420 pri-

381 3440 482 3466 mum,
499 3429 600 3459 verbis
621 3429 653 3458 in
670 3438 802 3468 corpore
818 3427 952 3458 articuli:
967 3433 997 3457 et
1012 3436 1135 3456 memor
1151 3425 1403 3465 supradictorum
1457 3425 1544 3465 quod
1557 3431 1602 3454 est
1613 3424 1692 3454 velle
1702 3431 1830 3463 propter
1842 3424 1985 3454 divinum
1997 3430 2027 3454 et
2037 3434 2207 3454 commune
2222 3424 2354 3453 bonum.
2366 3423 2427 3454 Sed
2438 3433 2511 3453 cave

1456 3381 1542 3416 boni,
1567 3387 1613 3411 est
1629 3380 1801 3410 conformis
1824 3379 1948 3410 divinae
1970 3380 2125 3410 voluntati
2149 3380 2182 3410 in
2204 3379 2304 3410 volito
2328 3379 2509 3415 formaliter,

2624 1896 2637 1907 Υ

2625 1908 2636 1923 s

2526 1929 2556 1950 ⁸1
2568 1929 2635 1955 Tim„
2646 1935 2696 1957 cap.
2709 1935 2736 1955 ιι,

2526 1962 2585 1977 vers.
2600 1962 2623 1981 4.

2623 1992 2637 2014 ⁷]

350 3474 383 3504 in
398 3474 530 3504 articulo
547 3479 633 3504 sexto
648 3471 842 3512 quaestionis
854 3470 982 3511 primae,
994 3470 1118 3500 adverte
1128 3470 1225 3510 quod,
1237 3469 1312 3509 quia
1323 3468 1402 3498 velle
1457 3478 1496 3498 ne
1515 3474 1679 3508 propterea
1702 3468 1786 3498 dicas
1801 3477 1931 3497 omnem
1952 3468 2150 3498 voluntatem
2173 3477 2295 3507 semper
2319 3466 2510 3497 conformari
2539 3488 2548 3497 .
2563 3486 2599 3508 Cf·
2610 3486 2706 3514 Dionys.
2719 3486 2749 3507 de

351 3517 471 3558 aliquid
494 3517 552 3548 sub
571 3517 691 3547 ratione
710 3516 795 3551 boni,
821 3521 867 3545 est
885 3514 965 3544 velle
989 3514 1068 3544 illud
1091 3519 1219 3553 propter
1239 3522 1403 3543 summum
1457 3512 1579 3542 divinae
1594 3512 1626 3542 in
1640 3511 1739 3542 volito
1764 3510 1944 3547 formaliter,
1964 3511 2039 3552 quia
2058 3511 2166 3541 nullus
2181 3516 2333 3550 operatur
2355 3511 2512 3551 aspiciens

1457 3556 1500 3586 ad
1515 3556 1633 3586 malum
1650 3555 1676 3592 *,
1693 3556 1747 3586 sed
1766 3555 1806 3585 ad
1821 3555 1958 3596 aliquam
1974 3555 2049 3585 boni
2071 3554 2242 3590 rationem;
2264 3561 2294 3585 et
2317 3564 2512 3595 consequen-

351 3561 484 3598 bonum,
496 3561 567 3592 ideo
580 3560 692 3591 dicitur
704 3560 792 3600 quod
801 3559 948 3589 voluntas
957 3558 1068 3588 volens
1082 3557 1200 3598 aliquid
1212 3557 1269 3587 sub
1280 3556 1399 3587 ratione

2539 3513 2592 3535 Diu.
2608 3512 2682 3539 Nom„
2695 3518 2747 3539 cap.

2539 3545 2569 3560 iv.
2582 3550 2592 3554 -
2606 3539 2630 3560 S.
2640 3538 2685 3560 Th.
2695 3539 2748 3560 lect.

2539 3571 2586 3592 xiv,
2600 3571 2657 3586 xxn.
