2852 4152
399 270 468 304 116
1081 268 1345 315 QUAESTIO
1377 268 1478 314 xvi,
1508 267 1802 304 ARTicULus
1833 267 1883 303 lv

394 347 459 384 sed
495 347 532 383 in
565 347 696 385 ordine
730 348 778 384 ad
811 347 921 384 aliam
958 359 1059 395 rem,
1095 346 1132 382 in
1167 359 1242 394 qua
1273 347 1449 382 voluntas
1477 343 1479 404 l
1506 345 1648 394 aliquis,
1679 345 1932 381 communiter
1959 345 2164 394 loquendo,
2195 346 2329 383 dicitur
2347 344 2400 381 uti
2419 345 2495 381 fine
2516 343 2565 380 ad

394 399 561 448 quiescit.
1506 398 1756 434 obtinendum
1770 397 1909 444 ipsum,
1926 397 2020 434 sicut
2035 398 2177 435 dictum
2194 405 2249 435 est
2262 398 2292 435 *.
2309 397 2421 434 Unde
2437 398 2565 443 Augu·
2592 404 2602 413 '
2617 403 2642 423 1¹¹
2657 408 2763 430 corpore-

445 454 504 488 AD
523 464 682 489 TERTiUM
698 464 879 489 DICENDUM
895 452 998 500 quod
1013 464 1103 488 usus
1119 450 1299 498 accipitur
1314 450 1351 486 in
1365 461 1449 486 ver-
1477 406 1479 501 i
1506 449 1635 496 stinus,
1653 449 1690 485 in
1703 449 1754 486 VI
1771 449 1816 485 de
1834 450 1870 485 T
1865 449 1976 497 rin.*,
1993 449 2080 487 dicit
2095 451 2199 499 quod
2214 451 2277 487 illa
2293 450 2448 495 dilectio,
2468 448 2564 485 dele·
2591 455 2602 466 ⁴
2618 454 2675 482 Cap·
2689 461 2713 476 x-

395 505 450 541 bis
472 505 600 541 Hilarii
616 517 686 553 pro
708 504 831 552 quiete
852 504 889 540 in
904 504 1035 540 ultimo
1056 504 1149 539 fine:
1175 514 1220 538 eo
1237 502 1354 538 modo
1371 513 1448 548 quo
1477 502 1479 550 i
1506 502 1616 537 ctatio
1628 506 1652 547 ε,
1662 501 1830 549 felicitas
1845 501 1905 537 vel
1918 502 2102 539 beatitudo
2119 515 2205 540 usus
2220 504 2268 540 ab
2283 515 2325 539 eo
2341 501 2561 550 appellatur.
2692 501 2703 517 ⁸

446 618 467 648 ε)
488 617 599 646 dilectio,
619 617 767 641 delectatio.
785 630 803 634 -
822 616 926 640 dilectio
945 618 969 639 et
989 615 1017 644 F,
1037 615 1174 639 delectatio
1195 614 1286 638 PEKa.

1169 767 1485 808 ARTICULUS
1515 767 1786 818 QUARTUS

1041 860 1194 890 UTRUM
1219 859 1323 890 usus
1347 859 1607 890 PRAECEDAT
1631 859 1912 891 ELECTIONEM

602 961 624 984 D
645 959 815 989 QUARTUM
839 958 891 983 sm
911 957 1148 983 raonem-rua.
1169 946 1329 983 Videtur
1344 946 1449 994 quod
1505 954 1559 983 est
1587 947 1635 983 ad
1662 947 1794 983 finem.
1825 947 2010 984 Ultimum
2038 954 2165 984 autem
2193 948 2297 995 quod
2325 947 2485 996 pertinet
2513 947 2563 984 ad

601 1012 691 1036 usus
710 999 912 1048 praecedat
932 999 1167 1036 electionem.
1189 999 1281 1035 Post
1300 999 1450 1036 electio-
1502 999 1666 1047 primam
1707 999 1968 1037 habitudinem
2004 999 2229 1047 voluntatis,
2273 1008 2445 1049 respectu
2483 1000 2562 1036 eius

1503 1051 1608 1100 quod
1623 1059 1678 1088 est
1697 1052 1746 1088 ad
1765 1052 1896 1099 finem,
1919 1059 1973 1089 est
1988 1052 2137 1089 electio:
2158 1051 2209 1088 ibi
2229 1051 2330 1089 enim
2350 1054 2563 1102 completur

1501 1104 1697 1152 proportio
1731 1105 1953 1151 voluntatis,
1983 1112 2024 1142 ut
2059 1105 2246 1153 complete
2274 1105 2362 1142 velit
2389 1105 2428 1142 id
2456 1105 2562 1154 quod

1503 1163 1559 1192 est
1587 1156 1636 1193 ad
1664 1157 1794 1194 finem.
1830 1157 1907 1194 Sed
1934 1169 2025 1194 usus
2053 1154 2130 1194 iarn
2163 1156 2325 1206 pertinet
2352 1157 2399 1194 ad
2429 1169 2562 1195 secun-

1503 1209 1592 1245 dam
1621 1209 1883 1246 habitudinem
1911 1210 2128 1256 voluntatis,
2159 1221 2234 1258 qua
2261 1209 2380 1246 tendit
2403 1210 2452 1246 ad
2472 1221 2561 1246 con-

1503 1262 1743 1311 sequendum
1773 1275 1853 1299 rem
1888 1263 2066 1300 volitam.·
2091 1262 2202 1300 Unde
2235 1262 2478 1299 manifestum
2508 1268 2562 1298 est

1502 1315 1607 1364 quod
1626 1327 1716 1352 usus
1736 1315 1904 1364 sequitur
1932 1315 2172 1352 electionem:
2193 1315 2222 1352 si
2246 1323 2374 1352 tamen
2403 1313 2562 1363 accipia-

1502 1375 1562 1404 tur
1588 1380 1690 1415 usus,
1721 1369 1933 1405 secundum
1963 1368 2067 1416 quod
2095 1369 2271 1405 voluntas
2291 1367 2408 1404 utitur
2428 1379 2561 1404 execu-

1492 1421 1579 1472 ,tiva
1596 1420 1764 1469 potentia
1791 1421 1987 1458 movendo
2015 1421 2151 1470 ipsam.
2181 1420 2258 1457 Sed
2277 1419 2366 1470 quia
2383 1420 2560 1458 voluntas

1503 1474 1614 1510 etiarn
1635 1473 2130 1522 quodammodo‘rationem
2151 1481 2294 1520 movet,
2315 1479 2351 1510 et
2368 1472 2484 1509 utitur
2503 1484 2558 1520 ea,

1501 1534 1627 1576 potest
1652 1524 1803 1574 intelligi
1830 1538 1922 1563 usus
1951 1526 2031 1563 eius
2060 1525 2166 1574 quod
2194 1533 2249 1563 est
2279 1525 2328 1562 ad
2351 1525 2482 1572 finem,
2503 1537 2560 1577 se7

1503 1579 1670 1616 eundum
1699 1579 1804 1628 quod
1825 1587 1879 1616 est
1898 1579 1936 1616 in
1956 1578 2257 1616 consideratione
2285 1577 2438 1615 rationis
2466 1578 2560 1614 refe-

1502 1632 1615 1669 rentis
1643 1632 1768 1680 ipsum
1797 1632 1835 1668 in
1863 1632 1994 1669 finem.
2016 1633 2064 1669 Et
2091 1632 2166 1668 hoe
2189 1631 2309 1668 modo
2333 1642 2424 1667 usus
2452 1641 2561 1678 prae-

1487 1685 1600 1722 ·cedit
1628 1684 1865 1721 electionem.

1554 1740 1613 1774 AD
1641 1749 1777 1774 PRIMUM
1805 1749 1902 1774 ERGO
1931 1748 2113 1773 mcENDuM
2138 1735 2245 1784 quod
2273 1736 2396 1784 ipsam
2426 1747 2560 1772 execu-

1501 1791 1645 1827 tionem
1671 1790 1796 1838 operis
1824 1789 2016 1838 praecedit
2035 1788 2154 1826 motio
2184 1801 2260 1836 qua
2282 1789 2459 1825 voluntas
2477 1799 2559 1824 mo-

1500 1851 1566 1880 vet
1593 1843 1641 1880 ad
1671 1842 1951 1891 exequendum,
1981 1841 2149 1890 sequitur
2167 1849 2294 1878 autem
2321 1840 2557 1877 electionem.

1502 1897 1551 1932 Et
1574 1896 1638 1943 sic,
1661 1907 1749 1932 cum
1768 1908 1859 1932 usus
1887 1894 2072 1943 pertineat
2095 1894 2143 1931 ad
2167 1894 2400 1943 praedictam
2420 1893 2559 1930 motio-

1501 1961 1591 1985 nem
1618 1948 1834 1994 voluntatis,
1865 1947 2036 1984 medium
2067 1954 2122 1983 est
2149 1947 2245 1983 inter
2274 1946 2498 1983 electionem
2523 1952 2559 1982 et

1501 2001 1793 2037 executionem..

1553 2055 1613 2090 AD
1641 2064 1830 2089 SECUNDUM
1858 2064 2041 2090 memnon
2073 2051 2178 2100 quod
2210 2051 2249 2088 id
2277 2052 2381 2099 quod
2410 2058 2465 2088 est
2491 2062 2560 2099 per

1501 2105 1703 2142 essentiam
1732 2117 1842 2142 suam
1870 2105 2042 2152 relatum,
2072 2103 2260 2152 posterius
2288 2110 2344 2141 est
2362 2103 2557 2140 absoluto:

1501 2159 1569 2196 sed
1601 2158 1640 2195 id
1677 2157 1747 2194 cui'
1769 2157 2020 2194 attribuuntur
2055 2156 2274 2204 relationes,
2303 2168 2383 2193 non
2411 2162 2560 2205 oportet

1501 2211 1607 2260 quod
1635 2211 1680 2247 sit
1706 2209 1906 2259 posterius.
1928 2211 2053 2247 Immo
2073 2217 2215 2259 quanto
2237 2221 2352 2246 causa
2371 2215 2427 2246 est
2442 2207 2558 2258 prior,
2677 2247 2679 2253 Α

1501 2271 1605 2301 tanto
1635 2264 1751 2300 habet
1777 2263 2000 2300 relationem
2018 2268 2033 2291 Ὺ
2062 2263 2110 2299 ad
2138 2263 2267 2311 plures
2296 2261 2465 2299 effectus.
2679 2263 2697 2289 Υ

1553 2318 1612 2352 Αι)
1644 2327 1804 2352 TERTmM
1840 2327 2023 2352 montinum
2059 2315 2164 2364 quod
2201 2313 2334 2351 electio
2370 2312 2562 2362 praecedit

1501 2381 1630 2415 usum,
1660 2368 1691 2405 si
1719 2368 1928 2405 referantur
1959 2367 2008 2405 ad
2036 2367 2151 2404 idem.
2188 2366 2290 2404 Nihil
2316 2373 2446 2410 autem
2468 2378 2560 2414 pro-

1500 2421 1605 2458 hibet
1633 2421 1737 2470 quod
1764 2432 1854 2457 usus
1881 2419 1994 2457 unius
2021 2419 2226 2468 praecedat
2258 2418 2483 2456 electionem
2509 2418 2560 2456 al-

1501 2474 1626 2510 terius.
1655 2474 1704 2510 Et
1727 2473 1816 2523 quia
1835 2479 1940 2510 actus
1958 2471 2163 2510 voluntatis
2182 2471 2427 2509 reflectuntur
2445 2483 2560 2520 supra

1501 2527 1658 2574 seipsos,
1687 2526 1725 2562 in
1754 2525 1925 2573 quolibet
1951 2532 2038 2562 actu
2055 2523 2260 2562 voluntatis
2287 2531 2412 2573 potest
2439 2523 2559 2572 accipi

1502 2587 1539 2616 et
1567 2591 1789 2625 consensus,
1829 2586 1864 2615 et
1897 2578 2046 2626 electio,
2076 2585 2112 2614 et
2143 2590 2255 2614 usus:
2285 2584 2326 2614 ut
2354 2576 2385 2614 si
2417 2576 2562 2614 dicatur

1502 2631 1608 2680 quod
1634 2632 1810 2668 voluntas
1845 2630 2032 2668 consentit
2059 2642 2098 2667 se
2129 2630 2263 2678 eligere
2271 2645 2290 2677 ,·
2312 2637 2348 2666 et
2375 2629 2561 2666 consentit

1501 2697 1542 2721 se
1572 2684 1795 2730 consentire,
1826 2690 1862 2720 et
1893 2683 2008 2720 utitur
2034 2695 2076 2719 se
2103 2683 2151 2720 ad
2180 2681 2496 2719 consentiendum
2525 2689 2562 2718 et

1502 2737 1730 2785 eligendum.
1760 2737 1809 2773 Et
1837 2748 1988 2785 semper
2022 2735 2080 2772 isti
2116 2742 2221 2772 actus
2259 2734 2419 2772 ordinati
2446 2734 2496 2771 ad
2522 2733 2560 2771 id

1501 2790 1607 2839 quod
1635 2797 1690 2826 est
1717 2789 1832 2838 prius,
1863 2796 1948 2826 sunt
1974 2788 2132 2837 priores.

442 965 486 981 „Q
506 965 571 988 §ds--

409 1041 579 1110 ’μγὶςή
601 1064 689 1088 nem
720 1052 820 1088 enirn
850 1052 939 1088 nihil
968 1051 1137 1100 sequitur
1169 1051 1238 1088 nisi
1264 1052 1447 1088 executio.

448 1080 507 1133 ζ·
559 1096 678 1142 &Sed
698 1117 799 1152 usus,
817 1117 905 1141 curn
925 1105 1111 1153 pertineat
1130 1105 1178 1141 ad
1197 1105 1446 1150 voluntatem,

389 1156 581 1204 praecedit
609 1157 882 1194 executionem.
908 1158 1010 1205 Ergo
1030 1157 1223 1206 praecedit
1242 1157 1355 1193 etiarn
1376 1157 1449 1193 ele-

392 1216 566 1246 ctionem.

445 1273 479 1298 2.
500 1263 730 1309 PRAETEREA,
753 1263 964 1299 absolutum
983 1270 1037 1299 est
1052 1269 1137 1299 ante
1158 1262 1328 1300 relatum.
1346 1262 1448 1309 Ergo

390 1315 515 1352 minus
534 1316 693 1352 relatum
714 1323 768 1352 est
789 1323 873 1352 ante
893 1316 1012 1363 magis
1033 1316 1204 1351 relatum.
1223 1314 1300 1351 Sed
1317 1314 1447 1351 electio

390 1367 567 1416 importat
596 1368 688 1405 duas
709 1368 919 1414 relationes,
941 1380 1058 1404 unam
1079 1368 1159 1405 eius
1180 1368 1284 1415 quod
1306 1367 1449 1415 eligitur

391 1421 439 1457 ad
466 1421 596 1467 finem,
624 1421 735 1457 aliam
755 1433 848 1457 vero
870 1421 917 1457 ad
938 1421 975 1458 id
996 1421 1055 1457 cui
1074 1420 1328 1469 praeeligitur:
1357 1432 1448 1456 usus

390 1479 517 1509 autem
546 1473 723 1521 importat
741 1474 863 1510 solam
884 1473 1105 1510 relationem
1125 1473 1174 1517 ad
1193 1473 1323 1510 finem.
1345 1473 1446 1520 Ergo

388 1538 479 1562 usus
509 1534 563 1562 est
589 1526 693 1575 prior
722 1526 914 1563 electione.

444 1579 478 1615 3.
507 1579 739 1625 PRAETEREA,
768 1580 944 1616 voluntas
969 1579 1084 1616 utitur
1102 1578 1179 1615 aliis
1198 1578 1373 1627 potentiis
1393 1578 1448 1615 in-

389 1638 572 1678 quantum
600 1639 731 1668 movet
759 1644 834 1668 eas.
865 1632 941 1669 Sed
969 1633 1145 1668 voluntas
1173 1639 1306 1668 movet
1335 1631 1447 1668 etiam

151 1696 361 1723 *Qu.1x‚an.3.
390 1684 573 1731 seipsam,
603 1691 644 1720 ut
679 1684 821 1721 dictum
851 1692 905 1721 est
923 1684 953 1721 ³¹⁶.
976 1685 1078 1732 Ergo
1108 1684 1221 1721 etiam
1249 1684 1363 1721 utitur
1391 1697 1448 1720 se-

390 1736 491 1784 ipsa,
521 1737 746 1785 applicando
777 1749 816 1773 se
845 1736 893 1774 ad
921 1738 1124 1785 agendum.
1156 1737 1233 1774 Sed
1261 1738 1334 1774 hoc
1363 1737 1449 1773 facit

391 1802 478 1826 cum
508 1790 702 1826 consentit.
733 1791 833 1837 Ergo
862 1791 900 1827 in
932 1791 1014 1838 ipso
1045 1802 1234 1826 consensu
1263 1797 1318 1826 est
1343 1802 1446 1826 usus.

391 1843 467 1879 Sed
501 1855 707 1879 consensus
741 1843 932 1891 praecedit
967 1843 1207 1890 electionem,
1235 1850 1278 1879 ut
1305 1843 1447 1880 dictum

152 1905 360 1933 ·Qu·xv‚art-3‚
391 1903 446 1931 est
463 1895 493 1931 ²¹².
523 1896 624 1942 Ergo
655 1903 690 1931 et
716 1907 819 1931 usus.

150 1931 273 1990 iiie'Fide
284 1957 361 1983 Orth„
443 1948 517 1984 SED
537 1959 681 1984 CONTRA
700 1959 765 1984 EST
784 1948 889 1995 quod
909 1949 1171 1984 Damascenus
1191 1948 1279 1985 dicit
1294 1948 1325 1994 ²⁸²,
1343 1948 1447 1996 quod

150 1985 228 2011 ¹¹b'n’
244 1990 361 2037 {⁸²¹¹st
388 1999 559 2036 voluntas
580 2005 597 2021 ‘²
618 2006 706 2048 post
731 2000 943 2036 electionem
972 2000 1148 2048 impetum
1165 2001 1269 2048 facit
1294 2001 1346 2036 ad
1362 2013 1447 2049 ope-

389 2053 583 2098 rationem,
604 2059 639 2088 et
650 2058 781 2100 postea
803 2053 926 2089 utitur.
953 2053 1054 2100 Ergo
1076 2065 1166 2089 usus
1187 2053 1354 2102 sequitur
1374 2054 1448 2089 ele-

390 2113 567 2142 ctionem.

442 2159 665 2194 RESPONDEO
698 2169 880 2194 DICENDUM
909 2158 1013 2206 quod
1045 2158 1222 2195 voluntas
1258 2158 1446 2207 duplicem

388 2210 650 2247 habitudinem
668 2210 782 2247 habet
801 2210 850 2247 ad
868 2211 1038 2247 volitum.
1059 2211 1185 2248 Unam
1206 2211 1373 2260 quidem,
1391 2222 1447 2248 se-v

251 2269 265 2303 β
391 2263 557 2300 cundum
585 2262 691 2311 quod
708 2263 870 2299 volitum
889 2261 904 2291 β
924 2271 979 2300 est
998 2263 1287 2310 quodammodo
1316 2263 1354 2300 in
1377 2277 1445 2301 vo-

390 2317 500 2362 lente,
520 2328 589 2364 per
608 2316 799 2364 quandam
819 2315 1108 2364 proportionem
1122 2317 1184 2354 vel
1205 2316 1378 2353 ordinem
1398 2318 1446 2354 ad

389 2369 563 2405 volitum.
581 2368 691 2405 Unde
711 2376 746 2405 et
765 2380 823 2404 res
843 2380 941 2416 quae
957 2367 1171 2405 naturaliter
1185 2376 1270 2405 sunt
1288 2381 1447 2417 propor-

389 2421 554 2458 tionatae
570 2420 618 2457 ad
633 2420 797 2469 aliquem
812 2421 943 2467 finem,
960 2421 1134 2458 dicuntur
1149 2429 1327 2470 appetere
1342 2421 1446 2459 illum

390 2474 616 2511 naturaliter.
633 2494 656 2500 —
674 2474 750 2510 Sed
770 2473 823 2510 sic
841 2474 982 2511 habere
1001 2474 1132 2521 finem,
1155 2482 1210 2510 est
1226 2474 1447 2523 imperfecte

389 2527 530 2563 habere
558 2526 696 2574 ipsum.
727 2526 855 2563 Omne
883 2534 1010 2563 autem
1039 2527 1303 2575 imperfectum
1331 2527 1448 2564 tendit

389 2579 428 2616 in
455 2579 737 2627 perfectionem.
759 2580 808 2616 Et
835 2578 922 2615 ideo
943 2587 1021 2616 tam
1042 2580 1229 2628 appetitus
1254 2579 1443 2627 naturalis,

390 2644 506 2680 quam
533 2631 779 2678 voluntarius,
806 2632 924 2669 tendit
951 2640 991 2668 ut
1017 2632 1155 2669 habeat
1182 2632 1308 2681 ipsum
1326 2633 1446 2669 finem

390 2684 545 2732 realiter,
566 2685 670 2733 quod
698 2692 754 2721 est
771 2684 936 2733 perfecte
957 2685 1098 2722 habere
1118 2685 1255 2734 ipsum.
1286 2686 1335 2722 Et
1353 2686 1447 2722 haec

390 2744 446 2774 est
473 2737 639 2774 secunda
667 2737 849 2774 habitudo
877 2737 1082 2775 voluntatis
1102 2739 1150 2774 ad
1169 2738 1341 2775 volitum.

441 2790 610 2826 Volitum
629 2798 758 2826 autem
777 2803 856 2827 non
875 2791 1000 2827 solum
1017 2798 1072 2827 est
1086 2790 1185 2838 finis,
1206 2791 1274 2827 sed
1289 2791 1327 2827 id
1342 2790 1446 2839 quod

442 2905 467 2936 α)
488 2905 618 2928 voluntas.
638 2919 656 2922 -
675 2904 736 2928 Om.
751 2903 1010 2936 ABDEFGHIKLpC
1029 2910 1054 2928 et
1072 2911 1098 2929 a.

443 2939 466 2971 β)
486 2940 604 2964 volitum.
622 2953 641 2957 -
660 2939 721 2963 Om.
739 2940 786 2963 Pa.
1471 2909 1475 2973 i

1553 2904 1579 2937 γ)
1599 2904 1762 2928 relationem.
1782 2917 1796 2922 -
1816 2902 1958 2928 relationes
1976 2902 2023 2926 Pa.

1061 3009 1391 3042 Commenta-ia
1413 3009 1663 3042 Cardinalis
1683 3009 1883 3041 Caietam

1499 3088 1643 3119 bitudine
1666 3094 1808 3129 respectu
1832 3087 1913 3126 finis,
1930 3087 2059 3128 quando
2083 3086 2239 3126 complete
2254 3085 2323 3116 vult
2338 3084 2450 3122 finem;
2469 3092 2500 3117 et
2515 3096 2561 3117 re-

1500 3139 1610 3173 spectu
1634 3132 1701 3163 eius
1720 3132 1808 3173 quod
1825 3138 1871 3162 est
1887 3132 1926 3162 ad
1940 3130 2046 3167 finem,
2063 3130 2193 3171 quando
2210 3129 2367 3170 complete
2382 3129 2451 3160 vult
2469 3130 2558 3161 illud.

1501 3177 1536 3207 In
1560 3177 1697 3207 secunda
1719 3186 1794 3207 vero
1819 3175 1968 3216 perfectio
1991 3174 2161 3205 attenditur
2184 3174 2360 3204 secundum
2381 3174 2470 3214 quod
2492 3182 2560 3214 per-

1500 3220 1593 3251 fectio
1619 3220 1805 3251 determinat
1827 3219 1954 3250 hebere:
1978 3225 2054 3249 tunc
2077 3218 2163 3248 enim
2186 3218 2332 3248 voluntas
2355 3224 2402 3248 est
2424 3217 2560 3258 perfecte

394 3099 526 3163 Cincii
540 3089 732 3129 quaestionis
743 3089 983 3120 decimaesextae
994 3096 1144 3131 quartum
1159 3089 1338 3126 articulum,
1353 3089 1448 3119 omis-

457 3133 498 3162 sis
519 3133 628 3172 primis
648 3133 761 3168 tribus,
791 3133 914 3164 adverte
924 3157 931 3170 ,
961 3140 991 3164 et
1021 3133 1191 3164 memoriae
1222 3133 1446 3164 commendato

391 3176 623 3207 distinctionem
635 3176 767 3216 duplicis
782 3176 974 3207 habitudinis
987 3177 1158 3208 voluntatis
1173 3178 1212 3207 ad
1224 3177 1369 3213 volitum,
1380 3183 1447 3208 tam

391 3219 487 3250 finem
503 3230 600 3260 quarn
615 3220 647 3249 id
663 3220 750 3260 quod
765 3226 810 3250 est
826 3221 865 3250 ad
879 3220 985 3252 finem.
1003 3222 1059 3252 Est
1075 3222 1160 3252 enim
1172 3222 1287 3262 duplex
1301 3221 1377 3252 haec
1394 3221 1446 3251 ha-

390 3263 502 3294 bitudo
518 3264 710 3294 diversarum
726 3264 898 3295 rationum:
920 3271 950 3294 et
965 3265 1135 3305 tripliciter,
1154 3273 1188 3296 ut
1204 3266 1236 3295 in
1252 3265 1354 3296 littera
1370 3265 1446 3295 dici-

391 3315 451 3343 tur,
469 3307 622 3338 differunt.
647 3307 763 3343 Primo,
789 3307 862 3348 quia
882 3308 982 3347 prima
1002 3316 1047 3339 est
1070 3310 1245 3340 secundum
1261 3304 1349 3350 quod
1368 3308 1447 3338 voli-

391 3358 461 3381 tum
473 3352 562 3382 estin
574 3351 750 3382 voluntate:
767 3351 903 3381 secunda
917 3362 1001 3388 ver0‚
1012 3353 1186 3383 secundum
1199 3353 1288 3393 quod
1300 3352 1446 3382 voluntas

392 3396 431 3425 ad
442 3395 549 3435 ipsum
559 3395 695 3426 volitum
706 3395 739 3425 in
752 3405 784 3425 se
800 3395 921 3425 realiter
935 3396 1237 3433 vendin-Secundo,
1255 3396 1330 3437 quia
1345 3396 1446 3436 prima

392 3446 592 3478 comparatur
618 3440 657 3469 ad
685 3439 856 3469 secundam
884 3446 919 3469 ut
941 3439 1160 3479 imperfectum
1190 3441 1229 3470 ad
1257 3439 1445 3480 perfectum:

392 3489 422 3512 et
442 3490 606 3522 propterea
630 3493 665 3513 ex
689 3483 791 3523 prima
806 3483 868 3513 itur
891 3483 929 3512 ad
954 3484 1133 3514 secundam.
1147 3484 1298 3520 -Tertio,
1317 3484 1391 3524 quia
1414 3483 1446 3513 in

392 3526 492 3565 prima
516 3527 664 3566 perfectio
688 3526 856 3557 attenditur
888 3527 1063 3557 secundum
1087 3528 1175 3568 quod
1194 3527 1344 3567 perfectio
1366 3527 1447 3558 cadit

392 3579 486 3609 supra
511 3570 605 3600 velle:
630 3577 705 3601 tunc
728 3570 813 3601 enim
836 3571 982 3601 voluntas
1006 3578 1051 3601 est
1075 3571 1210 3611 perfecta
1228 3571 1260 3601 in
1276 3572 1378 3612 prima
1394 3571 1447 3601 ha-

1500 3264 1533 3294 in
1557 3265 1694 3295 secunda
1721 3263 1904 3294 habitudine
1932 3269 2075 3303 respectu
2103 3261 2170 3292 eius
2198 3262 2288 3302 quod
2317 3268 2362 3292 est
2385 3262 2424 3292 ad
2446 3260 2558 3297 finem,

1501 3309 1629 3349 quando
1645 3309 1739 3339 habet
1754 3307 1832 3338 illud
1845 3306 1978 3342 realiter;
1996 3313 2027 3336 et
2042 3312 2183 3345 respectu
2198 3305 2279 3342 finis,
2297 3305 2426 3346 quando
2438 3304 2560 3335 realiter

1501 3353 1622 3383 obtinet
1637 3353 1738 3382 illurn.
1756 3352 1848 3383 Unde
1864 3350 1950 3380 aliud
1966 3356 2011 3380 est
2026 3349 2224 3380 voluntatem
2239 3349 2374 3389 perfecte
2388 3348 2558 3384 intendere,

1501 3396 1621 3436 eligere,
1644 3396 1738 3432 velle,
1763 3394 1952 3430 consentire,
1977 3400 2050 3424 etc.:
2076 3400 2106 3424 et
2128 3393 2214 3424 aliud
2237 3399 2283 3424 est
2305 3393 2406 3433 ipsam
2424 3391 2559 3432 perfecte

1500 3440 1614 3470 habere
1629 3440 1773 3476 volitum,
1798 3439 1968 3474 intentum,
1994 3438 2138 3474 electum,
2164 3444 2221 3468 etc.
2245 3437 2286 3467 Et
2306 3436 2380 3476 quia
2395 3435 2472 3466 haec
2486 3442 2559 3465 sunt

1501 3484 1693 3514 diversarum
1711 3483 1880 3519 rationum,
1901 3482 1982 3518 ideo,
1999 3489 2295 3522 quantumcumque
2309 3486 2425 3510 crescat
2438 3479 2558 3519 primae

1500 3528 1671 3558 voluntatis
1695 3526 1856 3567 perfectio,
1881 3535 2005 3566 semper
2027 3532 2167 3556 remanet
2189 3525 2222 3555 in
2245 3534 2303 3555 sua
2320 3522 2558 3564 imperfectione

1501 3579 1641 3611 respectu
1666 3571 1830 3606 secundae,
1856 3577 1886 3600 et
1909 3579 2074 3610 nunquam
2093 3568 2233 3610 pervenit
2256 3568 2295 3598 ad
2318 3567 2498 3598 secundam.
