2852 4152
138 2202 148 2211 ·
164 2201 212 2229 Qu.
221 2208 268 2230 uv,
279 2206 321 2224 nrt.
331 2208 349 2231 ι,

137 2227 269 2276 ng‘mment.
283 2234 349 2252 num·

140 2850 149 2859 ·
163 2849 233 2871 Vere.
248 2854 281 2870 ιο.

7 3071 18 3090 3.
140 3058 151 3067 ‘
165 3056 224 3085 Cap.
238 3063 274 3084 ιιι,
289 3064 321 3079 ιν.

1042 241 1306 288 QUAESTIO
1334 241 1495 287 XXXV,
1524 238 1817 276 ARTICULUS
1845 238 1879 274 V

383 331 424 358 se
446 320 586 358 habere
606 319 655 357 ad
675 319 876 366 contraria,
898 321 1196 357 contrarietatem
1217 319 1368 366 inducit,
1389 319 1435 355 si-

385 381 447 410 cut
462 373 642 410 accedere
661 372 710 409 ad
729 373 859 409 album
880 381 916 409 et
934 374 1114 410 accedere
1133 372 1182 409 ad
1201 372 1347 420 nigrum
1370 373 1435 408 ha-

384 427 475 462 bent
493 425 677 462 rationem
698 425 987 470 contrarietatis;
1017 426 1084 462 sed
1105 425 1290 462 contrario
1315 424 1433 461 modo

385 490 425 515 se
453 479 593 515 habere
619 477 667 514 ad
697 477 893 525 contraria,
914 478 1028 514 habet
1055 478 1239 514 rationem
1269 477 1436 513 similitu-

386 530 494 577 dinis,
514 530 609 567 sicut
636 529 813 566 recedere
841 531 888 566 ab
918 531 1004 566 albo
1034 538 1069 567 et
1096 530 1276 567 accedere
1305 530 1352 566 ad
1381 529 1435 565 ni—

385 595 506 631 grum.
527 584 576 619 Et
594 583 669 619 hoc
696 582 862 618 maxime
882 590 1037 631 apparet
1063 583 1101 619 in
1130 582 1435 628 contradictione,

386 647 484 684 quae
512 642 567 671 est
592 634 818 683 principium
852 635 1120 683 oppositionis:
1151 647 1239 671 nam
1267 634 1305 671 in
1338 634 1436 670 affir-

385 687 551 724 matione
571 695 608 724 et
635 686 834 734 negatione
855 687 1024 724 eiusdem
1049 687 1214 724 consistit
1234 686 1436 735 oppositio,

385 740 480 776 sicut
497 739 624 776 album
645 746 682 775 et
699 751 774 776 non
801 739 951 784 album,·
978 740 1016 776 in
1035 739 1286 776 affirmatione
1310 747 1435 775 autem

384 792 496 828 unius
511 791 774 840 oppositorum
790 799 827 828 et
845 793 1044 840 negatione
1060 793 1221 838 alterius,
1238 791 1439 828 attenditur

386 844 650 881 convenientia
670 852 706 881 et
725 844 945 892 similitudo,
966 852 1007 881 ut
1025 845 1055 881 si
1084 844 1208 881 dicam
1229 845 1381 893 nigrum
1403 850 1439 879 et

385 908 460 933 non
488 897 628 933 album.

438 949 603 986 Tristitia
630 957 757 986 autem
787 957 822 986 et
850 948 1058 995 delectatio,
1084 960 1171 984 curn
1198 948 1270 984 sint
1296 947 1439 996 passio-

385 1013 464 1048 neS,
477 1002 741 1050 specificantur
756 1014 800 1038 ex
815 1001 982 1038 obiectis.
995 1002 1044 1037 Et
1058 1001 1212 1049 quidem
1228 1000 1436 1037 secundum

384 1065 503 1100 genus
531 1067 655 1101 suum,
685 1054 986 1091 contrarietatem
1014 1054 1170 1090 habent:
1200 1064 1290 1089 nam
1318 1065 1437 1089 unum

383 1106 545 1155 pertinet
568 1107 616 1143 ad
639 1107 958 1154 prosecutionem,
979 1106 1079 1142 aliud
1106 1118 1200 1142 vero
1220 1105 1268 1142 ad
1297 1105 1437 1153 fugam,

384 1170 482 1207 quae
509 1171 549 1195 se
574 1160 712 1196 hahent
728 1160 764 1195 in
793 1159 954 1207 appetitu
976 1159 1071 1195 sicut
1087 1158 1292 1206 affirmatio
1320 1163 1355 1194 et
1376 1170 1438 1194 ne-

262 1230 269 1241 ‚
300 1229 307 1236 ·
383 1211 488 1260 gatio
512 1212 548 1248 in
577 1212 733 1257 ratione,
752 1219 794 1248 ut
818 1211 950 1248 dicitur
976 1211 1015 1247 in
1033 1211 1084 1247 VI
1103 1211 1221 1247 Ethic.
1241 1210 1261 1231 '¹‘
1280 1211 1329 1246 Et
1352 1209 1437 1247 ideo

384 1263 525 1300 tristitia
545 1271 581 1300 et
600 1264 796 1300 delectatio
822 1275 919 1312 quae
943 1270 1029 1299 sunt
1053 1262 1099 1299 de
1129 1263 1278 1308 eodem,
1298 1263 1439 1298 habent

385 1316 666 1364 oppositionem
685 1316 733 1352 ad
748 1315 911 1352 invicem
930 1315 1141 1351 secundum
1161 1314 1339 1362 speciem.
1357 1315 1439 1350 Tri-

384 1368 480 1404 stitia
510 1380 605 1405 vero
634 1375 670 1404 et
707 1367 903 1403 delectatio
937 1368 984 1403 de
1017 1366 1194 1412 diversis,
1225 1367 1255 1403 si
1285 1366 1439 1413 quidem

318 1447 324 1450 -
378 1420 622 1456 rittaffdiversa
655 1431 734 1455 non
763 1419 835 1455 sint
868 1418 1043 1466 opposita
1070 1416 1103 1464 δ,
1133 1418 1201 1454 sed
1229 1418 1437 1466 disparata,

383 1483 462 1508 non
489 1471 630 1508 habent
658 1471 939 1519 oppositionem
968 1470 1200 1507 adinvicem
1229 1471 1439 1519 secundum

382 1523 568 1560 rationem
596 1523 746 1572 speciei,
767 1523 835 1560 sed
854 1530 941 1559 sunt
969 1522 1082 1559 etiam
1103 1522 1312 1570 disparatae
1341 1527 1370 1558 ⁸:
1391 1522 1437 1558 si-

383 1584 446 1613 cut
471 1576 605 1613 tristari
634 1576 682 1613 de
710 1583 833 1613 morte
862 1575 984 1621 amici,
1016 1582 1051 1612 et
1079 1575 1254 1611 delectari
1282 1574 1321 1611 in
1349 1587 1439 1611 con-

382 1629 638 1677 templatione.
669 1629 709 1665 Si
743 1640 837 1666 vero
865 1628 926 1664 illa
953 1628 1103 1665 diversa
1130 1627 1203 1663 sint
1231 1627 1437 1673 contraria,

381 1689 472 1718 tunc
500 1681 696 1718 delectatio
717 1688 754 1718 et
780 1680 923 1717 tristitia
951 1693 1029 1717 non
1048 1680 1173 1717 solum
1202 1692 1279 1716 non
1297 1680 1439 1716 habent

433 1794 458 1826 ὃ)
478 1795 610 1826 opposita.
627 1808 646 1813 -
664 1794 770 1819 diuersa
789 1794 912 1826 opposita
930 1794 976 1819 Pa.

432 1830 454 1862 ε)
474 1830 637 1861 disparatae.
653 1843 672 1848 -
690 1830 830 1860 disparata
849 1829 878 1854 P.

2466 238 2539 282 243

1489 317 1790 354 contrarietatem
1829 316 2038 353 secundum
2072 315 2257 352 rationem
2286 316 2443 364 speciei,
2474 316 2542 353 sed

1489 371 1602 407 etiam
1630 370 1771 406 habent
1790 368 2095 406 convenientiam
2124 376 2160 404 et
2179 368 2422 405 affinitatem:
2448 369 2542 405 sicut

1488 422 1651 471 gaudere
1681 422 1728 459 de
1757 422 1874 468 bono,
1899 428 1934 457 et
1961 420 2094 457 tristari
2124 421 2170 457 de
2199 421 2311 457 malo.

1540 478 1599 512 Αι)
1628 486 1766 511 PRlMUM
1793 485 1891 510 ERGO
1919 485 2101 510 mCENDUM
2131 473 2234 521 quod
2263 473 2399 509 albedo
2429 481 2464 509 et
2487 473 2541 509 ni-

1488 528 1604 576 gredo
1633 540 1711 564 non
1730 527 1871 563 habent
1897 526 2062 575 speciem
2095 537 2139 562 ex
2165 525 2382 562 habitudine
2412 527 2458 562 ad
2479 526 2541 561 ali-

1488 581 1580 629 quid
1618 579 1797 626 exterius,
1826 579 1920 615 sicut
1957 578 2152 616 delectatio
2186 585 2222 614 et
2248 578 2400 614 tristitia.
2430 579 2540 615 Unde

1490 645 1567 670 non
1596 641 1652 669 est
1679 632 1814 669 eadem
1843 631 1948 668 ratio.

1543 688 1600 722 An
1629 696 1817 721 SECUNDUM
1845 695 2028 721 mCENDUM
2047 682 2152 732 quod
2179 695 2296 730 genus
2320 683 2478 719 sumitur
2497 696 2541 720 ex

1490 738 1658 783 materia,
1678 744 1720 773 ut
1741 744 1844 785 patet
1866 737 1904 773 in
1923 737 2008 773 VIII
2027 736 2242 784 Metaphys.
2262 735 2283 757 *
2302 737 2344 772 In
2372 736 2541 773 acciden-

1490 790 1589 826 tibus
1609 797 1735 826 autem
1760 790 1843 825 loco
1869 789 2047 826 materiae
2068 795 2123 825 est
2145 788 2368 825 subiectum.
2389 789 2541 826 Dictum

1492 850 1547 879 est
1565 850 1690 878 autem
1713 843 1732 863 '¹‘
1752 842 1855 890 quod
1875 841 2070 878 delectatio
2091 849 2128 877 et
2145 841 2288 878 tristitia
2317 842 2542 878 contrarian—

1491 902 1550 931 tur
1577 894 1788 931 secundum
1808 906 1938 941 genus.
1960 895 2008 930 Et
2034 894 2120 931 ideo
2140 894 2179 930 in
2207 894 2374 941 qualibet
2401 895 2543 931 tristitia

1493 954 1547 983 est
1575 946 1760 983 contraria
1783 946 1976 994 dispositio
2001 946 2157 983 subiecti
2187 946 2421 995 dispositioni
2445 960 2542 996 quae

1493 1006 1547 1036 est
1574 999 1612 1035 in
1640 999 1806 1047 qualibet
1825 998 2088 1035 delectatione:
2116 999 2262 1035 namin
2291 999 2455 1047 qualibet
2479 1000 2543 1036 de-

1491 1051 1688 1088 lectatione
1707 1051 1892 1099 appetitus
1915 1063 1955 1087 se
1974 1052 2088 1088 habet
2106 1059 2146 1088 ut
2165 1059 2363 1100 acceptans
2382 1052 2420 1089 id
2440 1053 2544 1101 quod

1491 1105 1625 1150 habet;
1653 1104 1692 1141 in
1716 1104 1882 1152 qualibet
1909 1112 2036 1140 autem
2054 1104 2198 1140 tristitia
2225 1116 2264 1140 se
2288 1105 2403 1141 habet
2428 1113 2470 1141 ut
2488 1105 2543 1141 fu—

1491 1157 1606 1205 giens.
1633 1157 1682 1193 Et
1709 1156 1796 1192 ideo
1826 1168 1871 1192 ex
1899 1164 2002 1204 parte
2031 1156 2187 1192 subiecti
2222 1157 2409 1204 quaelibet
2442 1157 2543 1194 dele-

1492 1209 1602 1253 ctatio
1633 1216 1687 1245 est
1723 1208 1910 1246 medicina
1939 1215 2068 1245 contra
2105 1209 2311 1256 quamlibet
2341 1210 2542 1256 tristitiam,

1493 1269 1528 1298 et
1555 1261 1743 1310 quaelibet
1765 1261 1908 1298 tristitia
1936 1269 1991 1298 est
2010 1261 2230 1309 impeditiva
2259 1261 2453 1299 cuiuslibet
2482 1263 2544 1299 de-

1491 1314 1715 1351 lectationis:
1741 1314 1943 1362 praecipue
1967 1321 2094 1350 tamen
2123 1314 2278 1361 quando
2308 1314 2503 1351 delectatio
2533 1315 2544 1340 t

1491 1366 1656 1402 tristitiae
1685 1366 1929 1403 contrariatur
1957 1366 2069 1403 etiam
2098 1366 2307 1404 secundum
2337 1367 2516 1415 speciem.

1545 1419 1655 1455 Unde
1682 1426 1786 1466 patet
1812 1418 1946 1455 solutio
1976 1419 2024 1456 ad
2043 1419 2206 1455 tertium.
2227 1440 2250 1446 -
2270 1420 2340 1456 Vel
2359 1419 2463 1456 aliter
2491 1420 2544 1456 di-

1493 1470 1658 1507 cendum
1678 1471 1793 1518 quod,
1815 1471 1882 1506 etsi
1901 1483 1978 1507 non
1998 1471 2122 1508 omnis
2141 1471 2282 1508 tristitia
2301 1472 2545 1509 contrarietur

1492 1522 1598 1559 omni
1614 1523 1850 1559 delectationi
1864 1524 2076 1560 secundum
2096 1524 2274 1571 speciem,
2286 1532 2412 1561 tamen
2428 1538 2544 1573 quan-

1492 1582 1573 1611 tum
1611 1575 1660 1611 ad
1689 1575 1866 1611 effectum
1899 1575 2171 1612 contrariantur
2199 1582 2237 1612 ηε
2267 1589 2356 1613 nam
2385 1590 2430 1613 ex
2465 1590 2543 1614 uno

1494 1627 1725 1664 confortatur
1761 1634 1894 1663 natura
1931 1627 2120 1674 animalis,
2151 1640 2196 1664 ex
2223 1629 2296 1665 alio
2329 1642 2422 1666 vero
2452 1643 2545 1678 quo-

1494 1679 1702 1716 dammodo
1731 1680 1960 1716 molestatur.

1543 1793 1568 1824 ζ)
1588 1793 1736 1817 delectatio.
1753 1806 1773 1811 -
1791 1793 1870 1817 etiam
1890 1792 2029 1816 delectatio
2047 1792 2276 1817 ABCDFGHIKL.

1542 1828 1569 1860 η)
1587 1828 1798 1853 contrariantur.
1815 1841 1835 1847 —
1851 1827 2035 1852 contrariatur
2054 1827 2124 1852 PKa.
2141 1841 2160 1846 -
2177 1828 2227 1852 Pro
2239 1835 2276 1852 ex
2289 1828 2350 1857 alio,
2366 1835 2403 1853 ex
2421 1829 2474 1854 alia
2494 1829 2546 1854 PK.

1053 1898 1382 1931 Commentaria
1404 1897 1652 1931 Oardjnalis
1674 1897 1872 1930 Caietam

452 1989 544 2009 Μιεειε
574 1978 683 2019 primis
716 1978 814 2009 tribus
850 1978 986 2009 articulis
1021 1978 1213 2019 quaestionis
1243 1977 1434 2017 trigesimae-

382 1989 597 2063 Oquintae,
629 2022 709 2053 circa
743 2029 893 2063 quartum
927 2023 992 2052 duo
1032 2029 1201 2052 occurrunt
1235 2021 1433 2051 advertenda.

378 2066 522 2097 Primum
545 2073 600 2103 est,
621 2066 714 2107 quod*
731 2068 853 2096 Auctor
875 2076 941 2096 non
963 2066 1106 2106 loquitur
1128 2065 1179 2095 hic
1202 2065 1240 2095 de
1264 2065 1433 2101 absolutis,

378 2117 414 2140 ut
437 2110 673 2150 distinguuntur
697 2116 806 2140 contra
828 2109 971 2140 relativa:
1002 2109 1057 2140 sed
1085 2109 1271 2139 determinat
1293 2108 1433 2148 seipsum

378 2154 416 2184 de
436 2154 524 2194 quali
539 2153 737 2184 absolutione
752 2153 894 2189 intendit,
910 2153 1028 2184 scilicet
1043 2163 1061 2183 a
1077 2152 1307 2193 specificatione
1326 2153 1364 2182 ab
1384 2162 1434 2182 ex-

377 2197 521 2228 trinseco.
536 2197 634 2235 Quod
650 2197 783 2238 qualiter
796 2197 996 2237 intelligatur,
1010 2197 1044 2226 in
1057 2197 1163 2227 Prima
1177 2197 1267 2227 Parte
1281 2196 1298 2215 *
1315 2196 1435 2227 dictum

377 2241 488 2272 diffuse
507 2248 562 2272 est.

1545 1977 1728 2008 Secundum
1753 1983 1815 2013 est,
1836 1977 1924 2017 quod
1948 1979 2068 2007 Auctor
2090 1976 2198 2016 posuit
2220 1977 2493 2017 intemperantiam
2517 1985 2547 2009 et

1489 2021 1640 2051 iustitiam
1656 2021 1714 2051 sub
1734 2021 1894 2056 absolutis,
1912 2030 1977 2050 non
1993 2021 2067 2060 quia
2084 2030 2149 2050 non
2168 2020 2253 2060 ipsae
2273 2020 2489 2061 specificentur
2507 2023 2545 2052 ab

1488 2065 1676 2100 extrinseco,
1701 2074 1775 2095 curn
1798 2064 1860 2095 sint
1883 2070 1970 2094 actus
1999 2070 2053 2094 aut
2080 2064 2220 2094 habitus:
2245 2065 2300 2094 sed
2322 2065 2371 2095 vel
2388 2066 2544 2105 exempla-

1489 2108 1570 2144 riter,
1584 2108 1633 2138 vel
1649 2108 1831 2148 accipiendo
1855 2118 1905 2138 eas
1929 2115 1964 2138 ut
1979 2108 2151 2148 qualitates.
2169 2108 2256 2139 Sicut
2279 2108 2364 2138 enim
2386 2109 2545 2149 potentiae

1490 2153 1614 2182 animae
1637 2158 1806 2182 sumuntur
1827 2159 1862 2183 ut
1879 2152 2048 2192 potentiae,
2065 2158 2095 2182 et
2119 2159 2154 2183 ut
2173 2152 2376 2192 proprietates
2400 2160 2543 2189 naturae;

1489 2196 1532 2227 ita
1547 2202 1633 2226 actus
1657 2202 1688 2226 et
1705 2196 1830 2226 habitus
1846 2202 1882 2226 ut
1904 2196 1957 2232 sic,
1973 2202 2004 2226 et
2022 2202 2057 2226 ut
2072 2196 2237 2236 qualitates
2257 2197 2432 2227 secundum
2456 2207 2498 2227 se.

1162 2390 1478 2432 ARTICULUS
1509 2390 1763 2442 QUINTUS

582 2483 738 2515 UTRUM
761 2482 1086 2513 DELECTATloNl
1111 2482 1523 2515 CONTEMPLATJONIS
1547 2482 1613 2512 SIT
1637 2482 1800 2519 ALIQUA
1825 2482 2040 2512 TRISTITIA
2064 2483 2316 2514 CONTRARIA

394 2562 464 2589 Part.
484 2563 523 2594 111,
537 2570 581 2595 qu.
594 2569 660 2592 vax,
674 2566 721 2586 art.
735 2568 759 2594 7,
775 2562 806 2586 ad
819 2569 851 2593 4;
870 2562 901 2585 111
917 2562 999 2590 Sent„
1015 2561 1073 2586 dist.
1085 2569 1124 2592 xv,
1139 2569 1184 2593 qu.
1203 2569 1230 2590 11,
1245 2566 1292 2585 art.
1309 2560 1332 2591 3,
1352 2562 1399 2592 qu*
1416 2567 1439 2591 2,
1460 2561 1492 2585 ad
1513 2560 1526 2585 3
1532 2569 1539 2591 ;
1560 2561 1618 2585 dist.
1637 2568 1703 2591 xxvr,
1718 2568 1762 2592 qu.
1776 2568 1794 2590 1,
1814 2566 1860 2585 art.
1881 2560 1903 2590 5,
1918 2561 1950 2584 ad
1966 2560 1993 2591 ὃς
2013 2561 2055 2591 IV,
2069 2556 2128 2586 dist.
2146 2569 2210 2592 xux,
2224 2570 2270 2594 qu.
2283 2570 2320 2592 ιιι,
2335 2567 2381 2587 art.
2397 2562 2420 2594 3,
2436 2565 2481 2596 qu·
2497 2571 2528 2594 2;

872 2596 913 2620 De
937 2596 1024 2624 Ver-it„
1044 2603 1088 2628 qu.
1106 2603 1171 2626 xxv1,
1191 2600 1238 2620 art.
1259 2595 1281 2624 3,
1302 2596 1333 2620 ad
1353 2594 1382 2626 65
1402 2600 1448 2620 art.
1468 2603 1492 2628 9,
1512 2596 1544 2620 ad
1563 2595 1593 2626 8;
1617 2595 1759 2627 Compend.
1782 2595 1879 2623 Theol„
1901 2603 1958 2628 cap.
1976 2603 2050 2620 eLxV.

467 2699 472 2711 ¹
494 2700 533 2721 r„

408 2696 474 2738 ἐξῇ,
499 2721 502 2725 ,
529 2725 539 2732 ἢ
549 2711 564 2744 x
589 2695 612 2719 D
636 2694 797 2724 QuiNTUM
816 2694 869 2718 stc
892 2693 1130 2718 PROCEDITUR.
1150 2682 1310 2718 Videtur
1331 2682 1435 2730 quod

591 2734 826 2771 delectationi
864 2734 1192 2782 contemplationis
1229 2735 1275 2771 sit
1311 2735 1436 2783 aliqua

398 2788 445 2841 ᾖ,
492 2831 511 2840 Ψ
532 2791 559 2833 ’ἦ
589 2787 732 2823 tristitia
756 2787 952 2823 contraria.
974 2787 1072 2823 Dicit
1096 2787 1197 2823 enim
1215 2788 1434 2835 Apostolus,

436 2852 446 2863 ι
469 2839 494 2863 50:
511 2848 523 2873 τ’
547 2830 579 2874 K
592 2841 623 2875 11
644 2840 695 2876 ad
716 2840 802 2876 Cor.
823 2851 871 2876 vu
890 2840 931 2875 *ε
965 2840 1070 2881 Quae
1087 2840 1290 2876 secundum
1310 2841 1434 2876 Deum

380 2897 434 2928 est
459 2892 614 2938 tristitia,
624 2892 891 2940 poenitentiam
916 2893 952 2928 in
980 2892 1136 2928 salutem
1155 2893 1323 2929 stabilem
1351 2905 1435 2941 ope-

381 2949 498 2981 ratur.
521 2945 597 2981 Sed
626 2945 810 2993 respicere
840 2944 888 2981 ad
916 2945 1043 2981 Deum
1061 2944 1221 2993 pertinet
1248 2945 1295 2982 ad
1325 2957 1434 2993 supe-

380 2996 518 3033 riorem
539 2997 735 3044 rationem,
754 2997 859 3033 cuius
879 3004 934 3033 est
953 2997 1261 3045 contemplationi
1283 3009 1433 3044 vacare,

381 3049 591 3086 secundum
608 3050 875 3097 Augustinum,
891 3049 929 3086 in
945 3050 1012 3085 XII
1033 3050 1078 3085 de
1095 3051 1131 3086 T
1127 3050 1198 3086 rin.
1214 3049 1234 3071 '¹‘
1249 3050 1351 3096 Ergo
1372 3049 1435 3086 de-

379 3102 569 3139 lectationi
597 3102 924 3151 contemplationis
952 3102 1156 3150 opponitur
1181 3102 1334 3138 tristitia.

435 3166 470 3191 2.
499 3155 734 3202 Pium-mm,
765 3154 1038 3191 contrariorum
1067 3154 1242 3191 contrarii
1271 3162 1357 3191 sunt
1385 3155 1435 3190 ef-

380 3207 510 3243 fectus.
533 3207 573 3243 Si
593 3219 681 3255 ergo
701 3220 821 3244 unum
842 3207 1114 3244 contrariorum
1139 3207 1434 3255 contemplatum

382 3267 437 3296 est
465 3272 577 3296 causa
605 3260 872 3306 delectationis,
897 3260 1004 3306 *aliud
1025 3260 1092 3296 erit
1116 3272 1231 3296 causa
1256 3259 1433 3296 tristitiae.

381 3313 430 3349 Et
463 3312 516 3348 sic
553 3312 790 3349 delectationi
825 3312 1153 3361 contemplationis
1188 3312 1256 3348 erit
1291 3312 1435 3349 tristitia

382 3365 577 3401 contraria.

436 3419 469 3454 3.
500 3418 734 3463 PRAETEREA,
764 3417 858 3454 sicut
886 3417 1075 3454 obiectum
1104 3416 1360 3454 delectationis
1380 3424 1435 3454 est

380 3471 547 3517 bonum,
577 3471 626 3507 ita
661 3470 852 3507 obiectum
888 3470 1052 3507 tristitiae
1082 3477 1137 3506 est
1164 3470 1320 3506 malurn.
1357 3470 1434 3506 Sed

382 3523 648 3572 contemplatio
676 3530 799 3572 potest
831 3523 971 3559 habere
999 3523 1087 3559 mali
1116 3522 1317 3559 rationem:
1347 3522 1434 3560 dicit

1490 2682 1592 2718 enim
1612 2682 1878 2730 Philosophus,
1895 2682 1933 2718 in
1953 2683 2022 2718 XII
2041 2683 2296 2731 Metaphys.*,
2314 2684 2419 2732 quod
2433 2696 2545 2732 quae-

1489 2735 1576 2771 dam
1605 2735 1866 2771 inconveniens
1893 2740 1947 2771 est
1971 2736 2153 2772 meditari.
2184 2737 2284 2783 Ergo
2314 2739 2545 2786 contempla-

1489 2787 1601 2823 tionis
1630 2787 1866 2824 delectationi
1893 2794 2019 2835 potest
2046 2800 2128 2824 esse
2149 2789 2333 2825 contraria
2361 2790 2515 2827 tristitia.

1520 2851 1578 2886 .4.
1615 2840 1852 2886 PRAETEREA,
1888 2840 2056 2888 operatio
2090 2841 2297 2889 quaelibet,
2333 2843 2543 2880 secundum

1490 2891 1594 2941 quod
1627 2904 1706 2929 non
1739 2900 1794 2929 est
1820 2893 2015 2940 impedita,
2046 2901 2101 2929 est
2129 2905 2241 2930 causa
2270 2894 2542 2942 delectationis,

1489 2952 1531 2981 ut
1559 2944 1693 2981 dicitur
1720 2945 1757 2981 in
1786 2946 1854 2982 VII
1879 2945 1898 2966 ’¹‘
1927 2953 1963 2982 et
1990 2947 2024 2981 X
2051 2946 2170 2982 Ethic.
2199 2946 2240 2967 *²¹²
2267 2947 2344 2983 Sed
2372 2948 2541 2996 operatio

1490 2997 1818 3045 contemplationis
1845 3005 1969 3046 potest
1995 2998 2247 3046 multipliciter
2274 2999 2458 3048 impediri,
2482 3002 2543 3038 vel

1488 3057 1530 3085 ut
1548 3050 1708 3086 totaliter
1726 3062 1804 3086 non
1824 3050 1879 3096 sit,
1895 3051 2013 3087 vel-ut
2032 3063 2119 3087 cum
2135 3051 2352 3088 difficultate
2368 3053 2423 3090 sit.
2441 3054 2542 3101 Ergo
2570 3062 2591 3070 ·”

1489 3102 1528 3138 in
1556 3102 1874 3150 contemplatione
1893 3110 2018 3151 potest
2038 3115 2119 3140 esse
2138 3104 2281 3141 tristitia
2306 3105 2543 3142 delectationi

1490 3162 1687 3191 contraria.

1546 3208 1578 3243 5.
1607 3208 1842 3253 PRAETEREA,
1878 3207 1997 3244 carnis
2025 3207 2176 3244 afflictio
2206 3217 2261 3245 est
2290 3222 2403 3246 causa
2435 3210 2542 3247 tristi-

1488 3260 1572 3296 tiae.
1604 3259 1681 3296 Sed
1709 3259 1803 3296 sicut
1831 3259 1962 3296 dicitur
1988 3260 2111 3297 Eccle.
2137 3262 2201 3298 ult.
2218 3261 2248 3308 *,
2262 3263 2447 3310 frequens
2467 3275 2541 3299 me·
2568 3278 2579 3289 ⁸

1488 3312 1614 3349 ditatio
1630 3312 1754 3348 carnis
1773 3317 1826 3348 est
1842 3313 2007 3360 afflictio.
2029 3314 2129 3360 Ergo
2146 3315 2412 3362 contemplatio
2429 3316 2542 3352 habet

1488 3364 1671 3401 tristitiam
1702 3364 1938 3402 delectationi
1967 3366 2204 3403 contrariam.

1542 3418 1615 3453 SED
1645 3429 1788 3454 CONTRA
1816 3429 1881 3454 EST
1909 3418 2012 3466 quod
2041 3418 2174 3455 dicitur
2201 3420 2287 3467 Sap.
2309 3431 2369 3455 vm
2387 3419 2424 3456 *z
2448 3420 2539 3457 Non

1487 3471 1598 3506 habet
1623 3470 1911 3506 amaritudinem
1936 3472 2166 3508 conversatio
2190 3471 2296 3517 illius,
2327 3472 2463 3508 scilicet
2482 3485 2540 3510 sa-

1487 3522 1661 3571 pientiae,
1683 3534 1751 3559 nec
1769 3523 1930 3559 taedium
1951 3524 2138 3560 convictus
2157 3524 2254 3568 eius,·
2280 3525 2346 3560 sed
2363 3524 2538 3562 laetitiam

2568 742 2578 752 ⁸
2593 741 2737 772 S.·Th.‚1ect.
2752 749 2778 764 ιι.

2569 768 2776 822 ιιι-,πιψ

2570 849 2578 856 ·
2594 847 2618 868 In
2634 853 2738 874 corpore.

2573 2698 2582 2705 ·
2598 2697 2623 2719 S.
2631 2697 2677 2719 Th.
2690 2698 2740 2720 lect.
2751 2704 2781 2719 xx.

2573 2735 2583 2739 -
2600 2724 2653 2745 Did.
2675 2724 2715 2745 lib.
2736 2724 2781 2751 XI,

2573 2755 2625 2777 cap.
2639 2756 2674 2777 rx,
2690 2757 2712 2772 n.
2727 2757 2747 2779 3.

2571 2956 2580 2965 '¹
2597 2955 2654 2983 Cap.
2664 2961 2706 2982 xn,
2721 2962 2744 2978 n.
2753 2962 2765 2984 3
2776 2963 2783 2982 ς

2571 2987 2622 3009 cap.
2638 2988 2688 3008 xm,
2705 2988 2728 3003 n.
2743 2988 2779 3003 2.-

2571 3008 2596 3029 S.
2606 3008 2651 3029 Th.
2667 3009 2717 3030 lect.
2732 3014 2778 3035 xn,

2570 3041 2620 3056 xm.

2572 3099 2582 3103 -
2593 3066 2779 3109 s.1¹’1;.¹1'.’02¹3·v{:

2594 3277 2660 3300 Vera.
2677 3285 2706 3300 12-

2568 3436 2577 3445 ·
2592 3435 2658 3456 Vers.
2674 3435 2706 3457 ιδ.
