2852 4152
16 2130 271 2171 ''Qum-124.

997 305 1261 351 QUAESTIO
1291 305 1396 352 XVI,

375 383 412 413 11.
446 382 536 413 Circa
564 381 705 411 eiusdem
735 382 929 422 quaestionis
961 383 1203 414 decimaesextae
1236 384 1372 414 eundem

319 433 467 468 quartum
483 425 660 461 articulum,
678 426 855 456 notandum
875 427 1009 457 occurrit
1032 428 1118 468 quod
1136 438 1171 458 ex
1187 427 1287 458 littera
1303 427 1371 464 hac,

319 477 350 501 et
365 469 589 510 superioribus,
606 475 666 499 tres
683 469 808 499 ordines
828 477 956 500 actuum
975 471 1146 502 voluntatis
1169 471 1369 511 colliguntur.

317 514 441 545 Primus
456 520 508 544 est·
524 513 700 543 secundum
722 513 839 543 lineam
861 522 987 550 rectam,
1011 522 1043 545 et
1063 522 1206 555 respectu
1229 515 1370 546 eiusdem

318 557 445 593 obiecti;
473 556 644 593 secundus,
669 557 845 587 secundum
868 557 1069 589 reflexionem
1097 568 1192 599 super
1214 559 1298 590 hunc
1321 560 1370 590 vel

316 601 421 637 illum;
445 601 564 637 tertius,
583 601 760 631 secundum
782 600 869 641 ipsos
893 601 1022 632 reflexos
1044 603 1124 633 inter
1147 613 1188 633 se.

373 645 460 676 quta
482 644 623 684 primum
638 644 792 680 ordinem,
809 644 978 676 duodecim
993 653 1100 677 motus
1115 646 1159 677 sic
1175 646 1369 677 ordinantur.

316 688 434 724 Pn'mo,
450 688 700 728 apprehenditur
704 688 807 728 finis:
821 689 907 719 verbi
923 689 1029 728 gratia,
1050 690 1154 720 divina
1169 691 1307 730 gloria.-
1319 691 1370 721 Se-

318 732 433 768 cundo,
450 738 496 762 est
511 731 660 762 voluntas
674 731 768 763 illius.
782 743 803 755 -1
814 732 934 768 Tertio,
952 733 1138 773 imperfecta
1154 735 1222 766 eius
1234 734 1366 774 fruitio.

315 793 336 799 —
349 775 482 812 Quarto,
507 776 637 806 intentio
661 775 812 806 eiusdem.
837 776 878 807 Et
892 776 942 806 hic
958 776 1065 808 finitur
1080 777 1181 818 prima
1199 778 1369 808 voluntatis

314 818 467 850 habitudo
494 819 534 849 ad
556 818 671 849 finem:
701 830 774 850 cum
798 819 882 850 enim
905 821 1061 860 praedicta
1087 821 1195 852 insunt
1218 821 1367 862 perfecte,

312 861 408 894 habet
429 862 463 893 in
485 862 587 903 seipsa
609 862 716 900 finem,
740 863 820 894 idest
841 864 976 904 perfecte
990 865 1059 895 vult
1082 864 1186 896 finem.
1204 883 1224 888 -
1240 865 1281 896 Et
1296 865 1368 896 hinc

313 906 442 937 inchoat
464 906 566 946 prima
588 917 718 948 quoque
741 907 911 939 voluntatis
934 908 1088 939 habitudo
1110 909 1150 939 ad
1172 909 1205 939 id
1219 910 1307 950 quod
1324 917 1369 940 est

314 950 355 980 ad
369 949 483 980 finem:
507 950 639 982 intentio
659 951 744 981 enim
767 951 805 981 ad
828 951 861 981 id
884 952 1070 982 descensum
1086 953 1222 992 praebet.
1246 953 1367 990 Quinto

313 993 417 1034 igitur,
441 1001 488 1025 est
511 995 680 1025 consilium
704 995 742 1025 de
761 995 809 1025 his
825 1005 907 1036 quae
930 1003 1004 1026 sunt
1023 996 1061 1025 ad
1086 995 1192 1027 finem.
1218 996 1279 1027 Sed
1294 997 1368 1038 quia

314 1037 484 1069 consilium
510 1039 727 1070 voluntarium
749 1046 809 1075 est,
833 1046 864 1070 et
887 1049 904 1069 a
927 1040 1089 1070 voluntate
1116 1047 1262 1071 movetur
1287 1041 1366 1072 ratio

312 1081 352 1112 ad
366 1082 608 1119 consiliandum,
626 1090 656 1114 et
669 1083 746 1113 haec
761 1082 861 1114 motio
886 1093 961 1114 usus
986 1093 1055 1114 vere
1079 1092 1140 1120 est;
1164 1084 1235 1115 ideo
1255 1085 1367 1126 quinto

311 1125 384 1156 loco
408 1127 455 1156 vuti
478 1127 602 1157 ratione
628 1127 672 1157 ad
694 1126 858 1157 consilium
886 1127 1008 1158 locatur
1031 1138 1049 1157 a
1072 1138 1095 1158 s.
1113 1128 1241 1158 Thoma
1264 1128 1296 1159 in
1319 1129 1366 1160 lit-

311 1175 385 1206 tera,
403 1170 481 1201 dum
495 1168 527 1200 in
544 1180 677 1210 corpore
695 1170 816 1201 articuli
833 1170 916 1207 dicit,
941 1171 1005 1202 Sed
1018 1173 1093 1212 quia
1110 1172 1365 1203 voluntas-etiam

311 1213 541 1254 quodammodo
553 1220 656 1246 movet
668 1216 834 1252 rationem,
851 1220 881 1245 et
893 1216 994 1246 utitur
1005 1225 1053 1252 ea,
1067 1222 1124 1246 etc.
1135 1234 1155 1238 -
1166 1216 1207 1246 Et
1221 1216 1265 1247 sic
1279 1223 1366 1247 sexto

310 1256 383 1288 loco
407 1265 453 1288 est
471 1259 638 1289 consilium
662 1258 700 1289 de
715 1257 763 1289 his
779 1268 860 1299 quae
876 1266 950 1289 sunt
965 1259 1004 1289 ad
1024 1258 1133 1289 finem:
1156 1259 1240 1290 verbi
1258 1261 1365 1300 gratia,

310 1302 349 1332 de
361 1302 466 1332 studio
479 1302 668 1342 theologiae,
681 1302 820 1333 bonitate
831 1312 968 1338 morum,
981 1310 1011 1332 et
1020 1303 1203 1334 similium.-
1212 1303 1365 1343 Septimo,

309 1352 357 1377 est
378 1355 549 1376 consensus
575 1345 745 1376 adhaerens
776 1345 986 1381 conclusioni,
1010 1353 1087 1385 puta
1109 1347 1198 1386 quod
1219 1347 1278 1377 ista
1301 1348 1366 1387 pla-

309 1396 389 1420 cent.
402 1407 424 1412 -
436 1389 575 1430 Οεῑῑειῖιο4
586 1395 633 1419 est
648 1389 768 1426 electio,
783 1388 960 1428 praeferens
975 1388 1108 1419 alterum
1125 1390 1364 1421 conclusorum:

307 1432 582 1472 puta<bonitatem
605 1441 749 1467 morum,
773 1438 804 1462 et
825 1431 1020 1471 theologiam
1043 1432 1110 1462 aliis
1134 1432 1282 1470 scientiis,
1307 1441 1364 1466 etc.

276 1467 287 1470 ὦ
306 1475 349 1506 Et
369 1475 431 1512 hic,
456 1482 493 1506 ut
513 1475 547 1506 in
568 1475 670 1506 littera
693 1475 815 1512 dicitur,
838 1474 947 1506 finitur
961 1475 1065 1516 prima
1084 1476 1237 1507 habitudo
1253 1477 1365 1508 volun-

306 1518 378 1551 tatis
401 1519 441 1549 ad
463 1519 496 1550 id
518 1518 608 1560 quod
632 1525 678 1549 est
701 1519 741 1549 ad
761 1518 876 1550 finem:
901 1519 1033 1550 habetur
1061 1519 1147 1550 enirn
1170 1526 1245 1550 tunc
1273 1521 1305 1551 in
1330 1531 1365 1552 ea

305 1561 442 1604 perfecte
464 1562 498 1593 id
520 1563 610 1603 quod
632 1569 678 1594 est
700 1563 740 1593 ad
762 1562 869 1599 finem,
892 1562 972 1594 idest
993 1563 1129 1603 perfecte
1146 1564 1214 1594 vult
1227 1564 1260 1594 id
1276 1565 1364 1606 quod

306 1612 352 1638 eet
365 1606 406 1638 ad
419 1605 525 1637 finem.
538 1625 559 1629 -
572 1607 679 1643 Nono,
696 1614 742 1638 est
756 1613 959 1647 praeceptum
975 1617 1030 1638 seu
1047 1608 1226 1647 imperium,
1243 1608 1281 1639 de
1297 1619 1362 1649 quo

303 1647 353 1681 'est
374 1656 510 1692 sequens
533 1651 687 1692 quaestio,
711 1660 778 1691 quo
798 1650 948 1691 praecipit
970 1651 1067 1681 electa
1083 1651 1258 1682 executioni
1274 1662 1362 1683 man-

305 1693 383 1726 dari.
408 1694 451 1725 Et
471 1694 601 1725 inchoat
622 1695 761 1726 secunda
785 1695 938 1726 habitudo
961 1694 1132 1734 voluntatis
1156 1695 1196 1726 ad
1217 1696 1250 1726 id
1274 1697 1361 1737 quod

304 1745 352 1771 ent
373 1739 414 1770 nd
435 1738 551 1770 finem:
574 1739 730 1779 quoniam
751 1739 815 1769 iam
838 1739 948 1779 incipit
966 1739 1152 1770 descendere
1176 1740 1216 1770 ad
1239 1739 1310 1776 hoc,
1327 1748 1363 1772 ut

303 1773 416 1821 habeat
437 1782 545 1823 ipsum
566 1783 697 1814 realiter.
707 1800 729 1806 -
741 1783 885 1820 Decimo,
905 1789 951 1814 est
966 1783 1024 1820 uti,
1040 1793 1116 1824 quo,
1134 1790 1170 1814 ut
1183 1783 1216 1814 in
1231 1793 1361 1824 respon-

302 1824 392 1864 sione
414 1826 455 1857 ad
478 1826 620 1868 primum
650 1826 752 1858 littera
780 1826 870 1863 dicit,
893 1827 1040 1858 voluntas
1067 1834 1176 1857 movet
1205 1828 1361 1867 potentias

302 1868 492 1907 executivas,
517 1870 677 1913 applicans
701 1881 753 1901 eas
777 1871 816 1901 ad
839 1870 1075 1902 executionem:
1099 1877 1176 1911 puta
1199 1872 1294 1911 pedes
1322 1873 1360 1902 ad

301 1912 446 1945 eundum
468 1914 508 1945 ad
530 1914 686 1951 studium,
711 1921 743 1946 et
763 1914 958 1946 intellectum
981 1915 1020 1944 ad
1044 1915 1249 1952 studendum,
1267 1923 1323 1947 etc.
1339 1935 1360 1940 -

300 1957 491 1995 Undecimo,
515 1965 562 1990 est
583 1959 729 1990 executio
747 1958 816 1999 ipsa
829 1958 1018 1997 assecutiva,
1037 1969 1094 1998 per
1107 1959 1140 1989 id
1154 1960 1243 2000 quod
1260 1967 1305 1991 est
1320 1961 1359 1991 ad

299 1999 408 2039 finem,
425 2001 534 2042 ipsum
548 2000 662 2033 finem:
682 2009 760 2043 puta
775 2005 831 2044 per
845 2002 903 2034 iter
919 2009 949 2034 et
964 2002 1115 2039 studium,
1132 2010 1200 2040 etc.,
1217 2003 1276 2034 Dei
1290 2004 1358 2044 glo·

298 2043 508 2081 tificafionem
522 2046 661 2077 videre.—
673 2047 714 2077 Et
729 2046 783 2083 sic,
799 2046 1002 2082 duodecimo,
1018 2054 1258 2077 consummatur
1273 2055 1358 2079 totus

299 2087 500 2132 progressus,
515 2090 679 2132 fruitione
694 2090 843 2132 perfecta
866 2090 1113 2131 superveniente,
1139 2101 1229 2131 quae,
1255 2098 1290 2122 ut
1313 2092 1355 2122 di-

300 2135 388 2165 ctum
410 2133 470 2165 fuit
492 2133 525 2170 ¹⁸²,
550 2133 588 2164 de
610 2133 673 2165 fine
696 2134 804 2165 habito
827 2133 949 2164 realiter
973 2139 1027 2164 est.

303 2177 306 2179 ’
354 2176 418 2208 ΙΙῙ.’
432 2177 520 2209 quta
542 2178 718 2208 secundum
740 2187 816 2208 vero
841 2178 994 2214 ordinem,
1012 2187 1077 2218 quo
1100 2176 1247 2209 locantur
1269 2185 1356 2209 actus

297 2221 471 2252 vohmtatis
493 2228 530 2252 ut
552 2221 755 2252 reflectuntur
773 2231 868 2262 supra
887 2222 1018 2262 seipsos,
1043 2229 1078 2252 ut
1097 2222 1128 2252 in
1149 2223 1356 2262 responsione

298 2265 338 2297 ad
361 2265 490 2296 tertium
515 2265 638 2302 dicitur,
662 2272 724 2296 tres
746 2266 918 2296 voluntatis
948 2273 1036 2297 actus
1067 2266 1107 2296 ad
1135 2266 1242 2296 minus
1268 2266 1354 2296 inve-

297 2308 428 2341 niuntur
450 2309 484 2340 in
507 2309 650 2350 quolibet
662 2316 734 2340 actu
750 2309 860 2340 libero.
876 2310 918 2340 Et
933 2309 1077 2349 prioritas
1092 2317 1123 2340 et
1140 2309 1354 2350 posterioritas

295 2350 415 2389 inhoc
436 2352 548 2383 ordine
575 2352 744 2383 attenditur
766 2353 852 2383 iuxta
874 2352 1069 2393 prioritatem
1093 2360 1124 2383 et
1141 2353 1353 2394 posteriorita-

295 2391 362 2442 tem
382 2391 469 2428 illius
490 2402 579 2428 actus
600 2395 689 2428 liberi
712 2406 807 2437 supra
822 2405 920 2437 quem
937 2397 1066 2427 cadunt:
1090 2397 1133 2427 ita
1156 2397 1255 2437 quod,
1272 2397 1353 2428 utin

295 2438 378 2471 cde'e
399 2438 520 2471 litterae
551 2440 678 2477 dicitur,
707 2441 761 2471 isti
786 2445 878 2471 actus
907 2440 1049 2471 ordinati
1074 2440 1118 2471 ad
1140 2440 1173 2471 id
1195 2440 1280 2481 quod
1307 2445 1354 2472 est

288 2480 403 2524 prius,
421 2483 503 2515 idest
525 2484 670 2515 cadentes
698 2493 796 2524 supra.
816 2484 956 2524 priorem
983 2491 1108 2521 actum,
1131 2489 1207 2515 sunt
1223 2486 1354 2524 priores

303 2655 307 2669 f
318 2663 324 2671 ι

1426 306 1719 344 ARTICULUS
1750 308 1800 344 IV
2410 323 2420 347 1
2436 323 2479 359 17

1424 385 1532 425 seipsis
1557 385 1737 416 cadentibus
1766 396 1859 426 supra
1887 388 2093 427 posteriorem
2116 395 2230 418 actum.
2251 389 2345 419 Verbi
2367 390 2473 428 gratia,

1425 439 1498 459 cum
1522 429 1634 470 aliquis
1658 430 1812 460 consentit
1834 431 2029 470 acquirendis
2053 431 2203 467 moribus,
2226 439 2299 462 sunt
2313 433 2355 462 ibi
2372 433 2477 472 impli-

1424 472 1482 503 cite
1505 480 1566 503 tres
1589 473 1641 503 alii
1664 480 1750 504 actus
1770 474 1913 504 cadentes
1929 484 2023 514 supra
2037 475 2128 505 illum
2145 485 2345 513 consensum,
2362 477 2477 507 scilicet

1425 526 1509 552 usus,
1535 517 1702 548 consensio
1718 523 1748 548 et
1767 517 1894 548 electio:
1919 528 1993 548 nam
2015 518 2162 549 voluntas
2185 519 2282 549 utitur
2298 529 2329 549 se
2345 520 2384 549 ad
2400 530 2476 550 con-

1423 560 1632 597 sentiendum,
1649 567 1679 592 et
1703 561 1858 592 consentit
1880 571 1912 591 se
1936 562 2119 598 consentire,
2136 571 2166 593 et
2185 562 2269 602 eligit
2292 563 2475 594 consentire.

1423 604 1464 634 Et
1486 604 1627 635 similiter
1654 614 1727 635 curn
1751 605 1836 646 eligit
1859 606 1962 635 bonos
1990 615 2113 641 mores,
2137 612 2210 636 sunt
2238 606 2351 636 iterum
2374 606 2476 646 impli-

1423 647 1482 678 cite
1498 654 1559 678 tres
1574 648 1672 678 iidem
1690 654 1791 679 actus:
1816 659 1890 680 nam
1904 649 2052 680 voluntas
2067 649 2164 680 utitur
2180 659 2212 679 se
2228 650 2267 679 ad
2282 650 2470 689 eligendum,

1424 692 1578 722 consentit
1601 692 1754 728 electioni,
1779 699 1810 723 et
1833 693 1917 732 eligit
1939 693 2036 723 illam.-
2061 693 2101 724 Et
2117 693 2257 723 similiter
2274 693 2383 724 accidit
2402 703 2475 724 cum

1423 735 1521 766 utitur
1535 735 1654 766 ratione
1669 736 1708 766 ad
1725 736 1903 772 consilium,
1915 737 1965 767 vel
1981 736 2146 767 executivis
2162 737 2310 777 potentiis
2325 737 2365 766 ad
2379 746 2474 777 opus:

1423 788 1497 808 nam
1519 779 1666 809 voluntas
1690 780 1844 811 consentit
1866 781 1947 816 usui,
1972 780 2057 820 eligit
2080 791 2184 815 usum.
2209 787 2240 811 et
2262 781 2359 811 utitur
2383 791 2415 811 se
2436 781 2476 811 ad

1422 822 1478 852 uti.
1503 823 1543 853 Et
1565 823 1640 863 quia
1659 833 1829 854 consensus
1846 831 1891 854 est
1907 831 1993 855 actus
2010 824 2189 855 naturaliter
2204 824 2291 864 prior
2306 824 2455 855 electione
2466 848 2473 861 ‚

1421 866 1493 896 ideo
1516 866 1567 896 isti
1589 873 1676 897 actus
1699 868 1843 898 cadentes
1862 878 1956 908 supra
1975 877 2175 904 consensum,
2199 876 2272 899 sunt
2294 868 2414 908 priores
2428 877 2474 899 se-

1421 909 1496 949 ipsis
1521 910 1700 941 cadentibus
1729 921 1823 950 supra
1851 911 2047 943 electionem.
2079 912 2120 942 Et
2147 912 2191 943 sic
2218 912 2403 942 ordinantur
2424 912 2474 942 isti

1422 960 1508 984 actus
1533 961 1674 994 respectu
1699 954 1894 985 diversorum
1917 965 2011 995 supra
2034 965 2115 996 quae
2139 956 2264 993 cadunt,
2288 955 2321 986 in
2343 955 2405 986 hoc
2423 965 2473 986 se·-

1422 998 1527 1027 cundo
1551 998 1670 1034 ordine,
1694 998 1779 1028 iuxta
1801 998 1930 1029 illorum
1953 1009 2048 1039 supra
2068 1009 2149 1040 quae
2165 1000 2289 1035 cadunt,
2310 999 2469 1030 ordinem:

1421 1047 1450 1071 et
1471 1041 1674 1072 inveniuntur
1685 1041 1836 1081 implicite
1858 1050 1887 1073 et
1902 1042 2022 1073 reflexe.
2038 1044 2073 1073 In
2090 1043 2193 1083 primo
2210 1050 2315 1074 autem
2332 1043 2442 1073 ordine
2455 1043 2472 1062 *

1421 1085 1606 1116 ordinantur
1628 1092 1770 1125 respectu
1794 1086 1944 1123 eiusdem,
1968 1094 1998 1117 et
2021 1087 2171 1127 explicite,
2196 1094 2226 1118 et
2244 1086 2420 1118 secundum
2437 1086 2471 1117 li-

1420 1138 1513 1158 neam
1536 1136 1662 1160 rectam.

1476 1173 1528 1203 IV.
1553 1173 1640 1204 quta
1663 1173 1789 1203 tertium
1813 1180 1918 1204 autem
1942 1173 2099 1210 ordinem,
2128 1174 2205 1205 scito
2228 1175 2326 1215 quod,
2345 1175 2417 1205 licet
2438 1175 2471 1205 in

1419 1216 1536 1253 littera,
1561 1217 1646 1248 iuxta
1676 1218 1851 1248 secundum
1874 1217 2031 1253 ordinem,
2056 1225 2277 1258 comparentur
2306 1218 2356 1248 isti
2384 1224 2470 1249 actus

1420 1259 1523 1290 reflexi
1547 1261 1691 1292 cadentes
1719 1271 1814 1301 supra
1836 1271 1938 1291 unum
1971 1268 2091 1294 actum.
2116 1261 2155 1291 ad
2183 1261 2302 1301 seipsos
2326 1262 2469 1292 cadentes

1419 1314 1513 1344 supra
1536 1305 1650 1341 alium;
1675 1315 1740 1335 non
1764 1312 1869 1335 tamen
1886 1312 2107 1344 comparantur
2130 1305 2243 1345 singuli
2266 1305 2369 1335 reflexi
2391 1305 2471 1336 inter

1419 1357 1461 1383 se,
1485 1348 1556 1388 quis
1580 1358 1645 1389 quo
1665 1349 1704 1379 sit
1719 1348 1818 1389 prior;
1838 1359 1877 1378 an
1893 1349 2017 1384 scilicet,
2034 1358 2108 1379 cum
2123 1348 2172 1379 isti
2196 1355 2282 1379 actus
2305 1349 2470 1379 reflectun-

1419 1398 1470 1421 tur
1493 1402 1586 1431 supra
1610 1402 1814 1430 consensum,
1837 1392 1882 1423 uti
1902 1393 2068 1432 praecedat
2094 1402 2282 1423 consensum
2305 1392 2468 1429 reflexum,

1418 1435 1467 1464 vel
1490 1445 1506 1464 e
1530 1442 1656 1472 contra;
1681 1442 1711 1466 et
1733 1435 1872 1466 similiter
1895 1437 1934 1466 de
1958 1436 2118 1467 electione.
2142 1437 2183 1467 Et
2205 1436 2349 1477 quamvis
2371 1436 2472 1476 possit

1419 1478 1479 1508 dici
1495 1480 1583 1518 quod
1599 1481 1726 1515 Auctor,
1741 1480 1863 1510 tradens
1878 1490 1989 1510 eorum
2004 1480 2147 1510 ordinem
2164 1481 2338 1511 secundum
2354 1480 2470 1511 lineam

1417 1529 1549 1558 rectam,
1573 1522 1605 1552 in
1629 1531 1692 1562 qua
1715 1523 1884 1553 attenditur
1907 1524 1985 1553 ordo
2010 1533 2121 1554 eorum
2143 1531 2285 1564 respectu
2309 1524 2467 1560 eiusdem,

1417 1565 1586 1596 insinuavit
1609 1566 1783 1596 eorundem
1804 1567 1947 1596 ordinem
1963 1568 2137 1597 secundum
2160 1568 2360 1598 reflexionem
2375 1578 2469 1608 supra

1417 1610 1554 1640 eundem
1578 1616 1702 1646 actum,
1724 1609 1767 1640 ita
1790 1611 1878 1650 quod
1905 1610 1989 1640 idem
2013 1618 2058 1641 est
2081 1612 2160 1641 ordo
2188 1611 2238 1641 hic
2261 1618 2291 1642 et
2313 1611 2368 1648 ibi,
2394 1612 2468 1652 quia

1417 1653 1586 1694 utrobique
1614 1659 1688 1684 sunt
1714 1661 1856 1693 respectu
1884 1653 2043 1690 eiusdem;
2072 1661 2102 1684 et
2130 1654 2172 1684 sic
2194 1654 2350 1686 videretur
2379 1656 2468 1696 quod

1415 1697 1520 1737 primo
1540 1707 1721 1733 consensus,
1739 1697 1851 1727 deinde
1875 1698 1994 1734 electio,
2011 1704 2040 1728 et
2056 1698 2169 1728 ultimo
2186 1698 2231 1728 uti
2246 1698 2342 1728 locari
2358 1699 2465 1730 debet:

1416 1741 1493 1771 mihi
1516 1748 1622 1771 tamen
1645 1751 1682 1771 ex
1704 1744 1842 1772 Auctore
1864 1741 1987 1772 videtur
2010 1741 2178 1772 dicendum
2201 1742 2288 1782 quod
2315 1742 2361 1772 uti
2383 1749 2468 1773 tenet

1415 1785 1556 1825 primum
1577 1786 1703 1822 locum,
1727 1795 1898 1816 consensus
1927 1786 2118 1822 secundum,
2143 1792 2173 1816 et
2196 1785 2304 1816 electio
2328 1786 2466 1817 tertium.

1414 1829 1455 1868 Et
1470 1829 1548 1860 ratio
1573 1835 1618 1860 est
1633 1829 1757 1869 duplex.
1775 1829 1887 1865 Prima,
1903 1829 1978 1870 quia
1993 1829 2039 1860 uti
2055 1836 2101 1860 est
2114 1829 2320 1859 universalius
2343 1830 2465 1860 ceteris:

1415 1883 1586 1904 consensus
1619 1883 1748 1914 quoque
1779 1873 1953 1903 absolutior
1983 1880 2029 1904 est
2051 1882 2148 1914 quam
2172 1873 2291 1904 electio.
2314 1873 2398 1903 Nam
2420 1873 2466 1904 uti

1414 1923 1460 1947 est
1478 1917 1577 1948 activa
1600 1917 1695 1947 libera
1711 1916 1879 1957 applicatio
1895 1923 1960 1947 tam
1974 1916 2156 1953 voluntatis,
2173 1927 2271 1956 quam
2287 1917 2465 1948 cuiuscum—

1412 1971 1475 2002 que
1498 1961 1633 1997 alterius‚
1654 1961 1693 1991 ad
1720 1961 1946 2002 quodcumque
1970 1971 2053 2001 opus
2068 1961 2094 1992 *.
2116 1961 2298 1992 Consensus
2321 1970 2395 1991 vero
2420 1968 2465 1992 est

1411 2005 1511 2035 activa
1533 2005 1629 2036 libera
1651 2004 1820 2044 applicatio
1839 2005 1937 2035 solius
1956 2005 2113 2045 appetitus
2127 2004 2324 2045 acceptantis‚
2340 2015 2395 2035 seu
2411 2006 2464 2035 ad-

1410 2048 1563 2078 haerentis
1575 2048 1668 2079 alicui
1678 2048 1709 2078 *2
1725 2049 1813 2089 quod
1828 2055 1949 2079 constat
1961 2049 2018 2079 sub
2031 2058 2063 2079 se
2073 2048 2178 2079 minus
2189 2048 2463 2088 comprehendere.

1411 2091 1594 2122 Consensus
1617 2102 1747 2133 quoque
1771 2092 2035 2133 acceptationem,
2061 2091 2170 2123 electio
2187 2102 2261 2123 vero
2278 2092 2463 2132 acceptatio-

1410 2141 1484 2167 nem
1503 2135 1708 2176 praeferendo
1731 2136 1809 2172 aliis,
1832 2136 1983 2177 importat
2000 2136 2033 2165 *z
2053 2136 2140 2177 quod
2164 2142 2286 2166 constat
2308 2136 2463 2176 posterius

1410 2189 1487 2210 esse.
1498 2197 1516 2203 -
1527 2180 1670 2210 Secunda
1686 2186 1741 2216 est,
1758 2179 1832 2220 quia
1855 2180 1949 2210 etiarn
1964 2180 1997 2210 in
2014 2180 2124 2210 ordine
2144 2179 2247 2220 primo
2266 2179 2330 2210 iarn
2344 2180 2362 2199 '¹‘
2377 2179 2461 2211 dicto

1409 2224 1583 2254 secundum
1595 2223 1711 2254 lineam
1723 2230 1849 2260 rectam,
1863 2224 2006 2264 quamvis
2022 2224 2068 2254 uti
2084 2223 2250 2254 executivis
2261 2223 2410 2263 potentiis
2422 2224 2461 2253 ad

1408 2267 1636 2307 acquirendum
1650 2268 1825 2297 secundum
1840 2277 1905 2297 esse
1929 2268 2019 2303 reale,
2037 2268 2076 2298 sit
2091 2267 2248 2307 posterius
2263 2267 2414 2297 electione
2430 2274 2460 2297 et

1409 2319 1582 2346 consensu;
1610 2310 1791 2350 simpliciter
1806 2317 1911 2341 tamen
1935 2318 1965 2342 et
1981 2311 2123 2341 absolute
2146 2311 2192 2341 uti
2215 2311 2372 2350 praecedit
2387 2321 2461 2341 con-

1409 2363 1537 2384 sensum
1553 2361 1583 2385 et
1599 2353 1801 2390 electionem,
1825 2354 1900 2394 quia
1918 2354 1964 2385 uti
1987 2354 2147 2394 praevenit
2169 2354 2348 2390 consilium,
2365 2361 2401 2384 ut
2416 2354 2461 2384 di-

1409 2403 1495 2428 ctum
1510 2403 1557 2428 est
1574 2397 1601 2434 *,
1618 2397 1737 2438 absque
1752 2396 1929 2428 reflexione.
1946 2397 2104 2428 Tractavit
2119 2404 2225 2428 tamen
2241 2400 2361 2428 Auctor
2375 2398 2461 2438 prius

1408 2441 1446 2471 de
1470 2441 1622 2472 electione
1649 2451 1748 2482 quam
1771 2441 1810 2472 de
1833 2451 1987 2472 consensu
2011 2449 2042 2472 et
2064 2441 2110 2473 uti
2131 2440 2162 2478 ¹⁸¹,
2188 2448 2222 2472 ut
2246 2452 2263 2472 a
2286 2441 2461 2472 notioribus

1407 2484 1494 2516 fieret
1517 2485 1690 2525 disciplina.

2094 2549 2104 2563 1

2499 1046 2508 1055 ·
2524 1045 2559 1067 Cf.
2574 1052 2636 1068 num.
2651 1053 2677 1069 11.

2489 1969 2501 1980 '⁸
2515 1969 2550 1991 Cf.
2566 1974 2607 1992 art.
2622 1976 2637 1991 ι.

2487 2056 2543 2104 :CR
2554 2063 2593 2085 qu.
2602 2064 2639 2085 xv,
2650 2062 2695 2080 art.

2488 2141 2498 2150 '
2506 2139 2541 2161 Cf.
2549 2146 2587 2167 qu.
2595 2146 2646 2166 xm.
2654 2144 2698 2163 art.

2487 2171 2583 2214 Ξ’Νυιιμ
2598 2198 2624 2214 n.

2488 2406 2498 2415 ‘
2512 2406 2570 2427 lbid.

2488 2446 2497 2455 ‘¹
2509 2445 2544 2476 Cf.
2552 2452 2590 2472 qu.
2598 2451 2648 2473 xm,
2659 2452 2697 2473 xv,

2489 2476 2510 2493 et
2523 2475 2599 2494 istam.
