2852 4152
0 6 7 161 i

145 2161 217 2188 *mm
227 2162 253 2182 et,
272 2177 274 2179 .
288 2178 293 2190 .-

147 2897 360 2945 -‘}?¹’1·1¹2¹.¹1'0²31².'v.'·³

1081 243 1345 291 QUAESTIO
1376 244 1458 289 LII,
1487 241 1781 279 ARTICULUS
1811 242 1824 276 1

369 325 478 363 ciem.
500 323 541 360 Si
560 323 670 372 igitur
689 323 814 371 aliqua
834 323 967 370 forma,
987 324 1050 360 vel
1069 334 1334 371 quaecumque
1354 334 1425 368 res,

368 376 579 417 secundum
600 375 764 424 seipsam
784 376 845 412 vel
865 376 1076 413 secundum
1098 375 1236 424 aliquid
1256 375 1324 421 sui,
1350 386 1428 410 sor-

366 429 480 468 tiatur
506 428 691 466 rationem
719 428 874 476 speciei;
905 441 1059 465 necesse
1080 436 1134 465 est
1153 427 1274 476 quod,
1296 439 1428 464 secun—

312 522 315 526 Δ
371 482 463 519 dum
493 494 533 518 se
563 480 810 527 considerata,
840 482 978 518 habeat
1007 480 1293 518 determinatam
1319 479 1429 516 ratio-

370 547 484 581 nem,
517 546 615 583 quae
651 545 774 582 neque
812 533 849 570 in
884 535 968 582 plus
1002 534 1204 580 excedere,
1233 545 1358 580 neque
1391 532 1430 568 in

372 587 498 624 minus
531 587 695 623 deficere
723 586 852 634 possit.
883 588 932 622 Et
959 586 1178 623 huiusmodi
1210 593 1296 622 sunt
1329 586 1430 621 calor

375 648 411 677 et
435 639 584 685 albedo,
606 646 642 675 et
660 638 755 674 aliae
773 639 994 676 huiusmodi
1014 639 1211 687 qualitates
1235 650 1332 687 quae
1353 650 1431 674 non

374 692 547 730 dicuntur
575 691 612 727 in
637 691 770 728 ordine
791 691 839 728 ad
860 691 981 728 aliud:
1013 699 1049 728 et
1067 692 1185 727 multo
1206 691 1325 738 magis
1345 690 1432 726 sub-

374 744 520 790 stantia,
549 755 647 791 quae
677 751 732 780 est
760 756 828 792 per
856 757 894 780 se
917 757 994 782 ens.
1015 765 1038 771 -
1059 745 1124 780 Illa
1142 743 1236 780 v'ero
1257 755 1356 791 quae
1376 755 1432 778 re-

375 796 518 846 cipiunt
545 796 711 844 speciem
741 809 785 832 ex
814 797 940 844 aliquo
974 797 1023 833 ad
1051 796 1155 845 quod
1190 795 1431 840 ordinantur,

374 855 535 898 possunt
560 848 771 886 secundum
801 850 923 898 seipsa
942 847 1192 886 ,diversificari
1211 848 1249 884 in
1268 847 1353 896 plus
1371 847 1434 884 vel

376 901 414 938 in
442 901 580 948 minus,
603 909 639 938 et
662 902 907 938 nihilominus
931 909 1018 938 sunt
1037 901 1170 950 eadem
1190 900 1327 949 specie,
1348 904 1454 948 pro-*

375 961 458 1003 pter
485 953 664 991 unitatem
696 954 776 991 eius
804 955 852 991 ad
885 954 991 1002 quod
1020 954 1256 999 ordinantur,
1287 965 1332 989 ex
1356 965 1433 1000 quo

374 1006 562 1055 recipiunt
590 1007 768 1054 speciem.
790 1007 896 1043 Sicut
923 1014 1050 1043 motus
1079 1006 1290 1042 secundum
1319 1017 1360 1041 se
1380 1012 1436 1041 est

377 1059 558 1096 intensior
585 1067 621 1096 et
649 1059 859 1096 remissior:
890 1067 926 1096 et
953 1067 1081 1096 tamen
1101 1065 1272 1095 remanet
1300 1058 1435 1094 eadem

378 1112 535 1160 species,
558 1120 717 1161 propter
742 1112 925 1148 unitatem
953 1111 1116 1158 termini,
1138 1123 1182 1147 ex
1211 1123 1287 1159 quo
1318 1109 1436 1158 speci-

377 1164 524 1202 ficatur.
558 1165 606 1201 Et
637 1165 740 1203 idern
773 1172 898 1214 potest
933 1164 1164 1201 considerari
1192 1163 1230 1200 in
1258 1163 1435 1200 sanitate:

378 1229 469 1254 nam
499 1229 637 1266 corpus
671 1214 847 1266 pertingit
874 1217 923 1254 ad
952 1217 1137 1254 rationem
1167 1216 1352 1263 sanitatis,
1382 1228 1438 1252 se-

379 1270 550 1307 cundum
578 1270 683 1318 quod
706 1270 821 1306 habet
840 1269 1125 1318 dispositionem
1146 1269 1438 1305 convenientem

379 1322 535 1358 naturae
564 1321 749 1368 animalis,
770 1322 831 1358 cui
849 1329 1010 1370 possunt
1033 1321 1297 1379 dispositiones
1316 1320 1439 1357 diver-

380 1385 446 1410 sae
466 1373 735 1411 convenientes
755 1386 858 1419 esse;
878 1375 981 1411 unde
1000 1381 1125 1422 potest
1151 1373 1288 1409 variari
1315 1372 1440 1420 dispo-

347 1423 531 1463 -θὶῊσἸ
495 1438 534 1463 1n
559 1426 645 1473 plus
673 1427 735 1462 vel
763 1425 802 1462 in
830 1425 968 1472 minus,
999 1433 1035 1462 et
1062 1432 1190 1462 tamen
1214 1437 1366 1472 semper
1384 1437 1440 1460 re-

378 1485 510 1516 manet
538 1477 631 1514 ratio
661 1477 838 1515 sanitatis.
869 1478 996 1515 Unde
1007 1478 1264 1525 Philosophus
1284 1476 1382 1523 dicit,
1403 1477 1441 1513 in

266 1542 354 1580 ,αρ’
381 1531 417 1568 Χ
445 1531 566 1568 Ethic.
585 1530 622 1577 ³¹⁶,
652 1530 758 1590 quod
793 1531 934 1567 sanitas
971 1531 1051 1578 ipsa
1086 1530 1215 1578 recipit
1249 1529 1374 1578 magis
1409 1535 1445 1565 et

378 1594 528 1621 mmus:
555 1595 630 1620 non
668 1583 766 1619 enim
804 1583 933 1620 eadem
966 1589 1021 1619 est
1054 1582 1368 1619 commensuratio
1404 1594 1440 1618 m

378 1627 566 1699 omnibus,
586 1644 706 1683 neque
728 1636 765 1672 in
787 1647 861 1672 uno
890 1641 927 1672 et
951 1636 1080 1672 eodem
1108 1647 1275 1684 semper‚·
1302 1634 1368 1670 sed
1385 1646 1441 1670 re-

379 1683 496 1729 'm‘tssa
517 1694 720 1737 permanet
743 1689 884 1725 sanitas
912 1700 1028 1737 usque
1049 1688 1101 1724 ad
1118 1688 1271 1736 aliquid.
1301 1686 1442 1723 Huius-

379 1738 491 1784 modi
520 1748 648 1778 autem
678 1740 850 1778 diversae
879 1740 1144 1790 dispositiones
1163 1741 1225 1777 vel
1247 1752 1443 1782 commen-

381 1793 596 1831 sanationes
615 1793 781 1830 sanitatis
801 1806 841 1830 se
860 1794 1001 1830 habent
1021 1793 1231 1830 secundum
1257 1793 1443 1830 excedens

382 1853 421 1884 et
443 1847 662 1883 excessum:
685 1846 789 1882 unde
808 1846 838 1883 si
858 1859 1001 1883 nomen
1021 1845 1186 1883 sanitatis
1206 1853 1302 1882 esset
1320 1845 1443 1894 impo-

381 1899 496 1958 situm
526 1898 597 1935 soli
622 1899 916 1946 perfectissimae
946 1898 1324 1945 commensurationi,
1353 1906 1443 1935 tunc

384 1964 486 2012 isa
503 1951 642 1989 sanitas
674 1964 754 1989 non
791 1952 978 1989 diceretur
1014 1952 1137 1989 maior
1164 1952 1226 1989 vel
1253 1951 1396 1988 minor.
1418 1972 1441 1978 —

412 2000 449 2043 ic
475 1993 585 2052 igitur
609 2011 712 2052 patet
729 2005 889 2052 qualiter
908 2004 1033 2053 aliqua
1061 2004 1220 2063 qualitas
1239 2004 1301 2041 vel
1321 2004 1444 2040 forma

381 2057 504 2106 possit
540 2055 750 2094 secundum
784 2057 948 2105 seipsam
983 2057 1109 2105 augeri
1142 2057 1204 2094 vel
1237 2056 1377 2104 minui,
1409 2064 1444 2093 et

384 2109 544 2159 quali-ter
570 2120 660 2146 non.

440 2161 482 2200 Si
507 2175 602 2199 vero
631 2162 915 2200 consideremus
943 2162 1161 2211 qualitatem
1187 2162 1250 2198 vel
1279 2160 1443 2198 formam

384 2215 596 2253 secundum
625 2215 952 2264 participationem
981 2214 1150 2261 subiecti,
1181 2214 1234 2250 sic
1260 2214 1372 2250 etiam
1391 2213 1444 2250 in-

384 2267 590 2312 veniuntur
609 2268 799 2317 quaedam
821 2267 1017 2316 qualitates
1045 2274 1082 2304 et
1105 2267 1248 2303 formae
1277 2266 1444 2314 recipere

386 2321 506 2368 magis
544 2327 581 2357 et
617 2320 764 2367 minus,
796 2328 832 2357 et
859 2321 1049 2368 quaedam
1086 2332 1177 2356 non.
1216 2319 1446 2355 Huiusmodi

385 2381 513 2412 autem
551 2372 776 2410 diversitatis
809 2385 964 2409 causam
1000 2371 1216 2420 Simplicius
1244 2371 1408 2419 assignat
1425 2371 1446 2393 '¹‘

242 2425 350 2469 .·;„‘5,4‘']
384 2433 433 2464 ex
460 2427 546 2469 hoc,
567 2426 672 2474 quod
700 2425 906 2463 substantia
935 2426 1146 2462 secundum
1173 2424 1337 2472 seipsam
1368 2436 1445 2460 non

349 2483 351 2513 I
384 2486 510 2528 potest
537 2478 704 2527 recipere
731 2478 851 2526 magis
880 2485 916 2514 et
943 2478 1081 2524 minus,
1111 2477 1199 2526 quia
1219 2484 1274 2513 est
1293 2489 1359 2513 ens
1378 2489 1447 2524 per

386 2544 439 2578 se.
483 2532 533 2568 Et
569 2531 655 2568 ideo
698 2531 824 2567 omnis
860 2531 984 2567 forma
1021 2543 1119 2588 quae
1157 2529 1446 2566 substantialiter

385 2583 630 2632 participatur
661 2582 700 2619 in
734 2583 925 2629 subiecto,
956 2590 1056 2618 caret
1083 2581 1293 2618 intensione
1327 2588 1363 2617 et
1390 2594 1446 2617 re-

386 2635 588 2673 missione.
615 2634 747 2671 unde'
738 2647 776 2671 1n
795 2647 932 2693 genere
952 2634 1182 2671 substantiae
1202 2634 1292 2670 nihil
1312 2633 1446 2670 dicitur

390 2689 601 2727 secundum
621 2687 740 2734 magis
761 2694 795 2723 et
814 2687 952 2725 minus.
979 2687 1028 2723 Et
1046 2686 1134 2736 quia
1153 2685 1339 2734 quantitas
1358 2697 1445 2735 pro-

386 2741 530 2790 pinqua
549 2747 604 2776 est
619 2739 859 2787 substantiae,
877 2746 913 2776 et
930 2740 1052 2787 figura
1072 2739 1183 2776 etiam
1204 2739 1447 2787 consequitur

388 2793 652 2842 quantitatem3
682 2792 770 2830 inde
795 2800 850 2829 est
877 2792 982 2841 quod
1010 2804 1136 2839 neque
1163 2791 1274 2828 etiam
1303 2791 1341 2828 in
1368 2791 1446 2828 istis

389 2846 522 2884 dicitur
549 2844 689 2893 aliquid
710 2845 923 2882 secundum
943 2845 1063 2892 magis
1082 2852 1146 2881 aut
1166 2844 1304 2881 minus.
1333 2844 1445 2881 Unde

391 2899 647 2947 Philosophus
681 2897 787 2944 dicit,
821 2898 860 2934 in
888 2898 956 2934 VII
985 2898 1132 2945 Physic.
1153 2896 1174 2918 ²¹⁶
1180 2897 1324 2945 ,quod
1358 2909 1445 2933 cum

389 2951 530 3001 aliquid
558 2950 692 2999 accipit
725 2950 888 2987 formam
925 2957 961 2986 et
993 2950 1177 2997 figuram,
1207 2962 1286 2986 non
1315 2949 1448 2987 dicitur

389 3003 547 3050 alterari,
577 3003 645 3040 sed
673 3002 791 3062 magis
819 3002 912 3040 fieri.
934 3024 956 3029 -
978 3002 1085 3039 Aliae
1112 3014 1206 3039 vero
1235 3001 1445 3050 qualitates,

388 3069 486 3107 quae
515 3064 603 3094 sunt
630 3055 749 3103 magis
779 3055 957 3092 distantes
986 3067 1007 3091 a
1035 3053 1262 3101 substantia,
1293 3061 1329 3091 et
1357 3067 1446 3091 con-

388 3110 594 3158 iunguntur
611 3108 850 3158 passionibus
871 3115 907 3145 et
925 3107 1147 3154 actionibus,
1163 3106 1348 3155 recipiunt
1367 3119 1446 3144 ma-

389 3162 443 3211 gis
472 3169 509 3198 et
536 3162 659 3198 minus
688 3161 899 3198 secundum
927 3159 1255 3209 participationem
1275 3159 1445 3200 subiecti.

442 3216 572 3252 Potest
599 3221 727 3251 autern
757 3221 793 3251 et
821 3213 938 3261 magis
959 3212 1132 3262 explicari
1155 3211 1375 3249 huiusmodi
1396 3212 1447 3249 di-

387 3267 574 3305 versitatis
611 3267 716 3304 ratio.
746 3267 796 3304 Ut
834 3265 936 3303 enim
965 3265 1105 3303 dictum
1134 3273 1205 3312 est,
1235 3265 1274 3302 id
1311 3277 1333 3302 a
1369 3278 1445 3314 quo

389 3321 530 3369 aliquid
558 3320 672 3357 habet
700 3319 880 3368 speciem,
910 3325 1059 3367 oportet
1087 3329 1241 3355 manere
1266 3317 1386 3355 fixum
1411 3325 1447 3355 et

389 3381 492 3411 stans
520 3374 558 3410 in
585 3371 812 3410 indivisibili.
841 3372 1004 3408 Duobus
1031 3371 1141 3419 igitur
1168 3370 1294 3407 modis
1321 3378 1446 3419 potest

2459 241 2527 277 331

1482 321 1698 368 contingere
1733 320 1838 368 quod
1873 320 1994 356 forma
2021 332 2099 356 non
2127 319 2368 367 participatur
2403 331 2533 355 secun-

1483 375 1575 411 dum
1595 373 1714 421 magis
1735 380 1770 409 et
1789 372 1926 409 minus.
1947 373 2033 409 Uno
2053 373 2182 419 modo,
2204 372 2292 418 quia
2310 371 2534 420 participans

1482 427 1596 464 habet
1615 426 1781 474 speciem
1801 424 2011 462 secundum
2031 424 2164 472 ipsam.
2186 425 2234 460 Et
2253 424 2338 460 inde
2359 431 2413 460 est
2432 423 2535 471 quod

1483 480 1584 516 nulla
1612 479 1735 516 forma
1772 477 2023 515 substantialis
2059 476 2299 525 participatur
2326 476 2534 512 secundum

1482 531 1602 590 magis
1622 539 1657 568 et
1677 531 1815 567 minus.
1832 532 1880 567 Et
1898 537 2054 578 propter
2073 531 2146 566 hoc
2166 529 2418 576 Philosophus
2439 528 2535 574 dicit,

1484 584 1521 620 in
1536 585 1622 620 VIII
1637 585 1853 631 Metaphys.
1864 583 1884 604 '³‘
1887 583 2028 631 .quod,
2044 582 2138 618 sicut
2151 593 2328 618 numerus
2343 593 2415 617 non
2431 581 2540 616 hahet
2566 585 2715 638 DSd‘slhbffl·
2721 591 2783 638 2393

1485 637 1608 686 magis
1636 648 1754 685 neque
1781 636 1915 681 minus,
1935 636 1988 672 sic
2006 646 2125 683 neque
2151 635 2354 670 substantia
2374 645 2471 691 quae
2489 639 2542 668 est
2565 644 2597 664 ¹¹¹
2613 644 2636 659 1²
2651 644 2682 659 ¹0-

1483 689 1686 725 secundum
1714 689 1893 736 speciem,
1924 688 2018 725 idest
2047 695 2230 736 quantum
2260 687 2307 723 ad
2344 685 2540 734 participa-

1485 741 1629 781 tionem
1650 742 1793 778 formae
1814 741 2028 789 specificae;
2052 740 2118 776 sed
2133 740 2167 776 si
2179 739 2325 787 quidem
2341 750 2437 786 quae
2456 750 2540 774 cum

1486 794 1656 838 materia,
1677 794 1787 840 idest,
1809 793 2019 830 secundum
2049 792 2259 829 materiales
2278 790 2541 839 dispositiones

1487 845 1676 882 invenitur
1691 846 1809 894 magis
1825 853 1861 882 et
1876 846 2000 882 minus
2016 845 2053 882 in
2068 844 2409 882 substantia-Alio
2424 844 2541 880 modo

1487 905 1612 946 potest
1639 898 1855 946 contingere
1880 911 1924 934 ex
1944 899 2018 935 hoc
2045 897 2150 946 quod
2173 897 2254 946 ipsa
2273 895 2542 934 indivisibilitas

1490 958 1544 987 est
1568 952 1615 988 de
1641 951 1784 987 ratione
1804 952 1970 987 formae:
1999 951 2100 987 unde
2125 957 2274 998 oportet
2293 949 2410 997 quod,
2430 949 2459 986 si
2480 948 2543 985 ali-

1490 1003 1580 1051 quid
1595 1003 1790 1052 participet
1804 1004 1968 1040 formam
1984 1004 2097 1049 illam,
2114 1004 2217 1051 quod
2232 1002 2427 1051 participet
2441 1001 2542 1038 illam

1490 1055 1701 1092 secundum
1736 1056 1921 1092 rationem
1954 1055 2266 1092 indivisibilitatis.
2296 1056 2345 1091 Et
2372 1055 2459 1091 inde
2489 1061 2544 1090 est

1491 1109 1596 1156 quod
1615 1108 1760 1157 species
1775 1108 1924 1145 numeri
1944 1121 2021 1144 non
2042 1108 2215 1145 dicuntur
2234 1107 2445 1144 secundum
2465 1118 2545 1143 ma-

1490 1161 1545 1208 gis
1580 1169 1615 1198 et
1652 1161 1796 1198 minus:
1826 1161 1914 1209 quia
1951 1172 2202 1210 unaquaeque
2239 1159 2383 1209 species
2419 1159 2456 1195 in
2494 1159 2544 1195 eis

1492 1214 1727 1250 constituitur
1745 1226 1813 1262 per
1831 1213 2096 1251 indivisibilem
2116 1213 2311 1250 unitatem.
2341 1213 2390 1248 Et
2409 1211 2543 1248 eadem

1492 1266 1585 1302 ratio
1616 1274 1670 1303 est
1698 1266 1745 1303 de
1774 1266 1972 1314 speciebus
1996 1266 2210 1314 quantitatis
2231 1265 2428 1301 continuae
2449 1276 2545 1312 quae

1493 1319 1705 1355 secundum
1733 1331 1914 1355 numeros
1942 1318 2185 1368 accipiuntur,
2212 1326 2254 1354 ut
2281 1317 2490 1354 bicubitum
2511 1324 2547 1352 et

1493 1371 1729 1415 tricubitum;
1760 1379 1796 1407 et
1824 1372 1870 1408 de
1899 1371 2152 1418 relationibus,
2182 1378 2223 1407 ut
2246 1371 2403 1418 duplum
2434 1378 2470 1406 et
2487 1369 2547 1405 tri-

1493 1423 1620 1470 plum;
1651 1430 1687 1459 et
1715 1424 1761 1460 de
1788 1423 1929 1471 figuris,
1958 1431 1999 1460 ut
2026 1423 2216 1471 trigonum
2244 1431 2279 1459 et
2296 1430 2545 1470 tetragonum.

1494 1475 1543 1511 Et
1570 1476 1669 1511 hanc
1696 1475 1880 1512 rationem
1909 1476 2015 1524 ponit
2041 1476 2258 1512 Aristoteles
2286 1475 2323 1512 in
2349 1474 2548 1512 Praedica-

1494 1528 1626 1563 mentis
1649 1527 1687 1574 ²¹²,
1715 1528 1792 1574 ubi,
1821 1528 2015 1575 assignans
2043 1528 2229 1565 rationem
2261 1540 2378 1575 quare
2405 1528 2548 1575 figurae
2574 1538 2586 1549 ⁴
2602 1538 2698 1565 cap-w,
2714 1544 2784 1566 n-23-

1495 1591 1573 1616 non
1602 1579 1785 1628 recipiunt
1813 1581 1933 1628 magis
1962 1588 1997 1617 et
2024 1581 2167 1627 minus,
2197 1580 2304 1617 dicit:
2338 1581 2443 1621 Quae
2470 1580 2548 1627 qui-

1495 1632 1578 1668 dem
1594 1632 1692 1668 enim
1713 1637 1724 1653 ⁵
1739 1632 1923 1680 recipiunt
1940 1633 2081 1682 trigoni
2093 1634 2275 1669 rationem
2295 1638 2330 1668 et
2348 1632 2487 1678 circuli,
2503 1633 2549 1668 si-
2675 1641 2684 1656 Ξ

1495 1684 1632 1722 militer
1650 1685 1800 1734 trigona
1819 1685 1879 1721 vel
1897 1686 2029 1722 circuli
2044 1691 2150 1722 sunt:
2171 1685 2258 1733 quia
2273 1685 2411 1722 scilicet
2430 1683 2441 1709 ζ
2457 1684 2550 1721 indi·
2673 1685 2687 1713 ζ

1495 1737 1687 1774 visibilitas
1716 1745 1772 1774 est
1790 1738 1836 1774 de
1864 1737 1945 1786 ipsa
1966 1750 2099 1775 eorum
2119 1738 2282 1785 ratione,
2306 1737 2409 1774 unde
2437 1749 2550 1785 quae-

1497 1802 1661 1838 cumque
1677 1790 1899 1839 participant
1913 1790 2099 1827 rationem
2116 1802 2262 1837 eorum,
2279 1797 2427 1839 oportet
2447 1789 2550 1838 quod

1496 1842 1768 1879 indivisibiliter
1794 1843 2027 1892 participent.

1552 1895 1614 1932 Sic
1641 1895 1750 1943 igitur
1775 1903 1879 1944 patet
1907 1897 2021 1944 quod,
2043 1908 2130 1932 cum
2158 1895 2307 1931 habitus
2331 1902 2368 1931 et
2396 1894 2551 1943 disposi-

1496 1947 1617 1985 tiones
1647 1947 1818 1985 dicantur
1845 1949 2054 1986 secundum
2081 1947 2253 1985 ordinem
2273 1947 2322 1984 ad
2341 1947 2492 2006 aliquid,
2513 1955 2552 1984 ut

1498 2000 1631 2037 dicitur
1658 2000 1696 2036 in
1714 2001 1782 2038 VII
1801 2002 1949 2049 Physic.
1970 2001 2006 2022 ³¹⁶·
1998 2000 2233 2049 ,dupliciter
2250 2007 2375 2049 potest
2392 1999 2551 2037 intensio
2578 2006 2760 2054 ’(339Γ-ἦξ1,,ἓὲῑ4
2767 2011 2789 2053 3·

1499 2061 1534 2090 et
1562 2053 1734 2090 remissio
1763 2053 1802 2090 in
1828 2054 2017 2090 habitibus
2047 2061 2081 2090 et
2106 2053 2412 2102 dispositionibus
2433 2053 2553 2090 consi·
2578 2064 2609 2080 w·
2782 2048 2788 2059 '

1499 2106 1632 2142 derari.
1665 2106 1751 2143 Uno
1780 2106 1919 2154 modo,
1947 2106 2158 2143 secundum
2192 2118 2252 2142 se:
2280 2113 2393 2154 prout
2421 2105 2553 2142 dicitur

1498 2159 1621 2195 maior
1647 2159 1709 2195 vel
1737 2159 1862 2195 minor
1899 2158 2057 2204 sanitas;
2085 2159 2147 2195 vel
2178 2158 2301 2195 maior
2333 2159 2394 2195 vel
2428 2158 2553 2195 minor

1499 2211 1665 2258 scientia,
1688 2223 1785 2260 quae
1805 2211 1854 2248 ad
1872 2212 1980 2260 plura
1998 2212 2061 2248 vel
2079 2211 2261 2259 pauciora
2279 2224 2319 2247 se
2341 2211 2512 2248 extendit.
2528 2232 2551 2238 -

1499 2264 1584 2300 Alio
1615 2263 1754 2310 modo,
1783 2264 1995 2300 secundum
2022 2263 2347 2312 participationem
2376 2263 2552 2300 subiecti:

1499 2324 1613 2365 prout
1641 2315 1780 2352 scilicet
1807 2316 1975 2364 aequalis
2004 2316 2157 2353 scientia
2183 2317 2246 2352 vel
2273 2316 2410 2353 sanitas
2434 2316 2554 2363 magis

1500 2369 1676 2418 recipitur
1703 2369 1742 2405 in
1769 2381 1848 2405 uno
1877 2381 1994 2417 quam
2022 2370 2060 2406 in
2088 2369 2174 2416 alio,
2204 2370 2413 2406 secundum
2434 2369 2555 2405 diver-

1501 2434 1583 2460 sam
1608 2421 1855 2470 aptitudinem
1881 2422 1944 2458 vel
1974 2434 2019 2458 ex
2046 2429 2179 2459 natura
2205 2423 2266 2459 vel
2291 2434 2336 2458 ex
2356 2428 2555 2471 consuetu-

1501 2475 1599 2512 dine.
1630 2475 1721 2511 Non
1747 2474 1848 2511 enim
1867 2474 2017 2511 habitus
2037 2482 2072 2512 et
2092 2474 2286 2522 dispositio
2307 2474 2369 2511 dat
2388 2473 2553 2522 speciem

1500 2527 1686 2564 subiecto:
1716 2539 1840 2575 neque
1875 2527 2012 2564 iterum
2039 2527 2163 2563 in‚sui
2191 2527 2334 2564 ratione
2363 2526 2518 2563 includit
2536 2532 2554 2553 η
2679 2533 2694 2555 ⁷¹

1499 2580 1828 2616 indivisibilitatem
1849 2580 1880 2615 ²¹².
2567 2583 2592 2615 ,⁴
2606 2583 2686 2611 D·3¹5·
2703 2589 2772 2610 1051oe

1554 2632 1763 2678 Quomodo
1796 2639 1924 2668 autem
1960 2631 2057 2668 circa
2091 2632 2246 2669 virtutes
2274 2630 2286 2653 θ
2319 2644 2358 2668 se
2394 2632 2552 2678 habeat,
2678 2633 2690 2657 ⁰

2583 2689 2590 2698 ¹
2601 2688 2715 2715 Qunam,
2724 2691 2765 2709 art.
2775 2693 2791 2708 1.

1500 2685 1595 2721 infra
1613 2684 1633 2707 ³¹⁸
1662 2684 1815 2721 dicetur.

1553 2739 1611 2774 AD
1640 2749 1776 2774 PRIMUM
1804 2749 1901 2774 ERGO
1929 2749 2112 2774 DICENDUM
2141 2737 2257 2786 quod,
2288 2737 2382 2773 sicut
2409 2749 2553 2774 nomen

1501 2790 1767 2838 magnitudinis
1796 2789 1985 2827 derivatur
2012 2802 2034 2826 a
2062 2789 2325 2838 quantitatibus
2354 2789 2554 2838 corporali-

1500 2843 1572 2880 bus
1599 2844 1647 2880 ad
1680 2842 1923 2890 intelligibiles
1959 2842 2208 2890 perfectiones
2245 2843 2474 2888 formarum3
2504 2842 2554 2879 ita

1501 2895 1613 2932 etiam
1634 2903 1670 2932 et
1689 2907 1832 2932 nomen
1852 2895 2051 2943 augmenti,
2073 2895 2178 2932 cuius
2199 2895 2381 2932 terminus
2402 2902 2456 2931 est
2474 2907 2554 2931 rna-

1500 2960 1630 2996 gnum.

1553 3002 1612 3037 AD
1645 3012 1832 3038 SECUNDUM
1866 3011 2048 3037 mOENDUM
2077 3000 2182 3048 quod
2214 2999 2364 3037 ha'bitus
2397 3000 2553 3059 quidem

1500 3053 1680 3102 perfectio
1710 3061 1785 3090 est:
1815 3065 1892 3089 non
1920 3060 2048 3089 tamen
2075 3053 2157 3089 talis
2184 3053 2363 3101 perfectio
2392 3065 2490 3102 quae
2511 3053 2555 3089 sit

1500 3105 1682 3142 terminus
1710 3106 1767 3142 sui
1795 3105 1963 3152 subiecti,
1992 3112 2083 3153 puta
2112 3105 2206 3142 dans
2234 3105 2269 3142 ei
2296 3118 2378 3142 esse
2407 3104 2569 3154 specifi-

1502 3170 1601 3195 cum.
1631 3159 1768 3206 Neque
1798 3158 1910 3194 etiam
1942 3158 1980 3194 in
2009 3158 2065 3194 sui
2094 3158 2238 3195 ratione
2266 3159 2470 3195 terminum
2499 3158 2554 3194 in-

1502 3210 1626 3258 cludit,
1657 3211 1751 3248 sicut
1778 3210 1924 3259 species
1942 3222 2202 3247 numerorum.
2228 3211 2337 3248 Unde
2356 3211 2446 3248 nihil
2465 3223 2552 3259 pro-

1500 3264 1604 3301 hibet
1631 3263 1723 3312 quin
1752 3263 1905 3312 recipiat
1931 3263 2051 3312 magis
2080 3271 2117 3300 et
2144 3263 2280 3301 minus.

1553 3318 1611 3353 AD
1630 3328 1789 3353 TERT1UM
1816 3328 1999 3354 DiCENDUM
2018 3317 2123 3365 quod
2142 3316 2308 3353 alteratio
2328 3316 2452 3365 primo
2473 3317 2553 3366 qui-

1501 3369 1591 3406 dem
1620 3377 1674 3406 est
1702 3369 1740 3406 in
1769 3369 2007 3418 qualitatibus
2033 3369 2163 3406 tertiae
2192 3369 2340 3418 speciei.
2372 3370 2413 3406 In
2437 3370 2554 3417 quali-

441 3488 463 3520 ε)
483 3487 561 3512 enim.
579 3499 596 3505 -
616 3487 676 3511 Orn.
697 3486 774 3515 PGa5
793 3485 887 3518 magis.
900 3503 923 3509 ..

388 3526 430 3548 ter
449 3523 546 3548 addunt
565 3522 610 3546 Pa.

441 3557 466 3590 ζ)
485 3558 591 3583 scilicet.
606 3571 624 3576 -
642 3557 702 3581 Om.
722 3557 767 3581 Ρα.

943 3485 1074 3516 recipiunt
1092 3492 1145 3509 om.
1160 3485 1190 3509 1..
1201 3498 1219 3503 —
1233 3487 1259 3508 et
1278 3488 1335 3509 ante
1354 3483 1446 3508 simili-

1553 3484 1578 3515 η)
1617 3483 1737 3508 includit.
1751 3498 1771 3502 —
1790 3484 1928 3510 includunt
1946 3485 2150 3510 ABCDGHIKI..

1552 3517 1576 3551 θ)
1596 3519 1716 3544 virtutes.
1734 3533 1752 3538 -
1770 3519 1895 3545 virtutem
1917 3521 1960 3545 Ρα.
