2852 4152
96 819 253 868 :rafmquu
268 819 306 841 ln-

97 1243 308 1298 }:awsstsscssal'illz
366 1280 373 1291 s

1029 239 1294 287 QUAEsrlo
1324 239 1426 285 Lm,
1455 236 1750 274 ARTICULUS
1780 237 1793 272 1

2423 235 2496 284 337

700 438 1112 509 QUAEsTlo
1151 430 2137 514 QquUAGEsmATERTm

607 563 697 604 DE
737 563 1215 605 CORRUPTIONE
1254 563 1336 603 ET
1371 560 1825 602 DIMINUTIONE
1868 558 2226 600 HABITUUM

1157 670 1192 694 IN
1219 669 1309 694 TRES
1336 667 1537 693 ARTICULOS
1565 667 1680 692 D1VISA

417 773 525 799 emm:
558 762 876 800 considerandum
911 769 966 799 est
998 762 1045 799 de
1082 762 1321 811 corruptione
1356 768 1392 798 et

418 814 666 852 diminutione
694 814 893 851 habituum
910 814 942 851 '¹‘.

335 863 385 905 Et
411 867 508 904 circa
535 868 610 903 hoc
637 875 870 915 quaeruntur
897 867 976 904 tria.

1498 760 1650 797 Primo:
1678 769 1806 796 utrum
1834 757 1983 796 habitus
2013 756 2205 806 corrumpi
2233 756 2362 805 possit.

1501 810 1700 849 Secundo:
1728 819 1856 848 utrum
1884 810 2003 860 possit
2031 809 2199 848 diminui.

1500 865 1652 902 Tertio:
1682 865 1729 902 de
1757 864 1876 902 modo
1907 862 2158 912 corruptionis
2178 870 2213 900 et
2233 860 2503 899 diminutionis.

1144 973 1458 1016 ARTICULUS
1490 970 1693 1015 PRIMUS

1030 1065 1184 1097 UTRUM
1207 1065 1394 1096 HA131Tus
1418 1064 1641 1096 CORRUMPI
1665 1062 1812 1095 possm*

1221 1144 1288 1169 Part.
1307 1144 1331 1175 1,
1351 1151 1395 1176 qu.
1415 1151 1517 1174 umx,
1537 1149 1582 1168 art.
1603 1142 1627 1168 5.

394 1252 436 1276 ψ
456 1255 525 1294 JK<
547 1245 570 1270 D
590 1243 726 1269 ramum
746 1243 799 1268 sm
819 1243 1046 1268 moer-:mma
1058 1231 1089 1268 ’¹‘.
1109 1230 1268 1268 Videtur
1286 1230 1391 1277 quod

478 1285 525 1353 ’ἒῆ
548 1285 697 1321 habitus
732 1283 924 1332 corrumpi
958 1295 1035 1320 non
1062 1283 1192 1332 possit.
1232 1282 1391 1319 Habitus

356 1368 366 1381 ,
453 1363 462 1391 L
491 1342 518 1385 (¹.
532 1336 651 1373 enim
670 1336 766 1372 inest
785 1335 878 1372 sicut
897 1343 1030 1372 natura
1049 1335 1259 1382 quaedam.
1289 1335 1391 1371 unde

358 1378 377 1393 '⁴
395 1406 403 1414 x
507 1383 539 1434 ἢ
548 1395 786 1438 operationes
806 1388 1017 1424 secundum
1033 1387 1205 1423 habitum
1225 1394 1311 1423 sunt
1330 1387 1393 1423 de-

270 1458 278 1459 *
335 1437 536 1478 lectabiles.
568 1440 644 1477 Sed
672 1447 806 1476 natura
831 1451 909 1476 non
929 1439 1192 1487 corrumpitur,
1217 1446 1394 1475 manente

338 1505 384 1531 eo
404 1493 510 1530 cuius
530 1500 585 1530 est
599 1499 744 1529 natura.
765 1493 866 1539 Ergo
887 1496 1010 1539 neque
1031 1492 1181 1528 habitus
1201 1491 1393 1539 corrumpi

335 1553 472 1596 potest,
502 1553 679 1582 manente
708 1545 890 1582 subiecto.

391 1607 426 1636 2.
446 1599 678 1644 PRAETEREA,
704 1597 829 1634 omnis
857 1596 1047 1646 corruptio
1076 1595 1222 1632 formae
1249 1596 1312 1633 vel
1340 1603 1395 1632 est

335 1662 406 1700 per
437 1651 726 1700 corruptionem
754 1649 930 1696 subiecti,
960 1649 1022 1686 vel
1051 1655 1107 1685 est
1134 1661 1156 1685 a
1185 1648 1394 1685 contrario:

337 1703 432 1741 sicut
459 1703 653 1752 aegritudo
678 1702 931 1751 corrumpitur
951 1709 1128 1751 corrupto
1149 1701 1312 1748 animali,
1333 1702 1395 1738 vel

337 1757 451 1794 etiam
479 1755 770 1806 superveniente
799 1755 965 1792 sanitate.
997 1754 1072 1791 Sed
1101 1753 1266 1801 scientia,
1296 1765 1394 1803 quae

338 1817 394 1847 est
426 1807 583 1858 quidam
615 1809 784 1853 habitus,
824 1820 902 1844 non
938 1814 1063 1856 potest
1099 1807 1290 1855 corrumpi
1326 1818 1396 1855 per

337 1861 623 1911 corruptionem
652 1861 830 1898 subiecti:
869 1860 956 1909 quia
985 1859 1206 1906 intellectus,
1236 1859 1300 1909 qui
1340 1867 1395 1896 est

337 1914 550 1953 subiectum
579 1914 679 1962 eius,
709 1919 762 1950 est
787 1913 991 1950 substantia
1024 1913 1229 1961 quaedam,
1259 1918 1294 1948 et
1320 1924 1394 1949 non

98 1974 111 1986 ⁸
175 1989 182 1996 ·
214 1989 223 2000 ‚
239 1989 255 2021 ⁶·
336 1968 602 2016 corrumpitur,
631 1974 672 2003 ut
691 1966 823 2003 dicitur
841 1966 879 2002 in
900 1967 914 2002 Ι
934 1966 980 2003 de
997 1965 1138 2002 Anima
1158 1965 1188 2002 ³¹².
1219 1965 1397 2002 Similiter

339 2020 450 2058 etiam
471 2033 549 2057 non
567 2027 692 2069 potest
711 2018 902 2067 corrumpi
921 2031 943 2055 a
964 2018 1173 2055 contrario:
1202 2030 1292 2054 nam
1312 2029 1396 2066 spe-

339 2073 414 2110 cies
442 2072 686 2120 intelligibiles
714 2083 792 2108 non
816 2078 903 2108 sunt
922 2071 970 2108 ad
990 2071 1153 2108 invicem
1174 2070 1394 2117 contrariae,

258 2141 310 2156 v·-
337 2133 380 2163 ut
399 2125 534 2163 dicitur
561 2125 600 2162 in
618 2125 687 2162 VII
707 2125 922 2172 Metaphys.
938 2123 958 2146 ’¹‘
986 2124 1088 2171 Ergo
1107 2123 1257 2160 habitus
1277 2123 1397 2160 scien-

305 2177 310 2183 '
338 2178 410 2215 tiae
438 2179 540 2215 nullo
570 2177 689 2215 modo
719 2176 911 2226 corrumpi
938 2183 1073 2225 potest.

394 2231 428 2268 3.
447 2231 680 2276 Parim-snm,
711 2229 836 2266 omnis
861 2229 1049 2278 corruptio
1070 2235 1126 2265 est
1143 2240 1212 2276 per
1230 2228 1396 2276 aliquem

338 2290 497 2320 motum.
528 2283 606 2320 Sed
632 2282 780 2319 habitus
811 2281 1003 2328 scientiae,
1032 2281 1096 2330 qui
1125 2288 1180 2317 est
1197 2280 1235 2317 in
1255 2280 1395 2328 anima,

338 2346 418 2373 non
449 2342 573 2385 potest
605 2333 798 2384 corrumpi
828 2346 898 2383 per
931 2311 1080 2370 mo⁷tum
1112 2345 1182 2381 per
1209 2345 1248 2369 se
1281 2333 1397 2382 ipsius

339 2388 509 2426 animae:
539 2387 626 2437 quia
661 2387 789 2424 anima
821 2398 889 2435 per
916 2399 955 2423 se
984 2398 1064 2423 non
1092 2393 1280 2422 movetur.
1311 2387 1398 2422 Mo-

338 2448 450 2478 vetur
476 2448 604 2478 autem
631 2452 700 2489 per
729 2439 905 2476 accidens
932 2450 1001 2488 per
1027 2433 1176 2476 motum
1215 2438 1397 2487 corporis.

339 2493 456 2531 Nulla
474 2500 601 2530 autem
620 2492 881 2529 transmutatio
902 2491 1107 2540 corporalis
1121 2490 1273 2528 videtur
1285 2503 1398 2540 posse

341 2557 586 2594 corrumpere
616 2545 760 2594 species
787 2544 1034 2592 intelligibiles
1054 2543 1251 2580 existentes
1280 2543 1318 2580 in
1346 2544 1399 2580 in-

340 2599 506 2636 tellectu:
537 2610 624 2634 curn
654 2597 862 2634 intellectus
890 2597 935 2633 sit
962 2608 1032 2644 per
1057 2608 1096 2632 se
1125 2596 1230 2632 locus
1259 2595 1399 2644 specie-

341 2662 443 2698 rum,
472 2650 552 2687 sine
581 2661 760 2698 corpore:
787 2650 891 2686 unde
923 2649 1074 2698 ponitur
1102 2648 1207 2696 quod
1235 2660 1305 2685 nec
1332 2660 1402 2697 per

342 2703 491 2740 senium
520 2714 590 2740 nec
618 2714 687 2751 per
719 2709 883 2738 mortem
913 2708 1206 2750 corrumpuntur
1236 2701 1398 2738 habitus.

343 2757 444 2804 Ergo
465 2755 620 2792 scientia
645 2755 836 2803 corrumpi
855 2765 933 2791 non
951 2761 1086 2803 potest.
1115 2754 1164 2790 Et
1181 2765 1250 2802 per
1270 2765 1401 2790 conse-

343 2819 475 2858 quens,
498 2819 568 2845 nec
582 2807 732 2844 habitus
745 2806 904 2854 virtutis,
921 2806 986 2855 qui
1000 2806 1114 2843 etiam
1140 2813 1195 2842 est
1215 2806 1253 2842 in
1273 2806 1401 2843 anima

292 2884 315 2894 .-
343 2861 535 2898 rationali:
564 2867 610 2907 et,
641 2860 736 2896 sicut
758 2859 1013 2908 Philosophus
1033 2858 1120 2896 dicit
1139 2858 1177 2895 in
1196 2859 1209 2895 Ι
1230 2859 1349 2896 Ethic.
1366 2858 1398 2906 ²¹²,

283 2906 315 2921 ν’
342 2914 496 2951 virtutes
521 2918 607 2949 sunt
628 2913 950 2961 permanentiores
978 2911 1188 2959 disciplinis.

397 2967 471 3003 SED
491 2977 636 3003 CONTRA
655 2977 721 3002 EST
735 2965 840 3013 quod
858 2964 1113 3013 Philosophus
1133 2963 1230 3010 dicit,
1250 2963 1287 2999 in
1306 2963 1400 3000 libro

344 3020 389 3056 de
402 3018 656 3068 Longitudine
674 3023 710 3055 et
725 3017 915 3054 Brevitate
934 3017 1039 3054 Vitae
1051 3015 1084 3063 ³¹²,
1105 3016 1208 3064 quod
1227 3016 1402 3052 scientiae

344 3071 534 3120 corruptio
560 3076 614 3108 est
636 3070 772 3108 oblivio
800 3076 835 3107 et
856 3069 1030 3118 deceptio.
1060 3068 1261 3105 Peccando
1289 3068 1400 3106 etiarn

345 3124 476 3173 aliquis
509 3123 680 3160 habitum
708 3122 856 3160 virtutis
888 3121 1033 3159 amittit.
1063 3121 1111 3158 Et
1139 3124 1184 3158 ex
1208 3121 1402 3158 contrariis

345 3178 490 3214 actibus
517 3177 674 3213 virtutes
706 3182 932 3223 generantur
960 3182 995 3211 et
1023 3181 1333 3222 corrumpuntur,
1362 3180 1403 3210 ut

212 3253 219 3265 ‚
245 3253 253 3286 3
278 3243 319 3278 ‘⁷2
345 3230 477 3268 dicitur
506 3230 538 3266 11
567 3229 685 3265 Ethic.
703 3229 724 3250 ⁸

399 3283 624 3319 RespoNneo
648 3292 831 3318 mcermum
855 3279 960 3328 quod
984 3278 1194 3316 seeundum
1214 3291 1253 3315 se
1269 3277 1403 3315 dicitur

345 3335 470 3384 aliqua
498 3335 621 3371 forma
639 3332 831 3382 corrumpi
850 3345 918 3382 per
937 3331 1165 3368 contrarium
1186 3343 1314 3368 suum.
1334 3343 1403 3380 per

346 3388 520 3425 accidens
556 3394 701 3434 autem,
730 3397 799 3435 per
827 3384 1110 3443 corruptionem
1144 3383 1201 3421 sui
1234 3383 1400 3421 subiecti.

347 3441 386 3478 Si
419 3440 528 3489 igitur
561 3439 669 3476 fuerit
701 3438 834 3487 aliquis
866 3437 1015 3475 habitus
1052 3437 1157 3474 cuius
1191 3436 1402 3473 subiectum

1447 1237 1502 1266 est
1521 1229 1775 1278 corruptibile,
1797 1237 1834 1266 et
1853 1230 1958 1266 cuius
1979 1242 2092 1266 causa
2120 1229 2234 1266 habet
2263 1229 2504 1276 contrarium,

1447 1290 1609 1330 utroque
1643 1283 1760 1319 modo
1795 1282 1988 1331 corrumpi
2020 1282 2177 1330 poterit:
2206 1282 2301 1319 sicut
2328 1290 2430 1332 patet
2458 1282 2505 1319 de

1447 1335 1637 1371 habitibus
1658 1335 1927 1383 corporalibus,
1957 1335 2095 1371 scilicet
2113 1335 2269 1372 sanitate
2293 1343 2328 1371 et
2349 1335 2507 1383 aegritu-

1449 1387 1547 1423 dine.
1563 1408 1588 1414 -
1606 1387 1659 1423 Illi
1677 1399 1770 1423 vero
1791 1387 1941 1424 habitus
1960 1399 2124 1436 quorum
2144 1387 2358 1424 subiectum
2378 1395 2434 1424 est
2451 1387 2506 1424 in-

1450 1438 1701 1487 corruptibile,
1728 1452 1806 1476 non
1826 1447 1984 1488 possunt
2013 1440 2203 1488 corrumpi
2227 1453 2295 1489 per
2317 1441 2505 1478 accidens.

1450 1491 1546 1527 Sunt
1573 1499 1701 1528 tamen
1730 1492 1879 1528 habitus
1902 1492 2056 1540 quidam
2076 1493 2151 1541 qui,
2173 1493 2240 1529 etsi
2259 1493 2508 1542 principaliter

1450 1543 1522 1580 sint
1549 1543 1588 1580 in
1616 1543 1784 1580 subiecto
1814 1544 2095 1593 incorruptibili,
2126 1546 2349 1582 secundario
2378 1554 2507 1582 tamen

1450 1603 1537 1632 sunt
1564 1595 1601 1632 in
1630 1595 1798 1632 subiecto
1826 1597 2077 1645 corruptibili:
2106 1597 2202 1634 sicut
2219 1598 2370 1635 habitus
2388 1598 2507 1635 scien-

1449 1648 1542 1694 tiae,
1577 1648 1642 1697 qui
1678 1648 1932 1697 principaliter
1969 1657 2023 1686 est
2060 1649 2214 1698 quidem
2249 1650 2286 1687 in
2319 1650 2508 1688 intellectu

1449 1699 1630 1749 possibili,
1660 1701 1884 1738 secundario
1914 1709 2041 1738 autem
2069 1701 2108 1738 in
2134 1701 2278 1739 viribus
2298 1704 2508 1752 apprehen—

1450 1752 1541 1790 sivis
1561 1753 1759 1801 sensitivis,
1788 1761 1830 1790 ut
1849 1766 1962 1802 supra
1980 1754 2000 1776 ³¹⁶
2029 1754 2170 1791 dictum
2190 1763 2256 1792 est.
2288 1754 2338 1792 Et
2355 1755 2442 1793 ideo
2463 1766 2509 1792 ex
2536 1765 2544 1773 ·

1449 1813 1556 1855 parte
1585 1806 1792 1843 intellectus
1819 1806 2019 1855 possibilis,
2047 1807 2198 1844 habitus
2226 1807 2401 1845 scientiae
2430 1821 2508 1845 non
2550 1805 2556 1812 ’

1450 1866 1575 1907 potest
1598 1859 1788 1907 corrumpi
1807 1871 1876 1908 per
1895 1859 2085 1906 accidens;
2106 1859 2173 1897 sed
2193 1861 2316 1897 solum
2339 1873 2383 1897 ex
2402 1868 2507 1910 parte

1450 1911 1670 1948 inferiorum
1698 1911 1837 1948 virium
1866 1911 2140 1950 sensitivamm.

1503 1964 1572 2000 Est
1590 1963 1699 2012 igitur
1718 1964 2038 2002 considerandum
2059 1965 2089 2002 si
2112 1973 2272 2014 possunt
2291 1965 2509 2003 huiusmodi

1450 2016 1600 2053 habitus
1626 2028 1697 2065 per
1723 2029 1762 2053 se
1793 2018 1994 2066 corrumpi.
2034 2017 2074 2054 Si
2102 2017 2212 2065 igitur
2238 2018 2349 2055 fuerit
2376 2018 2510 2067 aliquis

1451 2069 1600 2106 habitus
1635 2068 1700 2117 qui
1736 2070 1875 2106 habeat
1901 2069 2057 2119 aliquod
2094 2071 2340 2118 contrarium,
2369 2071 2431 2108 vel
2464 2083 2509 2107 ex

1451 2129 1555 2171 parte
1585 2134 1653 2158 sua
1679 2122 1742 2159 vel
1771 2134 1817 2159 ex
1843 2130 1949 2171 parte
1978 2134 2068 2159 suae
2097 2135 2248 2171 causae,
2276 2123 2414 2172 poterit
2441 2135 2510 2172 per

1452 2187 1492 2211 se
1513 2174 1726 2223 corrumpi:
1756 2174 1786 2211 si
1813 2186 1908 2211 vero
1938 2187 2015 2212 non
2035 2175 2148 2212 habet
2168 2176 2409 2223 contrarium,
2431 2189 2509 2213 non

1452 2227 1589 2276 poterit
1615 2238 1683 2275 per
1711 2239 1751 2263 se
1780 2228 1982 2276 corrumpi.
2019 2228 2262 2265 Manifestum
2296 2235 2350 2264 est
2382 2236 2509 2266 autem

1453 2279 1558 2328 quod
1573 2279 1717 2327 species
1733 2279 1967 2327 intelligibilis
1987 2280 2025 2317 in
2044 2279 2233 2317 intellectu
2246 2281 2415 2329 possibili
2436 2282 2511 2318 exi-

1453 2340 1566 2378 stens,
1596 2344 1675 2368 non
1702 2332 1817 2368 habet
1845 2332 1983 2380 aliquid
2013 2333 2253 2370 contrarium.
2285 2333 2421 2381 Neque
2444 2334 2508 2370 ite-

1454 2397 1539 2421 rum
1559 2384 1760 2421 intellectui
1779 2385 1902 2432 agenti
1919 2390 1952 2432 ⁴²,
1975 2385 2040 2433 qui
2060 2393 2116 2422 est
2136 2396 2249 2422 causa
2269 2386 2365 2433 eius,
2387 2394 2511 2434 potest

1454 2436 1594 2486 aliquid
1623 2449 1704 2473 esse
1739 2437 1980 2474 contrarium.
2020 2437 2130 2475 Unde
2159 2439 2189 2475 si
2213 2437 2344 2487 aliquis
2362 2439 2511 2476 habitus

1455 2490 1500 2527 sit
1527 2490 1565 2526 in
1594 2489 1781 2526 intellectu
1806 2490 1974 2538 possibili
2003 2490 2221 2527 immediate
2251 2491 2298 2527 ab
2323 2491 2511 2528 intellectu

1455 2549 1588 2590 agente
1622 2549 1812 2589 causatus,
1846 2542 1927 2579 talis
1955 2542 2105 2579 habitus
2139 2550 2194 2579 est
2221 2542 2511 2592 incorruptibilis

1455 2602 1491 2631 et
1518 2606 1588 2642 per
1614 2606 1654 2630 se
1675 2602 1712 2631 et
1729 2606 1798 2643 per
1823 2595 2008 2632 accidens.
2031 2595 2260 2632 Huiusmodi
2279 2604 2407 2633 autem
2426 2605 2512 2634 sunt

1455 2647 1605 2684 habitus
1631 2646 1845 2695 primorum
1877 2647 2166 2696 principiorum,
2194 2656 2272 2685 tam
2303 2649 2512 2698 speculabi-

1455 2699 1547 2736 lium
1575 2711 1692 2747 quam
1719 2700 1986 2748 practicorum,
2016 2700 2079 2750 qui
2103 2701 2205 2737 nulla
2232 2701 2423 2738 oblivione
2450 2702 2513 2739 vel

1456 2752 1678 2800 deceptione
1707 2753 1900 2801 corrumpi
1926 2760 2106 2801 possunt:
2136 2753 2230 2790 sicut
2256 2754 2513 2803 Philosophus

1457 2804 1562 2851 dicit,
1596 2804 1633 2841 in
1661 2805 1712 2841 VI
1740 2805 1859 2841 Ethic.
1888 2805 1924 2852 ³¹⁸,
1963 2806 2008 2842 de
2043 2806 2262 2854 prudentia,
2299 2806 2404 2855 quod
2437 2819 2511 2844 non
2540 2815 2597 2837 ‘Ca

1450 2858 1621 2906 perditur
1646 2869 1720 2905 per
1747 2858 1980 2894 oblivionem.
2011 2879 2034 2885 -
2063 2858 2210 2907 Aliquis
2236 2871 2330 2896 vero
2364 2859 2513 2896 habitus

1456 2917 1512 2946 est
1538 2910 1576 2946 in
1605 2910 1790 2946 intellectu
1815 2910 1986 2958 possibili
2006 2922 2051 2947 ex
2071 2910 2214 2948 ratione
2234 2919 2423 2959 causatuS,
2445 2911 2513 2949 sci-

1456 2963 1540 2999 licet
1567 2962 1716 2999 habitus
1746 2963 2055 3010 conclusionum,
2086 2963 2149 3012 qui
2178 2963 2313 3001 dicitur
2340 2965 2512 3002 scientia:

1457 3015 1562 3051 cuius
1591 3027 1729 3051 causae
1758 3015 1955 3064 dupliciter
1980 3023 2105 3064 potest
2123 3016 2264 3064 aliquid
2284 3017 2512 3054 contrarium

1457 3079 1551 3104 esse.
1581 3067 1668 3104 Uno
1698 3067 1833 3114 modo,
1871 3079 1915 3104 ex
1942 3070 2054 3116 parte'
2083 3067 2252 3117 ipsarum
2285 3069 2514 3119 propositio-

1456 3132 1550 3156 num
1567 3132 1611 3156 ex
1630 3119 1768 3168 quibus
1788 3120 1881 3156 ratio
1900 3120 2086 3168 procedit:
2109 3121 2248 3158 etenim
2265 3122 2511 3159 enuntiationi

1457 3185 1556 3220 quae
1577 3180 1642 3219 est,
1662 3174 1812 3209 Bonum
1832 3178 1887 3209 est
1903 3173 2054 3220 bonum,
2073 3174 2258 3211 contraria
2278 3183 2333 3212 est
2352 3187 2395 3212 ea
2415 3188 2513 3223 quae

1458 3232 1524 3272 est,
1552 3226 1702 3261 Bonum
1731 3236 1805 3261 non
1834 3231 1889 3261 est
1913 3226 2069 3272 bonum,
2099 3227 2310 3264 secundum
2343 3228 2515 3264 Philoso-

1456 3277 1618 3337 phum,
1609 3289 1646 3313 m
1667 3278 1698 3314 11
1718 3277 1923 3314 Periherm.
1939 3277 1960 3299 '¹'
1986 3278 2072 3315 Alio
2099 3279 2231 3326 modo,
2261 3288 2446 3328 quantum
2466 3280 2514 3318 ad
2543 3290 2552 3299 '

1457 3435 1718 3472 monstrativo.
1736 3434 1822 3472 Sic
1813 3435 1922 3484 1gitur
1935 3443 2037 3484 patet
2052 3437 2156 3485 quod
2171 3450 2239 3485 per
2254 3438 2387 3475 falsam
2407 3439 2516 3475 ratio-

400 3552 428 3586 α)
448 3552 591 3578 intellectui
609 3551 708 3585 agenti.
728 3566 744 3570 —
764 3551 790 3575 ἰη
810 3551 941 3575 intellectu
961 3554 1057 3583 agente
1076 3551 1146 3575 PGa.
1163 3564 1181 3568 -
1201 3550 1250 3574 Pro
1272 3553 1372 3582 potest,
1389 3549 1490 3581 poterit
1508 3549 1687 3574 ACDEFHIL.

488 3606 597 3630 Summe
616 3605 716 3629 Timor..
736 3604 767 3628 D.
780 3603 894 3628 Tamum.
907 3603 938 3627 Τ.
959 3603 998 3628 ΙΙΙ.

2341 3603 2373 3634 43

2579 1770 2602 1785 u.
2610 1770 2632 1791 ι,
2641 1768 2683 1785 art.
2690 1769 2710 1791 3,
2719 1769 2731 1784 a

2541 2842 2566 2864 s.
2576 2821 2622 2863 ΤΕΖ
2637 2821 2751 2863 ἷὲεἷῖ“ΝΖ“

2576 3288 2695 3316 supplem.
2723 3288 2751 3309 ad

2543 3318 2687 3336 commeans
2690 3314 2751 3345 .Th.‚

1457 3331 1583 3379 ipsum
1610 3341 1833 3389 processum
1861 3329 2032 3377 rationis;
2060 3339 2174 3380 prout
2197 3332 2436 3380 syllogismus
2455 3346 2515 3370 so·
2544 3342 2597 3389 '1⁰⁹¹
2603 3348 2661 3389 unv-

1457 3382 1636 3432 phisticus
1665 3383 1871 3431 opponitur
1898 3383 2117 3432 syllogismo
2147 3384 2341 3422 dialectico
2369 3386 2431 3422 vel
2453 3385 2516 3423 de·
2542 3374 2588 3421 ω’
