2852 4152
146 682 154 690 ·
170 680 225 702 Loc.
241 679 279 701 cit.

147 785 196 806 'De
201 786 287 807 Invent.
296 785 355 806 Rhe-

144 814 198 838 τοι,
214 812 254 832 lib.
270 812 287 833 1.

136 2765 189 2786 'Ca
210 2781 215 2786 .
230 2771 278 2791 i,n.
295 2764 348 2785 18.-

136 2771 216 2813 S.Tii.
231 2791 282 2812 lect.
299 2797 332 2812 ιιι.

385 231 433 266 66

384 309 560 346 videntur
589 322 725 346 causae
753 310 870 358 ipsius
899 319 1014 351 actus.
1041 312 1142 359 Ergo
1163 313 1265 349 nulla
1286 313 1444 349 circum-

385 362 518 398 stantia
551 362 665 399 debet
692 363 791 399 sumi
822 375 866 399 ex
901 362 1050 400 causass
1079 364 1195 412 ipsius
1228 372 1344 401 actus.
1382 364 1444 400 Sic

385 426 474 461 ergo
503 427 626 463 neque
647 416 739 463 quis,
761 428 884 463 neque
903 422 1060 464 propter
1078 418 1176 464 quid,
1198 428 1322 464 neque
1342 417 1443 453 circa

383 467 491 514 quid,
521 475 607 504 sunt
636 468 952 505 circumstantiae:
982 481 1069 505 nam
1100 470 1181 517 quis
1207 469 1368 517 pertinet
1395 469 1443 505 ad

384 532 539 557 causam
555 521 792 567 efficientem,
812 528 969 569 propter
983 522 1072 569 quid
1085 522 1131 558 ad
1152 522 1319 568 finalem,
1341 521 1442 557 circa

383 573 473 620 quid
499 573 548 609 ad
577 573 818 610 materialem.

437 626 510 662 SED
548 637 693 662 CONTRA
730 638 795 662 EST
830 625 1031 662 auctoritas
1062 625 1282 673 Philosophi
1319 625 1357 662 in
1391 627 1440 662 III

382 679 602 714 Ethicorum
621 678 651 714 ²¹⁴.

435 732 659 767 REspounEo
679 741 861 766 DICENDUM
890 729 994 776 quod
1014 730 1171 776 Tullius,
1196 729 1234 766 in
1257 743 1325 767 sua
1344 732 1442 767 Rhe-

382 783 499 819 torica
518 783 548 829 ³⁸,
570 783 732 830 assignat
750 790 896 830 septem
917 782 1228 829 circumstantias,
1249 795 1347 831 quae
1368 784 1442 820 hoc

380 847 495 872 versu
515 835 766 871 continentur:
793 835 893 880 Quis,
914 835 1013 882 quid,
1036 835 1108 880 ubi,
1125 836 1258 883 quibus
1276 837 1439 882 auxiliis,

381 899 461 933 cur,
490 888 686 935 quomodo,
716 887 877 935 quando.
910 886 1243 925 Considerandum
1264 896 1319 925 est
1340 889 1440 926 enirn

381 940 418 976 in
452 940 595 977 actibus
628 940 711 987 quis
740 939 845 986 fecit,
875 939 1013 987 quibus
1047 940 1192 977 auxiliis
1218 942 1280 978 vel
1308 941 1441 978 instru-

381 993 517 1028 mentis
546 993 685 1038 fecerit,
716 992 807 1039 quid
835 992 974 1038 fecerit,
1000 992 1065 1028 ubi
1093 993 1237 1041 fecerit,
1259 1006 1326 1030 cur
1344 994 1440 1031 fece-

380 1045 435 1090 rit,
465 1045 663 1092 quomodo
693 1044 832 1090 fecerit,
862 1052 898 1081 et
918 1045 1072 1093 quando
1101 1046 1239 1084 fecerit.
1262 1047 1338 1083 Sed
1358 1047 1441 1083 Ari-

380 1098 541 1143 stoteles,
562 1097 600 1132 in
620 1098 669 1133 III
689 1097 808 1134 Ethic.
829 1097 859 1144 ³⁸,
877 1098 981 1135 addit
999 1098 1112 1135 aliam
1131 1104 1159 1146 Ὺ,
1180 1099 1320 1135 scilicet
1338 1100 1439 1135 circa

379 1149 477 1198 quid,
499 1162 597 1197 quae
617 1161 639 1186 a
659 1150 785 1186 Tullio
815 1151 1151 1199 comprehenditur
1178 1152 1247 1188 sub
1268 1152 1366 1199 quid.

431 1203 480 1238 Et
498 1202 591 1239 ratio
611 1203 722 1239 huius
746 1203 1070 1240 annumerationis
1090 1204 1142 1240 sic
1166 1204 1283 1251 accipi
1302 1211 1437 1251 potest.

379 1256 481 1291 Nam
510 1255 788 1292 circumstantia
818 1256 951 1293 dicitur
974 1257 1077 1304 quod
1089 1254 1113 1303 δ,
1140 1264 1242 1293 extra
1265 1257 1438 1293 substan-

377 1308 467 1344 tiam
495 1316 599 1345 actus
629 1308 800 1354 existens,
831 1309 956 1356 aliquo
985 1309 1104 1346 modo
1129 1309 1271 1357 attingit
1298 1309 1437 1358 ipsum.

379 1360 570 1408 Contingit
597 1369 725 1397 autem
749 1363 824 1398 hoc
851 1362 933 1398 fieri
962 1361 1168 1410 tripliciter:
1196 1374 1276 1399 uno
1304 1363 1436 1410 modo,

376 1413 600 1461 inquantum
629 1414 772 1461 attingit
795 1414 921 1462 ipsum
945 1422 1091 1461 actum;
1121 1415 1194 1452 alio
1222 1416 1355 1463 modo,
1384 1416 1438 1453 in-

376 1473 560 1514 quantum
588 1467 731 1514 attingit
760 1479 915 1504 causam
944 1475 1066 1514 actus;
1095 1468 1203 1505 tertio
1222 1469 1354 1515 modo,
1383 1468 1438 1506 in-

376 1526 561 1566 quantum
595 1519 737 1567 attingit
770 1519 959 1557 effectum.
990 1522 1119 1569 Ipsum
1151 1529 1280 1558 autem
1309 1529 1436 1559 actum

376 1571 518 1619 attingit
544 1573 607 1609 vel
635 1585 703 1620 per
718 1572 892 1615 Jnodum
920 1585 1139 1620 mensurae,
1169 1574 1264 1611 sicut
1295 1581 1438 1623 tempus

377 1625 564 1669 et·locus;
587 1626 651 1662 vel
675 1637 742 1674 per
770 1626 932 1663 modurn
966 1626 1152 1675 qualitatis
1186 1634 1311 1674 actus,
1342 1629 1439 1664 sicut

376 1678 508 1714 modus
534 1679 684 1727 agendi.
715 1679 773 1715 Ex
800 1687 906 1727 parte
935 1687 1063 1716 autem
1084 1679 1251 1726 effectus,
1279 1688 1320 1717 ut
1348 1693 1435 1718 cum

377 1730 636 1768 consideratur
662 1731 753 1780 quid
783 1732 917 1780 aliquis
945 1732 1082 1770 fecerit.
1118 1734 1174 1769 Ex
1208 1741 1313 1782 parte
1342 1746 1435 1771 vero

376 1795 512 1820 causae
541 1792 657 1831 actus,
688 1792 870 1832 quantum
896 1785 944 1822 ad
963 1797 1118 1822 causam
1144 1786 1311 1834 finalem,
1341 1787 1437 1824 acci-

375 1836 474 1883 pitur
496 1843 652 1885 propter
675 1838 780 1885 quid;
810 1850 855 1874 ex
879 1845 984 1887 parte
1009 1846 1138 1875 autem
1159 1840 1295 1876 causae
1318 1847 1437 1876 mate-

376 1889 486 1936 rialis,
515 1890 595 1926 sive
625 1889 773 1936 obiecti,
794 1891 975 1939 accipitur
1002 1892 1104 1928 circa
1127 1892 1233 1939 quid;
1262 1904 1306 1928 ex
1332 1900 1438 1941 parte

374 1953 467 1978 vero
489 1954 624 1979 causae
645 1943 787 1990 agentis
806 1943 1032 1992 principalis,
1054 1943 1234 1992 accipitur
1252 1945 1334 1992 quis
1354 1957 1438 1992 ege—

428 2053 452 2085 β)
471 2061 560 2079 causa.
580 2069 598 2073 —-
614 2055 764 2080 substantia
783 2055 1040 2088 PACDEFGHIKpB
1060 2061 1085 2080 et
1103 2063 1129 2080 a.

426 2094 452 2122 γ)
472 2090 563 2114 aliam.
582 2104 600 2108 —
618 2090 700 2114 alium
719 2091 902 2115 ACDFGHIL.

1094 234 1359 279 QUAESTIO
1388 236 1473 282 VII,
1503 236 1798 272 ARTICULUS
1829 237 1879 271 IV

1499 313 1564 358 rit;
1595 325 1640 349 ex
1667 321 1772 361 parte
1801 325 1894 350 vero
1924 327 2058 352 causae
2088 317 2229 364 agentis
2253 318 2559 366 instrumentalis,

1499 365 1680 413 accipitur
1708 366 1840 413 quibus
1868 367 2030 405 auxiliis.

1551 420 1609 454 AD
1629 430 1765 454 PRIMUM
1784 429 1882 454 ERGO
1901 431 2085 457 DICENDUM
2105 423 2209 469 quod
2227 430 2379 472 tempus
2399 430 2434 460 et
2453 424 2559 460 locus

1498 469 1740 506 circumstant
1755 477 1880 506 actum
1899 483 1969 519 per
1987 473 2148 510 modum
2165 487 2383 512 mensurae:
2405 477 2472 512 sed
2488 477 2559 513 alia

1498 521 1739 559 circumstant
1780 530 1907 559 actum
1950 524 2174 573 inquantum
2212 528 2395 576 attingunt
2432 528 2558 577 ipsum

1497 586 1740 632 quocumque
1774 575 1848 616 alio
1882 577 2022 625 modo,
2057 586 2159 616 extra
2194 581 2443 618 substantiam
2480 581 2558 618 eius

1498 634 1702 663 existentia.

1549 681 1607 715 AD
1636 691 1824 716 SECUNDUM
1861 692 2044 719 mcENDUM
2080 685 2184 730 quod
2217 685 2286 721 iste
2317 686 2456 722 modus
2493 686 2557 734 qui

1497 739 1552 767 est
1580 732 1677 768 bene
1697 733 1758 768 vel
1778 733 1889 780 male,
1911 746 1989 770 non
2007 736 2160 783 ponitur
2179 737 2469 784 circumstantia,
2489 738 2558 775 sed

1497 796 1734 833 consequens
1749 785 1798 821 ad
1813 797 1949 822 omnes
1969 786 2276 827 circumstantias.
2294 791 2371 828 Sed
2386 791 2557 839 specialis

1497 836 1775 873 circumstantia
1802 838 1957 886 ponitur
1975 840 2115 877 modus
2133 842 2197 890 qui
2217 843 2378 891 pertinet
2396 844 2446 881 ad
2465 856 2557 892 qua-

1494 889 1636 931 litatem
1670 898 1794 926 actus:
1824 898 1916 939 puta
1950 892 2054 939 quod
2082 893 2215 941 aliquis
2247 896 2416 933 ambulet
2451 897 2556 933 velo-

1496 942 1587 978 citer
1613 943 1676 979 vel
1703 943 1830 990 tarde,
1865 951 1902 980 et
1928 945 2031 992 quod
2061 945 2194 993 aliquis
2225 949 2386 996 percutit
2416 949 2557 986 fortiter

1495 996 1556 1031 vel
1585 995 1758 1042 remisse,
1789 1003 1825 1032 et
1852 996 1905 1032 sic
1933 996 1980 1033 de
2010 997 2102 1034 aliis.

1547 1049 1606 1083 AD
1634 1058 1794 1084 ‘ram-ium
1813 1060 1995 1086 DicENDUM
2015 1050 2121 1098 quod
2140 1050 2201 1087 illa
2225 1053 2391 1090 conditio
2420 1066 2555 1091 causae

1495 1111 1539 1135 ex
1573 1111 1648 1147 qua
1681 1100 1891 1137 substantia
1923 1108 2027 1138 actus
2064 1103 2273 1152 dependet,
2309 1117 2387 1142 non
2424 1106 2558 1143 dicitur

1495 1151 1787 1198 circumstantia;
1818 1153 1885 1189 sed
1905 1153 2030 1202 aliqua
2050 1155 2215 1192 conditio
2244 1157 2430 1196 adiuncta.
2453 1159 2558 1196 Sicut

1494 1204 1531 1241 in
1560 1204 1710 1241 obiecto
1746 1217 1825 1242 non
1859 1206 1992 1243 dicitur
2025 1207 2304 1246 circumstantia
2331 1210 2418 1247 furti
2451 1212 2558 1259 quod

1494 1258 1540 1294 sit
1571 1258 1754 1305 alienum,
1783 1259 1858 1295 hoc
1895 1259 1997 1296 enim
2031 1261 2193 1309 pertinet
2227 1263 2275 1299 ad
2307 1264 2557 1301 substantiam

1492 1310 1594 1355 furti;
1625 1311 1693 1347 sed
1721 1311 1823 1360 quod
1854 1312 1900 1349 sit
1927 1324 2109 1360 magnum
2137 1315 2199 1351 vel
2227 1326 2402 1363 parvum.
2433 1317 2483 1353 Et
2509 1317 2556 1354 si-

1493 1363 1630 1400 militer
1649 1371 1705 1401 est
1723 1366 1771 1401 de
1789 1364 1869 1401 aliis
1899 1365 2186 1404 circumstantiis
2206 1379 2305 1415 quae
2325 1369 2557 1418 accipiuntur

1493 1428 1538 1453 ex
1565 1424 1670 1465 parte
1698 1417 1858 1454 aliarum
1887 1429 2101 1456 causarum.
2132 1420 2224 1457 Non
2253 1420 2357 1458 enim
2385 1421 2471 1459 finis
2491 1422 2557 1470 qui

1493 1470 1556 1507 dat
1583 1469 1750 1518 speciem
1779 1477 1898 1517 actus,
1928 1479 1984 1508 est
2004 1472 2303 1520 circumstantia;
2333 1474 2402 1511 sed
2421 1475 2556 1523 aliquis

1492 1522 1577 1559 finis
1597 1523 1806 1560 adiunctus.
1830 1523 1934 1560 Sicut
1952 1525 2056 1572 quod
2077 1525 2181 1562 fortis
2200 1526 2343 1563 fortiter
2366 1534 2451 1575 agat
2468 1539 2556 1576 pro-

1491 1583 1575 1624 pter
1594 1577 1740 1612 bonum
1756 1576 1993 1624 fortitudinis,
2010 1589 2088 1614 non
2109 1585 2164 1614 est
2179 1578 2470 1627 circumstantia;
2487 1580 2556 1618 sed

1491 1628 1521 1665 si
1550 1629 1692 1665 fortiter
1720 1637 1805 1677 agat
1829 1637 1984 1678 propter
2010 1630 2272 1668 liberationem
2302 1631 2472 1679 civitatis,
2492 1633 2555 1670 vel

1491 1682 1622 1730 populi
1638 1681 1851 1728 Christiani,
1866 1683 1928 1720 vel
1943 1683 2084 1731 aliquid
2102 1684 2334 1721 huiusmodi.
2356 1685 2556 1723 Similiter‘

1491 1734 1604 1771 etiam
1627 1747 1671 1771 ex
1689 1742 1796 1783 parte
1817 1735 1898 1772 eius
1917 1736 2023 1784 quod
2043 1743 2099 1773 est
2116 1737 2223 1785 quid:
2251 1749 2341 1774 nam
2361 1738 2466 1787 quod
2489 1738 2555 1775 ali-

1491 1787 1575 1836 quis
1602 1788 1834 1836 perfundens
1853 1788 2019 1837 aliquem
2039 1801 2151 1838 aqua,
2171 1790 2298 1827 abluat
2315 1790 2454 1839 ipsum,
2475 1800 2555 1829 non

1492 1847 1547 1876 est
1574 1840 1853 1877 circumstantia
1882 1842 2104 1889 ablutionis;
2134 1843 2201 1880 sed
2230 1843 2334 1891 quod
2362 1844 2554 1882 abluendo·

1491 1893 1679 1940 infrigidet
1696 1894 1759 1930 vel
1779 1894 1986 1943 calefaciat,
2016 1902 2052 1932 et
2078 1903 2186 1933 sanet
2212 1896 2275 1934 vel
2298 1904 2449 1945 noceat,
2479 1898 2555 1935 hoc

1493 1953 1548 1982 est
1577 1953 1867 1983 circumstantia.

1545 2057 1569 2089 δ)
1590 2059 1669 2090 quoa.
1680 2072 1699 2077 -
1711 2059 1788 2091 quasi·
1807 2060 2016 2086 PACDEFGi-ia.
2029 2075 2046 2080 -
2059 2062 2125 2086 Ante
2143 2062 2232 2094 aliquo
2251 2063 2348 2087 addunt
2361 2070 2429 2095 quae
2442 2057 2554 2096 13,un

1493 2096 1532 2118 est
1550 2094 1593 2122 sF,
1613 2094 1758 2118 itastamen
1779 2095 1851 2126 quod
1869 2095 1950 2120 PsCH
1970 2101 1995 2120 et
2012 2103 2043 2125 α;
2062 2104 2109 2128 pro
2127 2097 2248 2130 attingit,
2266 2098 2402 2130 attingens
2421 2098 2488 2124 Fan.

1545 2128 1566 2160 ε)
1588 2129 1726 2154 Similiter.
1746 2144 1762 2147 —
1783 2130 1946 2162 Intelligitur
1965 2131 2010 2155 Pa.

1155 2279 1471 2322 ARTICULUS
1501 2281 1772 2332 QUARTUS

782 2379 936 2409 UTRUM
960 2378 1058 2409 SINT
1082 2379 1359 2411 PRINCIPALES
1383 2380 1766 2413 CIRCUMSTANTIAE
1790 2383 1994 2414 PROPTER
2020 2383 2142 2422 QUID,

1078 2423 1136 2453 ET
1160 2423 1217 2454 EA
1242 2424 1295 2455 IN
1321 2424 1490 2462 QUIBUS
1510 2426 1601 2456 EST
1622 2425 1846 2457 OPERATIO

998 2509 1032 2534 IV
1051 2510 1136 2540 Sent.,
1155 2510 1215 2535 dist.
1234 2518 1284 2541 xm,
1304 2518 1348 2543 qu.
1367 2518 1403 2540 111,
1423 2516 1471 2536 art.
1492 2519 1515 2543 2,
1535 2514 1581 2545 qu·
1597 2519 1624 2544 23
1644 2512 1676 2537 111
1695 2512 1790 2543 Ethic„
1811 2513 1869 2538 lect.
1887 2521 1925 2538 ιιι.

492 2639 503 2652 Μ
523 2625 553 2638 Γ
585 2611 607 2635 D
627 2610 802 2641 QUARTUM
822 2609 874 2634 stc
893 2609 1130 2635 PROCEDITUR.
1150 2598 1310 2635 Videtur
1329 2599 1434 2647 quod
1458 2597 1462 2650 1

559 2679 561 2690 i
586 2664 663 2688 non
683 2651 755 2688 sint
779 2651 1003 2700 principales
1030 2650 1329 2688 circumstantiae
1342 2663 1434 2700 pro—

561 2706 577 2745 f
583 2711 666 2752 pter
684 2705 783 2753 quid,
805 2711 840 2740 et
859 2716 903 2740 ea
923 2704 960 2740 in
981 2704 1113 2752 quibus
1131 2710 1185 2740 est
1201 2706 1379 2752 operatio,
1394 2712 1435 2741 ut

556 2803 561 2805 Δ
587 2757 719 2794 dicitur
739 2757 775 2793 in
797 2758 846 2793 III
865 2757 985 2794 Ethic.
1001 2756 1021 2778 ’¹‘
1039 2757 1097 2793 Ea
1117 2757 1218 2794 enirn
1237 2757 1276 2794 in
1296 2758 1433 2806 quibus

376 2819 431 2848 est
450 2811 631 2860 operatio,
658 2810 833 2847 videntur
859 2822 939 2846 esse
959 2811 1065 2846 locus
1087 2817 1122 2846 et
1140 2817 1309 2858 tempus:
1335 2823 1433 2858 quae

374 2877 452 2901 non
471 2864 648 2901 videntur
667 2875 748 2899 esse
768 2862 988 2911 principalia
1007 2863 1103 2899 inter
1125 2863 1432 2911 circumstantias,

375 2930 463 2954 cum
492 2918 564 2954 sint
583 2916 748 2953 maxime
778 2915 985 2952 extrinseca
1013 2916 1060 2952 ab
1082 2923 1178 2952 actu.
1209 2916 1267 2952 Ea
1287 2928 1375 2964 ergo
1395 2917 1433 2953 in

375 2971 512 3018 quibus
533 2978 587 3006 est
606 2969 788 3018 operati0,
810 2981 887 3005 non
907 2975 993 3005 sunt
1010 2968 1346 3017 principalissimae
1367 2970 1433 3006 cir-

376 3023 697 3059 cumstantiarum.

430 3088 464 3112 2.
482 3076 712 3120 PRAETEREA,
729 3073 815 3110 finis
835 3082 890 3110 est
909 3073 1137 3111 extrinsecus
1157 3074 1221 3111 rei.
1238 3075 1329 3111 Non
1345 3087 1433 3123 ergo

375 3128 525 3165 videtur
553 3140 635 3164 esse
663 3126 975 3175 principalissima
1003 3127 1379 3165 circumstantiarum.

433 3182 466 3217 3.
494 3181 726 3226 PRAETEREA,
755 3179 1110 3228 principalissimum
1139 3180 1177 3217 in
1200 3193 1434 3230 unoquoque

377 3241 432 3270 est
460 3245 574 3269 causa
601 3232 680 3269 eius
701 3240 737 3268 et
763 3233 886 3268 forma
904 3232 1019 3280 ipsius
1041 3238 1069 3270 α.
1092 3233 1167 3270 Sed
1189 3245 1301 3270 causa
1319 3233 1436 3283 ipsius

378 3293 481 3323 actus
511 3293 566 3322 est
592 3297 912 3333 personasagens;
943 3285 1067 3321 forma
1091 3293 1218 3322 autem
1247 3293 1351 3323 actus
1381 3293 1437 3323 est

378 3339 517 3375 modus
538 3338 664 3386 ipsius.
696 3339 797 3385 Ergo
816 3337 908 3374 istae
935 3337 1032 3374 duae
1053 3338 1353 3376 circumstantiae
1380 3339 1436 3377 vi-

379 3392 514 3428 dentur
542 3402 623 3427 esse
651 3390 997 3439 principalissimae.

1542 2600 1616 2636 SED
1632 2612 1777 2637 CONTRA
1791 2612 1857 2638 EST
1871 2601 1976 2649 quod
1992 2603 2195 2651 Gregorius
2211 2604 2440 2652 Nyssenus*
2450 2605 2550 2654 dicit,

1488 2653 1594 2700 quod
1619 2653 1958 2702 principalissimae
1989 2655 2289 2694 circumstantiae
2323 2663 2409 2695 sunt
2446 2659 2552 2696 cuius

1486 2706 1614 2755 gratia
1642 2707 1782 2755 agitur,
1811 2712 1848 2743 et
1873 2708 1963 2756 quid
1988 2714 2043 2744 est
2068 2710 2169 2757 quod
2193 2710 2322 2759 agitur
2346 2709 2371 2747 β.

1541 2759 1766 2796 RESPONDEO
1789 2771 1974 2797 DICENDUM
1993 2762 2099 2808 quod
2117 2769 2222 2799 actus
2240 2763 2394 2812 proprie
2421 2763 2551 2802 dicun·

1487 2817 1548 2847 tur
1574 2812 1744 2858 humani,
1774 2811 1869 2848 sicut
1897 2825 2011 2861 supra
2029 2813 2049 2835 '¹‘
2073 2814 2216 2852 dictum
2236 2823 2302 2863 est,
2332 2825 2446 2865 prout
2464 2825 2551 2854 sunt

1486 2864 1699 2901 voluntarii.
1716 2865 1927 2902 Voluntatis
1951 2873 2078 2902 autem
2098 2867 2286 2905 motivum
2303 2876 2338 2905 et
2356 2869 2550 2908 obiectum

1488 2924 1543 2953 est
1570 2917 1668 2954 finis.
1689 2918 1737 2954 Et
1759 2917 1845 2955 ideo
1865 2918 2180 2968 principalissima
2207 2928 2263 2958 est
2286 2921 2461 2958 omnium
2481 2922 2550 2960 cir-

1489 2970 1799 3007 cumstantiarum
1828 2971 1889 3007 illa
1907 2976 1922 2999 Υ
1941 2984 2041 3020 quae
2069 2972 2211 3021 attingit
2233 2981 2360 3011 actum
2380 2986 2425 3011 ex
2443 2983 2549 3024 parte

1488 3021 1586 3069 finis,
1616 3023 1755 3060 scilicet
1782 3023 1887 3060 cuius
1904 3025 2048 3074 gratia:
2077 3026 2300 3063 secundaria
2321 3039 2430 3074 vero,
2451 3040 2549 3076 quae

1489 3075 1632 3123 attingit
1659 3076 1782 3125 ipsam
1811 3077 2059 3115 substantiam
2078 3086 2194 3126 actus,
2214 3078 2312 3116 idest
2339 3080 2429 3128 quid
2439 3081 2547 3129 fecit.

1489 3128 1595 3165 Aliae
1622 3141 1716 3166 vero
1747 3129 2046 3167 circumstantiae
2073 3138 2160 3167 sunt
2184 3131 2304 3179 magis
2332 3134 2394 3170 vel
2423 3133 2549 3171 minus

1489 3181 1725 3230 principales,
1747 3182 1959 3220 secundum
1987 3183 2092 3231 quod
2113 3184 2233 3231 magis
2259 3185 2322 3222 vel
2350 3185 2477 3224 minus
2499 3184 2550 3225 ad

1488 3234 1557 3271 has
1585 3235 1902 3284 appropinquant.

1543 3288 1600 3324 AD
1620 3299 1756 3324 ptumum
1775 3299 1873 3324 izimo
1897 3299 2080 3325 memnon
2108 3289 2214 3338 quod
2232 3301 2301 3338 per
2328 3301 2374 3328 ea
2399 3289 2440 3328 in
2466 3289 2548 3338 qui—

1491 3340 1561 3376 bus
1590 3348 1644 3376 est
1672 3340 1853 3389 operati0,
1883 3340 2137 3389 Philosophus
2163 3354 2242 3379 non
2261 3341 2428 3391 intelligit
2453 3349 2548 3381 tem-

1491 3404 1561 3440 pus
1581 3400 1617 3430 et
1644 3394 1785 3441 locum,
1805 3392 1873 3430 sed
1893 3404 1937 3429 ea
1956 3405 2054 3441 quae
2075 3394 2330 3443 adiunguntur
2347 3395 2419 3444 ipsi
2438 3395 2546 3434 actui.

433 3507 459 3537 α)
481 3506 569 3537 ipsius.
587 3520 606 3524 -
625 3507 684 3530 Om.
706 3506 750 3530 Pa.

433 3539 457 3573 β)
477 3542 577 3574 agitur.
595 3555 613 3559 -
631 3541 735 3573 geritur
754 3540 954 3564 ABCDEF'GlL.

1542 3509 1568 3542 γ)
1589 3509 1642 3534 illa.
1661 3523 1679 3528 —
1697 3510 1758 3535 Om.
1778 3509 1889 3534 codices.

2577 2615 2741 2665 {vna-⁸²
2759 2617 2793 2640 ἁ

2577 2675 2645 2696 mi,
2658 2669 2688 2692 ni.
2702 2649 2795 2698 ulf&

2577 2701 2629 2722 cap.
2645 2701 2671 2718 ιι.

2577 2825 2587 2836 '
2601 2826 2650 2854 Qu.
2664 2832 2682 2855 1,
2695 2830 2740 2850 ιη.
2753 2833 2771 2850 ι.
