2846 4146
0 2902 15 3233 *vu-ww
0 2876 1 2881 Α
0 2825 2 2827 v
0 2765 4 2800 vv·
0 2742 3 2752 ἡ

88 661 212 710 ἐςῖ-Εαιι,
225 666 248 682 n.
260 666 276 681 1.
286 671 297 676 -
345 661 348 667 ¹

182 687 236 708 lect.
250 692 282 708 ui.

89 831 97 840 ”
113 829 161 857 Qu.
171 834 240 854 xxm,
254 831 297 850 art.

86 862 115 882 4³
131 861 171 883 qu.
180 861 245 882 xxxi,
255 858 299 876 art.

87 888 108 934 {j
118 887 164 929 ἔτι.
172 887 242 908 xxxv,
255 884 298 902 art.

87 987 97 996 “’
107 985 165 1013 Cap.
173 991 222 1012 xm,
232 991 298 1013 n.19.

86 1017 127 1059 ig:
135 1023 147 1028 -
157 1011 183 1034 S.
190 1011 235 1034 Th.
245 1011 299 1034 lect.

87 1090 98 1100 ·
105 1089 153 1117 Qu.
163 1095 219 1118 xxn,
227 1093 269 1112 art.
277 1096 297 1119 3.

84 2925 99 2937 ⁸
112 2925 181 2948 Ven.
193 2930 215 2953 5.

86 3189 162 3218 Ἐιμ
168 3194 200 3216 vx,
205 3194 239 3216 x1,
247 3194 299 3210 xm.

88 3401 171 3450 ἓῗτῒ
179 3406 301 3450 {gf-25¹2-

961 259 1224 305 QUAESTIO
1255 261 1355 307 ΠΧ,
1385 261 1678 299 ARTmULUs
1708 263 1768 309 iv,
1798 264 1832 299 v

2416 263 2488 300 383

1100 376 1414 418 ARTICULUS
1444 376 1714 428 QUARTUS

810 465 964 496 UTRUM
988 466 1119 497 OMNis
1143 466 1297 497 VIRTUS
1321 467 1509 498 MORALIS
1532 468 1598 499 SIT
1623 468 1753 500 ciacA
1775 469 1999 501 PAssioNES

360 566 423 604 ἶφι
448 575 516 611 μσς(
538 565 561 590 Ι)
581 564 753 595 QUAR'HJM
772 564 825 589 sic
845 565 1082 591 PROCEDITUR.
1103 555 1262 591 Videtur
1276 555 1380 603 quod

355 597 403 625 '‘f‘'
461 616 501 666 ξ’)
539 605 663 642 omnis
682 605 801 642 virtus
821 606 972 643 moralis
993 607 1038 644 sit
1057 607 1154 644 circa
1173 607 1378 656 passiones.

366 693 369 707 =.
392 699 398 706 2
487 656 638 698 (Dicit
667 658 767 694 enirn
796 658 1064 707 Philosophus,
1085 660 1122 696 in
1152 661 1183 696 II
1209 661 1327 696 Ethic.
1347 660 1378 707 ³⁸,

384 705 454 744 s's's
462 728 471 747 e
499 703 644 759 quod
680 711 781 747 circa
823 711 1025 759 voluptates
1061 718 1097 749 et
1131 713 1294 749 tristitias
1330 718 1384 749 est

326 762 481 799 moralis
498 763 627 800 virtus.
649 764 724 800 Sed
746 764 941 800 delectatio
962 772 1008 801 et
1026 765 1168 802 tristitia
1191 773 1278 801 sunt
1295 777 1379 812 pas-

327 815 463 860 siones,
484 822 526 851 ut
554 828 667 864 supra
689 815 709 837 ²¹⁶
729 816 870 853 dietum
899 824 964 854 est.
987 818 1088 865 Ergo
1109 817 1234 854 omnis
1261 817 1379 854 virtus

326 867 480 904 moralis
509 876 564 905 est
592 868 689 905 circa
715 869 922 917 passiones.

381 931 415 957 2.
435 920 667 967 PRAETEREA,
689 921 868 958 rationale
887 934 956 969 per
979 920 1304 970 participationem
1325 929 1380 958 est

327 972 538 1009 subiectum
554 973 755 1010 moralium
764 974 959 1021 virtutum,
970 981 1012 1010 ut
1023 973 1156 1010 dicitur
1165 973 1202 1009 in
1215 975 1227 1009 Ι
1239 973 1380 1010 Ethic.*

327 1026 404 1063 Sed
423 1025 642 1063 huiusmodi
660 1039 748 1075 pars
777 1026 926 1063 animae
948 1034 1002 1063 est
1029 1026 1066 1062 in
1088 1038 1162 1074 qua
1190 1033 1276 1062 sunt
1295 1038 1379 1074 pas—

326 1078 466 1124 siones,
487 1086 529 1115 ut
556 1091 670 1127 supra
691 1080 710 1101 ³²
731 1079 871 1116 dictum
901 1086 967 1116 est.
988 1080 1090 1126 Ergo
1111 1079 1235 1115 omnis
1262 1079 1379 1115 virtus

326 1131 479 1168 moralis
508 1139 562 1168 est
590 1132 687 1168 circa
714 1132 922 1181 passiones.

382 1184 415 1220 3.
437 1185 669 1232 PRAETEREA,
690 1185 728 1221 in
748 1184 853 1220 omni
880 1184 1018 1221 virtute
1038 1183 1171 1220 morali
1202 1190 1256 1220 est
1276 1183 1380 1219 inve-

326 1236 406 1272 nire
435 1236 601 1285 aliquam
637 1237 868 1285 passionem.
893 1238 969 1272 Aut
997 1248 1086 1284 ergo
1122 1248 1257 1272 omnes
1295 1243 1381 1272 sunt

326 1288 424 1325 circa
450 1289 659 1337 passiones,
680 1297 744 1326 aut
762 1290 873 1326 nulla.
897 1289 972 1325 Sed
993 1288 1139 1336 aliquae
1167 1295 1254 1324 sunt
1282 1287 1380 1324 circa

325 1341 535 1388 passiones,
555 1348 596 1377 ut
623 1341 803 1378 fortitudo
832 1349 869 1377 et
895 1340 1154 1388 temperantia,
1180 1348 1221 1376 ut
1249 1340 1380 1376 dicitur

291 1413 297 1433 ;
325 1393 363 1429 in
392 1394 441 1429 III
469 1394 588 1433 Ethic.
609 1393 629 1414 ²¹⁶
649 1394 750 1441 Ergo
771 1405 906 1429 omnes
933 1393 1089 1428 virtutes
1113 1393 1274 1428 morales
1294 1400 1380 1428 sunt

263 1448 296 1480 .-'
326 1445 423 1482 circa
448 1445 658 1494 passiones.

379 1497 454 1534 SED
484 1509 629 1534 CONTRA
656 1508 722 1534 EsT
750 1497 854 1546 quod
881 1496 1028 1543 iustitia,
1054 1508 1152 1545 quae
1182 1503 1236 1532 est
1262 1495 1380 1532 virtus

325 1549 491 1599 moralis²
513 1562 591 1588 non
621 1557 676 1586 est
704 1549 801 1587 circa
827 1549 1036 1599 passiones,
1055 1556 1097 1585 ut
1126 1548 1260 1585 dicitur
1287 1548 1325 1585 in
1346 1549 1381 1585 V

289 1630 296 1637 .
321 1603 441 1640 Ethic.
461 1602 482 1624 '¹‘

378 1656 604 1692 RESPONDEo
633 1667 816 1692 mCENDUM
845 1654 950 1703 quod
976 1654 1096 1691 virtus
1115 1653 1269 1690 moralis
1296 1665 1380 1702 per-

323 1708 403 1745 ficit
421 1707 666 1757 appetitivam
686 1715 831 1757 partem
850 1707 999 1744 animae
1020 1706 1232 1750 ordinando
1258 1706 1379 1755 ipsam

323 1761 361 1797 in
389 1762 535 1798 bonum
565 1760 730 1798 rationis.
752 1761 820 1797 Est
847 1767 974 1797 autem
994 1759 1148 1796 rationis
1176 1760 1323 1795 bonurn
1342 1758 1381 1796 id

325 1814 430 1862 quod
469 1821 523 1850 est
566 1813 776 1850 secundum
816 1813 1002 1850 rationem
1035 1811 1275 1849 moderatum
1313 1824 1380 1848 seu

325 1865 553 1903 ordinatum.
583 1867 694 1904 Unde
725 1866 822 1903 circa
850 1878 965 1902 omne
994 1865 1032 1902 id
1065 1864 1169 1914 quod
1203 1864 1382 1912 contingit

324 1919 469 1956 ratione
499 1918 664 1956 ordinari
693 1926 729 1956 et
757 1917 960 1965 moderari,
991 1917 1170 1965 contingit
1198 1929 1280 1954 esse
1307 1917 1381 1954 vir-

377 2033 404 2066 α)
424 2033 541 2057 ordinat.
559 2046 578 2051 —
596 2032 657 2057 Om.
677 2032 787 2056 codices.
813 2031 892 2056 Iidem
911 2039 957 2063 pro
972 2031 1120 2063 passionis,
1135 2031 1305 2063 passionum;
1324 2035 1383 2056 ante

326 2069 361 2094 Er
379 2069 439 2093 ideo
457 2067 670 2099 ACDEGILpBH
690 2067 786 2091 addunt
805 2067 978 2098 imperantur.

1435 563 1552 592 tutem
1579 557 1775 594 moralem.
1797 558 1908 594 Ratio
1937 565 2064 594 autem
2084 558 2232 595 ordinat
2259 571 2336 595 non
2361 559 2484 595 solum

1434 608 1628 656 passiones
1658 609 1841 658 appetitus
1869 610 2051 656 sensitivi3
2078 611 2143 647 sed
2164 611 2274 647 etiam
2303 611 2450 647 ordinat
2469 617 2485 632 ‘²

1435 661 1673 709 operationes
1693 662 1878 710 appetitus
1897 662 2122 710 intellectivi,
2139 663 2203 711 qui
2223 670 2278 699 est
2295 664 2483 710 voluntas,

1435 724 1530 760 quae
1560 726 1638 750 non
1666 722 1721 750 est
1740 714 1948 751 subiectum
1976 715 2173 763 passionis,
2193 723 2234 752 ut
2261 727 2373 763 supra
2392 715 2412 737 ’¹‘
2432 715 2485 752 di-

1435 772 1535 801 ctum
1565 773 1630 802 est.
1652 767 1701 802 Et
1728 767 1814 803 ideo
1843 779 1920 803 non
1949 768 2074 804 omnis
2101 767 2219 804 virtus
2248 768 2400 804 moralis
2430 775 2484 804 est

1435 817 1531 854 circa
1563 818 1780 865 passiones3
1814 819 1881 856 sed
1913 820 2102 867 quaedam
2136 820 2232 857 circa
2268 820 2482 869 passiones,

1433 870 1622 917 quaedam
1652 870 1749 907 circa
1778 871 2027 919 operationes.

1486 923 1544 958 AD
1573 934 1708 959 ptumum
1728 935 1825 960 ERGO
1844 935 2026 960 DICENDUM
2046 924 2150 972 quod
2169 937 2248 961 non
2267 924 2392 960 omnis
2410 923 2484 960 vir-

1433 981 1491 1010 tus
1520 975 1673 1011 moralis
1702 982 1757 1011 est
1785 975 1882 1012 circa
1902 976 2165 1013 delectationes
2195 985 2231 1013 et
2258 976 2418 1012 tristitias
2439 976 2484 1012 si-

1435 1034 1496 1062 cut
1530 1026 1627 1063 circa
1668 1027 1861 1075 propriam
1904 1028 2122 1064 materiam:
2153 1030 2219 1066 sed
2257 1028 2351 1065 sicut
2389 1028 2484 1064 circa

1434 1079 1572 1127 aliquid
1593 1091 1828 1128 consequens
1847 1080 2044 1128 proprium
2066 1088 2203 1117 actum.
2226 1081 2362 1117 Omnis
2382 1080 2483 1117 enim

1433 1131 1622 1168 virtuosus
1652 1132 1855 1168 delectatur
1882 1132 1920 1168 in
1949 1140 2033 1169 actu
2066 1133 2229 1180 virtutis,
2260 1140 2295 1169 et
2322 1133 2485 1169 tristatur

1433 1183 1471 1219 in
1501 1184 1698 1221 contrario.
1728 1184 1839 1221 Unde
1868 1185 2120 1233 Philosophus
2156 1193 2243 1234 post
2277 1185 2485 1233 praemissa

1432 1236 1551 1272 verba
1580 1237 1706 1273 subdit
1726 1237 1746 1256 ⁴*
1771 1237 1887 1284 quod,
1916 1238 1950 1273 si
1974 1239 2124 1274 virtutes
2146 1243 2232 1274 sunt
2258 1238 2358 1274 circa
2381 1243 2485 1274 actus

1433 1294 1469 1324 et
1487 1290 1702 1336 passiones;
1730 1290 1835 1326 omni
1860 1295 1984 1326 autem
2006 1290 2177 1337 passioni
2197 1296 2234 1326 et
2258 1291 2362 1326 omni
2386 1290 2487 1326 actui

1433 1341 1597 1388 sequitur
1611 1341 1799 1378 delectatio
1815 1347 1850 1378 et
1862 1342 2026 1386 tristitia,·
2034 1348 2191 1390 propter
2203 1343 2274 1378 hoc
2286 1343 2403 1379 virtus
2417 1342 2488 1378 erit

1434 1393 1534 1429 circa
1562 1393 1817 1430 delectationes
1836 1400 1872 1430 et
1896 1395 2070 1440 tristitias,
2091 1395 2229 1431 scilicet
2247 1395 2339 1431 sicut
2359 1395 2456 1431 circa
2470 1392 2486 1423 β

1435 1444 1574 1492 aliquid
1603 1458 1851 1493 consequens.

1487 1499 1545 1533 AD
1574 1509 1763 1534 SECUNDUM
1782 1509 1964 1534 DICENDUM
1993 1499 2097 1546 quod
2118 1499 2296 1535 rationale
2315 1511 2384 1547 per
2401 1511 2486 1546 par-

1434 1549 1689 1597 ticipationem
1717 1562 1795 1586 non
1824 1551 1949 1586 solum
1978 1558 2032 1587 est
2060 1551 2245 1599 appetitus
2273 1550 2484 1598 sensitivus,

1435 1601 1499 1649 qui
1529 1609 1583 1638 est
1610 1602 1821 1638 subiectum
1849 1602 2086 1650 passionum;
2117 1603 2183 1639 sed
2213 1603 2325 1639 etiarn
2353 1603 2486 1640 volun-

1434 1654 1557 1701 tas'*,
1591 1654 1629 1691 in
1668 1667 1743 1703 qua
1779 1667 1857 1690 non
1890 1662 1976 1691 sunt
2012 1655 2227 1703 passiones,
2265 1663 2307 1691 ut
2345 1655 2486 1692 dictum

1435 1714 1490 1743 est
1520 1707 1549 1744 *.

1487 1758 1547 1796 AD
1575 1771 1734 1796 TERTiuM
1758 1771 1939 1797 memnon
1969 1759 2074 1808 quod
2093 1760 2131 1796 in
2159 1760 2386 1808 quibusdam
2412 1759 2487 1797 vir-

1435 1812 1575 1849 tutibus
1603 1819 1689 1849 sunt
1716 1813 1912 1860 passiones
1941 1813 2035 1849 sicut
2062 1812 2215 1861 propria
2243 1812 2421 1860 materia,
2450 1812 2489 1848 in

1436 1865 1664 1913 quibusdam
1692 1872 1818 1901 autem
1838 1878 1927 1902 non.
1949 1865 2059 1902 Unde
2088 1877 2166 1902 non
2187 1872 2241 1901 est
2269 1865 2403 1902 eadem
2433 1877 2489 1901 ra-

1434 1917 1486 1954 tio
1516 1918 1563 1954 de
1593 1917 1782 1964 omnibus,
1803 1925 1845 1954 ut
1871 1918 1966 1954 infra
1993 1917 2013 1939 ³¹²
2041 1918 2271 1955 ostendetur.

1489 2030 1515 2064 β)
1534 2031 1614 2056 circa.
1628 2045 1646 2049 —
1664 2031 1726 2055 Om.
1746 2031 1854 2055 codices.

1106 2209 1422 2252 ARTICULUS
1452 2208 1706 2260 QUINTUS

686 2302 841 2333 UTRUM
864 2302 1027 2339 ALIQUA
1050 2301 1207 2332 VIRTUS
1230 2300 1418 2331 MORALIS
1440 2300 1586 2331 Possm·
1610 2300 1708 2330 ESSE
1732 2299 1898 2336 ABSQUE
1922 2298 2124 2329 PASSIONE

392 2411 420 2434 ψ
444 2415 512 2454 fl«
536 2403 559 2427 n
589 2401 750 2432 QumTuM
769 2401 823 2426 Slc
843 2401 1081 2426 PROCEDITUR.
1101 2388 1261 2425 Videtur
1280 2387 1382 2436 quod

376 2443 399 2465 ¹⁴
455 2435 508 2491 Ξῖ.
535 2442 653 2479 virtus
681 2442 836 2478 moralis
865 2441 984 2490 possit
1013 2454 1096 2478 esse
1125 2442 1270 2489 absque
1296 2453 1383 2489 pas-

364 2536 366 2544 ,
475 2483 656 2534 '‘sion'e.
678 2495 832 2541 Quanto
862 2495 964 2531 enim
989 2494 1109 2530 virtus
1146 2493 1299 2530 moralis
1329 2500 1384 2529 est

495 2542 749 2596 errfectior,
780 2554 884 2584 tanto
913 2546 1032 2594 magis
1060 2543 1212 2595 superat
1239 2545 1383 2593 passio-

325 2613 405 2638 nes.
426 2601 528 2647 Ergo
557 2600 595 2636 in
624 2611 693 2636 suo
722 2599 992 2647 perfectissimo
1023 2611 1116 2645 esse,
1147 2606 1202 2634 est
1223 2598 1382 2634 omnino

326 2654 470 2701 absque
498 2652 750 2700 passionibus.

381 2717 415 2742 2.
437 2706 678 2752 PRAETEREA,
712 2712 801 2740 tunc
836 2703 1140 2751 unumquodque
1170 2710 1226 2739 est
1262 2703 1383 2750 perfe-

328 2765 443 2804 ctum,
471 2757 625 2806 quando
655 2764 710 2793 est
738 2763 928 2792 remotum
958 2768 980 2792 a
1009 2768 1078 2792 suo
1109 2755 1317 2801 contrario,
1348 2762 1384 2791 et

327 2811 374 2847 ab
394 2810 452 2846 his
480 2822 579 2858 quae
599 2809 647 2846 ad
676 2809 905 2846 contrarium
925 2808 1114 2845 inclinant.
1137 2808 1213 2845 Sed
1240 2807 1384 2856 passio-

326 2875 394 2900 nes
422 2862 602 2899 inclinant
629 2862 678 2899 ad
705 2869 921 2910 peccatum,
951 2861 1055 2909 quod
1083 2860 1209 2897 virtuti
1238 2867 1384 2897 contra-

327 2915 457 2952 riatur:
478 2915 579 2952 unde
594 2913 811 2961 Rom.v11*,
833 2913 1077 2950 nominantur
1091 2914 1284 2961 passiones
1298 2924 1385 2960 pec-

328 2973 510 3004 catorum.
531 2968 633 3015 Ergo
652 2967 817 3016 perfecta
835 2967 954 3003 virtus
983 2973 1038 3002 est
1058 2965 1215 3002 omnino
1240 2966 1384 3013 absque

327 3020 516 3069 passione.

383 3074 418 3110 3.
439 3074 671 3119 PRAETEREA,
692 3072 903 3108 secundum
922 3070 1101 3107 virtutem
1121 3071 1205 3106 Deo
1236 3070 1383 3106 confor-

328 3138 497 3171 mamur;
517 3133 559 3161 ut
577 3131 679 3174 patet
697 3137 766 3173 per
780 3123 1045 3172 Augustinum,
1062 3123 1100 3159 in
1120 3122 1215 3159 libro
1235 3123 1280 3159 de
1297 3123 1386 3159 Mo-

328 3179 431 3215 ribus
457 3178 598 3215 Eccles.
628 3177 648 3199 ’¹‘
678 3178 754 3214 Sed
783 3178 887 3213 Deus
925 3175 1055 3212 omnia
1092 3182 1270 3223 operatur
1305 3175 1385 3211 sine

328 3231 516 3280 passione.
548 3231 650 3278 Ergo
688 3229 806 3267 virtus
837 3228 1114 3277 perfectissima
1151 3235 1207 3264 est
1242 3227 1385 3276 absque

330 3283 434 3321 omni
462 3283 651 3332 passione.

383 3337 457 3373 SED
478 3347 623 3373 CONTRA
650 3346 716 3371 EST
736 3333 839 3382 quod
868 3333 990 3371 nullus
1009 3334 1123 3369 iustus
1150 3339 1202 3369 est
1229 3332 1294 3380 qui
1311 3343 1385 3368 non

327 3390 469 3439 gaudet
496 3389 591 3425 iusta
619 3387 853 3436 operatione,
882 3393 923 3423 ut
951 3385 1084 3423 dicitur
1111 3386 1148 3422 in
1176 3387 1190 3421 I
1219 3385 1337 3421 Ethic.
1366 3383 1387 3406 ’¹‘

330 3442 408 3479 Sed
436 3441 617 3490 gaudium
651 3447 706 3476 est
732 3439 871 3488 passio.
906 3439 1007 3487 Ergo
1043 3437 1178 3475 iustitia
1212 3450 1290 3474 non
1317 3449 1386 3485 po-

1493 2388 1717 2423 RESPONDEO
1745 2398 1927 2423 mcENDUM
1956 2387 2075 2435 quod,
2106 2386 2136 2422 si
2162 2386 2358 2434 passiones
2393 2387 2493 2424 dica-

1439 2452 1526 2476 mus
1554 2439 1784 2477 inordinatas
1812 2439 2051 2486 affectiones,
2079 2439 2174 2475 sicut
2202 2439 2317 2476 Stoici
2353 2452 2492 2488 posue-

1439 2499 1526 2529 runt
1553 2492 1589 2538 *3
1620 2492 1672 2529 sic
1700 2492 1941 2528 manifestum
1972 2499 2026 2528 est
2050 2492 2155 2539 quod
2182 2491 2300 2528 virtus
2326 2493 2493 2540 perfecta

1441 2552 1495 2581 est
1515 2544 1593 2581 sine
1612 2544 1861 2592 passionibus.
1879 2565 1902 2572 -
1925 2544 1964 2580 Si
1982 2556 2088 2580 vero*
2100 2544 2296 2591 passiones
2321 2544 2491 2581 dieamus

1440 2609 1575 2633 omnes
1604 2604 1730 2633 motus
1759 2597 1943 2645 appetitus
1972 2595 2150 2644 sensitivi,
2180 2596 2232 2632 sic
2251 2597 2407 2644 planum
2437 2605 2492 2633 est

1440 2650 1544 2697 quod
1563 2649 1719 2686 virtutes
1738 2649 1900 2686 morales
1929 2661 2026 2697 quae
2055 2656 2140 2684 sunt
2169 2648 2265 2685 circa
2292 2649 2490 2696 passiones

1440 2702 1534 2738 sicut
1558 2701 1656 2738 circa
1683 2701 1878 2750 propriam
1908 2701 2115 2748 materiam,
2145 2701 2225 2737 sine
2253 2701 2491 2750 passionibus

1440 2766 1523 2790 esse
1542 2766 1619 2790 non
1647 2762 1816 2803 possunt.
1839 2753 1954 2790 Cuius
1974 2753 2066 2790 ratio
2087 2761 2153 2799 est,
2174 2753 2262 2801 quia
2281 2754 2491 2791 secundum

1439 2808 1529 2854 hoc,
1550 2814 1769 2855 sequeretur
1788 2807 1893 2855 quod
1911 2806 2028 2843 virtus
2048 2806 2201 2842 moralis
2221 2807 2358 2843 faceret
2377 2819 2491 2855 appe-

1439 2860 1548 2896 titum
1582 2859 1804 2896 sensitivum
1839 2859 1996 2895 omnino
2030 2858 2206 2895 otiosum.
2241 2859 2331 2895 Non
2364 2867 2491 2896 autem

1440 2912 1488 2949 ad
1516 2911 1693 2949 virtutem
1712 2911 1871 2960 pertinet
1889 2911 1994 2960 quod
2022 2923 2067 2947 ea
2095 2923 2191 2959 quae
2212 2918 2297 2947 sunt
2324 2911 2490 2948 subiecta

1441 2964 1584 3011 rationi,
1606 2977 1628 3001 a
1646 2964 1808 3013 propriis
1837 2964 1981 3000 actibus
2007 2971 2164 3000 vacent:
2194 2964 2260 3000 sed
2285 2964 2388 3011 quod
2408 2976 2493 3000 exe-

1440 3024 1603 3065 quantur
1621 3017 1821 3065 imperium
1837 3016 2001 3063 rationis,
2018 3015 2192 3064 proprios
2211 3023 2315 3052 actus
2331 3017 2490 3063 agendo.

1440 3069 1550 3106 Unde
1579 3069 1672 3105 sicat
1704 3069 1820 3105 virtus
1848 3069 2022 3105 membra
2058 3068 2227 3116 corporis
2262 3068 2408 3105 ordinat
2444 3070 2492 3106 ad

1441 3129 1545 3158 actus
1565 3121 1765 3158 exteriores
1786 3121 1944 3168 debitos,
1964 3121 2014 3157 ita
2034 3121 2240 3169 appetitum
2269 3121 2490 3158 sensitivum

1442 3175 1489 3211 ad
1518 3181 1645 3210 motus
1672 3173 1848 3222 proprios
1877 3174 2080 3210 ordinatos.

1493 3227 1657 3263 Virtutes
1679 3238 1772 3262 vero
1793 3226 1956 3262 morales
1975 3237 2073 3274 quae
2091 3238 2170 3262 non
2189 3233 2275 3262 sunt
2293 3226 2390 3262 circa
2407 3237 2492 3274 pas-

1441 3279 1576 3325 siones,
1603 3278 1669 3316 sed
1698 3278 1795 3315 circa
1830 3278 2089 3327 operationes,
2118 3285 2277 3327 possunt
2305 3290 2386 3314 esse
2414 3278 2491 3314 sine

1441 3331 1680 3380 passionibus
1696 3333 1747 3377 (et
1765 3331 1985 3368 huiusmodi
2003 3330 2120 3367 virtus
2142 3338 2196 3366 est
2215 3330 2380 3376 iustitia):
2404 3330 2492 3377 quia

1441 3396 1509 3433 per
1537 3396 1600 3420 eas
1628 3383 1836 3432 applicatur
1861 3384 2037 3420 voluntas
2057 3383 2106 3420 ad
2133 3383 2330 3432 proprium
2356 3390 2491 3429 actum,

1441 3437 1506 3485 qui
1534 3449 1612 3473 non
1642 3443 1696 3472 est
1722 3436 1861 3485 passio.
1892 3436 1968 3473 Sed
1996 3443 2123 3472 tamen
2151 3435 2200 3472 ad
2238 3443 2364 3472 actum
2392 3434 2494 3471 iusti-

329 3502 400 3532 test
434 3507 515 3531 esse
550 3494 629 3531 sine
664 3492 854 3541 passione.
891 3493 940 3528 Et
973 3492 1093 3528 multo
1132 3490 1257 3527 minus
1291 3490 1385 3526 aliae
1441 3490 1513 3526 tiae
1547 3489 1714 3537 sequitur
1750 3488 1950 3537 gaudium,
1981 3488 2030 3525 ad
2061 3487 2184 3524 minus
2212 3487 2249 3524 in
2277 3488 2493 3533 voluntate,

329 3547 496 3584 virtutes.

1442 3542 1546 3590 quod
1565 3554 1642 3578 non
1663 3549 1718 3578 est
1743 3542 1881 3590 passi0.
1903 3542 1951 3578 Et
1970 3540 2000 3577 si
2024 3541 2097 3577 hoc
2117 3539 2298 3587 gaudium
2317 3539 2494 3588 multipli-

2610 616 2627 632 α

2514 724 2523 734 ⁸
2532 722 2578 750 Qu.
2586 729 2641 751 xxii,
2650 727 2691 746 art.
2699 731 2720 753 3.

2509 1249 2518 1258 ·
2525 1248 2624 1269 Loc.cit.
2632 1248 2655 1269 in
2661 1253 2700 1275 arg
2706 1263 2712 1269 .

2511 1274 2564 1296 Did.
2579 1280 2642 1296 num.
2655 1280 2678 1302 3.

2614 1395 2628 1428 β

2515 1663 2524 1673 '
2538 1663 2567 1684 D.
2582 1669 2625 1692 23¹,
2641 1669 2696 1691 1199.

2511 1716 2523 1727 *
2540 1715 2567 1737 In
2586 1721 2691 1743 corpore.
2706 1727 2717 1732 -

2514 1741 2663 1789 fingi-2151,
2679 1746 2722 1764 art.

2536 1783 2542 1794 ,
2613 1783 2619 1789 .

2518 1926 2526 1934 ·
2545 1924 2592 1951 Qu.
2601 1930 2638 1951 u,
2653 1927 2695 1946 art.
2705 1930 2729 1946 2.

2521 2504 2532 2515 ⁴*
2547 2504 2583 2526 Cf.
2598 2506 2640 2525 art.
2654 2509 2675 2524 2.
