2846 4146
94 964 210 986 ⁴·er

94 990 118 1003 ⁸*
130 979 264 1012 naiasin.
281 990 307 1012 in

94 1016 153 1038 Ioan
158 1032 164 1038 .

93 2349 104 2362 ⁸
116 2348 147 2372 D.
159 2348 209 2371 διο.

96 3029 205 3057 ·Αη.5.

987 220 1249 266 QUAESTIO
1280 220 1434 265 LXVII,
1463 219 1757 256 ARTlCULUS
1787 221 1836 256 Ill

335 302 435 332 esset
460 297 530 332 bos
556 296 619 332 vel
647 308 780 344 equus,
810 297 839 333 si
869 305 965 334 esset
992 297 1191 334 rationalis.
1213 318 1237 324 -
1258 298 1387 343 Quan-

335 347 462 395 doque
486 359 579 384 vero
608 348 844 396 imperfectio
861 362 938 386 non
956 350 1115 397 pertinet
1135 349 1183 385 ad
1202 349 1386 385 rationem

335 399 482 448 speciei,
512 400 578 437 sed
616 399 750 437 accidit
777 400 973 439 individuo
1011 401 1218 438 secundum
1248 400 1386 450 aliquid

334 451 455 488 aliud:
485 452 580 489 sicut
606 452 715 490 alicui
742 453 888 490 homini
916 454 1147 503 quandoque
1171 453 1304 490 accidit
1324 453 1387 490 de—

334 504 453 540 fectus
485 505 658 551 rationis,
688 505 912 552 inquantum
947 506 1149 554 impeditur
1180 505 1218 542 in
1251 518 1297 542 eo
1331 518 1387 542 ra-

334 556 443 592 tionis
465 569 568 603 usus,
600 565 754 605 propter
781 570 961 595 somnum
984 559 1046 595 vel
1074 558 1294 594 ebrietatem
1325 557 1387 594 vel

335 608 474 657 aliquid
505 609 736 646 huiusmodi.
772 611 879 647 Patet
910 618 1037 647 autem
1075 611 1200 658 quod,
1228 610 1291 646 tali
1318 610 1387 645 im-

333 660 564 708 perfectione
607 669 776 709 remota,
814 662 1055 699 nihilominus
1092 662 1297 698 substantia
1334 661 1386 698 rei

334 721 474 750 manet.

369 779 378 815 ᾗ
387 765 630 802 Manifestum
650 774 706 803 est
724 774 850 803 autem
871 766 976 814 quod
1002 765 1234 814 imperfectio
1264 764 1389 812 cogni-

333 817 456 868 tionis.
473 824 527 854 est
556 818 602 854 de
631 819 775 855 ratione
797 819 901 855 fidei.
928 818 1086 855 Ponitur
1113 818 1213 854 enim
1241 818 1279 854 in
1307 817 1388 854 eius

334 869 569 907 definitione:
590 871 686 907 fides
701 871 803 908 enim
823 878 877 907 est
894 871 1097 907 substantia
1114 870 1386 918 sperandarum

333 933 472 968 rerum,
492 929 759 972 argumentum
788 935 862 959 non
889 923 1161 973 apparentium,
1184 930 1226 958 ut
1254 921 1388 958 dicitur

332 975 385 1011 ad
394 975 538 1012 Heb.X1
553 975 584 1012 ²¹².
601 976 650 1012 Et
663 975 894 1023 Augustinus
911 975 998 1012 dicit
1011 974 1066 1011 **;
1092 975 1190 1017 Quid
1202 980 1256 1011 est
1261 974 1388 1022 fides?

337 1028 498 1064 Credere
517 1029 617 1075 quod
643 1040 715 1065 non
734 1029 847 1065 vides.
877 1028 992 1073 Quod
1011 1034 1139 1064 autem
1160 1026 1321 1075 cognitio
1342 1026 1388 1063 sit

333 1080 412 1117 sine
440 1080 676 1128 apparitione
697 1081 761 1117 vel
786 1080 940 1126 visione,
960 1081 1035 1116 hoc
1062 1081 1110 1116 ad
1137 1079 1387 1127 imperfectio-

332 1144 422 1169 nem
451 1132 672 1180 cognitionis
705 1132 876 1181 pertinet.
906 1133 955 1168 Et
982 1132 1034 1168 sic
1062 1131 1294 1180 imperfectio
1324 1143 1386 1167 co-

332 1185 505 1234 gnitionis
534 1192 588 1221 est
620 1185 667 1221 de
695 1185 838 1221 ratione
867 1184 968 1221 fidei.
997 1184 1108 1221 Unde
1144 1183 1384 1220 manifestum

333 1245 390 1275 est
411 1237 514 1285 quod
537 1237 639 1274 ‘fides
666 1249 744 1274 non
773 1243 897 1286 potest
925 1249 1007 1272 esse
1025 1236 1191 1284 perfecta
1210 1236 1385 1284 cognitio,

334 1290 467 1327 eadem
496 1302 658 1326 numero
686 1301 857 1327 manens.

387 1342 463 1378 Sed
490 1341 644 1378 ulterius
678 1341 996 1378 considerandum
1030 1348 1085 1376 est
1115 1347 1243 1376 utrum
1276 1340 1387 1376 simul

330 1394 449 1443 possit
476 1406 559 1431 esse
588 1405 675 1430 cum
705 1393 916 1440 cognitione
948 1393 1133 1440 perfecta:
1162 1392 1252 1428 nihil
1286 1392 1385 1428 enirn

330 1442 507 1495 prohibet
534 1446 699 1494 aliquam
724 1445 977 1492 cognitionem
998 1444 1256 1492 imperfectam
1277 1444 1387 1480 simul

332 1510 415 1535 esse
435 1498 637 1546 aliquando
658 1509 744 1534 curn
765 1497 977 1545 cognitione
995 1497 1172 1545 perfecta.
1193 1497 1260 1533 Est
1278 1496 1388 1543 igitur

332 1550 651 1588 considerandum
684 1550 788 1599 quod
822 1549 984 1598 cognitio
1016 1556 1141 1597 potest
1173 1561 1255 1585 esse
1280 1547 1291 1573 t
1319 1548 1387 1585 im-

331 1603 496 1652 perfecta
523 1602 732 1651 tripliciter:
761 1613 838 1639 uno
866 1602 1006 1648 modo,
1036 1613 1080 1638 ex
1116 1608 1222 1650 parte
1251 1601 1387 1637 obiecti

332 1655 613 1704 cognoscibilis;
642 1655 715 1692 alio
744 1655 875 1702 modo,
907 1667 952 1692 ex
979 1662 1084 1703 parte
1112 1654 1248 1699 medii;
1277 1654 1386 1690 tertio

331 1709 462 1755 modo,
484 1720 529 1744 ex
547 1715 652 1756 parte
672 1707 841 1744 subiecti.
871 1709 928 1744 Ex
947 1714 1052 1756 parte
1073 1706 1227 1755 quidem
1250 1706 1387 1743 obiecti

331 1760 604 1808 cognoscibilis,
622 1760 798 1796 differunt
813 1761 1023 1796 secundum
1039 1759 1247 1808 perfectum
1268 1766 1304 1795 et
1318 1759 1387 1795 im-

328 1813 538 1862 perfectum
569 1812 730 1860 cognitio
758 1812 941 1849 matutina
962 1820 997 1849 et
1024 1811 1239 1860 vespertina
1266 1811 1304 1848 in
1323 1824 1387 1848 an-

329 1865 442 1914 gelis:
469 1876 560 1902 narn
589 1865 751 1913 cognitio
777 1865 960 1902 matutina
980 1872 1035 1901 est
1055 1864 1101 1901 de
1122 1865 1234 1901 rebus
1255 1876 1387 1901 secun-

330 1917 422 1956 dum
450 1919 555 1966 quod
574 1918 715 1955 habent
735 1929 817 1954 esse
835 1917 874 1955 in
891 1917 1041 1962 Verb0;
1072 1917 1234 1965 cognitio
1259 1925 1387 1954 autem

328 1970 544 2020 vespertina
572 1978 628 2007 est
650 1971 698 2008 de
719 1970 770 2007 eis
791 1970 1002 2007 secundum
1023 1970 1127 2018 quod
1146 1970 1287 2006 habent
1307 1981 1388 2006 esse

329 2023 368 2060 in
393 2023 548 2072 propria
570 2030 715 2070 natura,
737 2024 840 2071 quod
860 2031 916 2059 est
932 2023 1196 2071 imperfectum
1217 2030 1388 2071 respectu

330 2076 443 2125 primi
471 2087 564 2113 esse.
584 2097 608 2104 -
628 2076 686 2112 Ex
713 2083 818 2124 parte
846 2087 939 2112 vero
968 2075 1094 2122 medii,
1125 2074 1303 2112 differunt
1331 2087 1388 2112 se-

332 2127 500 2166 cundum
529 2129 739 2177 perfectum
768 2135 805 2165 et
823 2127 1086 2177 imperfectum
1106 2127 1268 2175 cognitio
1289 2139 1388 2175 quae

331 2189 388 2218 est
415 2182 462 2219 de
491 2180 616 2230 aliqua
650 2181 894 2218 conclusione
926 2193 995 2230 per
1031 2180 1202 2218 medium
1230 2181 1389 2217 demon-

331 2234 540 2280 strativum,
571 2241 606 2271 et
633 2246 702 2282 per
727 2233 896 2270 medium
925 2233 1133 2282 probabile.
1153 2254 1177 2260 -
1198 2234 1255 2270 Ex
1283 2241 1388 2282 parte

330 2294 424 2324 vero
452 2285 630 2333 subiecti,
660 2286 838 2323 differunt
873 2286 1084 2323 secundum
1116 2286 1324 2337 perfectum
1354 2293 1390 2322 et

330 2339 594 2388 imperfectum
622 2338 764 2387 opinio,
792 2339 889 2375 fides
917 2346 955 2375 et
981 2337 1134 2375 scientia
1151 2337 1183 2375 ²².
1212 2338 1316 2374 Nam
1342 2338 1388 2374 de

330 2393 476 2429 ratione
503 2390 693 2442 opinionis
712 2397 769 2428 est
796 2390 900 2440 quod
920 2390 1124 2440 accipiatur
1148 2402 1270 2433 unum
1300 2402 1388 2426 cum

330 2443 530 2482 formidine
558 2444 708 2481 alterius
737 2443 918 2492 oppositi:
946 2443 1050 2480 unde
1078 2454 1156 2480 non
1184 2443 1300 2480 habet
1326 2442 1388 2480 fir-

331 2509 437 2534 mam
465 2496 738 2534 inhaesionem.
768 2498 827 2534 De
851 2496 996 2532 ratione
1015 2508 1109 2534 vero
1129 2495 1306 2532 scientiae
1335 2503 1391 2532 est

331 2551 436 2599 quod
454 2549 594 2586 habeat
611 2549 763 2586 firmam
782 2547 1044 2585 inhaesionem
1065 2559 1153 2585 cum
1168 2548 1315 2584 visione
1334 2546 1389 2584 in-

2412 232 2483 266 441

1442 308 1487 332 ex
1518 296 1704 333 intellectu
1739 297 2022 344 principiorum.
2061 297 2172 333 Fides
2205 305 2328 333 autem
2363 297 2489 333 medio

1441 348 1559 385 modo
1579 361 1620 384 se
1639 349 1771 384 habet:
1802 349 1947 385 excedit
1968 349 2069 385 enim
2093 349 2323 397 opinionem,
2352 349 2390 386 in
2417 350 2491 385 hoc

1441 401 1545 448 quod
1572 401 1687 437 habet
1714 400 1865 437 firmam
1893 400 2171 446 inhaesionem3
2201 401 2325 437 deficit
2351 413 2444 438 vero
2469 413 2491 437 a

1441 452 1605 498 scientia,
1633 452 1672 489 in
1699 453 1772 489 hoc
1799 453 1904 500 quod
1931 465 2008 489 non
2035 453 2149 489 habet
2173 453 2372 489 visionem.

1494 505 1738 542 Manifestum
1768 513 1822 542 est
1849 512 1975 542 autem
2004 505 2109 552 quod
2137 505 2343 552 perfectum
2368 513 2404 541 et
2422 505 2490 540 im-

1440 557 1648 604 perfectum
1663 569 1741 594 non
1755 565 1914 605 possunt
1927 557 2038 593 simul
2053 569 2134 593 esse
2146 557 2356 593 secundum
2371 557 2489 593 idem:

1442 609 1507 645 sed
1528 621 1572 645 ea
1591 621 1690 656 quae
1709 609 1886 646 differunt
1910 611 2119 646 secundum
2141 609 2348 657 perfectum
2369 616 2405 644 et
2423 609 2491 644 irn-

1439 661 1660 708 perfectum,
1677 661 1888 706 secundum
1903 661 2042 709 aliquid
2060 661 2162 698 idem
2176 668 2334 710 possunt
2349 661 2459 697 simul
2473 666 2490 687 η

1442 725 1524 749 esse
1543 713 1581 750 in
1600 713 1725 762 aliquo
1745 714 1817 750 alio
1839 714 1988 751 eodem.
2019 714 2082 751 Sic
2100 713 2210 761 igitur
2229 713 2390 760 cognitio
2410 724 2492 761 per-

1441 764 1537 802 fecta
1565 773 1602 802 et
1627 766 1846 814 imperfecta
1874 778 1918 802 ex
1946 774 2050 814 parte
2079 766 2226 812 obiecti,
2250 766 2353 802 nullo
2373 765 2490 801 modo

1440 825 1600 864 possunt
1627 830 1707 854 esse
1737 818 1783 854 de
1812 819 1949 855 eodem
1983 819 2144 855 obiecto.
2174 820 2338 855 Possunt
2364 825 2491 854 tamen

1443 870 1646 906 convenire
1672 871 1710 906 in
1738 871 1876 907 eodem
1905 871 2045 917 medio,
2075 878 2112 907 et
2138 871 2175 907 in
2205 865 2342 907 eodem
2370 869 2492 906 subie-

1442 929 1519 957 cto:
1549 921 1637 958 nihil
1666 922 1767 959 enim
1795 923 1971 970 prohibet
1994 923 2098 971 quod
2117 935 2215 959 unus
2234 923 2352 959 homo
2381 922 2492 958 simul

1442 981 1478 1010 et
1495 975 1613 1010 semel
1631 987 1700 1022 per
1714 987 1833 1011 unum
1853 983 1888 1011 et
1906 976 2008 1012 idern
2024 975 2193 1012 medium
2208 976 2346 1012 habeat
2366 974 2491 1022 cogni-

1440 1025 1583 1062 tionem
1611 1027 1657 1063 de
1684 1027 1845 1074 duobus,
1873 1040 2038 1076 quorum
2065 1040 2186 1064 unum
2210 1036 2265 1064 est
2283 1028 2491 1076 perfectum

1441 1085 1477 1114 et
1503 1078 1603 1116 aliud
1630 1079 1904 1127 imperfectum,
1934 1080 2028 1116 sicut
2055 1080 2102 1116 de
2129 1081 2285 1117 sanitate
2313 1088 2350 1116 et
2376 1079 2492 1127 aegri-

1439 1131 1588 1177 tudine,
1623 1139 1658 1167 et
1686 1133 1788 1168 bono
1817 1139 1853 1168 et
1880 1133 1993 1168 malo.
2022 1153 2045 1159 -
2075 1132 2252 1169 Similiter
2285 1133 2395 1168 etiam
2422 1133 2491 1168 im-

1439 1183 1616 1231 possibile
1637 1191 1692 1220 est
1710 1185 1813 1232 quod
1842 1184 2002 1232 cognitio
2022 1186 2186 1233 perfecta
2215 1193 2250 1221 et
2277 1182 2493 1232 imperfecta

1442 1247 1486 1271 ex
1514 1243 1617 1284 parte
1651 1236 1785 1283 medii,
1815 1237 2042 1274 conveniant
2069 1237 2107 1274 in
2134 1250 2211 1274 uno
2244 1237 2384 1274 medio.
2416 1238 2493 1274 Sed

1441 1288 1530 1324 nihil
1559 1289 1735 1336 prohibet
1762 1289 1854 1336 quin
1875 1290 2101 1326 conveniant
2119 1290 2157 1326 in
2176 1302 2253 1326 uno
2274 1290 2436 1336 obiecto,
2458 1297 2493 1326 et

1440 1339 1479 1376 in
1505 1352 1584 1376 uno
1617 1341 1807 1378 subiecto:
1836 1349 1960 1390 potest
1979 1342 2080 1379 enirn
2099 1355 2197 1378 unus
2215 1343 2334 1379 homo
2355 1354 2494 1389 cogno-

1442 1404 1544 1428 scere
1566 1393 1727 1429 eandem
1753 1394 2035 1431 conclusionem
2064 1407 2131 1443 per
2159 1395 2328 1431 medium
2357 1395 2492 1442 proba-

1442 1444 1526 1492 bile,
1544 1452 1579 1480 et
1599 1445 1949 1483 demonstrativum.
1967 1448 2055 1483 --Et
2070 1455 2124 1483 est
2139 1447 2304 1483 similiter
2322 1447 2494 1495 impossi-

1441 1495 1514 1532 bile
1542 1497 1647 1544 quod
1671 1498 1832 1545 cognitio
1851 1500 2015 1546 perfecta
2035 1507 2070 1535 et
2089 1499 2306 1547 imperfecta
2326 1512 2371 1535 ex
2390 1507 2494 1548 parte

1442 1549 1609 1595 subiecti,
1631 1549 1703 1585 sint
1722 1550 1832 1586 simul
1850 1551 1887 1586 in
1912 1551 2048 1587 eodem
2077 1552 2258 1588 subiecto.
2288 1552 2400 1588 Fides
2429 1565 2494 1588 au-

1442 1609 1518 1637 tem
1539 1600 1577 1637 in
1597 1601 1653 1638 sui
1673 1602 1816 1638 ratione
1835 1603 1950 1639 habet
1968 1604 2292 1652 imperfectionem
2322 1617 2420 1652 quae
2441 1612 2496 1641 est

1442 1666 1487 1690 ex
1515 1661 1622 1702 parte
1649 1654 1818 1701 subiecti,
1847 1662 1888 1691 ut
1915 1655 2053 1692 scilicet
2079 1657 2236 1692 credens
2265 1669 2342 1692 non
2368 1656 2496 1693 videat

1441 1707 1479 1743 id
1508 1706 1613 1754 quod
1642 1707 1774 1743 credit:
1803 1707 1995 1744 beatitudo
2030 1715 2158 1744 autem
2193 1709 2238 1744 de
2267 1709 2324 1744 sui
2352 1709 2496 1745 ratione

1440 1759 1556 1795 habet
1581 1759 1852 1807 perfectionem
1882 1773 1927 1796 ex
1954 1761 2261 1808 parte‘subiecti,
2291 1768 2332 1797 ut
2359 1762 2497 1797 scilicet

1442 1812 1574 1848 beatus
1598 1811 1726 1848 videat
1753 1811 1790 1849 id
1819 1824 1894 1861 quo
1923 1813 2167 1860 beatificatur,
2195 1821 2236 1850 ut
2264 1825 2377 1862 supra
2395 1813 2416 1836 *
2444 1814 2495 1851 di-

1442 1871 1544 1900 ctum
1565 1871 1630 1901 est.
1660 1864 1770 1901 Unde
1790 1865 2030 1902 manifestum
2061 1873 2115 1902 est
2139 1865 2243 1914 quod
2262 1866 2495 1915 impossibile

1443 1924 1497 1953 est
1525 1916 1628 1965 quod
1655 1917 1751 1954 fides
1779 1925 1931 1954 maneat
1958 1918 2069 1954 simul
2097 1931 2184 1955 cum
2210 1919 2439 1956 beatitudine
2458 1920 2495 1956 in

1443 1969 1580 2006 eodem
1609 1970 1778 2006 subiecto
1797 1970 1828 2006 ²⁸.

1493 2024 1552 2058 An
1581 2033 1717 2059 PthJM
1741 2033 1839 2059 ERGO
1858 2034 2041 2060 mcENDUM
2065 2025 2168 2072 quod
2187 2025 2284 2061 fides
2312 2032 2368 2061 est
2387 2025 2495 2062 nobi-

1441 2074 1511 2111 lior
1539 2086 1654 2123 quam
1683 2074 1847 2122 scientia,
1878 2087 1922 2112 ex
1949 2083 2054 2125 parte
2083 2077 2238 2114 obiecti:
2267 2078 2355 2126 quia
2384 2077 2463 2114 eius
2481 2075 2496 2098 θ

1442 2127 1633 2164 obiectum
1667 2135 1722 2164 est
1749 2128 1886 2165 veritas
1923 2129 2056 2178 prima.
2092 2129 2169 2166 Sed
2197 2130 2351 2167 scientia
2383 2131 2498 2167 habet

1441 2180 1703 2229 perfectiorem
1723 2181 1884 2218 modum
1909 2183 2173 2229 cognoscendi,
2194 2182 2258 2232 qui
2282 2195 2359 2220 non
2387 2195 2498 2232 repu-

1442 2240 1530 2280 gnat
1557 2233 1777 2281 perfectioni
1804 2234 2055 2282 beatitudinis,
2080 2235 2218 2272 scilicet
2235 2235 2382 2283 visioni,
2403 2236 2499 2273 sicut

1443 2293 1626 2334 repugnat
1654 2285 1688 2322 ei
1716 2285 1855 2322 modus
1882 2286 1984 2323 fidei.

1495 2339 1552 2374 AD
1582 2349 1771 2375 SECUNDUM
1802 2350 1984 2376 monimum
2017 2341 2120 2387 quod
2154 2340 2250 2377 fides
2284 2348 2340 2377 est
2366 2339 2498 2377 funda-

1443 2397 1616 2427 mentum
1651 2399 1835 2439 quantum
1871 2392 1920 2428 ad
1947 2392 1985 2429 id
2014 2393 2119 2440 quod
2145 2394 2260 2429 habet
2288 2393 2335 2430 de
2373 2393 2499 2442 cogni-

1441 2442 1555 2480 tione.
1591 2443 1640 2479 Et
1666 2443 1753 2480 ideo
1783 2444 1937 2492 quando
1971 2445 2402 2494 perficietur-cognitio,
2433 2446 2500 2483 erit

1442 2495 1640 2544 perfectius
1667 2495 1969 2534 fundamentum.

1495 2550 1554 2584 AD
1591 2558 1749 2585 TERTmM
1785 2556 1888 2597 patet
1921 2549 2057 2586 solutio
2073 2560 2138 2586 ‘ex
2172 2550 2230 2587 his
2267 2562 2365 2600 quae
2401 2551 2499 2588 dicta

330 2602 536 2640 tellectiva:
565 2603 680 2639 habet
708 2601 808 2638 enirn
838 2601 1099 2638 certitudinem
1118 2601 1387 2649 procedentem
1443 2607 1530 2636 sunt
1548 2601 1579 2637 *.

384 2717 409 2750 ζ)
429 2724 492 2742 esse.
511 2731 527 2735 -
548 2716 601 2741 dici
619 2716 730 2741 codices.

385 2753 411 2786 τ.)
430 2753 549 2777 sinum—
567 2751 628 2776 Om.
649 2752 696 2776 Pa.

1497 2711 1520 2746 θ)
1541 2713 1605 2738 eius.
1623 2728 1642 2732 -
1661 2714 1722 2739 Om.
1741 2714 1986 2747 ACDFGHIKLpB.

1008 2809 1338 2843 Commentario·
1361 2808 1610 2842 Cardmalis
1632 2810 1830 2843 Caietani

361 2904 381 2924 u
396 2893 528 2924 articulo
542 2893 633 2924 tertio
651 2892 793 2923 eiusdem
808 2891 1001 2933 quaestionis
1017 2889 1388 2930 sexagesimaeseptimae,

334 2905 496 2968 Idubium
519 2944 565 2968 est
588 2947 627 2967 an
650 2934 727 2966 fides
750 2943 781 2967 et
799 2935 925 2966 scientia
942 2935 980 2965 de
1003 2934 1117 2965 eodem
1140 2941 1222 2965 stent
1245 2932 1340 2964 simul
1356 2933 1389 2964 in

333 2980 456 3012 eodem.
472 2978 534 3011 Sed
555 2980 709 3021 quoniam
731 2979 793 3010 hoc
816 2989 853 3010 ex
877 2978 1041 3019 proposito
1058 2984 1224 3019 quaeretur
1239 2977 1272 3007 in
1288 2977 1390 3017 prima

334 3023 549 3066 quaestione*,
565 3022 662 3054 11¹11··
670 3047 677 3060 ‚
691 3024 763 3054 ideo
775 3022 826 3054 hic
838 3029 1027 3063 pertranseo.
1039 3022 1124 3060 Quia
1137 3028 1242 3052 tamen
1252 3020 1302 3051 hic
1318 3021 1389 3052 fun-

333 3069 480 3099 damenta
502 3068 667 3104 iaciuntur,
683 3077 742 3108 piro
762 3067 922 3098 intellectu
938 3067 1148 3097 terminorum
1170 3066 1235 3096 duo
1250 3065 1390 3096 notanda

333 3119 416 3143 sunt.
440 3111 583 3142 Primum
596 3108 662 3148 est,
687 3112 777 3152 quod
798 3120 944 3151 praesens
967 3110 1117 3141 articulus
1139 3110 1178 3140 de
1200 3109 1271 3146 fide,
1288 3116 1319 3140 et
1342 3119 1389 3140 se-

333 3166 434 3196 quens
451 3156 494 3186 de
512 3165 577 3195 spe,
593 3155 708 3186 directe
730 3155 907 3196 loquuntur
922 3155 962 3184 de
980 3154 1100 3185 actibus
1123 3153 1196 3183 fidei
1212 3160 1243 3184 et
1265 3153 1342 3193 spei,
1358 3161 1389 3185 et

333 3210 399 3230 non
419 3199 461 3229 de
473 3197 640 3230 habitibus.
658 3196 693 3229 In
716 3199 829 3240 quinto
846 3208 983 3239 namque
1002 3197 1146 3236 articulo,
1162 3207 1387 3228 consummans

333 3246 458 3274 Auctor
477 3243 696 3284 quaestionem
720 3242 758 3273 de
776 3241 849 3272 fidei
872 3249 903 3273 et
926 3240 992 3281 spei
1015 3239 1190 3277 duratione,
1208 3241 1246 3271 de
1263 3240 1387 3271 habitus

334 3286 499 3318 duratione
511 3287 698 3318 determinat
718 3285 796 3327 quid
812 3285 1020 3322 sentiendum,
1034 3293 1070 3316 ut
1091 3284 1135 3316 ibi
1150 3285 1276 3325 patebit.
1297 3284 1388 3322 Quae

332 3331 429 3371 igitur
450 3331 489 3360 de
511 3330 572 3361 fide
595 3338 629 3361 et
648 3340 704 3371 spe
726 3331 759 3360 in
782 3330 830 3361 his
847 3330 973 3361 duobus
987 3330 1063 3370 legis
1079 3329 1227 3366 articulis,
1242 3329 1282 3359 ad
1300 3335 1390 3359 actus

334 3385 442 3405 earum
465 3374 553 3405 refer.

389 3419 427 3449 11.
441 3418 623 3449 Secundum
640 3425 686 3449 est
700 3417 798 3458 quod,
816 3428 889 3448 cum
905 3417 1017 3448 dicitur
1038 3418 1126 3458 quod
1141 3417 1218 3448 fides
1239 3417 1390 3457 importat

333 3462 605 3502 imperfectionem
627 3472 664 3492 ex
686 3469 774 3502 parte
796 3461 936 3498 subiecti,
956 3469 1062 3502 posset
1080 3462 1160 3492 bene
1183 3468 1214 3492 et
1236 3462 1318 3492 male
1340 3462 1388 3491 in-

334 3505 440 3546 telligi,
463 3506 513 3536 vel
536 3516 602 3536 non
625 3505 769 3545 intelligi;
794 3513 824 3536 et
848 3512 1075 3546 consequenter
1098 3515 1197 3536 errare
1220 3505 1252 3535 in
1276 3506 1388 3545 princi-

474 3567 582 3591 Sumum
600 3566 701 3591 Timor..
720 3566 751 3590 D.
765 3566 878 3590 Tuom
892 3565 924 3590 T.
943 3565 981 3590 111.

1445 2890 1514 2930 piis.
1539 2891 1571 2921 Si
1590 2891 1661 2931 quis
1681 2891 1765 2921 enim
1789 2891 1940 2932 intelligat
1961 2903 2032 2923 eam
2055 2893 2155 2923 dicere
2169 2892 2439 2934 imperfectionem
2462 2905 2499 2925 ex

1444 2941 1531 2974 parte
1555 2933 1702 2971 subiecti,
1726 2935 1801 2975 quia
1823 2936 1914 2975 ponit
1936 2943 2041 2967 actum
2072 2937 2292 2977 imperfectum
2320 2948 2375 2968 seu
2406 2939 2498 2968 dimi-

1444 2985 1560 3009 nutum
1582 2977 1615 3009 in
1639 2979 1790 3015 subiecto,
1808 2986 1896 3010 errat.
1913 2980 1995 3010 Nam
2019 2981 2156 3020 cognitio
2181 2991 2236 3021 per
2261 2981 2402 3012 medium
2426 2992 2498 3022 pro-

1443 3022 1546 3052 babile
1577 3022 1709 3053 alicuius
1740 3022 1950 3053 conclusionis
1984 3024 2249 3059 demonstrabilis.
2280 3025 2372 3065 ponit
2404 3024 2498 3056 etiam

1444 3072 1549 3096 actum
1568 3066 1788 3106 imperfectum
1809 3076 1863 3097 seu
1891 3067 2084 3098 diminutum
2106 3068 2138 3098 in
2162 3069 2319 3099 subiecto:
2344 3076 2375 3100 et
2393 3077 2497 3100 tamen

1444 3120 1509 3140 non
1533 3117 1579 3140 est
1601 3110 1687 3146 fides,
1708 3120 1766 3141 nec
1780 3110 2045 3150 incompossibilis
2069 3112 2227 3149 scientiae;
2247 3120 2307 3144 stat
2325 3113 2410 3143 enim
2425 3124 2498 3144 cum

1444 3153 1570 3184 scientia
1593 3154 1735 3184 eiusdem
1758 3154 1791 3184 in
1814 3155 1928 3185 eodem
1951 3155 2105 3192 subiecto,
2127 3163 2163 3187 ut
2185 3156 2216 3187 in
2248 3157 2347 3188 littera
2375 3157 2496 3188 dicitur.

1442 3197 1516 3227 Non
1541 3205 1586 3229 est
1600 3197 1695 3237 igitur
1709 3208 1813 3228 sermo
1838 3199 1927 3239 quod
1946 3199 2070 3230 habitus
2086 3199 2158 3230 fidei
2174 3200 2303 3231 inclinat
2321 3201 2498 3232 subiectum

1442 3241 1474 3271 in
1489 3247 1595 3271 actum
1609 3241 1845 3281 imperfectum;
1862 3248 1897 3272 ut
1911 3242 2004 3273 multi
2019 3242 2163 3274 videntur
2178 3244 2357 3284 intelligere.
2375 3244 2496 3282 Quam-

1442 3284 1489 3314 vis
1513 3284 1596 3315 enirn
1620 3285 1682 3316 hoc
1703 3294 1814 3315 verum
1830 3284 1868 3317 sit
1887 3286 1926 3316 de
1944 3293 2015 3317 actu
2032 3294 2063 3317 et
2077 3286 2185 3318 habitu
2208 3287 2290 3324 fidei,
2308 3297 2372 3318 non
2392 3295 2497 3318 tamen

1442 3329 1505 3359 hoc
1517 3335 1564 3359 est
1577 3329 1743 3360 intentum.
1761 3330 1847 3360 Haec
1862 3330 1947 3360 enim
1961 3330 2157 3370 imperfectio
2180 3338 2226 3362 est
2241 3332 2420 3362 communis
2439 3332 2497 3362 sibi

1443 3380 1473 3403 et
1495 3372 1639 3412 opinioni
1660 3380 1690 3404 et
1713 3373 1887 3413 cognitioni
1908 3375 2079 3414 probabili:
2102 3370 2204 3406 sermo
2225 3383 2332 3406 autem
2352 3385 2497 3415 praesens

1443 3424 1489 3447 est
1505 3417 1543 3446 de
1563 3416 1798 3457 imperfectione
1814 3418 1940 3458 propria
1955 3417 2036 3454 fidei,
2054 3429 2117 3458 qua
2133 3419 2332 3458 distinguitur
2354 3420 2391 3449 ab
2412 3419 2495 3455 aliis;

1444 3467 1473 3491 et
1497 3460 1609 3491 dicitur
1627 3461 1715 3501 quod
1738 3468 1822 3492 tenet
1845 3471 1877 3492 se
1897 3471 1932 3491 ex
1951 3468 2037 3501 parte
2060 3462 2200 3494 subiecti.
2216 3480 2234 3486 —
2250 3464 2370 3493 Rursus
2386 3473 2496 3493 secun—

1445 3506 1523 3535 dum
1545 3504 1616 3540 hoc,
1641 3504 1811 3535 differentia
1834 3505 2007 3536 secundum
2030 3506 2205 3546 perfectum
2224 3514 2254 3537 et
2276 3506 2496 3546 imperfectum

2323 3566 2354 3591 56

2523 1819 2532 1828 ¹
2548 1818 2595 1846 Qu.
2605 1824 2639 1846 ιιι,
2654 1820 2696 1840 art.
2709 1817 2732 1839 8.

2523 1976 2532 1986 ·
2547 1975 2577 1997 D.
2591 1975 2645 1996 606.

2526 2610 2535 2619 ·
2549 2609 2574 2630 In
2591 2614 2696 2636 corpore.
