2852 4152
174 444 184 452 ⁹
204 441 260 468 Cap.
276 445 346 487 mgi-
359 445 385 465 23

354 472 386 487 ιο.

176 473 386 518 ῗ“ἔ.·τ”ι;.ἰ’ὲει’νη,

175 526 198 541 Χ.

188 2201 338 2252 [Carpwnsn.
347 2203 376 2224 ιδ.
385 2214 395 2219 -

189 2231 214 2252 S.
249 2231 271 2252 h.
286 2230 337 2251 lect.
351 2236 374 2251 x.

186 2417 195 2425 ”
208 2415 265 2442 Cap.
276 2421 316 2439 vu,
330 2420 397 2442 n.15;

171 2470 174 2471 ⁷
188 2448 268 2470 cap.x.
276 2447 335 2469 n.15;
345 2447 394 2488 cap.

186 2474 239 2494 xm,
255 2474 277 2489 n.
289 2474 308 2489 1:
325 2467 394 2489 stTr.

186 2495 266 2520 lect.x,
274 2500 321 2520 xvr,
330 2500 377 2515 xrx.
385 2505 396 2509 -

186 2521 222 2543 Cf.
242 2521 281 2542 lib.
296 2520 330 2547 X,
345 2526 394 2568 cap.

186 2554 227 2573 vn,
243 2553 301 2573 n.1;
322 2547 371 2568 s.T
389 2562 394 2568 .

183 2575 235 2596 lect.
250 2580 273 2595 x.

185 2637 194 2645 ⁴
209 2637 260 2657 Art.
276 2610 381 2663 pti-‘aecem

281 2888 297 2922 β

280 3047 297 3071 Υ

411 203 485 239 328

1119 202 1383 248 QUAESTIO
1414 203 1478 247 LI,
1508 200 1802 237 ARTICULUS
1833 201 1881 236 111

467 283 527 318 An
561 293 750 319 SECUNDUM
778 293 960 318 DICENDUM
985 281 1089 330 quod
1118 280 1232 327 idem,
1258 279 1468 316 secundum
1524 278 1695 326 procedit
1727 291 1749 315 a
1778 277 1952 315 nobiliori
1986 279 2170 329 principio
2210 292 2325 330 quarn
2362 280 2407 317 sit
2439 279 2588 316 habitus

415 334 530 380 idem,
561 346 639 371 non
666 341 791 383 potest
820 346 901 371 esse
930 346 1092 370 movens
1123 341 1158 369 et
1186 340 1344 369 motum.
1367 331 1469 367 Nihil
1526 338 1741 377 generatus:
1769 330 1864 367 sicut
1883 330 1964 380 ipsa
1984 332 2078 368 ratio
2100 340 2154 370 est
2173 333 2337 370 nobilius
2363 332 2589 382 principium

418 394 546 424 autem
574 386 752 435 prohibet
778 387 879 424 idem
901 399 923 423 a
942 386 1066 434 seipso
1096 384 1244 422 moveri
1263 384 1472 420 secundum
1528 392 1643 431 quam
1664 383 1709 419 sit
1728 381 1740 404 ὅ
1760 382 1912 420 habitus
1930 383 2078 422 virtutis
2098 385 2253 423 moralis
2272 386 2310 422 in
2328 386 2368 422 vi
2383 385 2589 435 appetitiva

418 439 579 487 diversa,
608 446 649 476 ut
677 439 713 476 in
732 439 818 476 VIII
847 439 995 487 Physic.
1013 438 1032 459 ’¹‘
1059 438 1251 486 probatur.

1527 447 1596 484 per
1625 442 1780 472 actuum
1810 435 2102 475 consuetudines
2130 445 2347 486 generatus3
2384 445 2420 474 et
2447 437 2588 474 intelle-

469 494 528 529 An
561 504 720 529 TERTIUM
753 503 935 528 mmmmm
969 490 1072 538 quod
1106 497 1209 526 actus
1241 488 1475 536 praecedens
1530 495 1610 524 ctus
1638 487 1912 536 principiorum
1943 496 1998 526 est
2021 490 2184 527 nobilius
2211 490 2441 539 principium
2470 502 2588 537 quam

416 545 602 592 habitum,
632 545 858 592 inquantum
886 542 1055 592 procedit
1074 554 1096 578 a
1116 539 1301 589 principio
1333 539 1475 586 activo,
1531 540 1686 576 scientia
1714 540 2015 579 conclusionum.

468 674 493 708 ὃ)
512 675 556 700 sit.
569 689 588 694 -
606 674 667 699 Om.
688 675 796 699 codices.

1086 749 1417 782 Commenta-ia
1440 749 1689 782 Cardinalis
1711 749 1912 783 Caietam

422 853 469 914 IN
494 842 625 872 articulo
642 841 780 871 secundo
806 839 946 870 eiusdem
967 837 1160 879 quaestionis
1183 838 1476 879 quinquagesimae-

1529 845 1645 879 pterea‚
1661 845 1696 869 ut
1713 848 1854 888 expresse
1869 845 1964 879 patet,
1983 838 2056 870 licet
2072 845 2160 870 actus
2177 840 2366 880 praecedens
2385 840 2529 871 habiturn
2552 840 2591 871 sit

450 886 577 926 primae,
596 892 706 916 notato
723 883 886 924 diligenter
897 883 985 924 quod
998 882 1146 913 nobilitas
1168 882 1360 922 operationis
1380 882 1478 913 active
1530 882 1707 912 secundum
1730 893 1763 913 se
1785 881 2000 923 imperfectus,
2025 889 2071 913 est
2094 889 2199 913 tamen
2222 883 2389 923 perfectior
2413 885 2589 915 secundum

419 937 567 969 pensatur
595 939 631 959 ex
655 928 756 958 forma
785 937 866 968 quae
890 934 936 958 est
964 926 1095 957 actionis
1118 925 1320 967 principium.
1344 926 1385 956 Et
1404 936 1476 966 pro-

1531 936 1628 956 suurn
1650 926 1857 967 principium:
1883 934 1914 957 et
1936 927 1998 958 hoc
2021 926 2145 958 sufficit.
2171 927 2269 964 Quod
2291 928 2370 959 bene
2394 928 2528 960 notabis.

1222 1096 1537 1138 ARTICULUS
1566 1096 1793 1138 TERTIUS

903 1189 1058 1232 UTRUM
1081 1189 1163 1219 PER
1186 1189 1311 1220 UNUM
1335 1188 1490 1220 ACTUM
1513 1188 1660 1220 Possm*
1684 1188 1901 1220 GENERARI
1925 1188 2112 1220 HAB1Tus

948 1269 957 1293 I
978 1269 1060 1298 Sent„
1082 1268 1141 1293 dist.
1159 1275 1219 1299 xvn,
1239 1276 1284 1301 qu.
1302 1275 1330 1297 n,
1350 1272 1397 1293 art.
1417 1267 1440 1297 3,
1460 1268 1492 1292 ad
1510 1275 1540 1299 4;
1562 1267 1602 1292 De
1624 1267 1729 1298 Virtut„
1749 1275 1792 1301 qu.
1813 1275 1834 1297 1,
1854 1272 1900 1294 art.
1915 1275 1944 1302 9,
1965 1268 1996 1292 ad
2016 1276 2054 1293 Η.

471 1403 478 1410 1
535 1388 578 1413 ,μὴ
629 1371 651 1396 D
680 1370 839 1395 TERTIUM
859 1369 912 1395 sm
932 1357 1354 1395 noemma-'Videtur
1372 1357 1477 1406 quod

479 1410 493 1432 ·'
629 1424 698 1461 per
715 1423 837 1448 unum
853 1418 981 1448 actum
996 1410 1115 1459 possit
1129 1410 1279 1448 habitus
1294 1410 1476 1458 generari.

417 1578 477 1607 tur
505 1570 659 1607 scientia
687 1583 784 1620 quae
817 1577 872 1607 est
896 1569 1045 1606 habitus
1075 1569 1327 1607 conclusionis
1354 1570 1478 1607 unius.

420 1625 521 1671 Ergo
551 1624 699 1660 habitus
727 1630 853 1672 potest
882 1622 1025 1659 causari
1057 1635 1100 1659 ex
1128 1635 1205 1659 uno
1235 1631 1331 1659 actu.

475 1689 510 1713 2.
530 1677 762 1724 ΡΒΑΕΤΕΚΕΑ,
785 1677 880 1713 sicut
900 1675 1080 1723 contingit
1099 1684 1204 1712 actus
1225 1688 1392 1712 crescere
1412 1687 1480 1724 per

421 1729 771 1778 multipicationem,
802 1729 851 1765 ita
872 1729 1050 1776 contingit
1079 1736 1204 1765 actum
1227 1740 1394 1765 crescere
1413 1740 1482 1776 per

421 1783 684 1819 intensionem.
713 1782 790 1818 Sed
814 1781 1067 1830 multiplicatis
1096 1781 1253 1828 actibus,
1281 1788 1482 1829 generatur

421 1835 582 1871 habitus.
613 1836 714 1882 Ergo
745 1835 858 1871 etiam
888 1835 918 1871 si
947 1834 1110 1871 multum
1139 1834 1353 1870 intendatur
1379 1846 1479 1870 unus

421 1895 537 1934 aetus,
568 1888 704 1936 poterit
733 1900 813 1924 esse
844 1899 959 1924 causa
986 1886 1203 1934 generativa
1230 1886 1391 1923 habitus.

477 1942 510 1977 3.
532 1942 764 1987 PRAETEREA,
795 1939 934 1977 sanitas
955 1947 990 1975 et
1010 1939 1204 1987 aegritudo
1226 1947 1311 1976 sunt
1331 1939 1482 1976 habitus

421 1993 589 2042 quidam.
621 1993 697 2030 Sed
719 2005 763 2029 ex
781 2005 861 2030 uno
887 1999 972 2029 actu
993 1991 1173 2040 contingit
1201 1992 1398 2029 hominem
1418 1992 1481 2028 vel

420 2046 544 2083 sanari
572 2047 633 2083 vel
662 2046 856 2083 infirmari.
886 2046 988 2093 Ergo
1017 2057 1117 2082 unus
1145 2052 1250 2082 actus
1274 2052 1399 2094 potest
1417 2045 1482 2082 ha-

421 2099 543 2136 bitum
573 2111 738 2136 causare.

476 2153 549 2189 SED
579 2164 724 2189 CONTRA
752 2163 818 2188 Es‘r
846 2151 952 2199 quod
980 2151 1236 2199 Philosophus
1265 2150 1368 2198 dicit,
1397 2149 1479 2187 inl

421 2206 540 2242 Ethic.
557 2206 587 2252 ³¹³,
609 2204 714 2254 quod
734 2217 810 2241 una
829 2204 990 2241 hirundo
1010 2215 1078 2241 ver
1097 2216 1171 2240 non
1184 2204 1297 2252 facit,
1319 2215 1386 2240 nec
1407 2215 1482 2240 una

423 2259 517 2295 dies.-
541 2258 591 2294 ita
612 2259 736 2306 utique
755 2269 823 2294 nec
842 2259 990 2295 beatum
1019 2268 1087 2294 nec
1110 2256 1259 2303 felicem
1289 2268 1364 2293 una
1393 2257 1480 2302 dies,

424 2323 492 2348 nec
513 2322 681 2359 paucum
716 2317 869 2359 tempus.
908 2310 984 2347 Sed
1018 2309 1202 2347 beatitudo
1236 2315 1288 2346 est
1315 2309 1481 2357 operatio

423 2364 627 2401 secundum
660 2364 826 2401 habitum
854 2355 1049 2412 perfectae
1078 2363 1241 2407 virtutis,
1275 2369 1317 2399 ut
1350 2361 1482 2399 dicitur

423 2417 462 2454 in
491 2417 642 2454 lEthic.
659 2416 679 2439 ³²
707 2417 810 2464 Ergo
839 2416 988 2453 habitus
1016 2415 1174 2462 virtutis,
1206 2422 1242 2452 et
1262 2414 1397 2452 eadem
1426 2427 1481 2451 ra-

421 2470 527 2507 tione
560 2470 654 2506 alius
689 2469 855 2516 habitus,
893 2481 970 2506 non
999 2474 1017 2490 α
1052 2475 1227 2505 causatur
1257 2480 1326 2517 per
1359 2479 1481 2504 unum

423 2530 563 2560 actum.
915 2563 917 2565 ι

477 2577 702 2613 RESPONDEO
727 2585 910 2612 DICENDUM
939 2573 1056 2624 quod,
1087 2573 1181 2611 sicut
1208 2573 1282 2610 iarn
1298 2574 1320 2592 ¹*
1340 2572 1481 2610 dictum

424 2637 490 2677 est,
519 2629 669 2666 habitus
697 2640 766 2677 per
794 2635 919 2664 actum
940 2634 1140 2675 generatur
1169 2627 1393 2676 inquantum
1413 2638 1482 2674 po-

409 2682 537 2719 .tentia
555 2682 706 2731 passiva
724 2688 904 2718 movetur
922 2680 971 2717 ab
993 2680 1120 2729 aliquo
1140 2678 1325 2729 principio
1341 2678 1479 2716 activo.

423 2736 483 2772 Ad
510 2736 585 2772 hoc
613 2743 742 2772 autern
770 2734 875 2784 quod
905 2733 1030 2781 aliqua
1059 2733 1218 2782 qualitas
1248 2739 1422 2769 causetur
1445 2732 1483 2768 in

422 2788 588 2837 passivo,
609 2795 760 2838 oportet
778 2786 882 2836 quod
898 2786 1065 2823 activum
1080 2786 1241 2823 totaliter
1255 2785 1384 2822 vincat
1396 2796 1482 2834 pas-

423 2841 559 2879 sivum.
577 2841 688 2879 Unde
702 2841 881 2879 videmus
902 2840 1018 2889 quod,
1035 2839 1125 2888 quia
1145 2838 1239 2887 ignis
1259 2850 1337 2875 non
1355 2845 1481 2887 potest

423 2894 547 2931 statim
574 2892 588 2923 β
615 2894 768 2931 vincere
798 2905 910 2930 suum
939 2892 1220 2939 combustibile',
1250 2903 1328 2929 non
1358 2891 1481 2928 statim

423 2947 638 2985 inflammat
665 2948 802 2996 ipsum,
833 2945 900 2983 sed
929 2945 1109 2994 paulatim
1130 2944 1254 2982 abiicit
1278 2944 1482 2981 contrarias

424 3000 707 3048 dispositiones,
736 3008 777 3036 ut
805 2999 858 3036 sic
884 2999 1047 3036 totaliter
1073 2998 1231 3035 vincens
1264 2997 1407 3047 ipsum,
1437 2997 1483 3034 si-

422 3052 674 3090 militudinem
704 3065 811 3090 suam
840 3052 912 3101 ipsi
939 3051 1133 3101 imprimat
1151 3055 1179 3088 Υ.

487 3106 732 3143 Manifestum
761 3113 815 3142 est
844 3112 970 3142 autern
1001 3104 1104 3154 quod
1137 3103 1362 3154 principium
1394 3102 1483 3152 acti-

423 3171 518 3195 vum
547 3159 651 3208 quod
680 3167 735 3196 est
763 3157 870 3205 ratio,
900 3170 979 3195 non
1007 3157 1169 3195 totaliter
1200 3164 1324 3207 potest
1352 3167 1481 3205 super-

476 3292 502 3324 α)
521 3292 590 3316 alius
608 3290 720 3318 habitus,
741 3297 802 3315 non.
814 3304 831 3308 -
851 3297 897 3314 nec
914 3290 983 3315 alius
1002 3290 1106 3315 habitus
1126 3291 1176 3315 EF.

476 3326 500 3359 β)
520 3327 621 3351 statim.
639 3340 656 3344 —
676 3325 796 3350 totaliter
814 3325 859 3349 Ρα.

474 3364 501 3395 γ)
522 3362 667 3393 imprimat.
683 3374 703 3381 -
722 3361 842 3392 imponat
859 3360 1065 3384 ABCDEGHIL.

1530 1357 1684 1395 vincere
1717 1357 1964 1407 appetitivam
1997 1357 2208 1407 potentiam
2237 1358 2276 1397 in
2303 1371 2381 1396 uno
2409 1366 2517 1396 actu:
2547 1371 2593 1397 eo

1530 1411 1637 1459 quod
1665 1410 1870 1460 appetitiva
1889 1411 2059 1459 potentia
2077 1423 2117 1448 se
2136 1411 2254 1448 habet
2278 1411 2536 1450 diversimode
2556 1419 2594 1450 et

1530 1464 1580 1501 ad
1609 1465 1743 1510 multa;
1773 1463 1959 1501 iudicatur
1981 1471 2110 1501 autem
2129 1476 2199 1513 per
2226 1464 2426 1512 rationem,
2450 1465 2490 1502 in
2513 1476 2593 1502 uno

1533 1523 1630 1563 actu,
1652 1516 1794 1566 aliquid
1813 1517 2072 1565 appetendum
2093 1517 2306 1554 secundum
2326 1517 2595 1555 determinatas

1533 1570 1695 1606 rationes
1725 1577 1760 1606 et
1788 1569 2100 1606 circumstantias.
2130 1569 2242 1606 Unde
2272 1581 2317 1606 ex
2335 1570 2411 1607 hoc
2435 1582 2516 1607 non
2537 1577 2595 1607 to-

1532 1622 1652 1659 taliter
1679 1622 1841 1659 vincitur
1869 1622 2075 1670 appetitiva
2103 1622 2290 1670 potentia,
2320 1629 2362 1658 ut
2390 1623 2530 1659 feratur
2556 1622 2596 1660 in

1533 1675 1636 1717 idem
1665 1683 1706 1711 ut
1734 1675 1771 1711 in
1801 1674 1983 1723 pluribus,
2012 1687 2080 1723 per
2105 1676 2266 1712 modum
2286 1682 2458 1711 naturae:
2489 1676 2596 1723 quod

1533 1728 1693 1777 pertinet
1712 1728 1761 1765 ad
1779 1727 1954 1764 habitum
1982 1727 2142 1764 virtutis.
2171 1728 2219 1764 Et
2242 1727 2330 1764 ideo
2350 1728 2502 1765 habitus
2521 1727 2596 1766 vir-

1534 1780 1621 1817 tutis
1641 1793 1720 1818 non
1738 1787 1864 1830 potest
1883 1780 2029 1817 causari
2047 1793 2116 1829 per
2134 1793 2255 1817 unum
2276 1788 2415 1828 actum,
2442 1781 2510 1818 sed
2528 1793 2597 1830 per

1534 1834 1687 1870 multos.

1598 1887 1640 1923 In
1667 1886 1954 1935 apprehensivis
1979 1893 2106 1923 autem
2134 1886 2323 1934 potentiis,
2353 1885 2596 1924 consideran-

1536 1939 1627 1975 dum
1657 1947 1713 1976 est
1739 1939 1846 1987 quod
1875 1939 2014 1988 duplex
2043 1947 2098 1975 est
2121 1938 2340 1987 passivum:
2367 1951 2489 1989 unum
2516 1939 2597 1988 qui-

1536 1991 1626 2028 dem
1653 1991 1734 2041 ipse
1763 1991 1970 2029 intellectus
1998 1989 2233 2041 possibilis⁸3
2263 1991 2366 2029 aliud
2393 1991 2597 2039 antemiu-

1535 2045 1703 2081 tellectus
1731 2056 1847 2093 quern
1875 2051 1990 2082 vocat
2018 2044 2238 2082 Aristoteles
2253 2043 2274 2066 *
2286 2044 2500 2094 passivum
2520 2044 2595 2104 qui

1537 2105 1592 2134 est
1623 2097 1719 2134 ratio
1746 2097 2011 2146 particularis,
2049 2097 2146 2135 idest
2177 2097 2234 2135 vis
2268 2097 2469 2146 cogitativa
2487 2096 2596 2146 euin

1534 2150 1787 2188 memorativa
1815 2157 1850 2188 et
1869 2149 2122 2199 imaginativa.
2143 2150 2336 2200 Respectu
2355 2149 2465 2199 igitur
2480 2148 2598 2208 priffii

1535 2202 1698 2252 passivi,
1727 2210 1852 2252 potest
1885 2215 1966 2240 esse
1997 2203 2152 2252 aliquod
2180 2204 2348 2242 activum
2378 2199 2595 2255 ςυοᾶηῇο

1535 2263 1621 2293 actu
1649 2256 1810 2293 totaliter
1837 2256 1954 2293 vincit
1986 2256 2195 2305 potentiam
2224 2255 2283 2294 sui
2309 2256 2472 2305 passivi:
2501 2252 2598 2299 s‘icu't

1535 2321 1614 2345 una
1641 2308 1850 2358 propositio
1879 2321 1948 2358 per
1975 2321 2015 2345 se
2035 2315 2127 2346 nota
2155 2309 2346 2347 convincit
2365 2309 2596 2356 intellectum

1536 2359 1584 2398 ad
1595 2361 1877 2398 assentiendum
1892 2360 2051 2398 firmiter
2061 2361 2312 2409 conclusioni;
2323 2361 2430 2410 quod
2440 2361 2596 2411 quidem

1536 2426 1614 2451 non
1642 2414 1730 2451 facit
1760 2413 1970 2463 propositio
2004 2413 2225 2463 probabilisss
2254 2414 2366 2453 Unde
2396 2425 2442 2452 ex
2469 2413 2596 2453 multis

1535 2467 1679 2504 actibus
1709 2467 1862 2504 rationis
1891 2473 2042 2516 oportet
2065 2466 2212 2505 causari
2235 2465 2409 2505 habitum
2436 2467 2596 2516 opinati-

1534 2532 1642 2566 vum,
1659 2520 1772 2556 etiam
1789 2531 1833 2557 ex
1848 2527 1955 2569 parte
1970 2517 2186 2556 intellectus¹
2196 2516 2402 2570 possibilis:
2422 2519 2596 2568 habitum

1536 2579 1665 2609 autem
1685 2572 1863 2609 scientiae
1891 2571 2072 2622 possibile
2101 2579 2158 2609 est
2186 2572 2333 2611 causari
2361 2583 2407 2610 ex
2433 2576 2512 2611 uno
2536 2569 2597 2614 ra-

1535 2625 1648 2662 tionis
1677 2632 1781 2672 actu‚
1811 2632 1998 2674 quantum
2026 2625 2075 2662 ad
2102 2624 2332 2663 intellectum
2360 2623 2596 2674 possibilem.

1535 2700 1559 2706 -
1581 2678 1658 2715 Sed
1678 2685 1863 2728 quantum
1883 2678 1932 2715 ad
1952 2677 2148 2715 inferiores
2161 2677 2263 2716 vires
2283 2674 2594 2728 apprehen‘sivas,

1535 2731 1792 2768 necessarium
1813 2739 1869 2768 est
1888 2731 2047 2768 eosdem
2071 2737 2176 2768 actus
2194 2729 2336 2780 pluries
2355 2727 2596 2788 reiterari„ut

1535 2784 1677 2833 aliquid
1695 2783 1854 2822 firmiter
1873 2782 2084 2821 memoriae
2107 2782 2357 2835 imprimatur.
2379 2772 2597 2828 Unde'Phie

1535 2838 1730 2886 losophus,
1748 2837 1786 2874 in
1805 2836 1901 2874 libro
1915 2841 1928 2858 ⁸
1943 2837 1989 2874 de
1997 2836 2196 2874 ‘Memoria
2210 2841 2247 2874 et
2258 2831 2595 2890 Remimlecentiaess

1536 2890 1624 2928 dicit
1653 2891 1757 2940 quod
1785 2890 1973 2927 meditatio
2002 2890 2213 2938 confirmat¹
2229 2890 2465 2927 memoriam.
2558 2891 2562 2894 ’

1590 2943 1751 2980 Habitus
1779 2950 1907 2980 autem
1937 2943 2153 2993 corporales
2175 2940 2355 2996 possibile
2376 2949 2432 2980 est
2451 2941 2597 2990 causati

1537 3009 1582 3033 ex
1609 3009 1688 3034 uno
1717 3003 1820 3044 actu,
1850 2995 1881 3033 si
1908 2995 2074 3034 activum
2102 2994 2212 3033 fuerit
2238 3007 2403 3043 magnae
2430 2988 2595 3055 vi'rtqt]'1{{²

1536 3050 1630 3086 sicut
1662 3049 1896 3100 quandoque
1928 3047 2119 3087 medicina
2156 3048 2261 3101 fortis
2295 3048 2421 3086 statim
2450 3023 2598 3104 11³in

1537 3110 1746 3140 samtatem.
2544 3144 2546 3147 f
2586 3144 2590 3146 ,

1588 3156 1638 3192 Et
1664 3168 1732 3206 per
1759 3156 1833 3192 hoc
1860 3161 1966 3204 patet
1995 3154 2198 3204 responsio
2222 3154 2271 3193 ad
2300 3153 2460 3192 obiecta.
2520 3143 2581 3204 „J”

1589 3288 1613 3321 δ)
1630 3288 1773 3320 possibilis.
1790 3301 1809 3307 -—
1823 3287 1959 3320 passibilis
1979 3288 2028 3312 PE.

1590 3324 1611 3356 ε)
1632 3324 1707 3349 libro.
1726 3337 1744 3342 -
1762 3323 1878 3356 capitulo
1897 3323 1998 3348 codices
2019 3328 2044 3347 et
2062 3330 2087 3347 a.

2612 2059 2634 2075 ι·
2643 2059 2681 2081 De
2689 2058 2782 2085 Anima,
2793 2059 2836 2080 lib.

2623 2085 2656 2108 m
2679 2091 2706 2107 οι
2723 2101 2729 2108 .
2740 2091 2763 2112 v,
2777 2091 2801 2107 n.
2813 2091 2834 2107 2.

2619 2091 2796 2148 ,ιἻὲἷΤεᾼωμ
2810 2118 2834 2134 x.
