2852 4152
0 918 10 980 ἱ

0 2298 14 2315 §a

16 2318 19 2325 ψ

171 857 186 886 ζ

74 900 83 909 ·
92 897 284 921 (Ξῖ-Αήοιοῐ.ῐοσ.

73 924 113 947 eit.
127 925 151 947 iu
166 931 215 953 arg.

82 2278 90 2282 -
102 2272 119 2294 ,ις
133 2272 155 2288 ‚n
167 2273 198 2290 ,ιι

82 2298 129 2314 ,nx
140 2293 198 2320 ,καί

122 2355 194 2399 ,,γ

210 2268 290 2315 ;ῆ’ῖ”,έ

207 2834 228 2873 '1‘
313 2838 363 2872 est.
374 2831 619 2874 iundamenmm
630 2833 884 2876 humanationis„
902 2836 943 2875 Et
961 2842 1007 2867 est
1023 2835 1055 2866 id
1070 2836 1159 2876 quod
1178 2836 1297 2868 dictum
1312 2844 1374 2873 est,

222 2948 233 2961 ⁹
273 2975 275 2978 ⁴
313 2960 454 3003 terruisse
474 2963 513 2994 ab
528 2959 676 3000 Auctore,
692 2959 804 2995 sed'in
826 2975 840 2995 1
860 2962 914 2997 art.
934 2962 1240 3007 huius'quaestionis
1257 2969 1368 3008 posita,

1006 316 1272 362 QUAESTIO
1302 319 1369 365 JX,
1400 319 1693 357 ART1CULUS
1724 321 1774 357 1v

313 400 390 428 non
427 396 577 440 oportet
613 391 716 440 quod
753 393 828 429 hoc
863 393 1089 443 principium
1125 395 1397 434 intrinsecum'

313 442 363 487 sjt*
376 442 543 492 primum
561 443 788 492 principium
818 457 896 483 non
916 455 1063 484 motum
1084 449 1131 485 ab
1152 448 1236 486 alio.
1257 449 1368 487 Unde

313 502 440 533 motus
466 496 702 534 voluntarius
731 497 797 534 etsi
825 499 963 536 habeat
989 500 1215 550 principium
1243 503 1368 550 proxi—

313 559 422 586 mum
439 548 697 596 intrinsecum,
717 557 845 588 tamen
864 552 1091 601 principium
1120 554 1286 602 primum
1315 563 1370 592 est

313 601 505 638 abextra.
534 601 639 639 Sicut
658 610 694 639 et
712 603 879 651 primum
908 605 1136 654 principium
1153 614 1280 644 motus
1302 619 1368 645 na-‘

312 653 440 690 turalis
479 661 537 691 est
572 655 620 691 ab
658 663 780 703 extra,
818 657 923 706 quod
960 658 1098 696 scilicet
1134 668 1267 697 movet
1303 673 1368 698 na-

311 713 448 743 turam.

344 758 424 802 ,An
452 767 641 797 SECUNDUM
668 772 850 799 mcennum
878 763 981 811 quod
1015 764 1090 800 hoc
1117 777 1195 802 non
1232 765 1370 802 sufficit

313 811 362 849 ad
388 811 575 849 rationem
602 812 769 860 violenti,
789 816 894 863 quod
921 815 1149 865 principium
1169 817 1215 854 sit
1244 825 1366 855 extra:

312 863 381 900 sed
408 872 560 912 oportet
585 865 727 903 addere
759 868 864 915 quod
893 868 975 905 nil‘
1003 871 1176 918 conferat
1198 870 1275 907 vim
1299 882 1367 918 pa—

313 916 456 954 tiens!
487 917 605 964 Quod
642 931 719 955 non
749 920 947 969 contingit,
978 922 1070 959 dum
1107 923 1285 960 voluntas
1320 924 1367 960 ab

358 1013 388 1064 Δζ)
407 1031 454 1056 nil.
471 1044 490 1050 -
508 1032 607 1058 nullam
626 1033 672 1058 Pa.
905 1063 909 1067 ,
1394 1036 1397 1075 Ι

313 1220 446 1285 Caum
467 1210 623 1246 rationem
651 1219 681 1242 et
711 1213 950 1244 conclusionem
972 1214 1005 1245 in
1033 1225 1164 1254 corpore
1193 1215 1294 1256 quarti
1322 1225 1368 1247 ar-

375 1254 463 1285 ticuli
486 1254 629 1286 eiusdem
650 1256 862 1296 quaestionis,
886 1258 1020 1289 dubium
1043 1259 1186 1290 occurrit.
1208 1259 1299 1290 Circa
1321 1270 1368 1290 ra-

309 1298 431 1328 tionem
454 1298 603 1339 quidem,
625 1300 700 1340 quia
723 1301 761 1330 ad
786 1307 891 1331 actum
914 1302 1041 1332 volendi
1071 1302 1184 1333 sufficit
1208 1303 1367 1334 obiectum

309 1342 543 1381 apprehensum
562 1353 708 1383 praesens
724 1351 755 1374 et
767 1345 924 1381 voluntas,
940 1346 1044 1385 inquit
1065 1346 1187 1381 Scotus‚
1204 1346 1235 1376 in
1258 1347 1367 1383 Quoli-

308 1385 380 1423 bet„
400 1395 454 1426 qu.
469 1387 552 1417 XXI.
567 1387 642 1418 Non
657 1396 732 1426 ergo
751 1388 918 1427 requiritur
932 1389 1064 1419 exterius
1083 1399 1190 1429 agens⁷
1208 1399 1264 1419 nec
1280 1391 1367 1430 quod

307 1429 531 1471 praep-Q»
543 1429 672 1469 incipiat
694 1431 783 1467 velle,
805 1438 839 1461 ut
860 1432 940 1462 ratio
962 1432 1080 1462 litterae
1104 1433 1181 1463 vult.

354 1467 522 1503 Praeterea
536 1473 676 1513 arguitur
690 1475 778 1514 quod
793 1474 871 1505 ratio
886 1475 1004 1506 litterae
1020 1475 1190 1506 committit
1205 1477 1367 1516 sophisma

273 1531 280 1538 ·
308 1515 551 1556 Consequentis.
569 1516 655 1547 Cum
671 1517 756 1547 enim
779 1517 1004 1555 voluntarium,
1022 1526 1058 1550 ut
1080 1520 1222 1559 superius
1241 1519 1258 1539 *
1271 1527 1366 1560 patet,

307 1559 475 1600 dupliciter
490 1559 619 1596 dicatur,
635 1561 752 1592 scilicet
774 1560 824 1592 vel
839 1561 914 1603 quia
936 1563 1082 1599 volitum,
1099 1563 1148 1594 vel
1164 1563 1239 1604 quia
1254 1564 1285 1594 in
1310 1574 1366 1604 po-

306 1610 417 1635 testate
431 1604 617 1642 voluntatis,;
633 1604 735 1637 littera
751 1615 788 1638 ex
801 1606 864 1639 hoc
879 1607 968 1648 quod
982 1607 1104 1648 primus
1120 1615 1207 1639 actus
1222 1608 1366 1639 volunta-

306 1647 347 1678 tis
369 1657 437 1679 non
455 1651 654 1688 potestesse
675 1647 872 1685 voluntarius
895 1647 999 1690 primo
1023 1652 1138 1687 modo,
1162 1651 1255 1682 infert
1277 1648 1366 1692 quod

307 1691 398 1723 nullo
414 1692 514 1722 modo
532 1698 580 1723 est
601 1693 808 1730 voluntarius,
825 1704 910 1735 erg0‚
927 1701 983 1726 etc.
1001 1695 1063 1726 Ubi
1079 1702 1164 1735 patet
1182 1695 1366 1726 manifestus

308 1744 403 1767 error.
423 1753 444 1759 -
463 1735 504 1766 Et
528 1735 740 1768 confirmatur.
766 1738 849 1775 Quia
872 1738 934 1769 alio
959 1739 1066 1770 modov
1083 1746 1129 1770 est
1151 1739 1366 1771 voluntarium

307 1779 667 1822 ipffim-voiitumfflalio-
682 1782 783 1819 modo
796 1781 865 1822 ipsa
887 1782 1016 1820 volitio:
1032 1793 1107 1814 nam
1129 1782 1206 1814 illud
1227 1791 1263 1814 ut
1280 1785 1365 1815 obie-

308 1823 484 1898 ssffihoc
507 1831 666 1867 utkactus¹3
681 1835 727 1869 ⁴ac
751 1835 806 1865 per
827 1826 900 1864 hoc,
915 1827 996 1858 illud
1017 1827 1175 1866 mediante
1198 1834 1279 1863 actu,
1304 1829 1366 1860 hoc

367 1865 427 1906 fue
444 1864 560 1907 medio.
579 1863 664 1899 Cum
681 1869 855 1911 enim⁴volo
869 1870 981 1911 legere,
998 1878 1064 1907 non
1083 1872 1189 1902 solum
1202 1872 1306 1912 legere
1321 1879 1367 1903 est

306 1877 534 1949 &efflatas-ium,
547 1905 717 1943 sedetiam
727 1908 811 1944 ‘illud
826 1912 906 1944 velle
920 1921 985 1955 quo
994 1910 1071 1945 volo
1086 1915 1204 1955 legere:
1221 1916 1366 1956 quamvis

307 1955 507 1993 dissimiliter,
527 1956 602 1996 quia
617 1957 719 1996 legere
736 1957 901 1989 *mediante
915 1959 1006 1995 velim*
1018 1958 1133 1999 'ipsum
1158 1960 1263 1990 autem
1275 1960 1366 1991 ‘velle

307 1998 424 2040 Qua
431 2000 610 2035 55:11er
622 2001 706 2032 ratio
716 2001 854 2038 amane,
871 2002 947 2043 quia
969 2000 1110 2043 primum
1126 2004 1208 2034 vene
1227 2013 1292 2034 non
1308 2014 1366 2045 po-

307 2050 463 2085 tqyspyse,
477 2043 615 2084 volitum
638 2045 866 2085 unt-obiectum,
879 2047 1044 2077 concludit
1064 2048 1156 2087 ,quod
1179 2052 1244 2079 non
1264 2055 1311 2079 est
1333 2048 1365 2079 in

307 2079 462 2161 Qffiqite
477 2088 658 2134 yoluntatis,
675 2090 730 2132 sed
745 2098 782 2127 ex
797 2089 946 2122 instinctu
963 2090 1151 2130 superioris:
1171 2101 1245 2122 cum
1260 2098 1366 2123 tamen

318 2164 330 2173 „
380 2124 620 2179 'possiet‘quodss
635 2130 708 2173 licet
729 2130 870 2175 primum
892 2132 972 2176 velle
995 2143 1061 2164 non
1076 2134 1176 2175 possit
1199 2145 1273 2176 esse¹
1287 2133 1375 2166 voli-¹

309 2173 380 2205 tum
396 2169 630 2217 titfobiec'tum,
653 2172 823 2206 esttamen
845 2176 980 2208 volitum
995 2184 1033 2208 ut
1054 2185 1157 2214 actus;
1182 2185 1214 2209 et
1235 2179 1278 2209 sic
1301 2181 1374 2210 non²

308 2210 442 2259 oportet
456 2216 608 2259 qubdxssit
628 2219 763 2250 volitum
786 2221 922 2252 coneilio
942 2221 1108 2252 mediante.
1343 2227 1346 2234 '

321 2262 832 2300 ;=5Pr⁸etereav.tota=visnmior=is
840 2262 1125 2296 litterae-consistit*
1138 2266 1171 2296 in
1186 2266 1244 2297 hac
1265 2268 1368 2298 exclu-

309 2305 562 2349 sifflffivolumas
586 2314 757 2348 movetse
771 2309 930 2348 mediante
952 2310 1104 2347 consilio,
1125 2318 1181 2341 seu
1202 2321 1241 2341 ex
1263 2311 1375 2352 aliqua

308 2349 742 2402 qumtepgwsunpositffi,
752 2352 943 2397 tautum-Et
957 2350 1064 2386 tamen
1079 2363 1182 2394 neque
1193 2354 1370 2396 hiantique

310 2393 318 2400 '
346 2388 562 2433 ³²¹'f‘cede‘n‘ti
583 2389 716 2436 articulo
724 2395 862 2437 ‘probatu
875 2395 932 2434 est
954 2397 1061 2439 quoad
1084 2396 1251 2441 utramque
1274 2398 1368 2441 'expo-

439 2431 644 2475 :spm'batem
667 2431 825 2468 estenim‘
844 2432 1375 2480 qnodsvoxuntas‘movet‘sehm?

309 2481 505 2517 wisel}
521 2486 595 2511 nm}
604 2482 1032 2524 estzprotsatuma'qebdfnou
1042 2499 1044 2501 >
1055 2485 1118 2515 alio
1134 2485 1241 2516 niodo:
1267 2485 1370 2528 Super

308 2525 675 2566 qemmffmegnftive
687 2538 692 2544 ·
703 2525 942 2569 fundaturam:
973 2528 1033 2559 νίς
1043 2528 1173 2560 rationis
1193 2529 1234 2560 ine
1243 2530 1368 2567 *littei-a,

309 2576 364 2612 uss
407 2567 626 2611 ..ot-iamne*
635 2570 733 2611 5139„
752 2578 826 2608 aa,
948 2609 949 2612 ,
1195 2580 1197 2582 ·
1286 2592 1319 2612 a

320 2651 332 2656 -
352 2640 364 2664 t
381 2619 485 2655 -ontra
509 2613 751 2658 -conclusionem
782 2625 857 2652 vero
887 2615 1018 2659 Scottis,
1044 2616 1100 2648 ubi
1122 2627 1226 2658 supra,
1244 2618 1368 2658 ,arguitz

310 2642 386 2705 qiua
402 2654 440 2700 si
456 2655 611 2700 voluntas*
626 2658 665 2700 in
678 2659 782 2702 primo
806 2661 876 2690 actu
902 2655 1037 2702 naturali
1052 2653 1202 2703 instinctu
1226 2660 1368 2698 movere-

309 2691 416 2740 τίῆ-’ὢ
426 2691 593 2732 'intellectu'
612 2700 795 2740 naturaiiter
804 2711 807 2714 ·
815 2705 916 2739 moto,
931 2703 1085 2734 voluntas*
1098 2704 1283 2735 naturaliter
1292 2713 1369 2736 ‘mo-

310 2744 502 2781 ventur-Et}
521 2745 687 2781 sichomo
712 2751 916 2777 essetunum
939 2747 1054 2777 animal
1077 2748 1215 2779 brutum.
1371 2752 1373 2754 ’

340 2788 474 2822 ,zssf'Ad'
491 2789 680 2821 evidentiam
703 2789 1023 2827 huiuszdifficulratis,
1037 2791 1115 2822 scito
1139 2792 1368 2824 nim-Primum

313 2870 430 2917 scilicet
452 2870 542 2915 quod
562 2871 719 2919 voluntas„
733 2885 841 2922 movet
863 2889 896 2913 se
919 2889 985 2911 non
1006 2879 1067 2910 alio
1092 2880 1190 2911 modo
1212 2891 1308 2922 quam
1334 2891 1371 2912 ex

311 2917 476 2951 voluntate
498 2917 577 2950 finis.
595 2920 656 2950 Sed
678 2921 764 2953 r'adix
787 2919 887 2961 huius
905 2921 1102 2954 fundamenti
1125 2933 1190 2954 non
1215 2931 1261 2966 est
1283 2935 1369 2965 prae-

314 3007 430 3038 stilicet
445 3008 534 3048 quod
556 3007 749 3048 principium
773 3009 925 3039 motionis
947 3011 987 3040 ad
1011 3010 1192 3043 exercitium
1215 3019 1303 3043 actus
1323 3019 1370 3043 est

313 3050 547 3091 exffineffissquia
562 3061 658 3083 omne
679 3062 774 3092 agens
794 3052 858 3092 agit
879 3061 1007 3094 propter
1025 3053 1137 3090 finem
1160 3062 1189 3086 et
1213 3056 1245 3086 in
1266 3063 1323 3087 art.
1352 3057 1368 3087 3

314 3094 493 3138 [epotitavet
515 3095 679 3137 applicata,
695 3106 770 3126 cum
793 3096 905 3128 dicitur
921 3098 1010 3138 quod
1032 3099 1072 3128 ad
1090 3099 1287 3130 voluntatem
1302 3110 1371 3140 per-

313 3139 392 3170 tinet
416 3149 543 3170 movere
566 3137 642 3175 alias
665 3140 820 3181 potentias
844 3151 880 3171 ex
902 3141 1021 3172 ratione
1044 3141 1124 3173 finis.
1149 3143 1205 3173 Est
1228 3153 1305 3183 ergo
1325 3143 1371 3174 vis

314 3181 443 3213 rationis
465 3181 565 3214 hnius'
575 3182 662 3214 haec.
678 3183 784 3214 Omne
807 3194 900 3224 agens
921 3185 984 3226 agit
1005 3193 1134 3226 propter
1155 3185 1252 3217 finem
1276 3197 1371 3228 appe-

314 3227 410 3257 titum
431 3226 482 3256 vel
504 3224 645 3267 appetitu
668 3227 817 3265 naturali,
847 3229 897 3258 vel
920 3229 1047 3259 animali
1076 3240 1131 3260 seu
1154 3229 1373 3261 intellectuali?

316 3266 371 3301 sed
391 3270 540 3301 voluntas
568 3272 728 3302 movendo
756 3278 821 3302 tarn
845 3272 919 3303 alias
949 3273 1104 3314 potentias
1132 3283 1230 3314 quam
1251 3283 1302 3311 se,
1327 3282 1373 3306 est

315 3323 429 3354 agens:
453 3324 528 3354 ergo
551 3315 633 3345 actio
656 3315 715 3346 ista
738 3323 784 3347 est
806 3317 845 3347 ab
868 3327 904 3347 ea
928 3327 964 3347 ex
986 3318 1127 3357 appetitu
1150 3317 1221 3348 finis
1243 3319 1294 3349 vel
1316 3329 1373 3349 na-

315 3357 420 3394 turali,
440 3358 491 3388 vel
504 3357 632 3389 animali
653 3365 710 3390 etc.
731 3359 792 3391 Sed
814 3370 880 3391 non
899 3370 935 3392 ex
959 3362 1100 3401 appetitu
1123 3361 1274 3392 naturali:
1297 3363 1373 3403 quia

316 3401 360 3432 sic
383 3411 449 3432 non
472 3409 614 3432 moveret
636 3413 682 3439 se,
708 3404 763 3433 sed
786 3404 862 3434 dans
886 3411 1030 3435 naturam
1053 3412 1193 3436 moveret
1215 3405 1313 3444 illam,
1333 3416 1371 3437 eo

317 3446 416 3476 modo
439 3456 505 3486 quo
524 3446 628 3485 gravia
652 3454 682 3477 et
700 3447 779 3477 levia
803 3455 972 3479 moventur
990 3459 1007 3479 a
1022 3456 1196 3489 generante.
1213 3449 1278 3480 Nec
1294 3457 1374 3480 esset

316 3489 533 3520 voluntarium
555 3490 640 3520 istud
658 3501 758 3530 agere,
780 3498 817 3522 ut
838 3498 937 3532 patet:
963 3493 1052 3523 cuius
1069 3493 1254 3533 oppositum
1278 3493 1372 3533 signi-

315 3531 389 3564 ficat
410 3533 608 3565 voluntatem
629 3544 756 3565 movere
779 3545 821 3565 se.
847 3535 932 3576 Ergo
956 3543 1002 3567 est
1024 3547 1060 3567 ex
1081 3537 1221 3577 appetitu
1246 3537 1372 3568 animali

317 3587 372 3607 seu
388 3577 599 3614 intellectuali,
618 3578 697 3609 idest
712 3589 748 3609 ex
763 3579 915 3610 volitione
929 3579 1016 3610 finis:
1037 3581 1124 3621 quod
1144 3588 1190 3611 est
1204 3581 1370 3611 intentum.

316 3623 418 3661 Agere
430 3622 515 3652 enim
532 3632 568 3652 ex
584 3622 809 3663 praevolitione
825 3622 905 3660 finis,
919 3631 948 3654 et
960 3625 1117 3655 mediante
1132 3624 1274 3661 consilio,
1287 3625 1372 3655 idem

2427 338 2476 374 79

1423 395 1594 435 exteriori
1630 407 1825 437 movetur:
1855 413 1942 438 narn
1972 401 2053 451 ipsa
2089 410 2143 440 est
2171 416 2269 452 quae
2296 406 2396 453 vult,
2427 407 2474 443 ab

1422 450 1494 487 alio
1526 459 1656 489 tamen
1684 460 1799 490 mota.
1830 454 1940 491 Esset
1967 462 2094 492 autem
2129 464 2254 494 motus
2291 458 2358 494 iste
2392 459 2475 495 vio-

1422 504 1554 551 lentus,
1575 503 1605 541 si
1626 513 1722 542 esset
1749 506 1955 544 contrarius
1975 508 2096 544 motui
2114 509 2326 547 voluntatis.
2358 511 2475 557 Quod

1423 556 1460 593 in
1497 557 1691 605 proposito
1729 570 1811 595 esse
1838 571 1916 596 non
1952 568 2077 608 potest
2103 561 2138 598 *τ’
2168 562 2256 610 quia
2283 562 2335 599 sic
2371 563 2473 601 idern

1420 610 1534 646 vellet
1562 610 1599 646 et
1623 621 1702 647 non
1727 611 1852 648 vellet.

1472 663 1531 699 An
1559 674 1717 700 Teanum
1744 675 1927 701 mcENDUM
1956 665 2061 713 quod
2085 667 2260 703 voluntas
2288 675 2473 716 quantum

1421 713 1469 751 ad
1489 714 1629 762 aliquid
1653 716 1882 754 sufficienter
1901 729 1941 754 se
1961 725 2104 766 movet,
2126 726 2161 755 et
2179 719 2217 756 in
2237 732 2306 756 suo
2327 721 2471 768 ordine,

1421 766 1559 804 scilicet
1590 768 1685 804 sicut
1720 781 1834 816 agens
1870 770 2106 818 proximum:
2136 771 2204 808 sed
2237 784 2315 809 non
2351 781 2475 821 potest

1421 819 1585 867 seipsam
1605 826 1623 847 η
1643 833 1801 858 movere
1834 830 2018 871 quantum
2039 824 2088 861 ad
2107 824 2248 871 omnia,
2282 833 2324 862 ut
2351 833 2474 862 osten-

1422 883 1508 908 sum
1537 879 1593 908 est
1610 872 1640 909 *.
1670 873 1780 911 Unde
1809 874 1948 925 indiget
1976 876 2124 913 moveri
2152 878 2199 913 ab
2229 877 2299 914 alio
2328 878 2423 915 sicut
2451 890 2474 915 a

1422 936 1546 971 prlmo
1575 933 1767 963 movente.

1476 1038 1502 1071 η)
1521 1039 1642 1070 seipsam.
1660 1054 1679 1059 -
1695 1047 1723 1064 se
1741 1041 1851 1066 codices.

985 1128 1316 1161 commentaria
1337 1129 1586 1162 cardinalis
1607 1130 1806 1163 Caietam

1424 1224 1512 1247 sunt:
1532 1217 1614 1249 sicut
1623 1227 1811 1257 cognoscere
1827 1229 1863 1248 ex
1878 1219 2047 1258 principiis,
2061 1226 2091 1250 et
2106 1220 2262 1250 mediante
2277 1220 2473 1261 syllogismo,

1422 1260 1508 1290 idem
1530 1268 1586 1292 est.
1603 1261 1690 1292 Haec
1712 1269 1819 1292 autem
1840 1262 1918 1293 ratio
1942 1263 2084 1302 procedit
2107 1273 2143 1293 ex
2161 1273 2217 1303 per
2231 1274 2263 1294 se
2278 1264 2366 1294 'notis
2384 1274 2474 1294 com-

1423 1304 1572 1335 munibus
1587 1305 1683 1336 animi
1700 1306 1969 1346 conceptionibus,
1984 1313 2019 1337 ut
2035 1307 2073 1338 de
2087 1316 2120 1336 se
2135 1314 2229 1346 patet.
2246 1307 2337 1338 Unde
2353 1308 2473 1338 nullam

1422 1347 1515 1378 habet
1531 1349 1736 1379 calumniam:
1754 1356 1784 1380 et
1795 1357 1962 1390 utramque
1978 1348 2188 1390 exponentem
2201 1350 2285 1381 illius
2301 1351 2474 1381 exclusivae

1422 1392 1586 1429 probatam
1607 1393 1825 1432 complectitur
1847 1394 2033 1424 evidentem.
2052 1412 2073 1417 -
2097 1394 2137 1425 Et
2160 1404 2216 1434 per
2237 1395 2298 1425 hoc
2322 1401 2407 1435 patet
2428 1405 2474 1425 re-

1421 1435 1552 1473 sponsio
1575 1436 1615 1466 ad
1638 1437 1783 1466 ultimam
1806 1438 2014 1468 obiectionem
2039 1445 2146 1469 contra
2168 1438 2322 1468 rationem
2343 1439 2472 1469 litterae.

1476 1478 1528 1508 111.
1549 1479 1634 1509 Scito
1657 1481 1796 1510 secundo
1824 1482 1921 1521 quod,
1947 1488 1982 1512 ut
2005 1481 2134 1512 inferius
2157 1492 2211 1522 qu.
2227 1488 2374 1519 xv1‚‘art.
2397 1482 2472 1518 ult.‚

1422 1521 1460 1551 ad
1487 1522 1514 1557 3,
1532 1529 1562 1552 et
1585 1533 1638 1563 qu.
1658 1534 1730 1559 xvn,
1755 1531 1808 1554 art.
1837 1526 1864 1559 5,
1885 1526 1924 1555 ad
1951 1526 1977 1560 3,
2002 1532 2095 1564 patet,
2118 1525 2286 1556 voluntarii
2309 1533 2395 1556 actus
2418 1536 2473 1556 vo-

1420 1563 1548 1595 luntatis
1579 1565 1622 1596 sic
1646 1576 1740 1606 supra
1764 1567 1883 1607 seipsos
1906 1567 2125 1605 reflectuntur,
2150 1576 2184 1599 ut
2207 1570 2338 1610 quilibet
2361 1580 2473 1600 eorum

1420 1608 1571 1649 implicite
1589 1610 1639 1639 vel
1662 1610 1812 1650 explicite,
1828 1611 2001 1642 formaliter
2026 1613 2075 1642 vel
2097 1613 2276 1649 virtualiter,
2293 1613 2404 1644 habeat
2426 1624 2473 1644 ra-

1420 1651 1542 1683 tionem
1564 1653 1654 1684 voliti
1677 1654 1844 1690 obiective,
1870 1661 1900 1685 et
1923 1665 1988 1685 non
2012 1656 2118 1686 solum
2140 1666 2195 1696 per
2209 1657 2352 1691 *modum
2376 1664 2473 1688 actus.

1420 1696 1507 1726 Dum
1522 1696 1607 1727 enim
1630 1697 1711 1737 eligo
1727 1698 1823 1728 vitam
1848 1699 2134 1738 contemplativam,
2153 1700 2315 1730 consentio
2330 1700 2362 1730 in
2378 1701 2472 1731 talem

1421 1740 1622 1776 electionem,
1647 1748 1677 1771 et
1700 1748 1771 1772 utor
1794 1742 1956 1773 voluntate
1980 1752 2050 1772 mea
2073 1743 2112 1772 ad
2135 1750 2239 1773 actum
2264 1744 2397 1783 eligendi
2421 1755 2474 1784 ap-

1420 1783 1567 1824 plicando
1590 1785 1693 1815 illam:
1714 1792 1744 1815 et
1766 1785 1810 1816 sic
1833 1786 1943 1816 electio
1970 1786 2039 1826 ipsa
2062 1794 2108 1817 est
2129 1794 2234 1823 actus,
2258 1794 2288 1818 et
2311 1795 2357 1818 est
2378 1788 2475 1819 volita

1421 1835 1456 1858 ut
1484 1828 1645 1859 obiectum
1679 1839 1850 1860 consensus
1878 1837 1908 1860 et
1938 1840 2025 1861 usus.
2049 1831 2088 1860 Et
2119 1841 2134 1861 e
2163 1838 2272 1862 contra
2302 1831 2381 1862 dum
2402 1838 2475 1862 utor

1420 1871 1583 1902 voluntate
1598 1882 1668 1909 mea
1684 1873 1871 1913 applicando
1899 1874 1986 1904 illam
2009 1874 2048 1904 ad
2067 1874 2239 1905 amandum
2262 1874 2377 1912 Deum,
2397 1885 2472 1907 con-

1421 1915 1521 1946 sentio
1544 1916 1577 1945 in
1599 1917 1695 1946 talem
1718 1926 1823 1953 usum,
1848 1924 1879 1948 et
1902 1918 1982 1957 eligo
2013 1917 2122 1948 illum:
2147 1925 2178 1949 et
2201 1919 2244 1950 sic
2273 1916 2350 1949 u'sus
2381 1919 2474 1950 habet

1419 1959 1574 1990 rationem
1598 1967 1694 1997 actus,
1715 1967 1745 1990 et
1769 1970 1842 1991 cum
1864 1961 1927 1992 hoc
1950 1968 1996 1992 est
2017 1961 2134 1993 volitus
2157 1969 2194 1993 ut
2216 1962 2376 1993 obiectum
2399 1973 2474 1993 con-

1420 2013 1529 2034 sensus
1553 2010 1584 2034 et
1607 2004 1778 2035 electionis.
1794 2005 1835 2035 Et
1857 2005 1998 2036 similiter
2021 2006 2099 2036 dum
2122 2006 2284 2037 consentio
2312 2007 2346 2036 in
2368 2007 2473 2037 amici-

1421 2047 1498 2078 tiam
1521 2047 1679 2086 divinam,
1701 2054 1775 2079 utor
1797 2049 1960 2080 voluntate
1986 2050 2174 2089 applicando
2198 2051 2238 2080 ad
2261 2058 2470 2087 consensum,

1421 2098 1452 2121 et
1468 2091 1556 2131 veligo
1581 2092 1734 2122 eundem:
1759 2099 1789 2130 et
1812 2092 1954 2123 similiter
1972 2103 2143 2124 consensus
2166 2100 2213 2124 est
2227 2101 2322 2130 actus,
2340 2101 2370 2126 et
2391 2094 2471 2124 voli·

1421 2142 1471 2165 tus
1495 2142 1531 2165 ut
1549 2133 1708 2175 obiectum
1733 2135 1892 2178 electionis
1908 2142 1938 2167 et
1961 2146 2046 2168 usus.
2066 2137 2148 2175 Quia
2171 2137 2265 2177 igitur
2284 2148 2349 2168 non
2373 2148 2473 2178 quan-

1422 2179 1537 2219 doque,
1555 2178 1610 2209 sed
1632 2172 1849 2220 sernperssscum
1873 2180 2019 2212 voluntas
2042 2187 2151 2211 movet
2173 2190 2214 2217 se,
2238 2181 2336 2212 utitur
2359 2182 2469 2222 seipsa,

1357 2234 1374 2243 ⁴·
1421 2222 1609 2262 applicando
1634 2230 1669 2253 se·
1689 2223 1731 2253 ad
1750 2223 1924 2254 iciendum
1945 2224 1994 2254 vel
2016 2225 2201 2261 nolendum,
2225 2232 2298 2262 etc.;
2316 2232 2347 2256 et
2369 2226 2472 2255 omnis

1421 2264 1607 2297 huiusmodi
1630 2274 1716 2297 actus
1734 2274 1786 2298 est
1806 2267 1957 2307 implicite
1979 2268 2030 2298 vel
2051 2269 2204 2308 explicite,
2230 2269 2402 2300 formaliter
2423 2269 2474 2299 vel

1421 2310 1601 2346 virtualiter,
1617 2310 1734 2349 volitus
1753 2318 1788 2342 ut
1802 2311 1977 2342 obiectum:
2000 2312 2122 2342 licitum
2141 2312 2200 2343 fuit
2218 2313 2349 2344 Auctori
2372 2323 2409 2343 ex
2423 2323 2475 2343 ne-

1421 2354 1547 2394 gatiorie
1570 2354 1740 2393 voluntarii
1766 2354 1917 2385 obiecn've
1940 2355 1973 2385 in
1996 2355 2180 2386 huiusmodi
2203 2356 2338 2393 actibus,
2362 2357 2474 2387 inferre

1422 2394 1622 2438 negationem
1631 2422 1634 2424 v
1644 2393 1813 2437 'voluntarii
1837 2398 2027 2440 simpliciter.

1436 2440 1437 2445 ’
1465 2441 1516 2471 vEt
1531 2441 1676 2471 hoc‘non
1701 2442 1806 2472 solum
1821 2442 1910 2483 quasi
1927 2443 2024 2482 gratia
2039 2443 2195 2480 materiae,
2212 2443 2328 2475 scilicet
2346 2451 2474 2474 actuum

1422 2485 1616 2522 huiusmodi,
1636 2485 1669 2515 in
1685 2485 1801 2526 quibus
1820 2486 2038 2517 voluntarium
2059 2494 2095 2518 ut
2118 2493 2204 2518 actus
2231 2497 2296 2518 non
2319 2488 2475 2518 invenitur

1422 2530 1489 2561 sine
1503 2530 1683 2560 voluntario
1699 2537 1736 2561 ut
1751 2530 1920 2566 obiectum,
1938 2538 1974 2562 ut
1995 2528 2115 2562 dictum
2139 2539 2200 2569 est;
2221 2532 2277 2562 sed
2295 2532 2390 2563 etiam
2407 2541 2475 2571 gra—

1422 2573 1465 2603 tia
1488 2573 1617 2604 formae.
1635 2574 1719 2610 Quia
1741 2573 1767 2603 si
1786 2574 1939 2605 subtiliter
1961 2571 2165 2615 perspiciatur
2180 2575 2337 2606 distinctio
2360 2576 2473 2606 volun-

1422 2617 1490 2648 tarii
1516 2617 1550 2647 in
1573 2617 1787 2649 voluntarium
1810 2625 1844 2648 ut
1866 2618 2019 2654 volitum,
2044 2626 2075 2650 et
2101 2619 2318 2650 voluntarium
2345 2619 2420 2660 quia
2442 2620 2475 2649 in

1422 2667 1575 2701 potestate
1597 2660 1781 2698 voluntatis;
1805 2672 1870 2692 non
1890 2669 1935 2693 est
1951 2662 2107 2693 distinctio
2130 2663 2163 2693 in
2186 2662 2339 2702 disparata
2362 2673 2475 2703 genera

1421 2705 1600 2741 voluntarii,
1618 2705 1672 2735 sed
1697 2712 1743 2735 est
1765 2705 1922 2736 distinctio
1946 2706 2164 2736 distinctorum
2183 2707 2355 2737 modorum
2377 2717 2473 2747 penes

1423 2749 1536 2779 directe
1558 2749 1609 2778 vel
1623 2749 1781 2779 indirecte.
1799 2750 2022 2780 Voluntarium
2046 2750 2130 2780 enim
2144 2757 2180 2780 ut
2201 2751 2346 2787 volitum,
2362 2757 2409 2781 est
2429 2751 2475 2780 di-

1422 2799 1504 2824 recte
1523 2793 1756 2823 voluntarium:
1780 2794 1995 2824 voluntarium
2010 2804 2084 2825 vero
2107 2794 2183 2834 quia
2200 2794 2233 2824 in
2252 2801 2405 2834 potestate
2419 2805 2474 2825 vo-

1421 2836 1560 2873 luntatis,
1584 2843 1630 2867 est
1651 2837 1816 2872 indirecte,
1842 2847 1876 2868 ea
1898 2837 2112 2874 indirectione,
2133 2838 2208 2878 quia
2231 2838 2347 2869 scilicet
2369 2839 2475 2869 subest

1423 2879 1568 2920 potestati
1596 2881 1775 2911 voluntatis,
1789 2888 1824 2912 ut
1847 2881 1886 2912 sit
1909 2881 2068 2912 obiectum
2096 2882 2162 2912 eius
2185 2882 2318 2912 volentis
2341 2889 2396 2913 aut
2417 2893 2475 2912 no-

1422 2924 1528 2960 lentis,
1557 2924 1616 2955 hac
1646 2925 1730 2954 enim
1754 2925 1820 2955 sola
1848 2925 1968 2955 ratione
1992 2925 2207 2956 voluntarium
2233 2925 2345 2956 induit.
2370 2926 2472 2962 Unde,

1424 2972 1497 2998 cum
1515 2968 1734 2998 voluntarium
1757 2968 1896 2998 secundo
1919 2969 2027 3004 modo,
2044 2969 2076 2998 in
2099 2969 2184 2998 idem
2200 2969 2304 3000 redeat
2323 2979 2394 3000 cum
2419 2980 2474 3000 vo-

1422 3012 1559 3043 luntario
1583 3012 1687 3052 primo
1711 3012 1825 3048 modo,
1845 3012 1934 3044 licuit
1957 3022 1993 3042 ex
2017 3013 2202 3043 omnimoda
2230 3014 2395 3053 negatione
2417 3023 2474 3043 vo-

1422 3055 1548 3087 luntarii
1572 3056 1675 3095 primo
1691 3056 1800 3092 modo,
1817 3056 1929 3087 inferre
1953 3056 2124 3087 formaliter
2138 3057 2340 3096 negationem
2362 3058 2474 3088 volun-

1423 3099 1491 3130 tarii
1514 3099 1704 3140 simpliciter.
1731 3100 1774 3130 Ut
1796 3100 1880 3130 enim
1902 3100 1966 3130 iam
1989 3107 2082 3140 patet,
2108 3101 2324 3132 voluntarium
2345 3102 2420 3142 quia
2442 3101 2475 3132 in

1423 3150 1577 3183 potestate
1592 3143 1771 3179 voluntatis,
1789 3143 1828 3174 ad
1845 3143 2058 3175 voluntarium
2074 3143 2255 3185 simpliciter
2266 3151 2302 3176 ut
2316 3145 2476 3176 obiectum

1424 3186 1590 3223 reducitur,
1607 3186 1686 3217 sicut
1709 3187 1867 3218 obiectum
1886 3187 2034 3218 indirecte
2057 3188 2096 3218 ad
2120 3188 2279 3219 obiectum
2302 3188 2428 3220 directe:
2446 3195 2476 3220 et

1425 3238 1652 3271 consequenter
1677 3231 1734 3260 sub
1759 3231 1945 3261 omnimoda
1968 3231 2134 3272 negatione
2162 3231 2286 3268 obiecti,
2310 3233 2474 3274 utriusque

1425 3275 1513 3305 modi
1537 3275 1662 3314 negatio
1682 3275 1970 3315 comprehenditur.
1987 3293 2007 3299 -
2023 3276 2064 3306 Et
2084 3285 2140 3316 per
2162 3277 2223 3307 hoc
2243 3282 2328 3317 patet
2349 3286 2476 3316 respon-

1425 3319 1482 3349 siov
1495 3319 1536 3348 ad
1558 3318 1634 3349 alias
1656 3325 1779 3350 nostras
1802 3319 1994 3350 obiectiones
2018 3327 2125 3350 contra
2148 3320 2302 3352 rationem
2317 3320 2342 3351 *.

1480 3363 1532 3393 1v.
1553 3362 1638 3393 Scito
1662 3363 1766 3399 tertio,
1790 3363 1880 3403 quod
1902 3363 1987 3394 aliud
2012 3370 2057 3394 est
2078 3364 2169 3404 loqui
2192 3365 2231 3394 de
2253 3364 2421 3399 volitione;
2446 3370 2477 3394 et

1425 3405 1512 3436 aliud
1528 3413 1573 3436 est
1584 3406 1673 3446 loqui
1684 3406 1722 3436 de
1737 3406 1889 3438 volitione
1902 3414 1937 3438 ut
1949 3417 1966 3437 a
1978 3407 2138 3438 voluntate
2151 3407 2326 3447 applicante
2341 3407 2477 3447 seipsam

1425 3450 1465 3480 ad
1480 3450 1662 3480 volendum.
1680 3450 1798 3480 Volitio
1822 3451 1907 3481 enim
1930 3451 1974 3481 nil
1990 3451 2075 3481 aliud
2099 3451 2171 3482 dicit
2187 3451 2245 3481 nisi
2261 3451 2477 3491 operationem

1425 3494 1596 3524 voluntatis
1619 3504 1682 3534 qua
1704 3494 1787 3524 vult:
1811 3502 1842 3526 et
1857 3501 1977 3525 certum
2001 3502 2047 3525 est
2062 3496 2150 3536 quod
2165 3495 2205 3525 ad
2219 3495 2392 3525 volendum
2411 3495 2476 3525 suf-

1426 3537 1489 3568 ficit
1503 3538 1649 3568 voluntas
1673 3548 1745 3568 cum
1762 3538 1896 3569 obiecto.
1914 3539 1974 3569 Sed
1993 3539 2033 3568 ad
2051 3539 2223 3569 volendum
2238 3548 2256 3568 a
2271 3548 2313 3575 se,
2330 3538 2372 3569 ita
2389 3539 2477 3579 quod

1426 3582 1458 3622 ly
1481 3592 1502 3612 a
1533 3591 1567 3612 se
1599 3582 1681 3612 dicat
1710 3582 1922 3613 causalitatem
1951 3582 2160 3623 applicantem
2188 3582 2324 3622 seipsam
2354 3582 2393 3612 ad
2422 3593 2476 3612 vo-

1426 3626 1572 3661 lendum,
1599 3635 1664 3656 non
1696 3626 1809 3657 sufficit
1836 3627 1980 3657 voluntas
2005 3637 2077 3656 cum
2105 3626 2245 3662 obiecto,
2269 3627 2324 3657 sed
2347 3626 2477 3666 exigitur

2502 576 2511 585 '
2526 574 2554 596 D.
2569 581 2612 604 353.

2598 838 2612 860 η

2502 890 2511 898 ·
2526 888 2551 909 ln
2567 894 2672 916 corpore.

2503 3328 2513 3335 ·
2528 3326 2563 3348 Cf.
2577 3332 2642 3348 num.
2658 3332 2675 3347 ι.
