2846 4146
61 1080 273 1109 ’Qu-mnan.

61 1289 74 1302 ²
86 1289 153 1312 Vm.
167 1290 199 1312 18.

995 229 1259 275 QUAESTIO
1290 231 1388 277 LVI,
1418 231 1710 268 ARTICULUS
1741 233 1791 268 IV

2392 234 2467 280 359

1082 364 1396 406 ARTICULUS
1426 364 1695 416 QUARTUS

634 454 788 484 UTRUM
813 454 1054 485 IRASCIBILIS
1078 456 1135 485 ET
1160 455 1521 486 CONCUPISCIBILIS
1545 456 1640 486 SINT
1664 456 1909 487 SUBlECTUM
1933 457 2133 488 V1RTUT1s

670 531 743 561 Infra,
763 537 810 556 art.
826 531 848 562 5,
864 533 895 557 ad
913 540 936 562 1;
957 533 987 556 ΙΙΙ
1007 533 1088 561 Sent„
1109 533 1166 557 dist.
1178 540 1262 561 xxxm.
1282 540 1326 565 qu.
1340 540 1366 563 11,
1387 537 1433 557 art.
1447 541 1472 564 4,
1492 534 1537 565 qu¹
1555 540 1584 563 23
1604 533 1646 558 De
1664 533 1751 562 Verit„
1772 541 1815 566 qu.
1828 541 1892 564 xxiv,
1912 539 1957 559 art.
1972 542 1996 565 4,
2017 535 2047 558 ad
2066 541 2095 567 9;

1086 567 1127 592 De
1146 567 1250 596 Virtut„
1270 575 1314 599 qu.
1328 575 1350 597 ι,
1370 572 1415 592 art.
1434 575 1451 599 4
1458 576 1465 598 ;
1484 573 1530 592 art.
1549 575 1588 597 ιο,
1607 569 1638 592 ad
1659 568 1682 593 5.

342 671 396 708 ‚25³
418 672 491 715 ΨΚ(
512 665 536 690 n
555 665 727 695 QUARTUM
746 665 798 690 sic
818 665 1057 693 PROCEDITUR.
1072 654 1232 691 Videtur
1251 654 1355 703 quod

353 715 357 722 ¹
435 709 483 765 vj
512 705 705 743 irascibilis
725 713 761 742 et
789 707 1086 755 concupiscibilis
1105 719 1182 744 non
1211 707 1355 755 possint

455 764 481 797 ‘6
496 756 501 760 ⁵
514 771 596 795 esse
611 758 823 796 subiectum
837 759 994 796 virtutis.
1012 759 1240 796 Huiusmodi
1255 759 1355 796 enim

301 862 378 900 Sed
406 875 508 900 nunc
535 864 729 911 loquimur
762 866 808 901 de
834 864 972 901 virtute
1009 865 1218 901 secundum
1251 864 1355 913 quod

301 923 357 952 est
383 915 535 964 propria
562 917 728 954 homini:
758 917 810 953 sic
848 917 948 953 enim
978 917 1110 953 dicitur
1137 917 1254 953 virtus
1286 918 1354 954 hu-

301 979 427 1005 mana.
449 969 540 1006 Non
568 969 678 1017 igitur
709 970 899 1006 humanae
934 969 1079 1006 virtutis
1115 977 1238 1018 potest
1274 981 1355 1006 esse

301 1020 512 1058 subiectum
539 1021 730 1059 irascibilis
756 1030 791 1059 et
810 1021 1122 1070 concupiscibilis,
1144 1034 1242 1070 quae
1270 1030 1357 1059 sunt

299 1081 425 1123 partes
444 1074 630 1123 appetitus
645 1074 823 1122 sensitivi,
840 1082 880 1111 ut
898 1074 936 1111 in
951 1074 1080 1111 Primo
1095 1074 1115 1096 '¹‘
1131 1074 1272 1111 dictum
1289 1082 1354 1112 est.

355 1138 389 1163 2.
410 1128 642 1174 PRAETEREA,
663 1127 849 1176 appetitus
869 1127 1068 1164 sensitivus
1088 1134 1143 1163 est
1169 1127 1227 1164 vis
1245 1135 1356 1164 utens

301 1191 443 1227 organo
473 1180 670 1229 corporali.
692 1180 768 1217 Sed
787 1181 932 1216 bonum
960 1179 1107 1216 virtutis
1127 1192 1204 1216 non
1233 1187 1357 1228 potest

302 1243 384 1279 esse
411 1232 449 1269 in
487 1245 646 1282 corpore
674 1232 858 1270 hominis:
889 1232 976 1269 dicit
1008 1232 1108 1268 enirn
1136 1232 1353 1280 Apostolus,

300 1286 412 1323 Rom.
432 1285 539 1322 vi1*:
568 1286 653 1322 Scio
672 1285 773 1333 quod
798 1296 872 1321 non
895 1285 1038 1322 habitat
1063 1285 1099 1321 in
1128 1296 1243 1321 carne
1270 1297 1354 1321 mea

300 1338 452 1375 bonum.
473 1338 575 1385 Ergo
595 1338 782 1385 appetitus
809 1337 1008 1373 sensitivus
1027 1349 1105 1373 non
1128 1344 1252 1384 potest
1271 1349 1354 1373 esse

301 1389 513 1426 subiectum
541 1389 699 1426 virtutis.

256 1466 263 1467 ff
313 1440 651 1488 “armamus
680 1440 912 1488 Augustinus
939 1441 1092 1488 probat,
1121 1431 1159 1476 in
1187 1440 1282 1477 libro
1310 1441 1355 1477 de

59 1977 70 1988 ·
85 1976 134 2005 Qu.
143 1963 271 2005 u,inrt.4.

298 1494 476 1532 Moribus
502 1494 644 1531 Eccles.
672 1493 842 1541 *Lquod
869 1492 989 1530 virtus
1017 1505 1095 1530 non
1124 1500 1179 1529 est
1206 1493 1244 1530 in
1274 1505 1354 1530 cor-

298 1558 405 1596 pore,
426 1546 495 1584 sed
513 1546 551 1584 in
570 1546 709 1593 anima,
731 1558 778 1582 eo
806 1545 909 1594 quod
936 1557 1006 1594 per
1024 1545 1191 1582 animam
1215 1558 1354 1594 corpus

300 1599 458 1648 regitur:
487 1600 590 1637 unde
619 1598 722 1647 quod
751 1598 884 1647 aliquis
913 1610 1072 1647 corpore
1092 1598 1189 1634 bene
1217 1606 1352 1646 utatur,

298 1659 422 1690 totum
451 1653 606 1689 refertur
634 1651 682 1688 ad
710 1651 899 1696 animam3
927 1651 1022 1687 sicut
1046 1651 1079 1687 si
1097 1651 1190 1687 mihi
1215 1652 1354 1701 auriga

299 1705 569 1753 obtemperans,
590 1716 703 1753 equos
722 1704 854 1752 quibus
867 1710 1032 1752 praeest,
1045 1709 1142 1740 recte
1161 1705 1268 1753 regit,
1284 1706 1354 1741 hoc

299 1763 415 1794 totum
443 1758 537 1794 mihi
562 1758 724 1794 debetur.
753 1757 830 1794 Sed
858 1757 952 1793 sicut
989 1756 1118 1793 anima
1152 1757 1246 1804 regit
1273 1769 1354 1794 cor-

297 1822 382 1859 pus,
411 1810 461 1847 ita
490 1810 603 1847 etiam
631 1809 725 1846 ratio
755 1809 847 1857 regit
883 1809 1090 1858 appetitum
1119 1809 1351 1848 sensitivum.

299 1863 401 1911 Ergo
429 1870 552 1900 totum
579 1862 749 1899 rationali
777 1862 872 1911 parti
901 1862 1069 1909 debetur,
1099 1863 1203 1911 quod
1231 1862 1354 1900 irasci-

298 1915 383 1953 bilis
411 1923 448 1952 et
475 1915 777 1965 concupiscibilis
795 1922 896 1952 recte
924 1922 1110 1962 regantur.
1133 1915 1210 1952 Sed
1236 1917 1354 1953 virtus

299 1974 353 2006 est
378 1980 452 2017 qua
480 1974 578 2005 recte
603 1969 752 2014 vivitur,
773 1975 814 2004 ut
841 1980 955 2016 supra
973 1967 994 1989 *
1013 1967 1154 2005 dictum
1184 1976 1250 2005 est.
1271 1969 1352 2005 Vir-

298 2028 358 2058 tus
390 2021 501 2069 igitur
526 2033 604 2058 non
633 2028 688 2058 est
715 2021 753 2057 in
788 2020 961 2057 irascibili
990 2027 1026 2057 et
1054 2021 1352 2069 concupiscibili,

299 2074 368 2111 sed
395 2074 520 2111 solum
547 2074 586 2111 in
613 2081 718 2123 parte
746 2073 928 2110 rationali.

350 2138 390 2174 4.
409 2127 641 2174 Pmmnm,
656 2126 878 2175 principalis
899 2131 1003 2163 actus
1029 2125 1174 2162 virtutis
1200 2127 1355 2163 moralis

299 2185 355 2216 est
378 2180 517 2226 electio,
537 2187 579 2216 ut
606 2179 740 2217 dicitur
766 2179 805 2215 in
824 2179 910 2216 VIII
938 2178 1057 2215 Ethic.
1077 2177 1098 2200 '¹‘
1117 2178 1194 2215 Sed
1222 2179 1353 2216 electio

299 2243 379 2269 non
407 2239 463 2269 est
490 2239 594 2269 actus
622 2231 816 2268 irascibilis
844 2239 880 2268 et
908 2230 1209 2279 concupiscibilis
1237 2237 1265 2279 α,
1286 2233 1354 2269 sed

263 2311 270 2318 -
298 2285 465 2332 rationis,
481 2293 524 2322 ut
541 2297 655 2333 supra
668 2284 689 2306 '⁸‘
703 2284 844 2321 dictum
860 2291 926 2320 est.
942 2284 1045 2331 Ergo
1064 2282 1182 2320 virtus
1201 2285 1355 2322 moralis

298 2349 378 2375 non
405 2345 462 2374 est
488 2337 527 2374 in
554 2336 728 2374 irascibili
757 2343 794 2373 et
821 2335 1113 2384 concupiscibili,
1135 2336 1203 2373 sed
1231 2336 1269 2373 in
1297 2349 1355 2374 ra—

297 2389 411 2428 tione.

353 2439 603 2488 Senscoum
634 2453 700 2478 EST
726 2441 830 2491 quod
868 2441 1047 2478 fortitudo
1083 2441 1237 2489 ponitur
1273 2454 1354 2479 esse

297 2496 337 2533 in
364 2495 549 2542 irascibili,
570 2495 819 2543 temperantia
838 2502 966 2531 autem
995 2493 1033 2530 in
1057 2494 1352 2542 concupiscibili.

211 2571 218 2578 ·
241 2566 270 2577 ·-
297 2548 410 2586 Unde
437 2548 693 2596 Philosophus
713 2547 812 2594 dicit,
833 2547 871 2583 in
900 2548 950 2583 111
969 2545 1088 2583 Ethic.
1108 2546 1139 2594 ²¹²,
1161 2547 1265 2595 quod
1283 2549 1355 2584 hae

200 2597 206 2604 ’
263 2597 270 2603 ’
297 2601 451 2638 virtutes
476 2606 563 2637 sunt
589 2600 902 2636 irrationabilium
925 2598 1104 2647 partium.

58 3077 179 3101 '‘D-206.

353 2655 578 2690 Respounzo
593 2664 776 2689 DICENDUM
791 2652 895 2700 quod
914 2649 1108 2688 irascibilis
1123 2658 1160 2688 et
1175 2652 1355 2700 concupi-

299 2706 437 2743 scibilis
459 2705 655 2754 dupliciter
673 2704 902 2741 considerari
918 2709 1090 2753 possunt.
1111 2704 1199 2741 Uno
1221 2705 1353 2752 modo,

299 2757 511 2796 secundum
549 2770 606 2804 se,
636 2757 861 2806 inquantum
898 2764 985 2793 sunt
1011 2764 1136 2804 partes
1169 2757 1355 2806 appetitus

299 2811 478 2848 sensitivi.
507 2811 556 2847 Et
586 2811 662 2847 hoc
689 2811 824 2858 modo,
854 2822 932 2846 non
961 2809 1142 2856 competit
1169 2810 1221 2847 eis
1249 2810 1355 2858 quod

299 2863 372 2901 sint
390 2864 601 2900 subiectum
620 2863 778 2900 virtutis.
795 2883 820 2891 -
835 2862 919 2899 Alio
939 2862 1058 2899 modo
1079 2870 1238 2911 possunt
1266 2875 1356 2900 con-

299 2916 455 2954 siderari
474 2916 699 2965 inquantum
726 2915 952 2964 participant
969 2914 1165 2962 rationem,
1194 2927 1263 2964 per
1281 2917 1356 2952 hoc

299 2969 404 3018 quod
433 2976 544 3006 natae
572 2976 658 3005 sunt
677 2968 812 3005 rationi
841 2967 1009 3005 obedire.
1035 2970 1084 3005 Et
1111 2967 1163 3004 sic
1191 2968 1357 3004 irascibi-

298 3022 343 3058 lis
369 3022 432 3058 vel
460 3021 760 3070 concupiscibilis
787 3028 912 3069 potest
940 3032 1022 3068 esse
1051 3020 1264 3057 subiectum
1280 3021 1356 3057 vir-

299 3074 385 3111 tutis
412 3075 604 3111 humanae
631 3073 671 3110 *t
697 3074 750 3110 sic
779 3073 880 3110 enim
910 3080 965 3110 est
991 3073 1216 3122 principium
1245 3072 1260 3102 β
1287 3074 1356 3109 hu-

299 3127 403 3164 mani
422 3134 539 3173 actus,
559 3126 782 3175 inquantum
802 3126 998 3175 participat
1024 3126 1221 3163 rationem.
1251 3126 1300 3162 Et
1318 3125 1354 3162 in

298 3179 356 3216 his
384 3179 561 3228 potentiis
589 3191 743 3216 necesse
772 3186 828 3216 est
854 3190 998 3227 ponere
1027 3179 1194 3216 virtutes.

353 3233 471 3279 Quod
499 3232 600 3269 enirn
629 3232 668 3269 in
700 3231 874 3269 irascibili
908 3239 944 3268 et
972 3230 1253 3280 concupiscibili
1284 3231 1357 3267 sint

299 3285 446 3335 aliquae
469 3285 638 3332 virtutes,
658 3292 772 3333 patet.
787 3284 906 3321 Actus
920 3284 1023 3321 enirn
1043 3285 1106 3333 qui
1120 3283 1357 3333 progreditur

352 3399 379 3431 α)
398 3402 425 3424 et
437 3398 652 3430 concupischilis.
669 3411 690 3417 -
713 3399 754 3423 vel
771 3397 977 3429 concupiscibilis
996 3398 1036 3422 ed.
1054 3405 1080 3426 a,
1094 3405 1147 3422 om.
1167 3398 1194 3422 P.

351 3433 376 3466 β)
395 3437 434 3459 est
449 3434 621 3466 principium.
634 3447 654 3453 -
671 3437 733 3458 sunt
753 3433 782 3462 E,
800 3436 862 3457 sunt
876 3433 1038 3464 principium
1059 3433 1108 3462 sD;
1128 3440 1175 3465 pro
1190 3432 1352 3464 participat,

293 3469 461 3501 participant
475 3470 526 3493 EF.
535 3483 553 3488 -
565 3468 617 3494 Pro
633 3469 668 3493 Et
682 3469 708 3493 in
722 3469 763 3493 his
773 3486 779 3492 .
791 3486 798 3493 .
808 3486 814 3493 .
824 3471 909 3500 patet,
925 3468 961 3492 Et
973 3468 1053 3493 etiam
1067 3468 1092 3492 in
1109 3468 1149 3492 his
1159 3467 1287 3500 potentiis
1300 3467 1354 3492 vir-

299 3507 368 3529 tutes
387 3511 489 3530 necesse
507 3508 546 3529 est
559 3511 661 3536 ponere
680 3504 751 3536 quod
770 3504 810 3534 (eo
823 3504 894 3535 quod
907 3503 924 3531 I.
945 3503 983 3527 ita
1001 3503 1072 3535 quod
1091 3503 1123 3534 K)
1143 3503 1169 3527 in
1190 3502 1316 3527 irascibili
1329 3506 1354 3527 et

297 3540 492 3572 concupiscibili
509 3540 563 3564 sint
581 3540 685 3572 aliquae
704 3539 816 3563 virtutes
835 3539 934 3571 (quod.
947 3555 968 3563 ..

2005 628 2009 641 l
2253 636 2257 639 ⁷

1411 655 1457 691 ab
1476 667 1553 691 una
1566 655 1734 703 potentia
1757 656 1966 693 secundum
1991 657 2094 705 quod
2110 663 2166 692 est
2188 656 2235 692 ab
2256 656 2326 693 alia
2346 665 2461 704 mota,

1410 719 1487 744 non
1515 715 1639 756 potest
1667 720 1748 745 esse
1776 709 1980 757 perfectus,
2014 708 2084 745 nisi
2111 716 2268 758 utraque
2295 710 2463 758 potentia

1411 759 1456 796 sit
1483 760 1581 797 bene
1602 759 1780 808 disposita
1808 761 1856 798 ad
1884 769 2029 798 actum:
2058 761 2153 798 sicut
2181 769 2284 798 actus
2311 762 2462 799 artificis

1411 824 1489 848 non
1507 820 1631 860 potest
1659 825 1739 849 esse
1769 826 1967 861 congruus,
1989 813 2057 850 nisi
2078 822 2115 850 et
2133 814 2262 850 artifex
2290 814 2336 850 sit
2363 815 2461 851 bene

1412 865 1610 913 dispositus
1630 865 1677 901 ad
1697 867 1898 912 agendum,
1917 874 1952 902 et
1971 867 2083 902 etiam
2099 866 2222 915 ipsum
2237 866 2461 904 instrumen-

1410 924 1501 953 tum.
1528 918 1570 953 In
1597 917 1655 954 his
1683 917 1791 965 igitur
1816 919 1912 955 circa
1940 931 2037 967 quae
2065 926 2242 967 operatur
2269 918 2460 956 irascibilis

1412 977 1447 1006 et
1475 970 1774 1018 concupiscibilis
1798 972 2008 1008 secundum
2032 971 2137 1019 quod
2160 979 2245 1008 sunt
2272 984 2294 1008 a
2317 972 2460 1009 ratione

1410 1030 1557 1070 motae,
1587 1035 1742 1059 necesse
1772 1030 1826 1059 est
1853 1031 1893 1060 ut
1921 1023 2052 1072 aliquis
2084 1024 2232 1061 habitus
2260 1025 2460 1073 perficiens

1410 1075 1459 1112 ad
1487 1076 1584 1112 bene
1613 1075 1802 1122 agendum
1831 1075 1877 1112 sit
1904 1088 1982 1112 non
2000 1077 2122 1113 solum
2151 1076 2188 1113 in
2218 1077 2372 1124 ratione,
2393 1078 2460 1114 sed

1411 1128 1523 1164 etiam
1543 1128 1581 1164 in
1609 1127 1782 1164 irascibili
1802 1135 1838 1164 et
1866 1128 2155 1176 concupiscibili.
2177 1130 2226 1165 Et
2251 1129 2339 1178 quia
2358 1130 2460 1166 bona

1412 1180 1605 1229 dispositio
1642 1181 1832 1229 potentiae
1869 1181 2056 1217 moventis
2085 1188 2232 1228 motae,
2261 1181 2461 1219 attenditur

1411 1233 1621 1270 secundum
1650 1233 1951 1269 conformitatem
1987 1234 2033 1270 ad
2062 1234 2269 1281 potentiam
2302 1246 2460 1271 moven-

1409 1293 1508 1330 tem;
1537 1285 1622 1322 ideo
1651 1285 1770 1322 virtus
1794 1298 1892 1333 quae
1917 1293 1972 1322 est
1999 1285 2038 1322 in
2061 1286 2234 1322 irascibili
2262 1294 2298 1323 et
2322 1299 2459 1323 concu-

1409 1337 1578 1385 piscibili,
1598 1337 1688 1374 nihil
1717 1337 1815 1375 aliud
1836 1345 1891 1374 est
1918 1350 2033 1386 quam
2051 1339 2241 1386 quaedam
2263 1339 2460 1376 habitualis

1411 1390 1654 1426 conformitas
1681 1390 1835 1426 istarum
1864 1390 2118 1438 potentiarum
2147 1391 2196 1428 ad
2224 1391 2421 1429 rationem.

1462 1444 1520 1478 AD
1549 1453 1685 1478 PmMUM
1713 1453 1811 1478 ERGO
1848 1454 2030 1479 mcENDUM
2067 1443 2172 1491 quod
2205 1444 2395 1481 irascibilis
2424 1452 2460 1481 et

1411 1493 1709 1542 concupiscibilis
1738 1495 1948 1531 secundum
1977 1507 2016 1531 se
2045 1495 2318 1543 consideratae,
2348 1504 2461 1545 prout

1410 1554 1497 1583 sunt
1522 1554 1647 1595 partes
1683 1547 1870 1594 appetitus
1903 1547 2091 1595 sensitivi,
2122 1560 2346 1586 communes
2374 1557 2461 1586 sunt

1410 1598 1520 1635 nobis
1549 1606 1585 1635 et
1612 1598 1740 1635 brutis.
1764 1599 1838 1636 Sed
1867 1599 2078 1636 secundum
2106 1601 2210 1648 quod
2237 1609 2323 1638 sunt
2350 1602 2460 1638 ratio-

1410 1652 1513 1688 nales
1541 1663 1610 1699 per
1635 1651 1973 1699 participationem,
2000 1660 2040 1688 ut
2068 1653 2286 1690 obedientes
2314 1654 2458 1701 rationi,

1409 1704 1462 1740 sic
1490 1711 1576 1740 sunt
1594 1703 1770 1752 propriae
1794 1704 1970 1741 hominis.
1992 1705 2039 1740 Et
2067 1705 2140 1741 hoc
2160 1706 2278 1742 modo
2302 1714 2460 1754 possunt

1409 1769 1491 1794 esse
1520 1757 1731 1794 subiectum
1759 1757 1906 1793 virtutis
1934 1758 2136 1795 humanae.

1461 1812 1520 1846 AD
1548 1821 1737 1846 SECUNDUM
1766 1821 1949 1846 DiCENDUM
1969 1810 2083 1858 quod,
2106 1811 2200 1847 sicut
2223 1823 2310 1847 caro
2338 1811 2460 1848 homi-

1408 1862 1465 1899 nis
1495 1874 1539 1898 ex
1566 1874 1606 1898 se
1634 1861 1788 1910 quidem
1818 1874 1895 1899 non
1923 1863 2037 1899 habet
2064 1863 2209 1900 bonum
2237 1864 2393 1911 virtutis,
2418 1864 2460 1900 fit

1407 1923 1535 1952 tamen
1562 1915 1860 1954 instrumentum
1879 1915 2035 1952 virtuosi
2064 1924 2187 1963 actus,
2216 1916 2458 1964 inquantum,

1408 1975 1588 2005 movente
1621 1967 1784 2014 ratione,
1814 1969 1983 2004 membra
2014 1974 2141 2005 nostra
2169 1969 2384 2006 exhibemus
2410 1970 2462 2006 ad

1407 2021 1642 2057 serviendum
1662 2020 1820 2056 iustitiae
1837 2020 1877 2066 *3
1897 2020 1948 2057 ita
1972 2021 2085 2058 etiam
2104 2021 2296 2058 irascibilis
2316 2029 2352 2059 et
2371 2034 2460 2059 con-

1409 2073 1634 2122 cupiscibilis
1654 2084 1699 2108 ex
1719 2084 1758 2108 se
1782 2072 1937 2121 quidem
1957 2085 2035 2110 non
2062 2075 2203 2111 habent
2221 2075 2367 2112 bonum
2386 2074 2460 2112 vir-

1408 2126 1506 2172 tutis,
1536 2126 1603 2163 sed
1631 2125 1751 2173 magis
1779 2125 2020 2163 infectionem
2049 2127 2207 2174 fomitis3
2235 2127 2459 2175 inquantum

1407 2191 1501 2215 vero
1530 2178 1816 2215 conformantur
1834 2178 1978 2226 rationi,
2000 2179 2051 2216 sic
2078 2179 2116 2216 in
2137 2180 2188 2216 eis
2212 2180 2462 2227 adgeneratur

1408 2233 1554 2268 bonurn
1579 2230 1725 2267 virtutis
1754 2230 1918 2267 moralis.

1461 2286 1520 2320 AD
1538 2295 1697 2320 TERTmM
1726 2294 1908 2320 DICENDUM
1936 2283 2039 2331 quod
2058 2284 2130 2320 alia
2158 2284 2301 2321 ratione
2321 2285 2460 2332 regitur

1410 2348 1547 2385 corpus
1575 2336 1623 2372 ab
1653 2335 1790 2383 anima,
1816 2342 1853 2372 et
1878 2335 2070 2372 irascibilis
2099 2344 2135 2373 et
2163 2337 2462 2386 concupiscibilis

1409 2402 1431 2425 a
1458 2389 1614 2425 ratione.
1637 2389 1787 2436 Corpus
1808 2388 1908 2424 enim
1927 2389 1977 2425 ad
2004 2396 2139 2426 nutum
2159 2389 2289 2438 obedit
2310 2390 2460 2427 animae

1409 2442 1551 2490 absque
1573 2440 1877 2487 contradictione,
1898 2441 1935 2477 in
1963 2441 2020 2478 his
2039 2441 2077 2478 in
2097 2442 2232 2490 quibus
2255 2450 2386 2479 natum
2407 2450 2463 2480 est

1408 2495 1457 2531 ab
1485 2494 1612 2531 anima
1640 2493 1808 2530 moveri:
1829 2495 1932 2530 unde
1959 2494 2214 2543 Philosophus
2242 2495 2348 2543 dicit,
2377 2496 2416 2532 in
2445 2497 2459 2532 I

1407 2547 1514 2583 Polit.
1534 2546 1565 2594 ²¹²,
1586 2546 1691 2594 quod
1718 2546 1847 2582 anima
1874 2547 1973 2595 regit
1989 2556 2124 2594 corpus
2150 2548 2333 2595 despotico
2355 2549 2460 2596 prin·
2485 2555 2609 2604 {flag—use

1408 2600 1543 2647 cipum,
1572 2598 1669 2635 idest
1693 2598 1788 2634 sieut
1819 2598 1996 2635 dominus
2024 2611 2189 2636 servum.
2215 2601 2264 2637 Et
2290 2600 2376 2646 ideo
2405 2608 2460 2637 to-

1407 2660 1467 2688 tus
1486 2659 1614 2688 motus
1643 2651 1809 2700 corporis
1837 2651 1994 2688 refertur
2021 2651 2070 2688 ad
2098 2652 2277 2690 animam.
2298 2653 2347 2689 Et
2373 2665 2460 2701 pro-

1407 2711 1492 2753 pter
1513 2705 1588 2740 hoc
1606 2704 1645 2740 in
1665 2715 1823 2752 corpore
1843 2715 1921 2740 non
1950 2711 2005 2741 est
2022 2704 2152 2751 virtus,
2174 2706 2240 2742 sed
2269 2706 2392 2742 solum
2421 2705 2459 2743 in

1409 2757 1546 2794 anima.
1567 2778 1591 2784 -
1611 2757 1686 2793 Sed
1706 2756 1899 2793 irascibilis
1928 2763 1964 2793 et
1988 2758 2286 2806 concupiscibiliS
2305 2770 2383 2795 non
2411 2759 2459 2796 ad

1409 2818 1543 2847 nutum
1572 2809 1754 2846 obediunt
1773 2808 1918 2856 rationi,
1939 2810 2005 2846 sed
2023 2810 2165 2847 habent
2182 2810 2356 2859 proprios
2376 2823 2459 2847 mo-

1409 2871 1469 2900 tus
1501 2871 1608 2909 suos,
1638 2862 1776 2911 quibus
1812 2861 1998 2899 interdurn
2027 2862 2160 2899 rationi
2186 2868 2203 2891 Υ
2230 2871 2456 2912 repugnant:

1408 2915 1510 2953 unde
1535 2915 1572 2951 in
1593 2915 1731 2951 eodem
1751 2914 1845 2950 libro
1865 2914 1885 2936 ’¹‘
1899 2915 2152 2964 Philosophus
2173 2916 2260 2953 dicit
2279 2917 2382 2964 quod
2402 2929 2459 2954 ra-

1409 2968 1460 3005 tio
1489 2967 1581 3016 regit
1598 2967 1823 3004 irascibilem
1848 2974 1885 3003 et
1903 2968 2232 3016 concupiscibilem
2246 2969 2461 3018 principatu

1404 3021 1568 3070 politico,
1598 3032 1674 3068 quo
1703 3019 1840 3056 scilicet
1868 3027 2047 3068 reguntur
2074 3020 2198 3067 liberi,
2229 3021 2292 3070 qui
2319 3022 2462 3059 habent

1410 3074 1448 3110 in
1468 3073 1652 3121 aliquibu's
1672 3072 1863 3121 propriam
1883 3073 2130 3110 voluntatem.
2147 3075 2196 3111 Et
2213 3082 2369 3123 propter
2387 3075 2461 3112 hoc

1410 3126 1523 3162 etiam
1561 3131 1710 3174 oportet
1737 3125 1775 3162 in
1807 3125 1979 3162 irascibili
2007 3133 2043 3163 et
2071 3126 2350 3175 concupiscibili
2379 3139 2461 3164 esse

1410 3179 1554 3226 aliquas
1563 3177 1731 3225 virtutes,
1742 3177 1880 3227 quibus
1889 3178 1987 3215 bene
2002 3178 2250 3228 disponantur
2259 3180 2306 3217 ad
2322 3187 2459 3217 actum.

1462 3233 1521 3267 AD
1549 3241 1721 3273 QUARTUM
1748 3242 1932 3268 memnon
1968 3232 2073 3280 quod
2101 3232 2140 3269 in
2167 3232 2348 3269 electione
2384 3234 2460 3270 duo

1411 3291 1516 3320 sunt:
1545 3283 1682 3320 scilicet
1709 3283 1863 3320 intentio
1883 3284 1980 3331 finis,
2009 3296 2104 3334 quae
2124 3285 2283 3333 pertinet
2309 3285 2358 3322 ad
2385 3285 2459 3322 vir-

1407 3397 1527 3427 GHIKL;
1542 3397 1578 3421 Et
1590 3403 1691 3421 necesse
1699 3400 1739 3421 est
1748 3403 1850 3428 ponere
1862 3397 1933 3428 quod
1945 3397 2024 3422 etiam
2041 3397 2066 3422 in
2077 3397 2117 3422 his
2127 3398 2253 3429 potentiis
2268 3398 2379 3424 virtutes
2391 3400 2462 3432 quod

1407 3436 1433 3457 et
1452 3433 1477 3456 in
1497 3432 1640 3456 universali
1658 3435 1684 3456 et
1697 3432 1890 3463 concupiscibili
1908 3436 1970 3456 sunt
1987 3433 2091 3464 aliquae
2109 3433 2219 3458 virtutes
2238 3433 2270 3462 F;
2291 3434 2325 3458 Et
2339 3434 2418 3458 etiam
2433 3435 2459 3459 in

1408 3468 1447 3492 his
1463 3467 1590 3499 potentiis
1609 3467 1720 3492 virtutes
1739 3474 1840 3492 necesse
1858 3471 1897 3491 est
1911 3474 2011 3499 ponere
2031 3467 2125 3500 (cetera
2144 3474 2171 3492 ut
2192 3468 2221 3501 Ρ)
2241 3468 2270 3493 Ε.

1460 3503 1487 3535 γ’)
1507 3502 1640 3526 interdum
1660 3502 1768 3527 rationi.
1779 3515 1797 3521 —-
1812 3502 1912 3527 rationi
1930 3510 1981 3526 non
2001 3503 2245 3536 ABCFGHIKLpD,
2261 3503 2360 3528 rationi
2372 3504 2401 3533 E,
2417 3512 2463 3528 ra-

989 3538 1100 3563 virtutes
1124 3546 1177 3562 om.
1198 3538 1244 3571 sD)
1264 3537 1353 3562 ABCD
1409 3538 1476 3562 tioni
1494 3537 1627 3562 interdum
1647 3537 1692 3562 sD.

2486 2032 2496 2041 ·
2509 2030 2548 2052 Ad
2560 2031 2633 2058 Rom„
2644 2036 2694 2059 cup.

2486 2063 2518 2084 vr,
2532 2063 2591 2079 vers.
2606 2064 2638 2086 ¹9·

2487 2932 2496 2941 ·
2511 2928 2569 2950 Ibid.

2610 2561 2634 2577 Π.
2644 2561 2670 2577 11.
2684 2566 2696 2571 -

2610 2585 2639 2603 Gt.
2661 2587 2695 2604 m.

2694 2641 2742 2661 s
