<?xml version="1.0" encoding="UTF-8"?>
<!DOCTYPE html PUBLIC "-//W3C//DTD XHTML 1.0 Transitional//EN"
    "http://www.w3.org/TR/xhtml1/DTD/xhtml1-transitional.dtd">
<html xmlns="http://www.w3.org/1999/xhtml" xml:lang="en" lang="en">
 <head>
  <title>
</title>
<meta http-equiv="Content-Type" content="text/html;charset=utf-8" />
  <meta name='ocr-system' content='tesseract 3.04.00' />
  <meta name='ocr-capabilities' content='ocr_page ocr_carea ocr_par ocr_line ocrx_word'/>
</head>
<body>
  <div class='ocr_page' id='page_1' title='image "./operaomniaiussui06thom_0339.png"; bbox 0 0 2852 4152; ppageno 0'>
   <div class='ocr_carea' id='block_1_1' title="bbox 268 373 1384 1684">
    <p class='ocr_par' dir='ltr' id='par_1_1' title="bbox 320 373 1382 586">
     <span class='ocr_line' id='line_1_1' title="bbox 322 373 1382 414; baseline -0.003 -7"><span class='ocrx_word' id='word_1_1' title='bbox 322 375 475 410; x_wconf 86' lang='lat' dir='ltr'>officium,</span> <span class='ocrx_word' id='word_1_2' title='bbox 491 374 592 404; x_wconf 88' lang='lat' dir='ltr'>immo</span> <span class='ocrx_word' id='word_1_3' title='bbox 609 380 730 409; x_wconf 89' lang='lat' dir='ltr'>natura,</span> <span class='ocrx_word' id='word_1_4' title='bbox 748 380 793 403; x_wconf 90' lang='lat' dir='ltr'>est</span> <span class='ocrx_word' id='word_1_5' title='bbox 812 373 973 404; x_wconf 83' lang='lat' dir='ltr'>inclinatio</span> <span class='ocrx_word' id='word_1_6' title='bbox 989 374 1020 404; x_wconf 92' lang='lat' dir='ltr'>in</span> <span class='ocrx_word' id='word_1_7' title='bbox 1040 374 1201 404; x_wconf 90' lang='lat' dir='ltr'>obiectum</span> <span class='ocrx_word' id='word_1_8' title='bbox 1215 374 1382 414; x_wconf 89' lang='lat' dir='ltr'>proprium</span> 
     </span>
     <span class='ocr_line' id='line_1_2' title="bbox 323 416 1380 462; baseline -0.001 -13"><span class='ocrx_word' id='word_1_9' title='bbox 323 417 423 462; x_wconf 84' lang='lat' dir='ltr'>(nihil</span> <span class='ocrx_word' id='word_1_10' title='bbox 445 417 531 449; x_wconf 86' lang='lat' dir='ltr'>enim</span> <span class='ocrx_word' id='word_1_11' title='bbox 554 417 640 448; x_wconf 83' lang='lat' dir='ltr'>aliud</span> <span class='ocrx_word' id='word_1_12' title='bbox 659 424 706 448; x_wconf 89' lang='lat' dir='ltr'>est</span> <span class='ocrx_word' id='word_1_13' title='bbox 728 417 886 457; x_wconf 89' lang='lat' dir='ltr'>appetitus</span> <span class='ocrx_word' id='word_1_14' title='bbox 909 428 1006 458; x_wconf 89' lang='lat' dir='ltr'>quam</span> <span class='ocrx_word' id='word_1_15' title='bbox 1030 416 1229 458; x_wconf 85' lang='lat' dir='ltr'>inclinatio):</span> <span class='ocrx_word' id='word_1_16' title='bbox 1253 418 1325 448; x_wconf 92' lang='lat' dir='ltr'>ideo</span> <span class='ocrx_word' id='word_1_17' title='bbox 1348 418 1380 448; x_wconf 91' lang='lat' dir='ltr'>in</span> 
     </span>
     <span class='ocr_line' id='line_1_3' title="bbox 322 460 1381 503; baseline -0.002 -10"><span class='ocrx_word' id='word_1_18' title='bbox 322 462 471 503; x_wconf 88' lang='lat' dir='ltr'>potentiis</span> <span class='ocrx_word' id='word_1_19' title='bbox 494 460 672 502; x_wconf 85' lang='lat' dir='ltr'>appetitivis</span> <span class='ocrx_word' id='word_1_20' title='bbox 688 470 754 491; x_wconf 87' lang='lat' dir='ltr'>non</span> <span class='ocrx_word' id='word_1_21' title='bbox 778 469 823 492; x_wconf 88' lang='lat' dir='ltr'>est</span> <span class='ocrx_word' id='word_1_22' title='bbox 846 461 1007 492; x_wconf 86' lang='lat' dir='ltr'>inchoatio</span> <span class='ocrx_word' id='word_1_23' title='bbox 1023 462 1172 492; x_wconf 85' lang='lat' dir='ltr'>naturalis</span> <span class='ocrx_word' id='word_1_24' title='bbox 1191 461 1325 498; x_wconf 88' lang='lat' dir='ltr'>habitus,</span> <span class='ocrx_word' id='word_1_25' title='bbox 1345 471 1381 492; x_wconf 90' lang='lat' dir='ltr'>ac</span> 
     </span>
     <span class='ocr_line' id='line_1_4' title="bbox 322 504 1380 547; baseline -0.002 -10"><span class='ocrx_word' id='word_1_26' title='bbox 322 516 379 547; x_wconf 89' lang='lat' dir='ltr'>per</span> <span class='ocrx_word' id='word_1_27' title='bbox 393 506 464 542; x_wconf 90' lang='lat' dir='ltr'>hoc,</span> <span class='ocrx_word' id='word_1_28' title='bbox 482 506 588 536; x_wconf 89' lang='lat' dir='ltr'>nullus</span> <span class='ocrx_word' id='word_1_29' title='bbox 605 504 698 536; x_wconf 86' lang='lat' dir='ltr'>estin</span> <span class='ocrx_word' id='word_1_30' title='bbox 716 505 759 535; x_wconf 90' lang='lat' dir='ltr'>eis</span> <span class='ocrx_word' id='word_1_31' title='bbox 775 505 924 535; x_wconf 91' lang='lat' dir='ltr'>naturalis</span> <span class='ocrx_word' id='word_1_32' title='bbox 940 505 1081 542; x_wconf 87' lang='lat' dir='ltr'>habitus;</span> <span class='ocrx_word' id='word_1_33' title='bbox 1099 506 1131 536; x_wconf 93' lang='lat' dir='ltr'>in</span> <span class='ocrx_word' id='word_1_34' title='bbox 1146 505 1380 546; x_wconf 89' lang='lat' dir='ltr'>apprehensivis</span> 
     </span>
     <span class='ocr_line' id='line_1_5' title="bbox 320 549 519 586; baseline -0.005 -5"><span class='ocrx_word' id='word_1_35' title='bbox 320 556 443 586; x_wconf 84' lang='lat' dir='ltr'>autem,</span> <span class='ocrx_word' id='word_1_36' title='bbox 465 549 519 580; x_wconf 91' lang='lat' dir='ltr'>sic.</span> 
     </span>
    </p>

    <p class='ocr_par' dir='ltr' id='par_1_2' title="bbox 322 592 1382 1117">
     <span class='ocr_line' id='line_1_6' title="bbox 377 592 1380 633; baseline -0.001 -8"><span class='ocrx_word' id='word_1_37' title='bbox 377 594 418 625; x_wconf 91' lang='lat' dir='ltr'>Et</span> <span class='ocrx_word' id='word_1_38' title='bbox 439 594 484 624; x_wconf 94' lang='lat' dir='ltr'>sic</span> <span class='ocrx_word' id='word_1_39' title='bbox 503 593 612 624; x_wconf 88' lang='lat' dir='ltr'>omnia</span> <span class='ocrx_word' id='word_1_40' title='bbox 630 599 816 623; x_wconf 77' lang='lat' dir='ltr'>consonant.</span> <span class='ocrx_word' id='word_1_41' title='bbox 841 592 1004 629; x_wconf 80' lang='lat' dir='ltr'>Quoniam</span> <span class='ocrx_word' id='word_1_42' title='bbox 1026 593 1192 624; x_wconf 88' lang='lat' dir='ltr'>affirmatio</span> <span class='ocrx_word' id='word_1_43' title='bbox 1208 600 1238 624; x_wconf 92' lang='lat' dir='ltr'>et</span> <span class='ocrx_word' id='word_1_44' title='bbox 1256 593 1380 633; x_wconf 82' lang='lat' dir='ltr'>negatio</span> 
     </span>
     <span class='ocr_line' id='line_1_7' title="bbox 323 635 1380 677; baseline -0.003 -8"><span class='ocrx_word' id='word_1_45' title='bbox 323 648 390 669; x_wconf 89' lang='lat' dir='ltr'>non</span> <span class='ocrx_word' id='word_1_46' title='bbox 404 638 521 669; x_wconf 86' lang='lat' dir='ltr'>cadunt</span> <span class='ocrx_word' id='word_1_47' title='bbox 533 646 629 677; x_wconf 90' lang='lat' dir='ltr'>super</span> <span class='ocrx_word' id='word_1_48' title='bbox 642 637 737 667; x_wconf 89' lang='lat' dir='ltr'>idem.</span> <span class='ocrx_word' id='word_1_49' title='bbox 762 635 945 667; x_wconf 84' lang='lat' dir='ltr'>Affirmatur</span> <span class='ocrx_word' id='word_1_50' title='bbox 961 637 1046 667; x_wconf 91' lang='lat' dir='ltr'>enim</span> <span class='ocrx_word' id='word_1_51' title='bbox 1062 637 1100 667; x_wconf 91' lang='lat' dir='ltr'>de</span> <span class='ocrx_word' id='word_1_52' title='bbox 1121 637 1230 667; x_wconf 91' lang='lat' dir='ltr'>habitu</span> <span class='ocrx_word' id='word_1_53' title='bbox 1247 637 1380 668; x_wconf 87' lang='lat' dir='ltr'>naturali</span> 
     </span>
     <span class='ocr_line' id='line_1_8' title="bbox 323 680 1381 721; baseline -0.002 -8"><span class='ocrx_word' id='word_1_54' title='bbox 323 682 484 718; x_wconf 86' lang='lat' dir='ltr'>absolute,</span> <span class='ocrx_word' id='word_1_55' title='bbox 507 680 597 721; x_wconf 92' lang='lat' dir='ltr'>quod</span> <span class='ocrx_word' id='word_1_56' title='bbox 620 680 687 711; x_wconf 88' lang='lat' dir='ltr'>eius</span> <span class='ocrx_word' id='word_1_57' title='bbox 718 687 764 710; x_wconf 90' lang='lat' dir='ltr'>est</span> <span class='ocrx_word' id='word_1_58' title='bbox 787 680 935 711; x_wconf 86' lang='lat' dir='ltr'>inclinare</span> <span class='ocrx_word' id='word_1_59' title='bbox 963 681 1002 710; x_wconf 91' lang='lat' dir='ltr'>ad</span> <span class='ocrx_word' id='word_1_60' title='bbox 1033 681 1160 721; x_wconf 90' lang='lat' dir='ltr'>propria</span> <span class='ocrx_word' id='word_1_61' title='bbox 1190 681 1325 712; x_wconf 89' lang='lat' dir='ltr'>obiecta:</span> <span class='ocrx_word' id='word_1_62' title='bbox 1351 688 1381 711; x_wconf 90' lang='lat' dir='ltr'>et</span> 
     </span>
     <span class='ocr_line' id='line_1_9' title="bbox 323 724 1378 766; baseline -0.001 -10"><span class='ocrx_word' id='word_1_63' title='bbox 323 732 455 766; x_wconf 87' lang='lat' dir='ltr'>negatur</span> <span class='ocrx_word' id='word_1_64' title='bbox 483 724 573 766; x_wconf 91' lang='lat' dir='ltr'>quod</span> <span class='ocrx_word' id='word_1_65' title='bbox 602 724 663 754; x_wconf 91' lang='lat' dir='ltr'>hoc</span> <span class='ocrx_word' id='word_1_66' title='bbox 687 724 854 754; x_wconf 91' lang='lat' dir='ltr'>convenire</span> <span class='ocrx_word' id='word_1_67' title='bbox 886 724 986 764; x_wconf 86' lang='lat' dir='ltr'>possit</span> <span class='ocrx_word' id='word_1_68' title='bbox 1015 725 1135 755; x_wconf 89' lang='lat' dir='ltr'>habitui</span> <span class='ocrx_word' id='word_1_69' title='bbox 1163 725 1195 754; x_wconf 94' lang='lat' dir='ltr'>in</span> <span class='ocrx_word' id='word_1_70' title='bbox 1220 725 1378 765; x_wconf 88' lang='lat' dir='ltr'>appetitu,</span> 
     </span>
     <span class='ocr_line' id='line_1_10' title="bbox 323 767 1381 811; baseline -0.002 -11"><span class='ocrx_word' id='word_1_71' title='bbox 323 769 397 811; x_wconf 87' lang='lat' dir='ltr'>quia</span> <span class='ocrx_word' id='word_1_72' title='bbox 415 769 477 799; x_wconf 88' lang='lat' dir='ltr'>hoc</span> <span class='ocrx_word' id='word_1_73' title='bbox 499 768 646 799; x_wconf 90' lang='lat' dir='ltr'>convenit</span> <span class='ocrx_word' id='word_1_74' title='bbox 668 768 728 808; x_wconf 90' lang='lat' dir='ltr'>ipsi</span> <span class='ocrx_word' id='word_1_75' title='bbox 752 767 914 808; x_wconf 91' lang='lat' dir='ltr'>appetitui.</span> <span class='ocrx_word' id='word_1_76' title='bbox 939 768 980 799; x_wconf 91' lang='lat' dir='ltr'>Et</span> <span class='ocrx_word' id='word_1_77' title='bbox 1002 769 1046 799; x_wconf 94' lang='lat' dir='ltr'>sic</span> <span class='ocrx_word' id='word_1_78' title='bbox 1069 779 1086 798; x_wconf 88' lang='lat' dir='ltr'>a</span> <span class='ocrx_word' id='word_1_79' title='bbox 1103 768 1270 808; x_wconf 86' lang='lat' dir='ltr'>negatione</span> <span class='ocrx_word' id='word_1_80' title='bbox 1286 767 1381 799; x_wconf 89' lang='lat' dir='ltr'>officii</span> 
     </span>
     <span class='ocr_line' id='line_1_11' title="bbox 322 811 1380 853; baseline 0 -11"><span class='ocrx_word' id='word_1_81' title='bbox 322 813 421 853; x_wconf 89' lang='lat' dir='ltr'>ipsius</span> <span class='ocrx_word' id='word_1_82' title='bbox 450 811 575 842; x_wconf 90' lang='lat' dir='ltr'>habitus</span> <span class='ocrx_word' id='word_1_83' title='bbox 599 812 761 848; x_wconf 90' lang='lat' dir='ltr'>naturalis,</span> <span class='ocrx_word' id='word_1_84' title='bbox 786 812 967 852; x_wconf 87' lang='lat' dir='ltr'>proceditur</span> <span class='ocrx_word' id='word_1_85' title='bbox 989 812 1029 842; x_wconf 88' lang='lat' dir='ltr'>ad</span> <span class='ocrx_word' id='word_1_86' title='bbox 1051 811 1252 852; x_wconf 84' lang='lat' dir='ltr'>negationem</span> <span class='ocrx_word' id='word_1_87' title='bbox 1281 811 1380 852; x_wconf 86' lang='lat' dir='ltr'>ipsius</span> 
     </span>
     <span class='ocr_line' id='line_1_12' title="bbox 322 855 1378 896; baseline -0.002 -9"><span class='ocrx_word' id='word_1_88' title='bbox 322 856 447 887; x_wconf 89' lang='lat' dir='ltr'>habitus</span> <span class='ocrx_word' id='word_1_89' title='bbox 469 856 619 886; x_wconf 87' lang='lat' dir='ltr'>naturalis</span> <span class='ocrx_word' id='word_1_90' title='bbox 642 855 675 886; x_wconf 91' lang='lat' dir='ltr'>in</span> <span class='ocrx_word' id='word_1_91' title='bbox 695 856 847 896; x_wconf 90' lang='lat' dir='ltr'>appetitu.</span> <span class='ocrx_word' id='word_1_92' title='bbox 860 873 880 879; x_wconf 90' lang='lat'>—</span> <span class='ocrx_word' id='word_1_93' title='bbox 895 857 960 886; x_wconf 94' lang='lat' dir='ltr'>Nec</span> <span class='ocrx_word' id='word_1_94' title='bbox 977 856 1161 886; x_wconf 86' lang='lat' dir='ltr'>contradicit</span> <span class='ocrx_word' id='word_1_95' title='bbox 1184 855 1378 896; x_wconf 91' lang='lat' dir='ltr'>supradictis.</span> 
     </span>
     <span class='ocr_line' id='line_1_13' title="bbox 322 899 1382 940; baseline -0.001 -10"><span class='ocrx_word' id='word_1_96' title='bbox 322 900 487 938; x_wconf 83' lang='lat' dir='ltr'>Quoniam</span> <span class='ocrx_word' id='word_1_97' title='bbox 509 900 571 937; x_wconf 90' lang='lat' dir='ltr'>hic,</span> <span class='ocrx_word' id='word_1_98' title='bbox 595 910 781 940; x_wconf 90' lang='lat' dir='ltr'>comparans</span> <span class='ocrx_word' id='word_1_99' title='bbox 805 900 961 940; x_wconf 89' lang='lat' dir='ltr'>potentias</span> <span class='ocrx_word' id='word_1_100' title='bbox 984 899 1169 939; x_wconf 87' lang='lat' dir='ltr'>appetitivas</span> <span class='ocrx_word' id='word_1_101' title='bbox 1192 900 1231 929; x_wconf 89' lang='lat' dir='ltr'>ad</span> <span class='ocrx_word' id='word_1_102' title='bbox 1254 899 1382 940; x_wconf 85' lang='lat' dir='ltr'>propria</span> 
     </span>
     <span class='ocr_line' id='line_1_14' title="bbox 323 943 1381 984; baseline -0.001 -10"><span class='ocrx_word' id='word_1_103' title='bbox 323 943 455 980; x_wconf 89' lang='lat' dir='ltr'>obiecta,</span> <span class='ocrx_word' id='word_1_104' title='bbox 473 950 566 984; x_wconf 85' lang='lat' dir='ltr'>negat</span> <span class='ocrx_word' id='word_1_105' title='bbox 579 943 720 975; x_wconf 90' lang='lat' dir='ltr'>habitus:</span> <span class='ocrx_word' id='word_1_106' title='bbox 737 944 826 984; x_wconf 90' lang='lat' dir='ltr'>quod</span> <span class='ocrx_word' id='word_1_107' title='bbox 842 943 937 974; x_wconf 88' lang='lat' dir='ltr'>etiam</span> <span class='ocrx_word' id='word_1_108' title='bbox 949 950 1024 974; x_wconf 90' lang='lat' dir='ltr'>tunc</span> <span class='ocrx_word' id='word_1_109' title='bbox 1040 943 1125 974; x_wconf 85' lang='lat' dir='ltr'>dixit.</span> <span class='ocrx_word' id='word_1_110' title='bbox 1139 943 1184 973; x_wconf 93' lang='lat' dir='ltr'>Ibi</span> <span class='ocrx_word' id='word_1_111' title='bbox 1195 953 1279 979; x_wconf 88' lang='lat' dir='ltr'>vero,</span> <span class='ocrx_word' id='word_1_112' title='bbox 1293 953 1381 973; x_wconf 90' lang='lat' dir='ltr'>com-</span> 
     </span>
     <span class='ocr_line' id='line_1_15' title="bbox 322 986 1381 1028; baseline -0.001 -10"><span class='ocrx_word' id='word_1_113' title='bbox 322 997 435 1028; x_wconf 85' lang='lat' dir='ltr'>parans</span> <span class='ocrx_word' id='word_1_114' title='bbox 458 988 635 1028; x_wconf 87' lang='lat' dir='ltr'>potentiam</span> <span class='ocrx_word' id='word_1_115' title='bbox 658 988 696 1018; x_wconf 92' lang='lat' dir='ltr'>ad</span> <span class='ocrx_word' id='word_1_116' title='bbox 712 987 858 1027; x_wconf 81' lang='lat' dir='ltr'>specialia</span> <span class='ocrx_word' id='word_1_117' title='bbox 881 997 936 1018; x_wconf 88' lang='lat' dir='ltr'>seu</span> <span class='ocrx_word' id='word_1_118' title='bbox 956 987 1161 1017; x_wconf 88' lang='lat' dir='ltr'>determinata</span> <span class='ocrx_word' id='word_1_119' title='bbox 1183 986 1304 1017; x_wconf 87' lang='lat' dir='ltr'>obiecta</span> <span class='ocrx_word' id='word_1_120' title='bbox 1323 987 1381 1017; x_wconf 92' lang='lat' dir='ltr'>sub</span> 
     </span>
     <span class='ocr_line' id='line_1_16' title="bbox 324 1030 1382 1071; baseline -0.002 -9"><span class='ocrx_word' id='word_1_121' title='bbox 324 1031 449 1062; x_wconf 89' lang='lat' dir='ltr'>obiecto</span> <span class='ocrx_word' id='word_1_122' title='bbox 466 1032 640 1068; x_wconf 91' lang='lat' dir='ltr'>communi,</span> <span class='ocrx_word' id='word_1_123' title='bbox 661 1031 768 1071; x_wconf 89' lang='lat' dir='ltr'>posuit</span> <span class='ocrx_word' id='word_1_124' title='bbox 789 1030 915 1061; x_wconf 88' lang='lat' dir='ltr'>habitus</span> <span class='ocrx_word' id='word_1_125' title='bbox 939 1031 1124 1061; x_wconf 84' lang='lat' dir='ltr'>inclinantes</span> <span class='ocrx_word' id='word_1_126' title='bbox 1144 1031 1183 1060; x_wconf 90' lang='lat' dir='ltr'>ad</span> <span class='ocrx_word' id='word_1_127' title='bbox 1198 1030 1251 1061; x_wconf 88' lang='lat' dir='ltr'>illa</span> <span class='ocrx_word' id='word_1_128' title='bbox 1273 1041 1382 1071; x_wconf 90' lang='lat' dir='ltr'>prom-</span> 
     </span>
     <span class='ocr_line' id='line_1_17' title="bbox 322 1074 1198 1117; baseline -0.002 -10"><span class='ocrx_word' id='word_1_129' title='bbox 322 1083 385 1117; x_wconf 89' lang='lat' dir='ltr'>pte,</span> <span class='ocrx_word' id='word_1_130' title='bbox 410 1075 548 1112; x_wconf 78' lang='lat' dir='ltr'>faciliter,</span> <span class='ocrx_word' id='word_1_131' title='bbox 573 1082 630 1106; x_wconf 88' lang='lat' dir='ltr'>etc.</span> <span class='ocrx_word' id='word_1_132' title='bbox 656 1076 746 1113; x_wconf 88' lang='lat' dir='ltr'>Quae</span> <span class='ocrx_word' id='word_1_133' title='bbox 770 1076 835 1106; x_wconf 94' lang='lat' dir='ltr'>duo</span> <span class='ocrx_word' id='word_1_134' title='bbox 858 1074 890 1105; x_wconf 91' lang='lat' dir='ltr'>in</span> <span class='ocrx_word' id='word_1_135' title='bbox 914 1075 1003 1105; x_wconf 89' lang='lat' dir='ltr'>nullo</span> <span class='ocrx_word' id='word_1_136' title='bbox 1028 1075 1198 1105; x_wconf 87' lang='lat' dir='ltr'>dissonant.</span> 
     </span>
    </p>

    <p class='ocr_par' dir='ltr' id='par_1_3' title="bbox 268 1119 1384 1632">
     <span class='ocr_line' id='line_1_18' title="bbox 378 1119 1382 1159; baseline -0.002 -9"><span class='ocrx_word' id='word_1_137' title='bbox 378 1120 432 1150; x_wconf 90' lang='lat' dir='ltr'>1V.</span> <span class='ocrx_word' id='word_1_138' title='bbox 450 1120 485 1150; x_wconf 90' lang='lat' dir='ltr'>In</span> <span class='ocrx_word' id='word_1_139' title='bbox 500 1119 706 1159; x_wconf 81' lang='lat' dir='ltr'>responsione</span> <span class='ocrx_word' id='word_1_140' title='bbox 721 1120 760 1149; x_wconf 94' lang='lat' dir='ltr'>ad</span> <span class='ocrx_word' id='word_1_141' title='bbox 773 1119 959 1155; x_wconf 89' lang='lat' dir='ltr'>secundum,</span> <span class='ocrx_word' id='word_1_142' title='bbox 975 1120 1100 1149; x_wconf 90' lang='lat' dir='ltr'>adverte</span> <span class='ocrx_word' id='word_1_143' title='bbox 1116 1119 1271 1149; x_wconf 91' lang='lat' dir='ltr'>rationem</span> <span class='ocrx_word' id='word_1_144' title='bbox 1287 1128 1382 1159; x_wconf 89' lang='lat' dir='ltr'>quae-</span> 
     </span>
     <span class='ocr_line' id='line_1_19' title="bbox 323 1162 1382 1204; baseline -0.002 -10"><span class='ocrx_word' id='word_1_145' title='bbox 323 1163 434 1194; x_wconf 89' lang='lat' dir='ltr'>stionis</span> <span class='ocrx_word' id='word_1_146' title='bbox 457 1170 563 1194; x_wconf 87' lang='lat' dir='ltr'>motae</span> <span class='ocrx_word' id='word_1_147' title='bbox 586 1163 619 1194; x_wconf 92' lang='lat' dir='ltr'>in</span> <span class='ocrx_word' id='word_1_148' title='bbox 637 1163 742 1194; x_wconf 89' lang='lat' dir='ltr'>Prima</span> <span class='ocrx_word' id='word_1_149' title='bbox 760 1163 864 1198; x_wconf 89' lang='lat' dir='ltr'>Parte,</span> <span class='ocrx_word' id='word_1_150' title='bbox 883 1173 937 1204; x_wconf 92' lang='lat' dir='ltr'>qu.</span> <span class='ocrx_word' id='word_1_151' title='bbox 953 1173 992 1192; x_wconf 74' lang='grc' dir='ltr'>ιν</span> <span class='ocrx_word' id='word_1_152' title='bbox 1010 1163 1036 1194; x_wconf 92' lang='grc'>*.</span> <span class='ocrx_word' id='word_1_153' title='bbox 1061 1163 1102 1193; x_wconf 93' lang='lat' dir='ltr'>Et</span> <span class='ocrx_word' id='word_1_154' title='bbox 1120 1169 1196 1193; x_wconf 90' lang='lat' dir='ltr'>nota</span> <span class='ocrx_word' id='word_1_155' title='bbox 1214 1162 1297 1192; x_wconf 86' lang='lat' dir='ltr'>duo:</span> <span class='ocrx_word' id='word_1_156' title='bbox 1321 1162 1382 1202; x_wconf 91' lang='lat' dir='ltr'>pri-</span> 
     </span>
     <span class='ocr_line' id='line_1_20' title="bbox 322 1206 1381 1247; baseline -0.002 -9"><span class='ocrx_word' id='word_1_157' title='bbox 322 1218 389 1244; x_wconf 91' lang='lat' dir='ltr'>mo,</span> <span class='ocrx_word' id='word_1_158' title='bbox 405 1207 599 1238; x_wconf 85' lang='lat' dir='ltr'>differentem</span> <span class='ocrx_word' id='word_1_159' title='bbox 619 1207 858 1247; x_wconf 89' lang='lat' dir='ltr'>perfectionem;</span> <span class='ocrx_word' id='word_1_160' title='bbox 879 1207 1028 1243; x_wconf 92' lang='lat' dir='ltr'>secundo,</span> <span class='ocrx_word' id='word_1_161' title='bbox 1050 1206 1216 1237; x_wconf 89' lang='lat' dir='ltr'>rationem.</span> <span class='ocrx_word' id='word_1_162' title='bbox 1229 1206 1381 1242; x_wconf 87' lang='lat' dir='ltr'>Tantum,</span> 
     </span>
     <span class='ocr_line' id='line_1_21' title="bbox 322 1249 1383 1292; baseline -0.003 -10"><span class='ocrx_word' id='word_1_163' title='bbox 322 1252 356 1282; x_wconf 88' lang='lat' dir='ltr'>in</span> <span class='ocrx_word' id='word_1_164' title='bbox 372 1251 491 1292; x_wconf 86' lang='lat' dir='ltr'>primis,</span> <span class='ocrx_word' id='word_1_165' title='bbox 511 1251 605 1282; x_wconf 87' lang='lat' dir='ltr'>distat</span> <span class='ocrx_word' id='word_1_166' title='bbox 620 1251 788 1281; x_wconf 89' lang='lat' dir='ltr'>essentiam</span> <span class='ocrx_word' id='word_1_167' title='bbox 811 1250 913 1290; x_wconf 85' lang='lat' dir='ltr'>angeli</span> <span class='ocrx_word' id='word_1_168' title='bbox 929 1260 985 1290; x_wconf 89' lang='lat' dir='ltr'>per</span> <span class='ocrx_word' id='word_1_169' title='bbox 1005 1250 1140 1290; x_wconf 80' lang='lat' dir='ltr'>seipsam</span> <span class='ocrx_word' id='word_1_170' title='bbox 1157 1260 1223 1280; x_wconf 89' lang='lat' dir='ltr'>esse</span> <span class='ocrx_word' id='word_1_171' title='bbox 1240 1249 1383 1280; x_wconf 88' lang='lat' dir='ltr'>similitu-</span> 
     </span>
     <span class='ocr_line' id='line_1_22' title="bbox 322 1294 1384 1334; baseline -0.002 -9"><span class='ocrx_word' id='word_1_172' title='bbox 322 1295 431 1326; x_wconf 90' lang='lat' dir='ltr'>dinem</span> <span class='ocrx_word' id='word_1_173' title='bbox 453 1295 611 1331; x_wconf 85' lang='lat' dir='ltr'>omnium,</span> <span class='ocrx_word' id='word_1_174' title='bbox 628 1301 659 1325; x_wconf 89' lang='lat' dir='ltr'>et</span> <span class='ocrx_word' id='word_1_175' title='bbox 673 1304 729 1334; x_wconf 91' lang='lat' dir='ltr'>per</span> <span class='ocrx_word' id='word_1_176' title='bbox 744 1294 905 1324; x_wconf 90' lang='lat' dir='ltr'>adiunctas</span> <span class='ocrx_word' id='word_1_177' title='bbox 925 1294 1053 1333; x_wconf 89' lang='lat' dir='ltr'>species,</span> <span class='ocrx_word' id='word_1_178' title='bbox 1071 1301 1106 1324; x_wconf 95' lang='lat' dir='ltr'>ut</span> <span class='ocrx_word' id='word_1_179' title='bbox 1125 1294 1266 1334; x_wconf 89' lang='lat' dir='ltr'>primum</span> <span class='ocrx_word' id='word_1_180' title='bbox 1284 1301 1384 1333; x_wconf 91' lang='lat' dir='ltr'>ponat</span> 
     </span>
     <span class='ocr_line' id='line_1_23' title="bbox 322 1337 1381 1380; baseline -0.002 -11"><span class='ocrx_word' id='word_1_181' title='bbox 322 1339 548 1380; x_wconf 85' lang='lat' dir='ltr'>perfectionem</span> <span class='ocrx_word' id='word_1_182' title='bbox 565 1338 760 1374; x_wconf 81' lang='lat' dir='ltr'>altissimam,</span> <span class='ocrx_word' id='word_1_183' title='bbox 772 1338 946 1367; x_wconf 89' lang='lat' dir='ltr'>secundum</span> <span class='ocrx_word' id='word_1_184' title='bbox 962 1337 1162 1368; x_wconf 85' lang='lat' dir='ltr'>diminutam.</span> <span class='ocrx_word' id='word_1_185' title='bbox 1179 1337 1220 1367; x_wconf 92' lang='lat' dir='ltr'>Et</span> <span class='ocrx_word' id='word_1_186' title='bbox 1235 1337 1312 1367; x_wconf 91' lang='lat' dir='ltr'>ratio</span> <span class='ocrx_word' id='word_1_187' title='bbox 1326 1344 1381 1373; x_wconf 87' lang='lat' dir='ltr'>est,</span> 
     </span>
     <span class='ocr_line' id='line_1_24' title="bbox 323 1380 1382 1423; baseline -0.003 -10"><span class='ocrx_word' id='word_1_188' title='bbox 323 1383 398 1423; x_wconf 89' lang='lat' dir='ltr'>quia</span> <span class='ocrx_word' id='word_1_189' title='bbox 421 1382 562 1422; x_wconf 85' lang='lat' dir='ltr'>primum</span> <span class='ocrx_word' id='word_1_190' title='bbox 585 1381 676 1421; x_wconf 90' lang='lat' dir='ltr'>ponit</span> <span class='ocrx_word' id='word_1_191' title='bbox 703 1381 870 1411; x_wconf 88' lang='lat' dir='ltr'>essentiam</span> <span class='ocrx_word' id='word_1_192' title='bbox 893 1380 981 1411; x_wconf 83' lang='lat' dir='ltr'>illam</span> <span class='ocrx_word' id='word_1_193' title='bbox 1004 1381 1091 1411; x_wconf 89' lang='lat' dir='ltr'>unite</span> <span class='ocrx_word' id='word_1_194' title='bbox 1121 1381 1234 1411; x_wconf 91' lang='lat' dir='ltr'>habere</span> <span class='ocrx_word' id='word_1_195' title='bbox 1265 1380 1382 1420; x_wconf 91' lang='lat' dir='ltr'>species</span> 
     </span>
     <span class='ocr_line' id='line_1_25' title="bbox 321 1423 1383 1464; baseline -0.004 -6"><span class='ocrx_word' id='word_1_196' title='bbox 321 1424 646 1461; x_wconf 32' lang='lat' dir='ltr'>rerumzasecufidum</span> <span class='ocrx_word' id='word_1_197' title='bbox 663 1434 750 1460; x_wconf 88' lang='lat' dir='ltr'>vero,</span> <span class='ocrx_word' id='word_1_198' title='bbox 767 1423 902 1454; x_wconf 83' lang='lat' dir='ltr'>divisim.</span> <span class='ocrx_word' id='word_1_199' title='bbox 920 1424 1054 1454; x_wconf 84' lang='lat' dir='ltr'>Constat</span> <span class='ocrx_word' id='word_1_200' title='bbox 1077 1423 1162 1454; x_wconf 83' lang='lat' dir='ltr'>enirn</span> <span class='ocrx_word' id='word_1_201' title='bbox 1185 1424 1273 1464; x_wconf 93' lang='lat' dir='ltr'>quod</span> <span class='ocrx_word' id='word_1_202' title='bbox 1295 1424 1383 1454; x_wconf 90' lang='lat' dir='ltr'>unite</span> 
     </span>
     <span class='ocr_line' id='line_1_26' title="bbox 268 1466 1381 1509; baseline -0.003 -9"><span class='ocrx_word' id='word_1_203' title='bbox 268 1470 275 1472; x_wconf 81' lang='grc'><em>“</em></span> <span class='ocrx_word' id='word_1_204' title='bbox 311 1466 436 1500; x_wconf 55' lang='grc' dir='ltr'>Ἠὼς-,τε</span> <span class='ocrx_word' id='word_1_205' title='bbox 458 1478 541 1509; x_wconf 83' lang='lat' dir='ltr'>quae</span> <span class='ocrx_word' id='word_1_206' title='bbox 564 1468 663 1498; x_wconf 79' lang='lat' dir='ltr'>divisa</span> <span class='ocrx_word' id='word_1_207' title='bbox 690 1474 766 1498; x_wconf 85' lang='lat' dir='ltr'>sunt</span> <span class='ocrx_word' id='word_1_208' title='bbox 786 1467 819 1497; x_wconf 90' lang='lat' dir='ltr'>in</span> <span class='ocrx_word' id='word_1_209' title='bbox 843 1467 930 1503; x_wconf 85' lang='lat' dir='ltr'>aliis,</span> <span class='ocrx_word' id='word_1_210' title='bbox 954 1467 1072 1501; x_wconf 84' lang='lat' dir='ltr'>altioris</span> <span class='ocrx_word' id='word_1_211' title='bbox 1096 1467 1296 1507; x_wconf 88' lang='lat' dir='ltr'>perfectionis</span> <span class='ocrx_word' id='word_1_212' title='bbox 1319 1474 1381 1498; x_wconf 88' lang='lat' dir='ltr'>est:</span> 
     </span>
     <span class='ocr_line' id='line_1_27' title="bbox 318 1510 1384 1554; baseline -0.002 -11"><span class='ocrx_word' id='word_1_213' title='bbox 318 1512 505 1554; x_wconf 69' lang='lat' dir='ltr'>praesertim</span> <span class='ocrx_word' id='word_1_214' title='bbox 520 1511 596 1553; x_wconf 88' lang='lat' dir='ltr'>quia</span> <span class='ocrx_word' id='word_1_215' title='bbox 609 1512 751 1552; x_wconf 87' lang='lat' dir='ltr'>primum</span> <span class='ocrx_word' id='word_1_216' title='bbox 766 1510 858 1552; x_wconf 88' lang='lat' dir='ltr'>ponit</span> <span class='ocrx_word' id='word_1_217' title='bbox 872 1510 917 1541; x_wconf 89' lang='lat' dir='ltr'>sic</span> <span class='ocrx_word' id='word_1_218' title='bbox 931 1511 1019 1542; x_wconf 88' lang='lat' dir='ltr'>unite</span> <span class='ocrx_word' id='word_1_219' title='bbox 1032 1511 1156 1545; x_wconf 80' lang='lat' dir='ltr'>habere,</span> <span class='ocrx_word' id='word_1_220' title='bbox 1169 1511 1258 1551; x_wconf 92' lang='lat' dir='ltr'>quod</span> <span class='ocrx_word' id='word_1_221' title='bbox 1271 1510 1304 1541; x_wconf 89' lang='lat' dir='ltr'>in</span> <span class='ocrx_word' id='word_1_222' title='bbox 1320 1521 1384 1541; x_wconf 90' lang='lat' dir='ltr'>una</span> 
     </span>
     <span class='ocr_line' id='line_1_28' title="bbox 322 1554 1382 1596; baseline -0.004 -8"><span class='ocrx_word' id='word_1_223' title='bbox 322 1555 496 1594; x_wconf 80' lang='lat' dir='ltr'>substantia</span> <span class='ocrx_word' id='word_1_224' title='bbox 525 1556 695 1592; x_wconf 80' lang='lat' dir='ltr'>habeatur3</span> <span class='ocrx_word' id='word_1_225' title='bbox 719 1555 906 1592; x_wconf 82' lang='lat' dir='ltr'>secundum,</span> <span class='ocrx_word' id='word_1_226' title='bbox 931 1555 1020 1596; x_wconf 92' lang='lat' dir='ltr'>quod</span> <span class='ocrx_word' id='word_1_227' title='bbox 1042 1555 1075 1585; x_wconf 91' lang='lat' dir='ltr'>in</span> <span class='ocrx_word' id='word_1_228' title='bbox 1100 1554 1273 1585; x_wconf 86' lang='lat' dir='ltr'>substantia</span> <span class='ocrx_word' id='word_1_229' title='bbox 1296 1561 1327 1585; x_wconf 92' lang='lat' dir='ltr'>et</span> <span class='ocrx_word' id='word_1_230' title='bbox 1349 1554 1382 1584; x_wconf 92' lang='lat' dir='ltr'>in</span> 
     </span>
     <span class='ocr_line' id='line_1_29' title="bbox 318 1596 490 1632; baseline 0 -1"><span class='ocrx_word' id='word_1_231' title='bbox 318 1596 490 1632; x_wconf 75' lang='lat' dir='ltr'>accidente.</span> 
     </span>
    </p>

    <p class='ocr_par' dir='ltr' id='par_1_4' title="bbox 376 1641 1382 1684">
     <span class='ocr_line' id='line_1_30' title="bbox 376 1641 1382 1684; baseline -0.004 -9"><span class='ocrx_word' id='word_1_232' title='bbox 376 1643 470 1676; x_wconf 84' lang='lat' dir='ltr'>Ratio</span> <span class='ocrx_word' id='word_1_233' title='bbox 494 1650 601 1675; x_wconf 83' lang='lat' dir='ltr'>autem</span> <span class='ocrx_word' id='word_1_234' title='bbox 623 1643 656 1674; x_wconf 92' lang='lat' dir='ltr'>in</span> <span class='ocrx_word' id='word_1_235' title='bbox 679 1643 781 1674; x_wconf 87' lang='lat' dir='ltr'>littera</span> <span class='ocrx_word' id='word_1_236' title='bbox 799 1643 902 1684; x_wconf 88' lang='lat' dir='ltr'>posita</span> <span class='ocrx_word' id='word_1_237' title='bbox 925 1651 984 1684; x_wconf 92' lang='lat' dir='ltr'>pro</span> <span class='ocrx_word' id='word_1_238' title='bbox 1004 1641 1221 1678; x_wconf 82' lang='lat' dir='ltr'>affirmatione,</span> <span class='ocrx_word' id='word_1_239' title='bbox 1234 1642 1309 1682; x_wconf 91' lang='lat' dir='ltr'>quia</span> <span class='ocrx_word' id='word_1_240' title='bbox 1325 1641 1382 1672; x_wconf 93' lang='lat' dir='ltr'>sci-</span> 
     </span>
    </p>
   </div>
   <div class='ocr_carea' id='block_1_2' title="bbox 444 2011 1385 2070">
    <p class='ocr_par' dir='ltr' id='par_1_5' title="bbox 444 2011 1385 2070">
     <span class='ocr_line' id='line_1_31' title="bbox 444 2011 1385 2070; baseline -0.002 -20"><span class='ocrx_word' id='word_1_241' title='bbox 444 2031 453 2043; x_wconf 60' lang='lat'><strong>»</strong></span> <span class='ocrx_word' id='word_1_242' title='bbox 466 2031 516 2070; x_wconf 31' lang='grc' dir='ltr'>,ἧι</span> <span class='ocrx_word' id='word_1_243' title='bbox 537 2025 560 2050; x_wconf 85' lang='lat' dir='ltr'>n</span> <span class='ocrx_word' id='word_1_244' title='bbox 579 2024 769 2050; x_wconf 79' lang='lat' dir='ltr'>SECUNDUM</span> <span class='ocrx_word' id='word_1_245' title='bbox 788 2024 842 2049; x_wconf 76' lang='lat' dir='ltr'>sm</span> <span class='ocrx_word' id='word_1_246' title='bbox 856 2023 1095 2049; x_wconf 70' lang='lat' dir='ltr'>pnoeamwa.</span> <span class='ocrx_word' id='word_1_247' title='bbox 1106 2011 1265 2048; x_wconf 91' lang='lat' dir='ltr'>Videtur</span> <span class='ocrx_word' id='word_1_248' title='bbox 1280 2011 1385 2059; x_wconf 90' lang='lat' dir='ltr'>quod</span> 
     </span>
    </p>
   </div>
   <div class='ocr_carea' id='block_1_3' title="bbox 392 2043 499 2093">
    <p class='ocr_par' dir='ltr' id='par_1_6' title="bbox 392 2043 499 2121">
     <span class='ocr_line' id='line_1_32' title="bbox 394 2043 499 2069; baseline 0.029 -3"><span class='ocrx_word' id='word_1_249' title='bbox 394 2043 422 2066; x_wconf 52' lang='lat' dir='ltr'>&#39;A‘</span> <span class='ocrx_word' id='word_1_250' title='bbox 449 2052 499 2069; x_wconf 55' lang='lat' dir='ltr'>m„</span> 
     </span>
     <span class='ocr_line' id='line_1_33' title="bbox 392 2074 475 2093; baseline 0 0"><span class='ocrx_word' id='word_1_251' title='bbox 392 2074 475 2093; x_wconf 48' lang='grc'>;·,</span> 
     </span>
    </p>
   </div>
   <div class='ocr_carea' id='block_1_4' title="bbox 323 2064 1393 2853">
    <p class='ocr_par' dir='ltr' id='par_1_7' title="bbox 328 2064 1389 2489">
     <span class='ocr_line' id='line_1_34' title="bbox 473 2064 1386 2114; baseline -0.004 -10"><span class='ocrx_word' id='word_1_252' title='bbox 473 2072 511 2114; x_wconf 57' lang='lat'>54</span> <span class='ocrx_word' id='word_1_253' title='bbox 539 2065 662 2103; x_wconf 91' lang='lat' dir='ltr'>nullus</span> <span class='ocrx_word' id='word_1_254' title='bbox 677 2065 826 2102; x_wconf 87' lang='lat' dir='ltr'>habitus</span> <span class='ocrx_word' id='word_1_255' title='bbox 840 2065 960 2113; x_wconf 88' lang='lat' dir='ltr'>possit</span> <span class='ocrx_word' id='word_1_256' title='bbox 975 2076 1019 2101; x_wconf 83' lang='lat' dir='ltr'>ex</span> <span class='ocrx_word' id='word_1_257' title='bbox 1033 2071 1118 2101; x_wconf 92' lang='lat' dir='ltr'>actu</span> <span class='ocrx_word' id='word_1_258' title='bbox 1134 2064 1292 2101; x_wconf 90' lang='lat' dir='ltr'>causari.</span> <span class='ocrx_word' id='word_1_259' title='bbox 1308 2064 1386 2100; x_wconf 92' lang='lat' dir='ltr'>Ha-</span> 
     </span>
     <span class='ocr_line' id='line_1_35' title="bbox 411 2100 1386 2171; baseline -0.003 -15"><span class='ocrx_word' id='word_1_260' title='bbox 411 2133 467 2171; x_wconf 48' lang='grc' dir='ltr'>κ,</span> <span class='ocrx_word' id='word_1_261' title='bbox 480 2100 529 2156; x_wconf 66' lang='lat'>&#39;6‘</span> <span class='ocrx_word' id='word_1_262' title='bbox 539 2118 638 2156; x_wconf 90' lang='lat' dir='ltr'>bitus</span> <span class='ocrx_word' id='word_1_263' title='bbox 658 2117 760 2155; x_wconf 91' lang='lat' dir='ltr'>enim</span> <span class='ocrx_word' id='word_1_264' title='bbox 782 2125 838 2155; x_wconf 91' lang='lat' dir='ltr'>est</span> <span class='ocrx_word' id='word_1_265' title='bbox 856 2117 1014 2166; x_wconf 86' lang='lat' dir='ltr'>qualitas</span> <span class='ocrx_word' id='word_1_266' title='bbox 1034 2117 1238 2166; x_wconf 86' lang='lat' dir='ltr'>quaedam,</span> <span class='ocrx_word' id='word_1_267' title='bbox 1265 2124 1308 2154; x_wconf 89' lang='lat' dir='ltr'>ut</span> <span class='ocrx_word' id='word_1_268' title='bbox 1326 2129 1386 2154; x_wconf 90' lang='lat' dir='ltr'>su-</span> 
     </span>
     <span class='ocr_line' id='line_1_36' title="bbox 464 2161 1385 2220; baseline -0.002 -12.089"><span class='ocrx_word' id='word_1_269' title='bbox 464 2186 471 2194; x_wconf 79' lang='lat'><em>‚</em></span> <span class='ocrx_word' id='word_1_270' title='bbox 500 2161 609 2220; x_wconf 90' lang='lat' dir='ltr'>pra</span> <span class='ocrx_word' id='word_1_271' title='bbox 621 2171 643 2192; x_wconf 74' lang='lat'><strong>*</strong></span> <span class='ocrx_word' id='word_1_272' title='bbox 657 2171 799 2208; x_wconf 91' lang='lat' dir='ltr'>dictum</span> <span class='ocrx_word' id='word_1_273' title='bbox 816 2177 881 2208; x_wconf 90' lang='lat' dir='ltr'>est.</span> <span class='ocrx_word' id='word_1_274' title='bbox 900 2170 1038 2207; x_wconf 90' lang='lat' dir='ltr'>Omnis</span> <span class='ocrx_word' id='word_1_275' title='bbox 1053 2177 1180 2220; x_wconf 91' lang='lat' dir='ltr'>autem</span> <span class='ocrx_word' id='word_1_276' title='bbox 1197 2175 1214 2191; x_wconf 83' lang='lat'>‘²</span> <span class='ocrx_word' id='word_1_277' title='bbox 1225 2169 1385 2218; x_wconf 88' lang='lat' dir='ltr'>qualitas</span> 
     </span>
     <span class='ocr_line' id='line_1_37' title="bbox 329 2222 1388 2272; baseline -0.003 -10"><span class='ocrx_word' id='word_1_278' title='bbox 329 2231 506 2262; x_wconf 79' lang='lat' dir='ltr'>causatur</span> <span class='ocrx_word' id='word_1_279' title='bbox 519 2225 558 2262; x_wconf 91' lang='lat' dir='ltr'>in</span> <span class='ocrx_word' id='word_1_280' title='bbox 573 2223 699 2272; x_wconf 90' lang='lat' dir='ltr'>aliquo</span> <span class='ocrx_word' id='word_1_281' title='bbox 720 2223 904 2271; x_wconf 88' lang='lat' dir='ltr'>subiecto,</span> <span class='ocrx_word' id='word_1_282' title='bbox 923 2223 1148 2272; x_wconf 86' lang='lat' dir='ltr'>inquantum</span> <span class='ocrx_word' id='word_1_283' title='bbox 1165 2229 1220 2259; x_wconf 91' lang='lat' dir='ltr'>est</span> <span class='ocrx_word' id='word_1_284' title='bbox 1234 2222 1388 2260; x_wconf 90' lang='lat' dir='ltr'>alicuius</span> 
     </span>
     <span class='ocr_line' id='line_1_38' title="bbox 329 2275 1386 2326; baseline -0.003 -11"><span class='ocrx_word' id='word_1_285' title='bbox 329 2277 576 2326; x_wconf 88' lang='lat' dir='ltr'>receptivum.</span> <span class='ocrx_word' id='word_1_286' title='bbox 603 2277 703 2314; x_wconf 91' lang='lat' dir='ltr'>Cum</span> <span class='ocrx_word' id='word_1_287' title='bbox 729 2276 840 2324; x_wconf 87' lang='lat' dir='ltr'>igitur</span> <span class='ocrx_word' id='word_1_288' title='bbox 867 2288 993 2324; x_wconf 89' lang='lat' dir='ltr'>agens,</span> <span class='ocrx_word' id='word_1_289' title='bbox 1020 2288 1064 2312; x_wconf 86' lang='lat' dir='ltr'>ex</span> <span class='ocrx_word' id='word_1_290' title='bbox 1083 2276 1158 2312; x_wconf 94' lang='lat' dir='ltr'>hoc</span> <span class='ocrx_word' id='word_1_291' title='bbox 1177 2276 1282 2325; x_wconf 91' lang='lat' dir='ltr'>quod</span> <span class='ocrx_word' id='word_1_292' title='bbox 1302 2275 1386 2323; x_wconf 88' lang='lat' dir='ltr'>agit,</span> 
     </span>
     <span class='ocr_line' id='line_1_39' title="bbox 328 2327 1389 2380; baseline -0.003 -13"><span class='ocrx_word' id='word_1_293' title='bbox 328 2339 407 2367; x_wconf 89' lang='lat' dir='ltr'>non</span> <span class='ocrx_word' id='word_1_294' title='bbox 435 2329 592 2380; x_wconf 85' lang='lat' dir='ltr'>recipiat</span> <span class='ocrx_word' id='word_1_295' title='bbox 618 2329 770 2378; x_wconf 90' lang='lat' dir='ltr'>aliquid,</span> <span class='ocrx_word' id='word_1_296' title='bbox 791 2329 859 2366; x_wconf 91' lang='lat' dir='ltr'>sed</span> <span class='ocrx_word' id='word_1_297' title='bbox 888 2329 1006 2376; x_wconf 89' lang='lat' dir='ltr'>magis</span> <span class='ocrx_word' id='word_1_298' title='bbox 1026 2340 1071 2365; x_wconf 86' lang='lat' dir='ltr'>ex</span> <span class='ocrx_word' id='word_1_299' title='bbox 1091 2341 1131 2365; x_wconf 92' lang='lat' dir='ltr'>se</span> <span class='ocrx_word' id='word_1_300' title='bbox 1152 2327 1314 2374; x_wconf 88' lang='lat' dir='ltr'>emittat;</span> <span class='ocrx_word' id='word_1_301' title='bbox 1334 2327 1389 2364; x_wconf 92' lang='lat' dir='ltr'>vi-</span> 
     </span>
     <span class='ocr_line' id='line_1_40' title="bbox 329 2380 1388 2432; baseline -0.003 -12"><span class='ocrx_word' id='word_1_302' title='bbox 329 2383 439 2424; x_wconf 73' lang='lat' dir='ltr'>detur</span> <span class='ocrx_word' id='word_1_303' title='bbox 466 2382 573 2432; x_wconf 93' lang='lat' dir='ltr'>quod</span> <span class='ocrx_word' id='word_1_304' title='bbox 599 2394 678 2419; x_wconf 89' lang='lat' dir='ltr'>non</span> <span class='ocrx_word' id='word_1_305' title='bbox 704 2381 825 2430; x_wconf 87' lang='lat' dir='ltr'>possit</span> <span class='ocrx_word' id='word_1_306' title='bbox 852 2381 986 2430; x_wconf 87' lang='lat' dir='ltr'>aliquis</span> <span class='ocrx_word' id='word_1_307' title='bbox 1014 2381 1164 2418; x_wconf 89' lang='lat' dir='ltr'>habitus</span> <span class='ocrx_word' id='word_1_308' title='bbox 1193 2380 1231 2417; x_wconf 91' lang='lat' dir='ltr'>in</span> <span class='ocrx_word' id='word_1_309' title='bbox 1255 2388 1388 2428; x_wconf 86' lang='lat' dir='ltr'>agente</span> 
     </span>
     <span class='ocr_line' id='line_1_41' title="bbox 330 2434 947 2489; baseline -0.006 -14"><span class='ocrx_word' id='word_1_310' title='bbox 330 2444 377 2475; x_wconf 82' lang='lat' dir='ltr'>ex</span> <span class='ocrx_word' id='word_1_311' title='bbox 401 2435 564 2489; x_wconf 87' lang='lat' dir='ltr'>propriis</span> <span class='ocrx_word' id='word_1_312' title='bbox 592 2434 738 2472; x_wconf 86' lang='lat' dir='ltr'>actibus</span> <span class='ocrx_word' id='word_1_313' title='bbox 766 2434 947 2482; x_wconf 88' lang='lat' dir='ltr'>generari.</span> 
     </span>
    </p>

    <p class='ocr_par' dir='ltr' id='par_1_8' title="bbox 323 2485 1393 2853">
     <span class='ocr_line' id='line_1_42' title="bbox 385 2485 1390 2536; baseline -0.002 -11"><span class='ocrx_word' id='word_1_314' title='bbox 385 2495 418 2526; x_wconf 59' lang='lat' dir='ltr'>2ss</span> <span class='ocrx_word' id='word_1_315' title='bbox 439 2489 676 2535; x_wconf 69' lang='lat' dir='ltr'>PRAETEREA,</span> <span class='ocrx_word' id='word_1_316' title='bbox 695 2487 787 2524; x_wconf 92' lang='lat' dir='ltr'>illud</span> <span class='ocrx_word' id='word_1_317' title='bbox 810 2487 848 2524; x_wconf 91' lang='lat' dir='ltr'>in</span> <span class='ocrx_word' id='word_1_318' title='bbox 867 2499 944 2536; x_wconf 91' lang='lat' dir='ltr'>quo</span> <span class='ocrx_word' id='word_1_319' title='bbox 966 2493 1138 2523; x_wconf 88' lang='lat' dir='ltr'>causatur</span> <span class='ocrx_word' id='word_1_320' title='bbox 1158 2485 1283 2535; x_wconf 89' lang='lat' dir='ltr'>aliqua</span> <span class='ocrx_word' id='word_1_321' title='bbox 1298 2498 1390 2535; x_wconf 92' lang='lat' dir='ltr'>qua-</span> 
     </span>
     <span class='ocr_line' id='line_1_43' title="bbox 323 2539 1392 2591; baseline -0.003 -13"><span class='ocrx_word' id='word_1_322' title='bbox 323 2540 424 2591; x_wconf 78' lang='lat' dir='ltr'>litas,</span> <span class='ocrx_word' id='word_1_323' title='bbox 451 2548 630 2579; x_wconf 86' lang='lat' dir='ltr'>movetur</span> <span class='ocrx_word' id='word_1_324' title='bbox 648 2540 696 2578; x_wconf 91' lang='lat' dir='ltr'>ad</span> <span class='ocrx_word' id='word_1_325' title='bbox 716 2539 934 2589; x_wconf 90' lang='lat' dir='ltr'>qualitatem</span> <span class='ocrx_word' id='word_1_326' title='bbox 963 2539 1082 2586; x_wconf 80' lang='lat' dir='ltr'>illam,</span> <span class='ocrx_word' id='word_1_327' title='bbox 1112 2539 1207 2576; x_wconf 86' lang='lat' dir='ltr'>sicut</span> <span class='ocrx_word' id='word_1_328' title='bbox 1232 2545 1336 2587; x_wconf 89' lang='lat' dir='ltr'>patet</span> <span class='ocrx_word' id='word_1_329' title='bbox 1353 2539 1392 2575; x_wconf 93' lang='lat' dir='ltr'>in</span> 
     </span>
     <span class='ocr_line' id='line_1_44' title="bbox 328 2590 1392 2640; baseline -0.003 -9"><span class='ocrx_word' id='word_1_330' title='bbox 328 2590 371 2632; x_wconf 56' lang='lat' dir='ltr'>&gt;re</span> <span class='ocrx_word' id='word_1_331' title='bbox 400 2593 578 2631; x_wconf 80' lang='lat' dir='ltr'>calefacta</span> <span class='ocrx_word' id='word_1_332' title='bbox 596 2593 658 2630; x_wconf 90' lang='lat' dir='ltr'>vel</span> <span class='ocrx_word' id='word_1_333' title='bbox 682 2592 909 2640; x_wconf 89' lang='lat' dir='ltr'>infrigidata:</span> <span class='ocrx_word' id='word_1_334' title='bbox 939 2593 1043 2640; x_wconf 92' lang='lat' dir='ltr'>quod</span> <span class='ocrx_word' id='word_1_335' title='bbox 1062 2598 1191 2628; x_wconf 91' lang='lat' dir='ltr'>autem</span> <span class='ocrx_word' id='word_1_336' title='bbox 1216 2591 1392 2640; x_wconf 90' lang='lat' dir='ltr'>producit</span> 
     </span>
     <span class='ocr_line' id='line_1_45' title="bbox 331 2643 1391 2693; baseline -0.004 -9"><span class='ocrx_word' id='word_1_337' title='bbox 331 2654 460 2684; x_wconf 87' lang='lat' dir='ltr'>actum</span> <span class='ocrx_word' id='word_1_338' title='bbox 488 2653 707 2682; x_wconf 85' lang='lat' dir='ltr'>causantem</span> <span class='ocrx_word' id='word_1_339' title='bbox 736 2644 967 2692; x_wconf 84' lang='lat' dir='ltr'>qualitatem,</span> <span class='ocrx_word' id='word_1_340' title='bbox 992 2651 1135 2690; x_wconf 90' lang='lat' dir='ltr'>movet,</span> <span class='ocrx_word' id='word_1_341' title='bbox 1155 2651 1197 2680; x_wconf 90' lang='lat' dir='ltr'>ut</span> <span class='ocrx_word' id='word_1_342' title='bbox 1221 2651 1324 2693; x_wconf 89' lang='lat' dir='ltr'>patet</span> <span class='ocrx_word' id='word_1_343' title='bbox 1344 2643 1391 2681; x_wconf 90' lang='lat' dir='ltr'>de</span> 
     </span>
     <span class='ocr_line' id='line_1_46' title="bbox 333 2695 1391 2746; baseline -0.001 -11"><span class='ocrx_word' id='word_1_344' title='bbox 333 2697 573 2736; x_wconf 80' lang='lat' dir='ltr'>calefaciente</span> <span class='ocrx_word' id='word_1_345' title='bbox 601 2698 663 2734; x_wconf 87' lang='lat' dir='ltr'>vel</span> <span class='ocrx_word' id='word_1_346' title='bbox 699 2696 948 2746; x_wconf 89' lang='lat' dir='ltr'>infrigidante.</span> <span class='ocrx_word' id='word_1_347' title='bbox 979 2695 1019 2734; x_wconf 91' lang='lat' dir='ltr'>Si</span> <span class='ocrx_word' id='word_1_348' title='bbox 1052 2696 1162 2744; x_wconf 89' lang='lat' dir='ltr'>igitur</span> <span class='ocrx_word' id='word_1_349' title='bbox 1197 2696 1236 2733; x_wconf 94' lang='lat' dir='ltr'>in</span> <span class='ocrx_word' id='word_1_350' title='bbox 1263 2697 1391 2744; x_wconf 89' lang='lat' dir='ltr'>aliquo</span> 
     </span>
     <span class='ocr_line' id='line_1_47' title="bbox 332 2749 1392 2799; baseline -0.002 -11"><span class='ocrx_word' id='word_1_351' title='bbox 332 2757 548 2788; x_wconf 87' lang='lat' dir='ltr'>causaretur</span> <span class='ocrx_word' id='word_1_352' title='bbox 565 2749 715 2787; x_wconf 89' lang='lat' dir='ltr'>habitus</span> <span class='ocrx_word' id='word_1_353' title='bbox 742 2762 811 2798; x_wconf 92' lang='lat' dir='ltr'>per</span> <span class='ocrx_word' id='word_1_354' title='bbox 837 2756 964 2786; x_wconf 90' lang='lat' dir='ltr'>actum</span> <span class='ocrx_word' id='word_1_355' title='bbox 984 2749 1188 2799; x_wconf 86' lang='lat' dir='ltr'>suiipsius,</span> <span class='ocrx_word' id='word_1_356' title='bbox 1217 2761 1392 2798; x_wconf 90' lang='lat' dir='ltr'>sequere-</span> 
     </span>
     <span class='ocr_line' id='line_1_48' title="bbox 330 2802 1393 2853; baseline -0.002 -12"><span class='ocrx_word' id='word_1_357' title='bbox 330 2810 393 2841; x_wconf 86' lang='lat' dir='ltr'>tur</span> <span class='ocrx_word' id='word_1_358' title='bbox 418 2803 526 2853; x_wconf 91' lang='lat' dir='ltr'>quod</span> <span class='ocrx_word' id='word_1_359' title='bbox 551 2802 653 2840; x_wconf 88' lang='lat' dir='ltr'>idem</span> <span class='ocrx_word' id='word_1_360' title='bbox 679 2809 777 2839; x_wconf 92' lang='lat' dir='ltr'>esset</span> <span class='ocrx_word' id='word_1_361' title='bbox 795 2814 957 2839; x_wconf 89' lang='lat' dir='ltr'>movens</span> <span class='ocrx_word' id='word_1_362' title='bbox 977 2811 1014 2839; x_wconf 91' lang='lat' dir='ltr'>et</span> <span class='ocrx_word' id='word_1_363' title='bbox 1031 2810 1192 2850; x_wconf 89' lang='lat' dir='ltr'>motum,</span> <span class='ocrx_word' id='word_1_364' title='bbox 1222 2814 1337 2850; x_wconf 88' lang='lat' dir='ltr'>agens</span> <span class='ocrx_word' id='word_1_365' title='bbox 1357 2809 1393 2839; x_wconf 91' lang='lat' dir='ltr'>et</span> 
     </span>
    </p>
   </div>
   <div class='ocr_carea' id='block_1_5' title="bbox 331 2854 1391 2905">
    <p class='ocr_par' dir='ltr' id='par_1_9' title="bbox 331 2854 1391 2905">
     <span class='ocr_line' id='line_1_49' title="bbox 331 2854 1391 2905; baseline -0.001 -12"><span class='ocrx_word' id='word_1_366' title='bbox 331 2855 490 2905; x_wconf 88' lang='lat' dir='ltr'>patiens.</span> <span class='ocrx_word' id='word_1_367' title='bbox 521 2854 637 2902; x_wconf 89' lang='lat' dir='ltr'>Quod</span> <span class='ocrx_word' id='word_1_368' title='bbox 666 2862 721 2892; x_wconf 89' lang='lat' dir='ltr'>est</span> <span class='ocrx_word' id='word_1_369' title='bbox 749 2855 1000 2904; x_wconf 88' lang='lat' dir='ltr'>impossibile,</span> <span class='ocrx_word' id='word_1_370' title='bbox 1027 2862 1070 2891; x_wconf 93' lang='lat' dir='ltr'>ut</span> <span class='ocrx_word' id='word_1_371' title='bbox 1097 2854 1229 2892; x_wconf 87' lang='lat' dir='ltr'>dicitur</span> <span class='ocrx_word' id='word_1_372' title='bbox 1257 2855 1295 2892; x_wconf 90' lang='lat' dir='ltr'>in</span> <span class='ocrx_word' id='word_1_373' title='bbox 1322 2855 1391 2892; x_wconf 91' lang='lat' dir='ltr'>VII</span> 
     </span>
    </p>
   </div>
   <div class='ocr_carea' id='block_1_6' title="bbox 341 2042 500 2212">
    <p class='ocr_par' dir='ltr' id='par_1_10' title="bbox 341 2042 500 2212">
     <span class='ocr_line' id='line_1_50' title="bbox 341 2042 480 2106; baseline 0 0"><span class='ocrx_word' id='word_1_374' title='bbox 341 2042 480 2106; x_wconf 95' lang='lat' dir='ltr'>   </span> 
     </span>
     <span class='ocr_line' id='line_1_51' title="bbox 341 2106 500 2212; baseline 0 -75"><span class='ocrx_word' id='word_1_375' title='bbox 341 2106 500 2212; x_wconf 95' lang='lat' dir='ltr'>   </span> 
     </span>
    </p>
   </div>
   <div class='ocr_carea' id='block_1_7' title="bbox 231 2908 530 2960">
    <p class='ocr_par' dir='ltr' id='par_1_11' title="bbox 231 2908 530 2960">
     <span class='ocr_line' id='line_1_52' title="bbox 231 2908 530 2960; baseline 0 -14"><span class='ocrx_word' id='word_1_376' title='bbox 231 2926 244 2960; x_wconf 88' lang='lat'>&#39;.</span> <span class='ocrx_word' id='word_1_377' title='bbox 292 2917 304 2954; x_wconf 73' lang='lat'>‚³</span> <span class='ocrx_word' id='word_1_378' title='bbox 331 2909 479 2958; x_wconf 82' lang='lat' dir='ltr'>Physic.</span> <span class='ocrx_word' id='word_1_379' title='bbox 508 2908 530 2930; x_wconf 66' lang='lat'>¹*</span> 
     </span>
    </p>
   </div>
   <div class='ocr_carea' id='block_1_8' title="bbox 298 2959 1394 3486">
    <p class='ocr_par' dir='ltr' id='par_1_12' title="bbox 298 2959 1394 3012">
     <span class='ocr_line' id='line_1_53' title="bbox 298 2959 1394 3012; baseline -0.003 -12"><span class='ocrx_word' id='word_1_380' title='bbox 298 3005 305 3012; x_wconf 51' lang='grc'><strong><em>,</em></strong></span> <span class='ocrx_word' id='word_1_381' title='bbox 388 2963 423 3000; x_wconf 87' lang='lat'>3.</span> <span class='ocrx_word' id='word_1_382' title='bbox 443 2963 676 3007; x_wconf 76' lang='lat' dir='ltr'>PRAETEREA‚</span> <span class='ocrx_word' id='word_1_383' title='bbox 699 2959 855 2997; x_wconf 86' lang='lat' dir='ltr'>effectus</span> <span class='ocrx_word' id='word_1_384' title='bbox 879 2972 957 2997; x_wconf 92' lang='lat' dir='ltr'>non</span> <span class='ocrx_word' id='word_1_385' title='bbox 976 2966 1102 3008; x_wconf 92' lang='lat' dir='ltr'>potest</span> <span class='ocrx_word' id='word_1_386' title='bbox 1130 2972 1212 2998; x_wconf 90' lang='lat' dir='ltr'>esse</span> <span class='ocrx_word' id='word_1_387' title='bbox 1232 2960 1394 2997; x_wconf 89' lang='lat' dir='ltr'>nobilior</span> 
     </span>
    </p>

    <p class='ocr_par' dir='ltr' id='par_1_13' title="bbox 330 3012 1393 3221">
     <span class='ocr_line' id='line_1_54' title="bbox 333 3012 1392 3062; baseline -0.004 -9"><span class='ocrx_word' id='word_1_388' title='bbox 333 3026 402 3053; x_wconf 87' lang='lat' dir='ltr'>sua</span> <span class='ocrx_word' id='word_1_389' title='bbox 431 3024 556 3052; x_wconf 86' lang='lat' dir='ltr'>causa.</span> <span class='ocrx_word' id='word_1_390' title='bbox 587 3013 664 3051; x_wconf 88' lang='lat' dir='ltr'>Sed</span> <span class='ocrx_word' id='word_1_391' title='bbox 691 3013 842 3050; x_wconf 90' lang='lat' dir='ltr'>habitus</span> <span class='ocrx_word' id='word_1_392' title='bbox 871 3020 927 3050; x_wconf 88' lang='lat' dir='ltr'>est</span> <span class='ocrx_word' id='word_1_393' title='bbox 952 3012 1116 3050; x_wconf 88' lang='lat' dir='ltr'>nobilior</span> <span class='ocrx_word' id='word_1_394' title='bbox 1143 3025 1258 3062; x_wconf 91' lang='lat' dir='ltr'>quam</span> <span class='ocrx_word' id='word_1_395' title='bbox 1288 3021 1392 3050; x_wconf 91' lang='lat' dir='ltr'>actus</span> 
     </span>
     <span class='ocr_line' id='line_1_55' title="bbox 330 3065 1393 3118; baseline -0.003 -13"><span class='ocrx_word' id='word_1_396' title='bbox 330 3067 566 3118; x_wconf 88' lang='lat' dir='ltr'>praecedens</span> <span class='ocrx_word' id='word_1_397' title='bbox 585 3065 774 3103; x_wconf 85' lang='lat' dir='ltr'>habitum:</span> <span class='ocrx_word' id='word_1_398' title='bbox 795 3065 899 3115; x_wconf 92' lang='lat' dir='ltr'>quod</span> <span class='ocrx_word' id='word_1_399' title='bbox 917 3072 1020 3114; x_wconf 90' lang='lat' dir='ltr'>patet</span> <span class='ocrx_word' id='word_1_400' title='bbox 1039 3077 1083 3102; x_wconf 88' lang='lat' dir='ltr'>ex</span> <span class='ocrx_word' id='word_1_401' title='bbox 1098 3066 1182 3113; x_wconf 86' lang='lat' dir='ltr'>hoc,</span> <span class='ocrx_word' id='word_1_402' title='bbox 1205 3065 1310 3113; x_wconf 89' lang='lat' dir='ltr'>quod</span> <span class='ocrx_word' id='word_1_403' title='bbox 1325 3077 1393 3102; x_wconf 88' lang='lat' dir='ltr'>no-</span> 
     </span>
     <span class='ocr_line' id='line_1_56' title="bbox 332 3117 1393 3167; baseline -0.003 -9"><span class='ocrx_word' id='word_1_404' title='bbox 332 3121 483 3158; x_wconf 91' lang='lat' dir='ltr'>biliores</span> <span class='ocrx_word' id='word_1_405' title='bbox 503 3126 607 3156; x_wconf 87' lang='lat' dir='ltr'>actus</span> <span class='ocrx_word' id='word_1_406' title='bbox 627 3118 759 3156; x_wconf 89' lang='lat' dir='ltr'>reddit.</span> <span class='ocrx_word' id='word_1_407' title='bbox 781 3119 882 3166; x_wconf 90' lang='lat' dir='ltr'>Ergo</span> <span class='ocrx_word' id='word_1_408' title='bbox 902 3117 1051 3155; x_wconf 91' lang='lat' dir='ltr'>habitus</span> <span class='ocrx_word' id='word_1_409' title='bbox 1072 3130 1149 3156; x_wconf 91' lang='lat' dir='ltr'>non</span> <span class='ocrx_word' id='word_1_410' title='bbox 1168 3125 1292 3167; x_wconf 89' lang='lat' dir='ltr'>potest</span> <span class='ocrx_word' id='word_1_411' title='bbox 1307 3130 1393 3155; x_wconf 91' lang='lat' dir='ltr'>cau-</span> 
     </span>
     <span class='ocr_line' id='line_1_57' title="bbox 333 3171 1328 3221; baseline -0.005 -10"><span class='ocrx_word' id='word_1_412' title='bbox 333 3174 406 3211; x_wconf 91' lang='lat' dir='ltr'>sari</span> <span class='ocrx_word' id='word_1_413' title='bbox 435 3174 483 3210; x_wconf 93' lang='lat' dir='ltr'>ab</span> <span class='ocrx_word' id='word_1_414' title='bbox 512 3180 599 3209; x_wconf 91' lang='lat' dir='ltr'>actu</span> <span class='ocrx_word' id='word_1_415' title='bbox 624 3172 876 3221; x_wconf 88' lang='lat' dir='ltr'>praecedente</span> <span class='ocrx_word' id='word_1_416' title='bbox 905 3171 1088 3208; x_wconf 87' lang='lat' dir='ltr'>habiturn.</span> <span class='ocrx_word' id='word_1_417' title='bbox 1325 3199 1328 3201; x_wconf 89' lang='lat'>.</span> 
     </span>
    </p>

    <p class='ocr_par' dir='ltr' id='par_1_14' title="bbox 334 3224 1393 3370">
     <span class='ocr_line' id='line_1_58' title="bbox 387 3224 1393 3273; baseline -0.003 -10"><span class='ocrx_word' id='word_1_418' title='bbox 387 3227 462 3264; x_wconf 77' lang='lat' dir='ltr'>SED</span> <span class='ocrx_word' id='word_1_419' title='bbox 477 3230 623 3263; x_wconf 54' lang='lat' dir='ltr'>CONTRA*</span> <span class='ocrx_word' id='word_1_420' title='bbox 637 3236 702 3262; x_wconf 81' lang='lat' dir='ltr'>EST</span> <span class='ocrx_word' id='word_1_421' title='bbox 717 3224 823 3273; x_wconf 92' lang='lat' dir='ltr'>quod</span> <span class='ocrx_word' id='word_1_422' title='bbox 840 3224 1108 3272; x_wconf 84' lang='lat' dir='ltr'>Philosophus,</span> <span class='ocrx_word' id='word_1_423' title='bbox 1124 3224 1163 3260; x_wconf 90' lang='lat' dir='ltr'>in</span> <span class='ocrx_word' id='word_1_424' title='bbox 1182 3224 1213 3260; x_wconf 90' lang='lat'>11</span> <span class='ocrx_word' id='word_1_425' title='bbox 1228 3225 1348 3261; x_wconf 85' lang='lat' dir='ltr'>Ethic.</span> <span class='ocrx_word' id='word_1_426' title='bbox 1361 3224 1393 3271; x_wconf 65' lang='lat'>³⁸,</span> 
     </span>
     <span class='ocr_line' id='line_1_59' title="bbox 334 3277 1392 3317; baseline -0.003 -1"><span class='ocrx_word' id='word_1_427' title='bbox 334 3279 446 3317; x_wconf 90' lang='lat' dir='ltr'>docet</span> <span class='ocrx_word' id='word_1_428' title='bbox 482 3278 632 3315; x_wconf 91' lang='lat' dir='ltr'>habitus</span> <span class='ocrx_word' id='word_1_429' title='bbox 669 3277 852 3315; x_wconf 91' lang='lat' dir='ltr'>virtutum</span> <span class='ocrx_word' id='word_1_430' title='bbox 889 3285 925 3314; x_wconf 90' lang='lat' dir='ltr'>et</span> <span class='ocrx_word' id='word_1_431' title='bbox 952 3277 1132 3313; x_wconf 86' lang='lat' dir='ltr'>vitiorum</span> <span class='ocrx_word' id='word_1_432' title='bbox 1171 3288 1214 3313; x_wconf 86' lang='lat' dir='ltr'>ex</span> <span class='ocrx_word' id='word_1_433' title='bbox 1247 3277 1392 3314; x_wconf 91' lang='lat' dir='ltr'>actibus</span> 
     </span>
     <span class='ocr_line' id='line_1_60' title="bbox 335 3332 542 3370; baseline -0.024 0"><span class='ocrx_word' id='word_1_434' title='bbox 335 3332 491 3370; x_wconf 88' lang='lat' dir='ltr'>causari.</span> <span class='ocrx_word' id='word_1_435' title='bbox 538 3362 542 3365; x_wconf 81' lang='grc'><em>,</em></span> 
     </span>
    </p>

    <p class='ocr_par' dir='ltr' id='par_1_15' title="bbox 336 3381 1394 3486">
     <span class='ocr_line' id='line_1_61' title="bbox 388 3381 1392 3432; baseline -0.004 -10"><span class='ocrx_word' id='word_1_436' title='bbox 388 3386 613 3422; x_wconf 81' lang='lat' dir='ltr'>RESPONDEO</span> <span class='ocrx_word' id='word_1_437' title='bbox 633 3395 816 3421; x_wconf 78' lang='lat' dir='ltr'>mcENDUM</span> <span class='ocrx_word' id='word_1_438' title='bbox 833 3382 937 3432; x_wconf 92' lang='lat' dir='ltr'>quod</span> <span class='ocrx_word' id='word_1_439' title='bbox 956 3382 994 3419; x_wconf 92' lang='lat' dir='ltr'>in</span> <span class='ocrx_word' id='word_1_440' title='bbox 1013 3389 1146 3430; x_wconf 87' lang='lat' dir='ltr'>agente</span> <span class='ocrx_word' id='word_1_441' title='bbox 1162 3381 1392 3431; x_wconf 89' lang='lat' dir='ltr'>quandoque</span> 
     </span>
     <span class='ocr_line' id='line_1_62' title="bbox 336 3435 1394 3486; baseline -0.003 -11"><span class='ocrx_word' id='word_1_442' title='bbox 336 3445 392 3475; x_wconf 91' lang='lat' dir='ltr'>est</span> <span class='ocrx_word' id='word_1_443' title='bbox 420 3438 542 3475; x_wconf 91' lang='lat' dir='ltr'>solum</span> <span class='ocrx_word' id='word_1_444' title='bbox 574 3436 741 3474; x_wconf 89' lang='lat' dir='ltr'>activum</span> <span class='ocrx_word' id='word_1_445' title='bbox 761 3435 987 3486; x_wconf 88' lang='lat' dir='ltr'>principium</span> <span class='ocrx_word' id='word_1_446' title='bbox 1011 3435 1068 3472; x_wconf 91' lang='lat' dir='ltr'>sui</span> <span class='ocrx_word' id='word_1_447' title='bbox 1087 3443 1212 3471; x_wconf 87' lang='lat' dir='ltr'>actus:</span> <span class='ocrx_word' id='word_1_448' title='bbox 1243 3435 1338 3472; x_wconf 92' lang='lat' dir='ltr'>sicut</span> <span class='ocrx_word' id='word_1_449' title='bbox 1355 3435 1394 3472; x_wconf 91' lang='lat' dir='ltr'>in</span> 
     </span>
    </p>
   </div>
   <div class='ocr_carea' id='block_1_9' title="bbox 388 3546 880 3616">
    <p class='ocr_par' dir='ltr' id='par_1_16' title="bbox 388 3546 880 3616">
     <span class='ocr_line' id='line_1_63' title="bbox 388 3546 726 3580; baseline -0.006 -8"><span class='ocrx_word' id='word_1_450' title='bbox 388 3548 415 3580; x_wconf 79' lang='grc' dir='ltr'>α)</span> <span class='ocrx_word' id='word_1_451' title='bbox 434 3550 532 3572; x_wconf 80' lang='lat' dir='ltr'>autem.</span> <span class='ocrx_word' id='word_1_452' title='bbox 550 3560 569 3565; x_wconf 94' lang='lat'><em>-</em></span> <span class='ocrx_word' id='word_1_453' title='bbox 586 3547 655 3572; x_wconf 79' lang='lat' dir='ltr'>enim</span> <span class='ocrx_word' id='word_1_454' title='bbox 676 3546 726 3571; x_wconf 85' lang='lat' dir='ltr'>PF.</span> 
     </span>
     <span class='ocr_line' id='line_1_64' title="bbox 389 3581 880 3616; baseline -0.006 -8"><span class='ocrx_word' id='word_1_455' title='bbox 389 3581 414 3616; x_wconf 86' lang='grc' dir='ltr'>β)</span> <span class='ocrx_word' id='word_1_456' title='bbox 433 3585 587 3616; x_wconf 78' lang='lat' dir='ltr'>generatur.</span> <span class='ocrx_word' id='word_1_457' title='bbox 599 3597 616 3601; x_wconf 98' lang='lat'>-</span> <span class='ocrx_word' id='word_1_458' title='bbox 638 3582 812 3614; x_wconf 82' lang='lat' dir='ltr'>ingeneratur</span> <span class='ocrx_word' id='word_1_459' title='bbox 831 3581 880 3606; x_wconf 85' lang='lat' dir='ltr'>PF.</span> 
     </span>
    </p>
   </div>
   <div class='ocr_carea' id='block_1_10' title="bbox 0 0 320 4152">
    <p class='ocr_par' dir='ltr' id='par_1_17' title="bbox 0 0 320 4152">
     <span class='ocr_line' id='line_1_65' title="bbox 0 0 320 4152; baseline 0 0"><span class='ocrx_word' id='word_1_460' title='bbox 0 0 320 4152; x_wconf 95' lang='lat' dir='ltr'> </span> 
     </span>
    </p>
   </div>
   <div class='ocr_carea' id='block_1_11' title="bbox 1028 252 1774 299">
    <p class='ocr_par' dir='ltr' id='par_1_18' title="bbox 1028 252 1774 299">
     <span class='ocr_line' id='line_1_66' title="bbox 1028 252 1774 299; baseline -0.001 -9"><span class='ocrx_word' id='word_1_461' title='bbox 1028 252 1294 299; x_wconf 77' lang='lat' dir='ltr'><strong>QUAESTIO</strong></span> <span class='ocrx_word' id='word_1_462' title='bbox 1325 253 1389 299; x_wconf 85' lang='lat' dir='ltr'>LI,</span> <span class='ocrx_word' id='word_1_463' title='bbox 1419 252 1714 289; x_wconf 85' lang='lat' dir='ltr'><strong>ARTICULUS</strong></span> <span class='ocrx_word' id='word_1_464' title='bbox 1744 253 1774 288; x_wconf 93' lang='lat'>11</span> 
     </span>
    </p>
   </div>
   <div class='ocr_carea' id='block_1_12' title="bbox 321 329 2487 374">
    <p class='ocr_par' dir='ltr' id='par_1_19' title="bbox 321 329 2487 374">
     <span class='ocr_line' id='line_1_67' title="bbox 321 329 2487 374; baseline 0 -11"><span class='ocrx_word' id='word_1_465' title='bbox 321 332 397 374; x_wconf 84' lang='lat' dir='ltr'>quia</span> <span class='ocrx_word' id='word_1_466' title='bbox 411 329 611 371; x_wconf 80' lang='lat' dir='ltr'>praevenitur</span> <span class='ocrx_word' id='word_1_467' title='bbox 633 330 672 360; x_wconf 87' lang='lat' dir='ltr'>ab</span> <span class='ocrx_word' id='word_1_468' title='bbox 687 329 755 369; x_wconf 88' lang='lat' dir='ltr'>ipsa</span> <span class='ocrx_word' id='word_1_469' title='bbox 771 329 940 370; x_wconf 85' lang='lat' dir='ltr'>appetitiva</span> <span class='ocrx_word' id='word_1_470' title='bbox 964 330 1119 370; x_wconf 90' lang='lat' dir='ltr'>potentia,</span> <span class='ocrx_word' id='word_1_471' title='bbox 1145 330 1299 370; x_wconf 85' lang='lat' dir='ltr'>quoniam</span> <span class='ocrx_word' id='word_1_472' title='bbox 1314 330 1381 360; x_wconf 91' lang='lat' dir='ltr'>eius</span> <span class='ocrx_word' id='word_1_473' title='bbox 1406 330 1410 369; x_wconf 69' lang='lat' dir='ltr'>l</span> <span class='ocrx_word' id='word_1_474' title='bbox 1434 331 1506 361; x_wconf 88' lang='lat' dir='ltr'>licet</span> <span class='ocrx_word' id='word_1_475' title='bbox 1517 340 1573 371; x_wconf 90' lang='lat' dir='ltr'>per</span> <span class='ocrx_word' id='word_1_476' title='bbox 1583 329 1856 370; x_wconf 86' lang='lat' dir='ltr'>participationem</span> <span class='ocrx_word' id='word_1_477' title='bbox 1875 330 1997 360; x_wconf 90' lang='lat' dir='ltr'>divinae</span> <span class='ocrx_word' id='word_1_478' title='bbox 2013 330 2182 370; x_wconf 88' lang='lat' dir='ltr'>sapientiae</span> <span class='ocrx_word' id='word_1_479' title='bbox 2198 338 2302 370; x_wconf 87' lang='lat' dir='ltr'>potest</span> <span class='ocrx_word' id='word_1_480' title='bbox 2313 331 2487 363; x_wconf 90' lang='lat' dir='ltr'>intellectus</span> 
     </span>
    </p>
   </div>
   <div class='ocr_carea' id='block_1_13' title="bbox 1417 3544 1421 3608">
    <p class='ocr_par' dir='ltr' id='par_1_20' title="bbox 1417 3544 1421 3608">
     <span class='ocr_line' id='line_1_68' title="bbox 1417 3544 1421 3608; baseline 0 0"><span class='ocrx_word' id='word_1_481' title='bbox 1417 3544 1421 3608; x_wconf 83' lang='grc'>1</span> 
     </span>
    </p>
   </div>
   <div class='ocr_carea' id='block_1_14' title="bbox 2415 252 2488 300">
    <p class='ocr_par' dir='ltr' id='par_1_21' title="bbox 2415 252 2488 300">
     <span class='ocr_line' id='line_1_69' title="bbox 2415 252 2488 300; baseline 0 -12"><span class='ocrx_word' id='word_1_482' title='bbox 2415 252 2488 300; x_wconf 83' lang='grc'>327</span> 
     </span>
    </p>
   </div>
   <div class='ocr_carea' id='block_1_15' title="bbox 1434 373 2492 1682">
    <p class='ocr_par' dir='ltr' id='par_1_22' title="bbox 1434 373 2490 1027">
     <span class='ocr_line' id='line_1_70' title="bbox 1434 373 2486 415; baseline 0.002 -10"><span class='ocrx_word' id='word_1_483' title='bbox 1434 374 1592 415; x_wconf 83' lang='lat' dir='ltr'>angelicus</span> <span class='ocrx_word' id='word_1_484' title='bbox 1607 384 1674 404; x_wconf 90' lang='lat' dir='ltr'>esse</span> <span class='ocrx_word' id='word_1_485' title='bbox 1695 380 1767 404; x_wconf 86' lang='lat' dir='ltr'>actu</span> <span class='ocrx_word' id='word_1_486' title='bbox 1783 383 1820 404; x_wconf 89' lang='lat' dir='ltr'>ea</span> <span class='ocrx_word' id='word_1_487' title='bbox 1835 383 1916 414; x_wconf 86' lang='lat' dir='ltr'>quae</span> <span class='ocrx_word' id='word_1_488' title='bbox 1935 373 2095 412; x_wconf 84' lang='lat' dir='ltr'>intelligit;</span> <span class='ocrx_word' id='word_1_489' title='bbox 2115 384 2181 404; x_wconf 90' lang='lat' dir='ltr'>non</span> <span class='ocrx_word' id='word_1_490' title='bbox 2197 375 2240 405; x_wconf 88' lang='lat' dir='ltr'>sic</span> <span class='ocrx_word' id='word_1_491' title='bbox 2256 375 2486 415; x_wconf 87' lang='lat' dir='ltr'>interpretanda</span> 
     </span>
     <span class='ocr_line' id='line_1_71' title="bbox 1435 417 2486 459; baseline 0.001 -10"><span class='ocrx_word' id='word_1_492' title='bbox 1435 425 1490 454; x_wconf 88' lang='lat' dir='ltr'>est,</span> <span class='ocrx_word' id='word_1_493' title='bbox 1507 418 1597 459; x_wconf 89' lang='lat' dir='ltr'>quasi</span> <span class='ocrx_word' id='word_1_494' title='bbox 1623 418 1799 448; x_wconf 90' lang='lat' dir='ltr'>intellectus</span> <span class='ocrx_word' id='word_1_495' title='bbox 1822 417 1990 457; x_wconf 87' lang='lat' dir='ltr'>angelicus,</span> <span class='ocrx_word' id='word_1_496' title='bbox 2006 417 2070 447; x_wconf 90' lang='lat' dir='ltr'>iam</span> <span class='ocrx_word' id='word_1_497' title='bbox 2093 417 2203 454; x_wconf 88' lang='lat' dir='ltr'>factus,</span> <span class='ocrx_word' id='word_1_498' title='bbox 2220 418 2318 449; x_wconf 88' lang='lat' dir='ltr'>discat</span> <span class='ocrx_word' id='word_1_499' title='bbox 2340 430 2358 449; x_wconf 89' lang='lat' dir='ltr'>a</span> <span class='ocrx_word' id='word_1_500' title='bbox 2381 420 2486 450; x_wconf 90' lang='lat' dir='ltr'>divina</span> 
     </span>
     <span class='ocr_line' id='line_1_72' title="bbox 1435 461 2487 503; baseline 0.002 -11"><span class='ocrx_word' id='word_1_501' title='bbox 1435 462 1596 502; x_wconf 87' lang='lat' dir='ltr'>sapientia,</span> <span class='ocrx_word' id='word_1_502' title='bbox 1621 469 1675 492; x_wconf 88' lang='lat' dir='ltr'>aut</span> <span class='ocrx_word' id='word_1_503' title='bbox 1690 461 1840 502; x_wconf 88' lang='lat' dir='ltr'>suscipiat</span> <span class='ocrx_word' id='word_1_504' title='bbox 1862 461 1980 501; x_wconf 81' lang='lat' dir='ltr'>specles</span> <span class='ocrx_word' id='word_1_505' title='bbox 1999 461 2221 501; x_wconf 86' lang='lat' dir='ltr'>intelligibiles:</span> <span class='ocrx_word' id='word_1_506' title='bbox 2247 463 2300 492; x_wconf 93' lang='lat' dir='ltr'>sed</span> <span class='ocrx_word' id='word_1_507' title='bbox 2324 463 2398 503; x_wconf 91' lang='lat' dir='ltr'>quia</span> <span class='ocrx_word' id='word_1_508' title='bbox 2420 463 2487 503; x_wconf 90' lang='lat' dir='ltr'>ipse</span> 
     </span>
     <span class='ocr_line' id='line_1_73' title="bbox 1434 504 2490 546; baseline 0.001 -10"><span class='ocrx_word' id='word_1_509' title='bbox 1434 506 1578 546; x_wconf 86' lang='lat' dir='ltr'>angelus,</span> <span class='ocrx_word' id='word_1_510' title='bbox 1603 506 1683 536; x_wconf 86' lang='lat' dir='ltr'>sicut</span> <span class='ocrx_word' id='word_1_511' title='bbox 1699 511 1745 536; x_wconf 89' lang='lat' dir='ltr'>est</span> <span class='ocrx_word' id='word_1_512' title='bbox 1761 515 1830 541; x_wconf 90' lang='lat' dir='ltr'>ens,</span> <span class='ocrx_word' id='word_1_513' title='bbox 1854 505 1896 535; x_wconf 92' lang='lat' dir='ltr'>ita</span> <span class='ocrx_word' id='word_1_514' title='bbox 1919 504 2108 544; x_wconf 87' lang='lat' dir='ltr'>intelligens;</span> <span class='ocrx_word' id='word_1_515' title='bbox 2132 505 2224 541; x_wconf 86' lang='lat' dir='ltr'>idest,</span> <span class='ocrx_word' id='word_1_516' title='bbox 2249 505 2329 536; x_wconf 91' lang='lat' dir='ltr'>sicut</span> <span class='ocrx_word' id='word_1_517' title='bbox 2351 514 2397 537; x_wconf 91' lang='lat' dir='ltr'>est</span> <span class='ocrx_word' id='word_1_518' title='bbox 2419 517 2490 546; x_wconf 91' lang='lat' dir='ltr'>per-</span> 
     </span>
     <span class='ocr_line' id='line_1_74' title="bbox 1434 548 2488 588; baseline 0 -8"><span class='ocrx_word' id='word_1_519' title='bbox 1434 550 1533 580; x_wconf 88' lang='lat' dir='ltr'>fectus</span> <span class='ocrx_word' id='word_1_520' title='bbox 1550 550 1582 580; x_wconf 90' lang='lat' dir='ltr'>in</span> <span class='ocrx_word' id='word_1_521' title='bbox 1597 559 1663 580; x_wconf 88' lang='lat' dir='ltr'>esse</span> <span class='ocrx_word' id='word_1_522' title='bbox 1686 548 1891 584; x_wconf 83' lang='lat' dir='ltr'>substantiali,</span> <span class='ocrx_word' id='word_1_523' title='bbox 1911 548 1953 579; x_wconf 85' lang='lat' dir='ltr'>ita</span> <span class='ocrx_word' id='word_1_524' title='bbox 1975 555 2022 579; x_wconf 92' lang='lat' dir='ltr'>est</span> <span class='ocrx_word' id='word_1_525' title='bbox 2044 548 2199 588; x_wconf 85' lang='lat' dir='ltr'>perfectus</span> <span class='ocrx_word' id='word_1_526' title='bbox 2222 549 2255 579; x_wconf 92' lang='lat' dir='ltr'>in</span> <span class='ocrx_word' id='word_1_527' title='bbox 2278 549 2423 580; x_wconf 86' lang='lat' dir='ltr'>habendo</span> <span class='ocrx_word' id='word_1_528' title='bbox 2442 551 2488 580; x_wconf 92' lang='lat' dir='ltr'>in-</span> 
     </span>
     <span class='ocr_line' id='line_1_75' title="bbox 1434 592 2489 633; baseline 0 -9"><span class='ocrx_word' id='word_1_529' title='bbox 1434 594 1594 624; x_wconf 91' lang='lat' dir='ltr'>tellectum</span> <span class='ocrx_word' id='word_1_530' title='bbox 1616 593 1650 623; x_wconf 89' lang='lat' dir='ltr'>in</span> <span class='ocrx_word' id='word_1_531' title='bbox 1672 600 1754 624; x_wconf 91' lang='lat' dir='ltr'>actu.</span> <span class='ocrx_word' id='word_1_532' title='bbox 1779 592 1912 623; x_wconf 83' lang='lat' dir='ltr'>Constat</span> <span class='ocrx_word' id='word_1_533' title='bbox 1935 599 2041 622; x_wconf 88' lang='lat' dir='ltr'>autem</span> <span class='ocrx_word' id='word_1_534' title='bbox 2064 593 2153 633; x_wconf 92' lang='lat' dir='ltr'>quod</span> <span class='ocrx_word' id='word_1_535' title='bbox 2176 602 2231 623; x_wconf 89' lang='lat' dir='ltr'>ens</span> <span class='ocrx_word' id='word_1_536' title='bbox 2254 600 2300 623; x_wconf 92' lang='lat' dir='ltr'>est</span> <span class='ocrx_word' id='word_1_537' title='bbox 2319 603 2374 633; x_wconf 90' lang='lat' dir='ltr'>per</span> <span class='ocrx_word' id='word_1_538' title='bbox 2396 594 2489 633; x_wconf 89' lang='lat' dir='ltr'>parti-</span> 
     </span>
     <span class='ocr_line' id='line_1_76' title="bbox 1435 636 2489 678; baseline 0 -10"><span class='ocrx_word' id='word_1_539' title='bbox 1435 637 1627 678; x_wconf 84' lang='lat' dir='ltr'>cipationem</span> <span class='ocrx_word' id='word_1_540' title='bbox 1658 637 1779 667; x_wconf 90' lang='lat' dir='ltr'>divinae</span> <span class='ocrx_word' id='word_1_541' title='bbox 1808 636 1973 666; x_wconf 88' lang='lat' dir='ltr'>essentiae:</span> <span class='ocrx_word' id='word_1_542' title='bbox 1999 646 2034 666; x_wconf 90' lang='lat' dir='ltr'>ac</span> <span class='ocrx_word' id='word_1_543' title='bbox 2066 646 2121 676; x_wconf 90' lang='lat' dir='ltr'>per</span> <span class='ocrx_word' id='word_1_544' title='bbox 2143 636 2215 672; x_wconf 85' lang='lat' dir='ltr'>hoc,</span> <span class='ocrx_word' id='word_1_545' title='bbox 2239 646 2313 666; x_wconf 92' lang='lat' dir='ltr'>cum</span> <span class='ocrx_word' id='word_1_546' title='bbox 2337 637 2489 668; x_wconf 88' lang='lat' dir='ltr'>divisione</span> 
     </span>
     <span class='ocr_line' id='line_1_77' title="bbox 1435 679 2487 720; baseline 0 -8"><span class='ocrx_word' id='word_1_547' title='bbox 1435 681 1584 712; x_wconf 87' lang='lat' dir='ltr'>essentiae</span> <span class='ocrx_word' id='word_1_548' title='bbox 1607 681 1646 711; x_wconf 89' lang='lat' dir='ltr'>ab</span> <span class='ocrx_word' id='word_1_549' title='bbox 1666 691 1732 711; x_wconf 91' lang='lat' dir='ltr'>esse</span> <span class='ocrx_word' id='word_1_550' title='bbox 1749 687 1803 716; x_wconf 91' lang='lat' dir='ltr'>est,</span> <span class='ocrx_word' id='word_1_551' title='bbox 1821 687 1856 711; x_wconf 93' lang='lat' dir='ltr'>ut</span> <span class='ocrx_word' id='word_1_552' title='bbox 1870 679 1995 710; x_wconf 91' lang='lat' dir='ltr'>unitum</span> <span class='ocrx_word' id='word_1_553' title='bbox 2015 680 2159 720; x_wconf 91' lang='lat' dir='ltr'>superius</span> <span class='ocrx_word' id='word_1_554' title='bbox 2178 680 2332 711; x_wconf 89' lang='lat' dir='ltr'>dividatur</span> <span class='ocrx_word' id='word_1_555' title='bbox 2350 681 2487 713; x_wconf 88' lang='lat' dir='ltr'>inferius.</span> 
     </span>
     <span class='ocr_line' id='line_1_78' title="bbox 1434 723 2489 765; baseline 0 -10"><span class='ocrx_word' id='word_1_556' title='bbox 1434 726 1519 765; x_wconf 89' lang='lat' dir='ltr'>Ergo</span> <span class='ocrx_word' id='word_1_557' title='bbox 1542 732 1588 755; x_wconf 89' lang='lat' dir='ltr'>est</span> <span class='ocrx_word' id='word_1_558' title='bbox 1606 725 1638 754; x_wconf 94' lang='lat' dir='ltr'>in</span> <span class='ocrx_word' id='word_1_559' title='bbox 1654 724 1856 764; x_wconf 88' lang='lat' dir='ltr'>intelligendo</span> <span class='ocrx_word' id='word_1_560' title='bbox 1871 723 1903 753; x_wconf 93' lang='lat' dir='ltr'>in</span> <span class='ocrx_word' id='word_1_561' title='bbox 1920 731 1990 754; x_wconf 90' lang='lat' dir='ltr'>actu</span> <span class='ocrx_word' id='word_1_562' title='bbox 2014 723 2180 764; x_wconf 89' lang='lat' dir='ltr'>perfectus,</span> <span class='ocrx_word' id='word_1_563' title='bbox 2204 724 2420 764; x_wconf 89' lang='lat' dir='ltr'>participando</span> <span class='ocrx_word' id='word_1_564' title='bbox 2444 726 2489 755; x_wconf 94' lang='lat' dir='ltr'>di-</span> 
     </span>
     <span class='ocr_line' id='line_1_79' title="bbox 1434 768 2490 809; baseline 0.001 -10"><span class='ocrx_word' id='word_1_565' title='bbox 1434 769 1542 799; x_wconf 89' lang='lat' dir='ltr'>vinam</span> <span class='ocrx_word' id='word_1_566' title='bbox 1565 768 1765 808; x_wconf 87' lang='lat' dir='ltr'>sapientiam:</span> <span class='ocrx_word' id='word_1_567' title='bbox 1789 775 1820 798; x_wconf 94' lang='lat' dir='ltr'>et</span> <span class='ocrx_word' id='word_1_568' title='bbox 1838 774 2066 808; x_wconf 88' lang='lat' dir='ltr'>consequenter</span> <span class='ocrx_word' id='word_1_569' title='bbox 2089 778 2162 798; x_wconf 92' lang='lat' dir='ltr'>cum</span> <span class='ocrx_word' id='word_1_570' title='bbox 2186 768 2337 798; x_wconf 89' lang='lat' dir='ltr'>divisione</span> <span class='ocrx_word' id='word_1_571' title='bbox 2361 769 2490 809; x_wconf 89' lang='lat' dir='ltr'>suscipit</span> 
     </span>
     <span class='ocr_line' id='line_1_80' title="bbox 1435 811 2489 852; baseline 0.001 -10"><span class='ocrx_word' id='word_1_572' title='bbox 1435 812 1610 852; x_wconf 89' lang='lat' dir='ltr'>perfectum</span> <span class='ocrx_word' id='word_1_573' title='bbox 1632 812 1824 842; x_wconf 90' lang='lat' dir='ltr'>intellectum</span> <span class='ocrx_word' id='word_1_574' title='bbox 1840 811 1871 841; x_wconf 92' lang='lat' dir='ltr'>in</span> <span class='ocrx_word' id='word_1_575' title='bbox 1892 818 1973 847; x_wconf 88' lang='lat' dir='ltr'>actu,</span> <span class='ocrx_word' id='word_1_576' title='bbox 1991 812 2100 842; x_wconf 86' lang='lat' dir='ltr'>eadem</span> <span class='ocrx_word' id='word_1_577' title='bbox 2123 812 2252 842; x_wconf 87' lang='lat' dir='ltr'>ratione.</span> <span class='ocrx_word' id='word_1_578' title='bbox 2271 812 2362 843; x_wconf 91' lang='lat' dir='ltr'>Unde</span> <span class='ocrx_word' id='word_1_579' title='bbox 2385 813 2418 842; x_wconf 92' lang='lat' dir='ltr'>in</span> <span class='ocrx_word' id='word_1_580' title='bbox 2441 813 2489 843; x_wconf 94' lang='lat' dir='ltr'>ul-</span> 
     </span>
     <span class='ocr_line' id='line_1_81' title="bbox 1434 855 2488 896; baseline 0.001 -10"><span class='ocrx_word' id='word_1_581' title='bbox 1434 856 1513 886; x_wconf 91' lang='lat' dir='ltr'>timo</span> <span class='ocrx_word' id='word_1_582' title='bbox 1537 862 1592 886; x_wconf 90' lang='lat' dir='ltr'>art.</span> <span class='ocrx_word' id='word_1_583' title='bbox 1613 865 1713 896; x_wconf 88' lang='lat' dir='ltr'>praec.</span> <span class='ocrx_word' id='word_1_584' title='bbox 1734 862 1865 896; x_wconf 69' lang='lat' dir='ltr'>quaest„</span> <span class='ocrx_word' id='word_1_585' title='bbox 1885 855 1924 885; x_wconf 89' lang='lat' dir='ltr'>ad</span> <span class='ocrx_word' id='word_1_586' title='bbox 1942 865 1971 891; x_wconf 88' lang='lat'>2,</span> <span class='ocrx_word' id='word_1_587' title='bbox 1987 855 2100 886; x_wconf 91' lang='lat' dir='ltr'>dicitur</span> <span class='ocrx_word' id='word_1_588' title='bbox 2118 855 2156 886; x_wconf 92' lang='lat' dir='ltr'>de</span> <span class='ocrx_word' id='word_1_589' title='bbox 2175 855 2306 896; x_wconf 86' lang='lat' dir='ltr'>angelis:</span> <span class='ocrx_word' id='word_1_590' title='bbox 2326 856 2410 893; x_wconf 86' lang='lat' dir='ltr'>Quia</span> <span class='ocrx_word' id='word_1_591' title='bbox 2425 866 2488 887; x_wconf 90' lang='lat' dir='ltr'>non</span> 
     </span>
     <span class='ocr_line' id='line_1_82' title="bbox 1435 899 2490 941; baseline 0.001 -11"><span class='ocrx_word' id='word_1_592' title='bbox 1435 901 1480 930; x_wconf 88' lang='lat' dir='ltr'>ita</span> <span class='ocrx_word' id='word_1_593' title='bbox 1502 905 1577 930; x_wconf 85' lang='lat' dir='ltr'>sunt</span> <span class='ocrx_word' id='word_1_594' title='bbox 1594 909 1658 939; x_wconf 82' lang='lat' dir='ltr'>per</span> <span class='ocrx_word' id='word_1_595' title='bbox 1678 900 1797 939; x_wconf 77' lang='lat' dir='ltr'>seipsos</span> <span class='ocrx_word' id='word_1_596' title='bbox 1820 904 1917 936; x_wconf 80' lang='lat' dir='ltr'>entes,</span> <span class='ocrx_word' id='word_1_597' title='bbox 1941 899 2016 940; x_wconf 81' lang='lat' dir='ltr'>quin</span> <span class='ocrx_word' id='word_1_598' title='bbox 2036 900 2231 939; x_wconf 81' lang='lat' dir='ltr'>participent</span> <span class='ocrx_word' id='word_1_599' title='bbox 2247 900 2434 941; x_wconf 80' lang='lat' dir='ltr'>sapientiam</span> <span class='ocrx_word' id='word_1_600' title='bbox 2460 906 2490 931; x_wconf 83' lang='lat' dir='ltr'>et</span> 
     </span>
     <span class='ocr_line' id='line_1_83' title="bbox 1435 943 2490 985; baseline 0.001 -11"><span class='ocrx_word' id='word_1_601' title='bbox 1435 944 1603 974; x_wconf 80' lang='lat' dir='ltr'>bonitatem</span> <span class='ocrx_word' id='word_1_602' title='bbox 1618 943 1759 973; x_wconf 83' lang='lat' dir='ltr'>divinam</span> <span class='ocrx_word' id='word_1_603' title='bbox 1765 950 1779 980; x_wconf 91' lang='lat'>‚·</span> <span class='ocrx_word' id='word_1_604' title='bbox 1797 943 1866 973; x_wconf 84' lang='lat' dir='ltr'>ideo</span> <span class='ocrx_word' id='word_1_605' title='bbox 1882 943 2069 983; x_wconf 85' lang='lat' dir='ltr'>inquantum</span> <span class='ocrx_word' id='word_1_606' title='bbox 2076 944 2277 983; x_wconf 84' lang='lat' dir='ltr'>participare</span> <span class='ocrx_word' id='word_1_607' title='bbox 2291 943 2434 985; x_wconf 81' lang='lat' dir='ltr'>indigent</span> <span class='ocrx_word' id='word_1_608' title='bbox 2449 945 2490 975; x_wconf 83' lang='lat' dir='ltr'>ab</span> 
     </span>
     <span class='ocr_line' id='line_1_84' title="bbox 1436 987 2429 1027; baseline 0.001 -9"><span class='ocrx_word' id='word_1_609' title='bbox 1436 988 1603 1024; x_wconf 88' lang='lat' dir='ltr'>exteriori,</span> <span class='ocrx_word' id='word_1_610' title='bbox 1629 988 1784 1017; x_wconf 85' lang='lat' dir='ltr'>intantum</span> <span class='ocrx_word' id='word_1_611' title='bbox 1815 996 1941 1017; x_wconf 85' lang='lat' dir='ltr'>necesse</span> <span class='ocrx_word' id='word_1_612' title='bbox 1963 992 2009 1017; x_wconf 79' lang='lat' dir='ltr'>est</span> <span class='ocrx_word' id='word_1_613' title='bbox 2032 987 2064 1017; x_wconf 90' lang='lat' dir='ltr'>in</span> <span class='ocrx_word' id='word_1_614' title='bbox 2089 988 2133 1017; x_wconf 85' lang='lat' dir='ltr'>eis</span> <span class='ocrx_word' id='word_1_615' title='bbox 2149 997 2273 1027; x_wconf 83' lang='lat' dir='ltr'>ponere</span> <span class='ocrx_word' id='word_1_616' title='bbox 2294 988 2429 1019; x_wconf 83' lang='lat' dir='ltr'>habitus.</span> 
     </span>
    </p>

    <p class='ocr_par' dir='ltr' id='par_1_23' title="bbox 1434 1029 2492 1682">
     <span class='ocr_line' id='line_1_85' title="bbox 1491 1029 2488 1072; baseline 0.001 -11"><span class='ocrx_word' id='word_1_617' title='bbox 1491 1031 1574 1068; x_wconf 91' lang='lat' dir='ltr'>Quia</span> <span class='ocrx_word' id='word_1_618' title='bbox 1598 1040 1672 1070; x_wconf 92' lang='lat' dir='ltr'>ergo</span> <span class='ocrx_word' id='word_1_619' title='bbox 1696 1030 1846 1060; x_wconf 90' lang='lat' dir='ltr'>essentiae</span> <span class='ocrx_word' id='word_1_620' title='bbox 1869 1029 2026 1069; x_wconf 89' lang='lat' dir='ltr'>angelicae</span> <span class='ocrx_word' id='word_1_621' title='bbox 2054 1030 2307 1070; x_wconf 90' lang='lat' dir='ltr'>participationes</span> <span class='ocrx_word' id='word_1_622' title='bbox 2331 1032 2488 1072; x_wconf 91' lang='lat' dir='ltr'>quaedam</span> 
     </span>
     <span class='ocr_line' id='line_1_86' title="bbox 1436 1074 2489 1107; baseline 0.001 -2"><span class='ocrx_word' id='word_1_623' title='bbox 1436 1081 1510 1105; x_wconf 91' lang='lat' dir='ltr'>sunt</span> <span class='ocrx_word' id='word_1_624' title='bbox 1533 1074 1656 1104; x_wconf 91' lang='lat' dir='ltr'>divinae</span> <span class='ocrx_word' id='word_1_625' title='bbox 1679 1074 1829 1104; x_wconf 89' lang='lat' dir='ltr'>essentiae</span> <span class='ocrx_word' id='word_1_626' title='bbox 1853 1081 1882 1104; x_wconf 94' lang='lat' dir='ltr'>et</span> <span class='ocrx_word' id='word_1_627' title='bbox 1904 1074 1936 1103; x_wconf 92' lang='lat' dir='ltr'>in</span> <span class='ocrx_word' id='word_1_628' title='bbox 1961 1084 2026 1104; x_wconf 85' lang='lat' dir='ltr'>esse</span> <span class='ocrx_word' id='word_1_629' title='bbox 2050 1074 2182 1104; x_wconf 84' lang='lat' dir='ltr'>naturali</span> <span class='ocrx_word' id='word_1_630' title='bbox 2206 1082 2236 1105; x_wconf 90' lang='lat' dir='ltr'>et</span> <span class='ocrx_word' id='word_1_631' title='bbox 2254 1075 2286 1105; x_wconf 91' lang='lat' dir='ltr'>in</span> <span class='ocrx_word' id='word_1_632' title='bbox 2310 1085 2376 1106; x_wconf 91' lang='lat' dir='ltr'>esse</span> <span class='ocrx_word' id='word_1_633' title='bbox 2399 1076 2489 1107; x_wconf 88' lang='lat' dir='ltr'>intel-</span> 
     </span>
     <span class='ocr_line' id='line_1_87' title="bbox 1434 1117 2488 1160; baseline 0.001 -11"><span class='ocrx_word' id='word_1_634' title='bbox 1434 1118 1562 1159; x_wconf 87' lang='lat' dir='ltr'>ligibili;</span> <span class='ocrx_word' id='word_1_635' title='bbox 1593 1125 1623 1149; x_wconf 90' lang='lat' dir='ltr'>et</span> <span class='ocrx_word' id='word_1_636' title='bbox 1652 1118 1734 1148; x_wconf 91' lang='lat' dir='ltr'>entia</span> <span class='ocrx_word' id='word_1_637' title='bbox 1763 1127 1818 1158; x_wconf 91' lang='lat' dir='ltr'>per</span> <span class='ocrx_word' id='word_1_638' title='bbox 1852 1117 2121 1157; x_wconf 87' lang='lat' dir='ltr'>participationem</span> <span class='ocrx_word' id='word_1_639' title='bbox 2154 1118 2279 1148; x_wconf 92' lang='lat' dir='ltr'>divisim</span> <span class='ocrx_word' id='word_1_640' title='bbox 2313 1119 2488 1160; x_wconf 90' lang='lat' dir='ltr'>suscipiunt</span> 
     </span>
     <span class='ocr_line' id='line_1_88' title="bbox 1435 1161 2487 1204; baseline 0.001 -11"><span class='ocrx_word' id='word_1_641' title='bbox 1435 1163 1524 1203; x_wconf 91' lang='lat' dir='ltr'>quod</span> <span class='ocrx_word' id='word_1_642' title='bbox 1546 1162 1579 1192; x_wconf 92' lang='lat' dir='ltr'>in</span> <span class='ocrx_word' id='word_1_643' title='bbox 1602 1161 1756 1202; x_wconf 83' lang='lat' dir='ltr'>superiori</span> <span class='ocrx_word' id='word_1_644' title='bbox 1774 1161 1958 1202; x_wconf 90' lang='lat' dir='ltr'>participato</span> <span class='ocrx_word' id='word_1_645' title='bbox 1982 1161 2108 1192; x_wconf 89' lang='lat' dir='ltr'>unitum</span> <span class='ocrx_word' id='word_1_646' title='bbox 2132 1169 2195 1192; x_wconf 89' lang='lat' dir='ltr'>est:</span> <span class='ocrx_word' id='word_1_647' title='bbox 2220 1163 2360 1203; x_wconf 90' lang='lat' dir='ltr'>sequitur</span> <span class='ocrx_word' id='word_1_648' title='bbox 2382 1164 2487 1204; x_wconf 90' lang='lat' dir='ltr'>quod,</span> 
     </span>
     <span class='ocr_line' id='line_1_89' title="bbox 1437 1205 2490 1247; baseline 0 -10"><span class='ocrx_word' id='word_1_649' title='bbox 1437 1206 1711 1247; x_wconf 88' lang='lat' dir='ltr'>quemadmodum</span> <span class='ocrx_word' id='word_1_650' title='bbox 1725 1205 1765 1235; x_wconf 93' lang='lat' dir='ltr'>ad</span> <span class='ocrx_word' id='word_1_651' title='bbox 1784 1205 1846 1235; x_wconf 92' lang='lat' dir='ltr'>hoc</span> <span class='ocrx_word' id='word_1_652' title='bbox 1869 1212 1904 1236; x_wconf 91' lang='lat' dir='ltr'>ut</span> <span class='ocrx_word' id='word_1_653' title='bbox 1923 1205 2054 1235; x_wconf 91' lang='lat' dir='ltr'>essentia</span> <span class='ocrx_word' id='word_1_654' title='bbox 2078 1206 2348 1246; x_wconf 88' lang='lat' dir='ltr'>complementum</span> <span class='ocrx_word' id='word_1_655' title='bbox 2368 1208 2490 1238; x_wconf 89' lang='lat' dir='ltr'>essendi</span> 
     </span>
     <span class='ocr_line' id='line_1_90' title="bbox 1435 1249 2490 1290; baseline 0.001 -10"><span class='ocrx_word' id='word_1_656' title='bbox 1435 1250 1556 1286; x_wconf 88' lang='lat' dir='ltr'>habeat,</span> <span class='ocrx_word' id='word_1_657' title='bbox 1581 1249 1699 1289; x_wconf 84' lang='lat' dir='ltr'>indiget</span> <span class='ocrx_word' id='word_1_658' title='bbox 1722 1259 1788 1279; x_wconf 88' lang='lat' dir='ltr'>esse</span> <span class='ocrx_word' id='word_1_659' title='bbox 1812 1249 1958 1279; x_wconf 90' lang='lat' dir='ltr'>distincto</span> <span class='ocrx_word' id='word_1_660' title='bbox 1977 1259 1995 1279; x_wconf 89' lang='lat' dir='ltr'>a</span> <span class='ocrx_word' id='word_1_661' title='bbox 2011 1258 2059 1285; x_wconf 87' lang='lat' dir='ltr'>se;</span> <span class='ocrx_word' id='word_1_662' title='bbox 2083 1249 2125 1279; x_wconf 91' lang='lat' dir='ltr'>ita</span> <span class='ocrx_word' id='word_1_663' title='bbox 2145 1250 2184 1279; x_wconf 90' lang='lat' dir='ltr'>ad</span> <span class='ocrx_word' id='word_1_664' title='bbox 2207 1250 2269 1280; x_wconf 92' lang='lat' dir='ltr'>hoc</span> <span class='ocrx_word' id='word_1_665' title='bbox 2291 1251 2380 1290; x_wconf 91' lang='lat' dir='ltr'>quod</span> <span class='ocrx_word' id='word_1_666' title='bbox 2403 1261 2490 1281; x_wconf 90' lang='lat' dir='ltr'>corn-</span> 
     </span>
     <span class='ocr_line' id='line_1_91' title="bbox 1435 1292 2491 1335; baseline 0.003 -12"><span class='ocrx_word' id='word_1_667' title='bbox 1435 1294 1633 1334; x_wconf 88' lang='lat' dir='ltr'>plementum</span> <span class='ocrx_word' id='word_1_668' title='bbox 1661 1293 1694 1323; x_wconf 90' lang='lat' dir='ltr'>in</span> <span class='ocrx_word' id='word_1_669' title='bbox 1717 1303 1783 1323; x_wconf 91' lang='lat' dir='ltr'>esse</span> <span class='ocrx_word' id='word_1_670' title='bbox 1815 1292 1935 1323; x_wconf 86' lang='lat' dir='ltr'>formae</span> <span class='ocrx_word' id='word_1_671' title='bbox 1958 1292 2159 1332; x_wconf 89' lang='lat' dir='ltr'>intelligibilis</span> <span class='ocrx_word' id='word_1_672' title='bbox 2183 1293 2338 1330; x_wconf 90' lang='lat' dir='ltr'>obtineat,</span> <span class='ocrx_word' id='word_1_673' title='bbox 2363 1301 2398 1325; x_wconf 93' lang='lat' dir='ltr'>ut</span> <span class='ocrx_word' id='word_1_674' title='bbox 2420 1305 2491 1335; x_wconf 91' lang='lat' dir='ltr'>spe-</span> 
     </span>
     <span class='ocr_line' id='line_1_92' title="bbox 1436 1336 2490 1369; baseline 0.002 -2"><span class='ocrx_word' id='word_1_675' title='bbox 1436 1338 1497 1368; x_wconf 91' lang='lat' dir='ltr'>cies</span> <span class='ocrx_word' id='word_1_676' title='bbox 1519 1338 1633 1367; x_wconf 89' lang='lat' dir='ltr'>habeat</span> <span class='ocrx_word' id='word_1_677' title='bbox 1655 1336 1816 1367; x_wconf 86' lang='lat' dir='ltr'>adiunctas</span> <span class='ocrx_word' id='word_1_678' title='bbox 1832 1346 1937 1366; x_wconf 89' lang='lat' dir='ltr'>rerum</span> <span class='ocrx_word' id='word_1_679' title='bbox 1966 1337 2108 1367; x_wconf 89' lang='lat' dir='ltr'>aliarum.</span> <span class='ocrx_word' id='word_1_680' title='bbox 2124 1337 2165 1367; x_wconf 92' lang='lat' dir='ltr'>Et</span> <span class='ocrx_word' id='word_1_681' title='bbox 2187 1337 2267 1368; x_wconf 90' lang='lat' dir='ltr'>sicut</span> <span class='ocrx_word' id='word_1_682' title='bbox 2289 1347 2355 1368; x_wconf 91' lang='lat' dir='ltr'>esse</span> <span class='ocrx_word' id='word_1_683' title='bbox 2379 1339 2417 1368; x_wconf 91' lang='lat' dir='ltr'>ab</span> <span class='ocrx_word' id='word_1_684' title='bbox 2441 1349 2490 1369; x_wconf 88' lang='lat' dir='ltr'>ex-</span> 
     </span>
     <span class='ocr_line' id='line_1_93' title="bbox 1435 1380 2492 1420; baseline 0.003 -10"><span class='ocrx_word' id='word_1_685' title='bbox 1435 1381 1569 1411; x_wconf 89' lang='lat' dir='ltr'>trinseco</span> <span class='ocrx_word' id='word_1_686' title='bbox 1593 1381 1695 1416; x_wconf 88' lang='lat' dir='ltr'>habet,</span> <span class='ocrx_word' id='word_1_687' title='bbox 1719 1391 1783 1410; x_wconf 92' lang='lat' dir='ltr'>non</span> <span class='ocrx_word' id='word_1_688' title='bbox 1799 1387 1904 1410; x_wconf 87' lang='lat' dir='ltr'>tamen</span> <span class='ocrx_word' id='word_1_689' title='bbox 1919 1380 1962 1410; x_wconf 93' lang='lat' dir='ltr'>sic</span> <span class='ocrx_word' id='word_1_690' title='bbox 1977 1381 2066 1420; x_wconf 90' lang='lat' dir='ltr'>quasi</span> <span class='ocrx_word' id='word_1_691' title='bbox 2083 1381 2214 1412; x_wconf 88' lang='lat' dir='ltr'>essentia</span> <span class='ocrx_word' id='word_1_692' title='bbox 2237 1381 2406 1420; x_wconf 84' lang='lat' dir='ltr'>praefuerit</span> <span class='ocrx_word' id='word_1_693' title='bbox 2423 1384 2492 1413; x_wconf 85' lang='lat' dir='ltr'>abs-</span> 
     </span>
     <span class='ocr_line' id='line_1_94' title="bbox 1436 1424 2490 1465; baseline 0.004 -11"><span class='ocrx_word' id='word_1_694' title='bbox 1436 1433 1499 1464; x_wconf 91' lang='lat' dir='ltr'>que</span> <span class='ocrx_word' id='word_1_695' title='bbox 1523 1433 1598 1460; x_wconf 90' lang='lat' dir='ltr'>esse,</span> <span class='ocrx_word' id='word_1_696' title='bbox 1623 1430 1654 1454; x_wconf 92' lang='lat' dir='ltr'>et</span> <span class='ocrx_word' id='word_1_697' title='bbox 1676 1424 1806 1463; x_wconf 87' lang='lat' dir='ltr'>accipiat</span> <span class='ocrx_word' id='word_1_698' title='bbox 1834 1433 1900 1454; x_wconf 90' lang='lat' dir='ltr'>esse</span> <span class='ocrx_word' id='word_1_699' title='bbox 1924 1425 1962 1454; x_wconf 90' lang='lat' dir='ltr'>ab</span> <span class='ocrx_word' id='word_1_700' title='bbox 1986 1424 2063 1460; x_wconf 87' lang='lat' dir='ltr'>alio;</span> <span class='ocrx_word' id='word_1_701' title='bbox 2088 1424 2143 1454; x_wconf 91' lang='lat' dir='ltr'>sed</span> <span class='ocrx_word' id='word_1_702' title='bbox 2165 1424 2239 1465; x_wconf 89' lang='lat' dir='ltr'>quia</span> <span class='ocrx_word' id='word_1_703' title='bbox 2262 1435 2318 1465; x_wconf 87' lang='lat' dir='ltr'>per</span> <span class='ocrx_word' id='word_1_704' title='bbox 2345 1425 2408 1457; x_wconf 89' lang='lat' dir='ltr'>hoc</span> <span class='ocrx_word' id='word_1_705' title='bbox 2430 1433 2490 1464; x_wconf 90' lang='lat' dir='ltr'>est,</span> 
     </span>
     <span class='ocr_line' id='line_1_95' title="bbox 1435 1467 2490 1508; baseline 0.003 -10"><span class='ocrx_word' id='word_1_706' title='bbox 1435 1468 1525 1508; x_wconf 91' lang='lat' dir='ltr'>quod</span> <span class='ocrx_word' id='word_1_707' title='bbox 1548 1468 1586 1498; x_wconf 91' lang='lat' dir='ltr'>ab</span> <span class='ocrx_word' id='word_1_708' title='bbox 1610 1467 1672 1497; x_wconf 90' lang='lat' dir='ltr'>alio</span> <span class='ocrx_word' id='word_1_709' title='bbox 1695 1474 1756 1498; x_wconf 86' lang='lat' dir='ltr'>est:</span> <span class='ocrx_word' id='word_1_710' title='bbox 1780 1467 1823 1498; x_wconf 91' lang='lat' dir='ltr'>ita</span> <span class='ocrx_word' id='word_1_711' title='bbox 1846 1467 1963 1507; x_wconf 91' lang='lat' dir='ltr'>species</span> <span class='ocrx_word' id='word_1_712' title='bbox 1986 1468 2105 1498; x_wconf 89' lang='lat' dir='ltr'>additas</span> <span class='ocrx_word' id='word_1_713' title='bbox 2129 1468 2166 1498; x_wconf 92' lang='lat' dir='ltr'>ab</span> <span class='ocrx_word' id='word_1_714' title='bbox 2190 1468 2361 1500; x_wconf 82' lang='lat' dir='ltr'>extrinseco</span> <span class='ocrx_word' id='word_1_715' title='bbox 2383 1469 2490 1507; x_wconf 80' lang='lat' dir='ltr'>habet,</span> 
     </span>
     <span class='ocr_line' id='line_1_96' title="bbox 1435 1510 2492 1555; baseline 0.003 -14"><span class='ocrx_word' id='word_1_716' title='bbox 1435 1521 1502 1541; x_wconf 92' lang='lat' dir='ltr'>non</span> <span class='ocrx_word' id='word_1_717' title='bbox 1515 1511 1558 1541; x_wconf 91' lang='lat' dir='ltr'>sic</span> <span class='ocrx_word' id='word_1_718' title='bbox 1572 1511 1662 1551; x_wconf 88' lang='lat' dir='ltr'>quasi</span> <span class='ocrx_word' id='word_1_719' title='bbox 1679 1510 1857 1550; x_wconf 85' lang='lat' dir='ltr'>praefuerit,</span> <span class='ocrx_word' id='word_1_720' title='bbox 1876 1518 1907 1541; x_wconf 89' lang='lat' dir='ltr'>et</span> <span class='ocrx_word' id='word_1_721' title='bbox 1922 1511 2072 1550; x_wconf 86' lang='lat' dir='ltr'>suscipiat</span> <span class='ocrx_word' id='word_1_722' title='bbox 2085 1521 2103 1541; x_wconf 87' lang='lat' dir='ltr'>a</span> <span class='ocrx_word' id='word_1_723' title='bbox 2113 1512 2182 1542; x_wconf 92' lang='lat' dir='ltr'>Deo</span> <span class='ocrx_word' id='word_1_724' title='bbox 2198 1513 2331 1552; x_wconf 87' lang='lat' dir='ltr'>species;</span> <span class='ocrx_word' id='word_1_725' title='bbox 2349 1514 2404 1544; x_wconf 90' lang='lat' dir='ltr'>sed</span> <span class='ocrx_word' id='word_1_726' title='bbox 2417 1514 2492 1555; x_wconf 90' lang='lat' dir='ltr'>quia</span> 
     </span>
     <span class='ocr_line' id='line_1_97' title="bbox 1436 1554 2492 1598; baseline 0.004 -14"><span class='ocrx_word' id='word_1_727' title='bbox 1436 1565 1492 1595; x_wconf 93' lang='lat' dir='ltr'>per</span> <span class='ocrx_word' id='word_1_728' title='bbox 1513 1555 1576 1584; x_wconf 90' lang='lat' dir='ltr'>hoc</span> <span class='ocrx_word' id='word_1_729' title='bbox 1598 1554 1667 1584; x_wconf 85' lang='lat' dir='ltr'>illas</span> <span class='ocrx_word' id='word_1_730' title='bbox 1690 1555 1794 1591; x_wconf 86' lang='lat' dir='ltr'>habet,</span> <span class='ocrx_word' id='word_1_731' title='bbox 1814 1555 1889 1595; x_wconf 89' lang='lat' dir='ltr'>quia</span> <span class='ocrx_word' id='word_1_732' title='bbox 1904 1565 1921 1584; x_wconf 89' lang='lat' dir='ltr'>a</span> <span class='ocrx_word' id='word_1_733' title='bbox 1935 1555 2004 1584; x_wconf 88' lang='lat' dir='ltr'>Deo</span> <span class='ocrx_word' id='word_1_734' title='bbox 2020 1555 2200 1594; x_wconf 88' lang='lat' dir='ltr'>congenitas</span> <span class='ocrx_word' id='word_1_735' title='bbox 2215 1557 2349 1587; x_wconf 82' lang='lat' dir='ltr'>naturali</span> <span class='ocrx_word' id='word_1_736' title='bbox 2365 1558 2492 1598; x_wconf 88' lang='lat' dir='ltr'>sequela</span> 
     </span>
     <span class='ocr_line' id='line_1_98' title="bbox 1437 1598 2492 1640; baseline 0.004 -12"><span class='ocrx_word' id='word_1_737' title='bbox 1437 1598 1477 1628; x_wconf 89' lang='lat' dir='ltr'>ad</span> <span class='ocrx_word' id='word_1_738' title='bbox 1499 1598 1660 1638; x_wconf 86' lang='lat' dir='ltr'>propriam</span> <span class='ocrx_word' id='word_1_739' title='bbox 1677 1598 1843 1628; x_wconf 90' lang='lat' dir='ltr'>essentiam</span> <span class='ocrx_word' id='word_1_740' title='bbox 1865 1598 2013 1638; x_wconf 89' lang='lat' dir='ltr'>possidet.</span> <span class='ocrx_word' id='word_1_741' title='bbox 2027 1616 2047 1621; x_wconf 95' lang='lat'>—</span> <span class='ocrx_word' id='word_1_742' title='bbox 2060 1599 2101 1628; x_wconf 94' lang='lat' dir='ltr'>Et</span> <span class='ocrx_word' id='word_1_743' title='bbox 2115 1605 2160 1629; x_wconf 91' lang='lat' dir='ltr'>est</span> <span class='ocrx_word' id='word_1_744' title='bbox 2176 1609 2278 1630; x_wconf 90' lang='lat' dir='ltr'>sermo</span> <span class='ocrx_word' id='word_1_745' title='bbox 2295 1610 2440 1640; x_wconf 90' lang='lat' dir='ltr'>praesens</span> <span class='ocrx_word' id='word_1_746' title='bbox 2454 1602 2492 1632; x_wconf 93' lang='lat' dir='ltr'>de</span> 
     </span>
     <span class='ocr_line' id='line_1_99' title="bbox 1438 1641 2244 1682; baseline 0 -10"><span class='ocrx_word' id='word_1_747' title='bbox 1438 1642 1572 1672; x_wconf 89' lang='lat' dir='ltr'>naturali</span> <span class='ocrx_word' id='word_1_748' title='bbox 1595 1641 1722 1672; x_wconf 91' lang='lat' dir='ltr'>scientia</span> <span class='ocrx_word' id='word_1_749' title='bbox 1745 1641 1940 1681; x_wconf 84' lang='lat' dir='ltr'>angelorum,</span> <span class='ocrx_word' id='word_1_750' title='bbox 1965 1651 2028 1682; x_wconf 91' lang='lat' dir='ltr'>qua</span> <span class='ocrx_word' id='word_1_751' title='bbox 2051 1642 2153 1672; x_wconf 89' lang='lat' dir='ltr'>sciunt</span> <span class='ocrx_word' id='word_1_752' title='bbox 2175 1642 2244 1673; x_wconf 89' lang='lat' dir='ltr'>alia.</span> 
     </span>
    </p>
   </div>
   <div class='ocr_carea' id='block_1_16' title="bbox 1046 1743 1731 1821">
    <p class='ocr_par' dir='ltr' id='par_1_24' title="bbox 1046 1743 1731 1821">
     <span class='ocr_line' id='line_1_100' title="bbox 1046 1743 1731 1821; baseline 0 -1"><span class='ocrx_word' id='word_1_753' title='bbox 1046 1743 1048 1746; x_wconf 56' lang='lat'>&gt;</span> <span class='ocrx_word' id='word_1_754' title='bbox 1086 1778 1402 1820; x_wconf 89' lang='lat' dir='ltr'><strong>ARTICULUS</strong></span> <span class='ocrx_word' id='word_1_755' title='bbox 1432 1778 1731 1821; x_wconf 90' lang='lat' dir='ltr'>SECUNDUS</span> 
     </span>
    </p>
   </div>
   <div class='ocr_carea' id='block_1_17' title="bbox 853 1861 1960 1965">
    <p class='ocr_par' dir='ltr' id='par_1_25' title="bbox 853 1861 1960 1965">
     <span class='ocr_line' id='line_1_101' title="bbox 853 1861 1960 1899; baseline -0.002 -5"><span class='ocrx_word' id='word_1_756' title='bbox 853 1862 1009 1894; x_wconf 91' lang='lat' dir='ltr'><strong>UTRUM</strong></span> <span class='ocrx_word' id='word_1_757' title='bbox 1031 1862 1203 1899; x_wconf 87' lang='lat' dir='ltr'>ALIQUIS</span> <span class='ocrx_word' id='word_1_758' title='bbox 1226 1862 1412 1894; x_wconf 86' lang='lat' dir='ltr'>HABITUS</span> <span class='ocrx_word' id='word_1_759' title='bbox 1436 1861 1667 1894; x_wconf 88' lang='lat' dir='ltr'>CAUSETUR</span> <span class='ocrx_word' id='word_1_760' title='bbox 1689 1862 1746 1892; x_wconf 90' lang='lat' dir='ltr'>EX</span> <span class='ocrx_word' id='word_1_761' title='bbox 1767 1861 1960 1893; x_wconf 88' lang='lat' dir='ltr'>ACTIBUS.</span> 
     </span>
     <span class='ocr_line' id='line_1_102' title="bbox 962 1931 1859 1965; baseline -0.001 -8"><span class='ocrx_word' id='word_1_762' title='bbox 962 1932 1004 1957; x_wconf 85' lang='lat' dir='ltr'>De</span> <span class='ocrx_word' id='word_1_763' title='bbox 1021 1932 1105 1962; x_wconf 82' lang='lat' dir='ltr'>Malo,</span> <span class='ocrx_word' id='word_1_764' title='bbox 1125 1940 1169 1965; x_wconf 89' lang='lat' dir='ltr'>qu.</span> <span class='ocrx_word' id='word_1_765' title='bbox 1187 1939 1221 1962; x_wconf 74' lang='lat' dir='ltr'>xi,</span> <span class='ocrx_word' id='word_1_766' title='bbox 1240 1937 1287 1957; x_wconf 85' lang='lat' dir='ltr'>art.</span> <span class='ocrx_word' id='word_1_767' title='bbox 1307 1940 1331 1964; x_wconf 87' lang='lat'>2,</span> <span class='ocrx_word' id='word_1_768' title='bbox 1350 1932 1382 1957; x_wconf 89' lang='lat' dir='ltr'>ad</span> <span class='ocrx_word' id='word_1_769' title='bbox 1399 1939 1425 1963; x_wconf 90' lang='lat'>4,</span> <span class='ocrx_word' id='word_1_770' title='bbox 1445 1931 1461 1956; x_wconf 87' lang='lat'>6</span> <span class='ocrx_word' id='word_1_771' title='bbox 1468 1940 1475 1963; x_wconf 70' lang='grc' dir='ltr'><strong><em>ς</em></strong></span> <span class='ocrx_word' id='word_1_772' title='bbox 1495 1932 1537 1957; x_wconf 87' lang='lat' dir='ltr'>De</span> <span class='ocrx_word' id='word_1_773' title='bbox 1554 1931 1660 1961; x_wconf 71' lang='lat' dir='ltr'>V‘trtut„</span> <span class='ocrx_word' id='word_1_774' title='bbox 1679 1939 1724 1964; x_wconf 89' lang='lat' dir='ltr'>qu.</span> <span class='ocrx_word' id='word_1_775' title='bbox 1735 1939 1753 1960; x_wconf 86' lang='lat'>1,</span> <span class='ocrx_word' id='word_1_776' title='bbox 1772 1936 1818 1956; x_wconf 82' lang='lat' dir='ltr'>art.</span> <span class='ocrx_word' id='word_1_777' title='bbox 1832 1939 1859 1965; x_wconf 86' lang='lat'>9.</span> 
     </span>
    </p>
   </div>
   <div class='ocr_carea' id='block_1_18' title="bbox 1438 2009 2496 2219">
    <p class='ocr_par' dir='ltr' id='par_1_26' title="bbox 1438 2009 2496 2219">
     <span class='ocr_line' id='line_1_103' title="bbox 1438 2009 2495 2060; baseline 0.005 -13"><span class='ocrx_word' id='word_1_778' title='bbox 1438 2010 1524 2059; x_wconf 89' lang='lat' dir='ltr'>igne</span> <span class='ocrx_word' id='word_1_779' title='bbox 1540 2019 1596 2048; x_wconf 90' lang='lat' dir='ltr'>est</span> <span class='ocrx_word' id='word_1_780' title='bbox 1611 2011 1735 2048; x_wconf 92' lang='lat' dir='ltr'>solum</span> <span class='ocrx_word' id='word_1_781' title='bbox 1754 2009 1981 2060; x_wconf 87' lang='lat' dir='ltr'>principium</span> <span class='ocrx_word' id='word_1_782' title='bbox 1997 2011 2164 2049; x_wconf 89' lang='lat' dir='ltr'>activum</span> <span class='ocrx_word' id='word_1_783' title='bbox 2180 2013 2429 2051; x_wconf 85' lang='lat' dir='ltr'>calefaciendi.</span> <span class='ocrx_word' id='word_1_784' title='bbox 2447 2015 2495 2052; x_wconf 94' lang='lat' dir='ltr'>Et</span> 
     </span>
     <span class='ocr_line' id='line_1_104' title="bbox 1440 2063 2495 2113; baseline 0.004 -13"><span class='ocrx_word' id='word_1_785' title='bbox 1440 2064 1478 2100; x_wconf 93' lang='lat' dir='ltr'>in</span> <span class='ocrx_word' id='word_1_786' title='bbox 1497 2063 1561 2100; x_wconf 92' lang='lat' dir='ltr'>tali</span> <span class='ocrx_word' id='word_1_787' title='bbox 1579 2071 1713 2112; x_wconf 89' lang='lat' dir='ltr'>agente</span> <span class='ocrx_word' id='word_1_788' title='bbox 1732 2075 1811 2100; x_wconf 90' lang='lat' dir='ltr'>non</span> <span class='ocrx_word' id='word_1_789' title='bbox 1825 2071 1949 2112; x_wconf 91' lang='lat' dir='ltr'>potest</span> <span class='ocrx_word' id='word_1_790' title='bbox 1968 2064 2100 2113; x_wconf 89' lang='lat' dir='ltr'>aliquis</span> <span class='ocrx_word' id='word_1_791' title='bbox 2118 2065 2267 2102; x_wconf 90' lang='lat' dir='ltr'>habitus</span> <span class='ocrx_word' id='word_1_792' title='bbox 2287 2066 2430 2104; x_wconf 88' lang='lat' dir='ltr'>causari</span> <span class='ocrx_word' id='word_1_793' title='bbox 2450 2079 2495 2104; x_wconf 86' lang='lat' dir='ltr'>ex</span> 
     </span>
     <span class='ocr_line' id='line_1_105' title="bbox 1440 2116 2495 2166; baseline 0.005 -14"><span class='ocrx_word' id='word_1_794' title='bbox 1440 2116 1595 2165; x_wconf 89' lang='lat' dir='ltr'>proprio</span> <span class='ocrx_word' id='word_1_795' title='bbox 1615 2124 1722 2153; x_wconf 88' lang='lat' dir='ltr'>actu:</span> <span class='ocrx_word' id='word_1_796' title='bbox 1753 2124 1789 2153; x_wconf 88' lang='lat' dir='ltr'>et</span> <span class='ocrx_word' id='word_1_797' title='bbox 1816 2116 1902 2153; x_wconf 91' lang='lat' dir='ltr'>inde</span> <span class='ocrx_word' id='word_1_798' title='bbox 1923 2124 1978 2153; x_wconf 91' lang='lat' dir='ltr'>est</span> <span class='ocrx_word' id='word_1_799' title='bbox 2006 2117 2109 2166; x_wconf 93' lang='lat' dir='ltr'>quod</span> <span class='ocrx_word' id='word_1_800' title='bbox 2129 2130 2187 2154; x_wconf 90' lang='lat' dir='ltr'>res</span> <span class='ocrx_word' id='word_1_801' title='bbox 2210 2120 2398 2156; x_wconf 89' lang='lat' dir='ltr'>naturales</span> <span class='ocrx_word' id='word_1_802' title='bbox 2416 2132 2495 2157; x_wconf 92' lang='lat' dir='ltr'>non</span> 
     </span>
     <span class='ocr_line' id='line_1_106' title="bbox 1439 2169 2496 2219; baseline 0.003 -13"><span class='ocrx_word' id='word_1_803' title='bbox 1439 2177 1599 2218; x_wconf 89' lang='lat' dir='ltr'>possunt</span> <span class='ocrx_word' id='word_1_804' title='bbox 1613 2169 1753 2217; x_wconf 90' lang='lat' dir='ltr'>aliquid</span> <span class='ocrx_word' id='word_1_805' title='bbox 1774 2181 2021 2206; x_wconf 87' lang='lat' dir='ltr'>consuescere</span> <span class='ocrx_word' id='word_1_806' title='bbox 2041 2171 2103 2207; x_wconf 92' lang='lat' dir='ltr'>vel</span> <span class='ocrx_word' id='word_1_807' title='bbox 2123 2170 2368 2219; x_wconf 86' lang='lat' dir='ltr'>dissuescere,</span> <span class='ocrx_word' id='word_1_808' title='bbox 2383 2180 2424 2209; x_wconf 89' lang='lat' dir='ltr'>ut</span> <span class='ocrx_word' id='word_1_809' title='bbox 2443 2172 2496 2209; x_wconf 92' lang='lat' dir='ltr'>di-</span> 
     </span>
    </p>
   </div>
   <div class='ocr_carea' id='block_1_19' title="bbox 1441 2220 2533 2273">
    <p class='ocr_par' dir='ltr' id='par_1_27' title="bbox 1441 2220 2533 2273">
     <span class='ocr_line' id='line_1_107' title="bbox 1441 2220 2533 2273; baseline 0.004 -15"><span class='ocrx_word' id='word_1_810' title='bbox 1441 2222 1535 2259; x_wconf 88' lang='lat' dir='ltr'>citur</span> <span class='ocrx_word' id='word_1_811' title='bbox 1550 2222 1587 2259; x_wconf 88' lang='lat' dir='ltr'>in</span> <span class='ocrx_word' id='word_1_812' title='bbox 1606 2223 1638 2259; x_wconf 94' lang='lat' dir='ltr'>II</span> <span class='ocrx_word' id='word_1_813' title='bbox 1652 2221 1831 2259; x_wconf 79' lang='lat' dir='ltr'>Ethic.*-</span> <span class='ocrx_word' id='word_1_814' title='bbox 1848 2222 2041 2259; x_wconf 88' lang='lat' dir='ltr'>Invenitur</span> <span class='ocrx_word' id='word_1_815' title='bbox 2059 2220 2186 2260; x_wconf 85' lang='lat' dir='ltr'>autem</span> <span class='ocrx_word' id='word_1_816' title='bbox 2207 2223 2360 2272; x_wconf 92' lang='lat' dir='ltr'>aliquod</span> <span class='ocrx_word' id='word_1_817' title='bbox 2381 2237 2496 2273; x_wconf 91' lang='lat' dir='ltr'>agens</span> <span class='ocrx_word' id='word_1_818' title='bbox 2523 2234 2533 2243; x_wconf 83' lang='lat'>&#39;</span> 
     </span>
    </p>
   </div>
   <div class='ocr_carea' id='block_1_20' title="bbox 1441 2274 2501 3472">
    <p class='ocr_par' dir='ltr' id='par_1_28' title="bbox 1441 2274 2501 3273">
     <span class='ocr_line' id='line_1_108' title="bbox 1441 2274 2497 2325; baseline 0.003 -14"><span class='ocrx_word' id='word_1_819' title='bbox 1441 2275 1478 2311; x_wconf 91' lang='lat' dir='ltr'>in</span> <span class='ocrx_word' id='word_1_820' title='bbox 1507 2287 1584 2323; x_wconf 92' lang='lat' dir='ltr'>quo</span> <span class='ocrx_word' id='word_1_821' title='bbox 1613 2282 1669 2311; x_wconf 88' lang='lat' dir='ltr'>est</span> <span class='ocrx_word' id='word_1_822' title='bbox 1695 2274 1924 2323; x_wconf 91' lang='lat' dir='ltr'>principium</span> <span class='ocrx_word' id='word_1_823' title='bbox 1959 2275 2125 2312; x_wconf 88' lang='lat' dir='ltr'>activum</span> <span class='ocrx_word' id='word_1_824' title='bbox 2154 2283 2191 2312; x_wconf 90' lang='lat' dir='ltr'>et</span> <span class='ocrx_word' id='word_1_825' title='bbox 2216 2277 2411 2325; x_wconf 91' lang='lat' dir='ltr'>passivum</span> <span class='ocrx_word' id='word_1_826' title='bbox 2440 2277 2497 2314; x_wconf 94' lang='lat' dir='ltr'>sui</span> 
     </span>
     <span class='ocr_line' id='line_1_109' title="bbox 1442 2326 2497 2376; baseline 0.003 -12"><span class='ocrx_word' id='word_1_827' title='bbox 1442 2335 1567 2365; x_wconf 87' lang='lat' dir='ltr'>actus:</span> <span class='ocrx_word' id='word_1_828' title='bbox 1597 2326 1692 2364; x_wconf 92' lang='lat' dir='ltr'>sicut</span> <span class='ocrx_word' id='word_1_829' title='bbox 1711 2335 1813 2376; x_wconf 90' lang='lat' dir='ltr'>patet</span> <span class='ocrx_word' id='word_1_830' title='bbox 1831 2327 1870 2364; x_wconf 90' lang='lat' dir='ltr'>in</span> <span class='ocrx_word' id='word_1_831' title='bbox 1888 2327 2032 2364; x_wconf 90' lang='lat' dir='ltr'>actibus</span> <span class='ocrx_word' id='word_1_832' title='bbox 2059 2328 2248 2365; x_wconf 90' lang='lat' dir='ltr'>humanis.</span> <span class='ocrx_word' id='word_1_833' title='bbox 2269 2330 2372 2366; x_wconf 90' lang='lat' dir='ltr'>Nam</span> <span class='ocrx_word' id='word_1_834' title='bbox 2392 2338 2497 2367; x_wconf 92' lang='lat' dir='ltr'>actus</span> 
     </span>
     <span class='ocr_line' id='line_1_110' title="bbox 1443 2379 2499 2430; baseline 0.004 -14"><span class='ocrx_word' id='word_1_835' title='bbox 1443 2379 1670 2430; x_wconf 87' lang='lat' dir='ltr'>appetitivae</span> <span class='ocrx_word' id='word_1_836' title='bbox 1699 2379 1845 2417; x_wconf 89' lang='lat' dir='ltr'>virtutis</span> <span class='ocrx_word' id='word_1_837' title='bbox 1873 2380 2085 2428; x_wconf 86' lang='lat' dir='ltr'>procedunt</span> <span class='ocrx_word' id='word_1_838' title='bbox 2107 2392 2129 2418; x_wconf 91' lang='lat' dir='ltr'>a</span> <span class='ocrx_word' id='word_1_839' title='bbox 2147 2380 2186 2418; x_wconf 92' lang='lat' dir='ltr'>vi</span> <span class='ocrx_word' id='word_1_840' title='bbox 2210 2382 2414 2430; x_wconf 90' lang='lat' dir='ltr'>appetitiva</span> <span class='ocrx_word' id='word_1_841' title='bbox 2442 2395 2499 2420; x_wconf 89' lang='lat' dir='ltr'>se-</span> 
     </span>
     <span class='ocr_line' id='line_1_111' title="bbox 1444 2432 2499 2484; baseline 0.002 -14"><span class='ocrx_word' id='word_1_842' title='bbox 1444 2433 1611 2470; x_wconf 90' lang='lat' dir='ltr'>cundum</span> <span class='ocrx_word' id='word_1_843' title='bbox 1634 2433 1739 2481; x_wconf 93' lang='lat' dir='ltr'>quod</span> <span class='ocrx_word' id='word_1_844' title='bbox 1758 2440 1936 2470; x_wconf 89' lang='lat' dir='ltr'>movetur</span> <span class='ocrx_word' id='word_1_845' title='bbox 1955 2445 1977 2470; x_wconf 91' lang='lat' dir='ltr'>a</span> <span class='ocrx_word' id='word_1_846' title='bbox 1994 2432 2034 2471; x_wconf 90' lang='lat' dir='ltr'>vi</span> <span class='ocrx_word' id='word_1_847' title='bbox 2053 2434 2328 2482; x_wconf 90' lang='lat' dir='ltr'>apprehensiva</span> <span class='ocrx_word' id='word_1_848' title='bbox 2351 2447 2499 2484; x_wconf 90' lang='lat' dir='ltr'>reprae-</span> 
     </span>
     <span class='ocr_line' id='line_1_112' title="bbox 1444 2485 2498 2534; baseline 0.002 -11"><span class='ocrx_word' id='word_1_849' title='bbox 1444 2493 1613 2523; x_wconf 90' lang='lat' dir='ltr'>sentante</span> <span class='ocrx_word' id='word_1_850' title='bbox 1634 2485 1842 2523; x_wconf 88' lang='lat' dir='ltr'>obiectum:</span> <span class='ocrx_word' id='word_1_851' title='bbox 1870 2493 1905 2522; x_wconf 91' lang='lat' dir='ltr'>et</span> <span class='ocrx_word' id='word_1_852' title='bbox 1927 2486 2082 2523; x_wconf 90' lang='lat' dir='ltr'>ulterius</span> <span class='ocrx_word' id='word_1_853' title='bbox 2101 2486 2158 2523; x_wconf 92' lang='lat' dir='ltr'>vis</span> <span class='ocrx_word' id='word_1_854' title='bbox 2186 2486 2420 2534; x_wconf 88' lang='lat' dir='ltr'>intellectiva,</span> <span class='ocrx_word' id='word_1_855' title='bbox 2442 2501 2498 2525; x_wconf 91' lang='lat' dir='ltr'>se-</span> 
     </span>
     <span class='ocr_line' id='line_1_113' title="bbox 1445 2537 2496 2589; baseline 0.002 -14"><span class='ocrx_word' id='word_1_856' title='bbox 1445 2539 1614 2575; x_wconf 90' lang='lat' dir='ltr'>cundum</span> <span class='ocrx_word' id='word_1_857' title='bbox 1656 2538 1761 2587; x_wconf 91' lang='lat' dir='ltr'>quod</span> <span class='ocrx_word' id='word_1_858' title='bbox 1808 2538 2049 2575; x_wconf 87' lang='lat' dir='ltr'>ratiocinatur</span> <span class='ocrx_word' id='word_1_859' title='bbox 2085 2539 2132 2576; x_wconf 87' lang='lat' dir='ltr'>de</span> <span class='ocrx_word' id='word_1_860' title='bbox 2170 2537 2496 2589; x_wconf 84' lang='lat' dir='ltr'>conclusionibus,</span> 
     </span>
     <span class='ocr_line' id='line_1_114' title="bbox 1444 2590 2497 2641; baseline 0.001 -12"><span class='ocrx_word' id='word_1_861' title='bbox 1444 2592 1560 2629; x_wconf 90' lang='lat' dir='ltr'>habet</span> <span class='ocrx_word' id='word_1_862' title='bbox 1595 2591 1691 2628; x_wconf 89' lang='lat' dir='ltr'>sicut</span> <span class='ocrx_word' id='word_1_863' title='bbox 1726 2590 1954 2639; x_wconf 90' lang='lat' dir='ltr'>principium</span> <span class='ocrx_word' id='word_1_864' title='bbox 1992 2591 2158 2629; x_wconf 87' lang='lat' dir='ltr'>activum</span> <span class='ocrx_word' id='word_1_865' title='bbox 2197 2592 2497 2641; x_wconf 90' lang='lat' dir='ltr'>propositionem</span> 
     </span>
     <span class='ocr_line' id='line_1_115' title="bbox 1444 2643 2498 2694; baseline 0.003 -14"><span class='ocrx_word' id='word_1_866' title='bbox 1444 2656 1514 2693; x_wconf 92' lang='lat' dir='ltr'>per</span> <span class='ocrx_word' id='word_1_867' title='bbox 1541 2655 1581 2680; x_wconf 89' lang='lat' dir='ltr'>se</span> <span class='ocrx_word' id='word_1_868' title='bbox 1610 2650 1752 2681; x_wconf 91' lang='lat' dir='ltr'>notam.</span> <span class='ocrx_word' id='word_1_869' title='bbox 1790 2643 1901 2680; x_wconf 91' lang='lat' dir='ltr'>Unde</span> <span class='ocrx_word' id='word_1_870' title='bbox 1931 2655 1976 2680; x_wconf 88' lang='lat' dir='ltr'>ex</span> <span class='ocrx_word' id='word_1_871' title='bbox 2004 2644 2138 2681; x_wconf 88' lang='lat' dir='ltr'>talibus</span> <span class='ocrx_word' id='word_1_872' title='bbox 2167 2644 2311 2682; x_wconf 90' lang='lat' dir='ltr'>actibus</span> <span class='ocrx_word' id='word_1_873' title='bbox 2338 2653 2498 2694; x_wconf 92' lang='lat' dir='ltr'>possunt</span> 
     </span>
     <span class='ocr_line' id='line_1_116' title="bbox 1444 2695 2498 2746; baseline 0.001 -12"><span class='ocrx_word' id='word_1_874' title='bbox 1444 2697 1482 2734; x_wconf 91' lang='lat' dir='ltr'>in</span> <span class='ocrx_word' id='word_1_875' title='bbox 1510 2695 1705 2744; x_wconf 90' lang='lat' dir='ltr'>agentibus</span> <span class='ocrx_word' id='word_1_876' title='bbox 1733 2695 1848 2744; x_wconf 89' lang='lat' dir='ltr'>aliqui</span> <span class='ocrx_word' id='word_1_877' title='bbox 1875 2696 2023 2734; x_wconf 89' lang='lat' dir='ltr'>habitus</span> <span class='ocrx_word' id='word_1_878' title='bbox 2051 2697 2207 2744; x_wconf 88' lang='lat' dir='ltr'>causari,</span> <span class='ocrx_word' id='word_1_879' title='bbox 2236 2710 2316 2735; x_wconf 90' lang='lat' dir='ltr'>non</span> <span class='ocrx_word' id='word_1_880' title='bbox 2343 2698 2498 2746; x_wconf 91' lang='lat' dir='ltr'>quidem</span> 
     </span>
     <span class='ocr_line' id='line_1_117' title="bbox 1447 2748 2499 2799; baseline 0.002 -13"><span class='ocrx_word' id='word_1_881' title='bbox 1447 2756 1631 2798; x_wconf 90' lang='lat' dir='ltr'>quantum</span> <span class='ocrx_word' id='word_1_882' title='bbox 1669 2750 1717 2787; x_wconf 91' lang='lat' dir='ltr'>ad</span> <span class='ocrx_word' id='word_1_883' title='bbox 1749 2748 1918 2797; x_wconf 88' lang='lat' dir='ltr'>primum</span> <span class='ocrx_word' id='word_1_884' title='bbox 1950 2749 2116 2787; x_wconf 91' lang='lat' dir='ltr'>activum</span> <span class='ocrx_word' id='word_1_885' title='bbox 2153 2750 2397 2799; x_wconf 86' lang='lat' dir='ltr'>principium,</span> <span class='ocrx_word' id='word_1_886' title='bbox 2431 2751 2499 2788; x_wconf 92' lang='lat' dir='ltr'>sed</span> 
     </span>
     <span class='ocr_line' id='line_1_118' title="bbox 1446 2801 2497 2852; baseline 0 -12"><span class='ocrx_word' id='word_1_887' title='bbox 1446 2809 1631 2852; x_wconf 85' lang='lat' dir='ltr'>quantum</span> <span class='ocrx_word' id='word_1_888' title='bbox 1647 2802 1695 2839; x_wconf 92' lang='lat' dir='ltr'>ad</span> <span class='ocrx_word' id='word_1_889' title='bbox 1709 2801 1937 2851; x_wconf 90' lang='lat' dir='ltr'>principium</span> <span class='ocrx_word' id='word_1_890' title='bbox 1951 2810 2055 2839; x_wconf 90' lang='lat' dir='ltr'>actus</span> <span class='ocrx_word' id='word_1_891' title='bbox 2071 2803 2174 2851; x_wconf 92' lang='lat' dir='ltr'>quod</span> <span class='ocrx_word' id='word_1_892' title='bbox 2191 2811 2322 2840; x_wconf 91' lang='lat' dir='ltr'>movet</span> <span class='ocrx_word' id='word_1_893' title='bbox 2336 2811 2497 2841; x_wconf 85' lang='lat' dir='ltr'>motum.</span> 
     </span>
     <span class='ocr_line' id='line_1_119' title="bbox 1447 2853 2499 2904; baseline 0.001 -12"><span class='ocrx_word' id='word_1_894' title='bbox 1447 2855 1550 2892; x_wconf 87' lang='lat' dir='ltr'>Nam</span> <span class='ocrx_word' id='word_1_895' title='bbox 1578 2867 1693 2892; x_wconf 88' lang='lat' dir='ltr'>omne</span> <span class='ocrx_word' id='word_1_896' title='bbox 1722 2853 1827 2902; x_wconf 88' lang='lat' dir='ltr'>quod</span> <span class='ocrx_word' id='word_1_897' title='bbox 1845 2853 1983 2904; x_wconf 88' lang='lat' dir='ltr'>patitur</span> <span class='ocrx_word' id='word_1_898' title='bbox 2002 2862 2037 2891; x_wconf 90' lang='lat' dir='ltr'>et</span> <span class='ocrx_word' id='word_1_899' title='bbox 2056 2863 2233 2892; x_wconf 88' lang='lat' dir='ltr'>movetur</span> <span class='ocrx_word' id='word_1_900' title='bbox 2251 2856 2298 2893; x_wconf 92' lang='lat' dir='ltr'>ab</span> <span class='ocrx_word' id='word_1_901' title='bbox 2319 2856 2405 2903; x_wconf 89' lang='lat' dir='ltr'>alio,</span> <span class='ocrx_word' id='word_1_902' title='bbox 2427 2856 2499 2893; x_wconf 92' lang='lat' dir='ltr'>dis-</span> 
     </span>
     <span class='ocr_line' id='line_1_120' title="bbox 1445 2907 2500 2957; baseline 0.001 -12"><span class='ocrx_word' id='word_1_903' title='bbox 1445 2907 1599 2957; x_wconf 85' lang='lat' dir='ltr'>ponitur</span> <span class='ocrx_word' id='word_1_904' title='bbox 1617 2919 1685 2957; x_wconf 91' lang='lat' dir='ltr'>per</span> <span class='ocrx_word' id='word_1_905' title='bbox 1703 2915 1830 2944; x_wconf 87' lang='lat' dir='ltr'>actum</span> <span class='ocrx_word' id='word_1_906' title='bbox 1856 2907 2017 2955; x_wconf 85' lang='lat' dir='ltr'>agentis:</span> <span class='ocrx_word' id='word_1_907' title='bbox 2046 2907 2148 2945; x_wconf 91' lang='lat' dir='ltr'>unde</span> <span class='ocrx_word' id='word_1_908' title='bbox 2177 2921 2223 2945; x_wconf 86' lang='lat' dir='ltr'>ex</span> <span class='ocrx_word' id='word_1_909' title='bbox 2250 2908 2500 2957; x_wconf 91' lang='lat' dir='ltr'>multiplicatis</span> 
     </span>
     <span class='ocr_line' id='line_1_121' title="bbox 1447 2958 2500 3010; baseline 0 -12"><span class='ocrx_word' id='word_1_910' title='bbox 1447 2960 1590 2998; x_wconf 89' lang='lat' dir='ltr'>actibus</span> <span class='ocrx_word' id='word_1_911' title='bbox 1617 2968 1816 3007; x_wconf 91' lang='lat' dir='ltr'>generatur</span> <span class='ocrx_word' id='word_1_912' title='bbox 1834 2958 1850 2989; x_wconf 74' lang='grc' dir='ltr'><strong>β</strong></span> <span class='ocrx_word' id='word_1_913' title='bbox 1877 2961 2067 3008; x_wconf 89' lang='lat' dir='ltr'>quaedam</span> <span class='ocrx_word' id='word_1_914' title='bbox 2095 2960 2253 3008; x_wconf 88' lang='lat' dir='ltr'>qualitas</span> <span class='ocrx_word' id='word_1_915' title='bbox 2276 2961 2315 2998; x_wconf 90' lang='lat' dir='ltr'>in</span> <span class='ocrx_word' id='word_1_916' title='bbox 2332 2962 2500 3010; x_wconf 89' lang='lat' dir='ltr'>potentia</span> 
     </span>
     <span class='ocr_line' id='line_1_122' title="bbox 1445 3011 2501 3069; baseline 0.002 -20"><span class='ocrx_word' id='word_1_917' title='bbox 1445 3013 1598 3062; x_wconf 90' lang='lat' dir='ltr'>passiva</span> <span class='ocrx_word' id='word_1_918' title='bbox 1627 3021 1663 3049; x_wconf 91' lang='lat' dir='ltr'>et</span> <span class='ocrx_word' id='word_1_919' title='bbox 1691 3020 1807 3060; x_wconf 89' lang='lat' dir='ltr'>mota,</span> <span class='ocrx_word' id='word_1_920' title='bbox 1837 3024 1934 3060; x_wconf 88' lang='lat' dir='ltr'>quae</span> <span class='ocrx_word' id='word_1_921' title='bbox 1962 3011 2180 3069; x_wconf 72' lang='lat' dir='ltr'>nominatur</span> <span class='ocrx_word' id='word_1_922' title='bbox 2206 3013 2366 3051; x_wconf 90' lang='lat' dir='ltr'>habitus.</span> <span class='ocrx_word' id='word_1_923' title='bbox 2397 3014 2501 3051; x_wconf 90' lang='lat' dir='ltr'>Sicut</span> 
     </span>
     <span class='ocr_line' id='line_1_123' title="bbox 1446 3064 2500 3116; baseline 0.003 -15"><span class='ocrx_word' id='word_1_924' title='bbox 1446 3065 1596 3102; x_wconf 90' lang='lat' dir='ltr'>habitus</span> <span class='ocrx_word' id='word_1_925' title='bbox 1610 3066 1792 3102; x_wconf 79' lang='lat' dir='ltr'>vir&#39;tuturn</span> <span class='ocrx_word' id='word_1_926' title='bbox 1806 3064 2006 3102; x_wconf 91' lang='lat' dir='ltr'>moralium</span> <span class='ocrx_word' id='word_1_927' title='bbox 2025 3073 2224 3103; x_wconf 90' lang='lat' dir='ltr'>causantur</span> <span class='ocrx_word' id='word_1_928' title='bbox 2238 3066 2276 3104; x_wconf 91' lang='lat' dir='ltr'>in</span> <span class='ocrx_word' id='word_1_929' title='bbox 2290 3066 2500 3116; x_wconf 89' lang='lat' dir='ltr'>appetitivis</span> 
     </span>
     <span class='ocr_line' id='line_1_124' title="bbox 1445 3117 2501 3168; baseline 0.001 -13"><span class='ocrx_word' id='word_1_930' title='bbox 1445 3117 1634 3168; x_wconf 91' lang='lat' dir='ltr'>potentiis,</span> <span class='ocrx_word' id='word_1_931' title='bbox 1655 3117 1865 3158; x_wconf 90' lang='lat' dir='ltr'>secundum</span> <span class='ocrx_word' id='word_1_932' title='bbox 1885 3118 1989 3166; x_wconf 91' lang='lat' dir='ltr'>quod</span> <span class='ocrx_word' id='word_1_933' title='bbox 2014 3127 2217 3156; x_wconf 89' lang='lat' dir='ltr'>moventur</span> <span class='ocrx_word' id='word_1_934' title='bbox 2236 3132 2258 3156; x_wconf 90' lang='lat' dir='ltr'>a</span> <span class='ocrx_word' id='word_1_935' title='bbox 2277 3119 2436 3157; x_wconf 89' lang='lat' dir='ltr'>ratione:</span> <span class='ocrx_word' id='word_1_936' title='bbox 2466 3127 2501 3156; x_wconf 89' lang='lat' dir='ltr'>et</span> 
     </span>
     <span class='ocr_line' id='line_1_125' title="bbox 1447 3169 2501 3219; baseline 0.001 -11"><span class='ocrx_word' id='word_1_937' title='bbox 1447 3171 1597 3208; x_wconf 90' lang='lat' dir='ltr'>habitus</span> <span class='ocrx_word' id='word_1_938' title='bbox 1634 3169 1874 3207; x_wconf 90' lang='lat' dir='ltr'>scientiarum</span> <span class='ocrx_word' id='word_1_939' title='bbox 1911 3179 2111 3208; x_wconf 88' lang='lat' dir='ltr'>causantur</span> <span class='ocrx_word' id='word_1_940' title='bbox 2137 3171 2174 3209; x_wconf 90' lang='lat' dir='ltr'>in</span> <span class='ocrx_word' id='word_1_941' title='bbox 2206 3170 2414 3219; x_wconf 91' lang='lat' dir='ltr'>intellectu,</span> <span class='ocrx_word' id='word_1_942' title='bbox 2444 3185 2501 3209; x_wconf 90' lang='lat' dir='ltr'>se-</span> 
     </span>
     <span class='ocr_line' id='line_1_126' title="bbox 1448 3223 2499 3273; baseline 0.003 -14"><span class='ocrx_word' id='word_1_943' title='bbox 1448 3223 1616 3260; x_wconf 88' lang='lat' dir='ltr'>cundum</span> <span class='ocrx_word' id='word_1_944' title='bbox 1642 3223 1745 3271; x_wconf 93' lang='lat' dir='ltr'>quod</span> <span class='ocrx_word' id='word_1_945' title='bbox 1773 3230 1951 3260; x_wconf 86' lang='lat' dir='ltr'>movetur</span> <span class='ocrx_word' id='word_1_946' title='bbox 1970 3235 1992 3260; x_wconf 93' lang='lat' dir='ltr'>a</span> <span class='ocrx_word' id='word_1_947' title='bbox 2011 3224 2140 3272; x_wconf 89' lang='lat' dir='ltr'>primis</span> <span class='ocrx_word' id='word_1_948' title='bbox 2167 3225 2499 3273; x_wconf 89' lang='lat' dir='ltr'>propositionibus.</span> 
     </span>
    </p>

    <p class='ocr_par' dir='ltr' id='par_1_29' title="bbox 1447 3277 2501 3472">
     <span class='ocr_line' id='line_1_127' title="bbox 1500 3277 2500 3326; baseline 0.002 -14"><span class='ocrx_word' id='word_1_949' title='bbox 1500 3278 1558 3313; x_wconf 86' lang='lat' dir='ltr'>AD</span> <span class='ocrx_word' id='word_1_950' title='bbox 1587 3287 1723 3313; x_wconf 78' lang='lat' dir='ltr'><strong>PRIMUM</strong></span> <span class='ocrx_word' id='word_1_951' title='bbox 1747 3287 1845 3313; x_wconf 79' lang='lat' dir='ltr'>ERGO</span> <span class='ocrx_word' id='word_1_952' title='bbox 1864 3287 2046 3314; x_wconf 66' lang='lat' dir='ltr'>memnon</span> <span class='ocrx_word' id='word_1_953' title='bbox 2071 3278 2176 3325; x_wconf 90' lang='lat' dir='ltr'>quod</span> <span class='ocrx_word' id='word_1_954' title='bbox 2196 3290 2322 3325; x_wconf 89' lang='lat' dir='ltr'>agens,</span> <span class='ocrx_word' id='word_1_955' title='bbox 2343 3277 2500 3326; x_wconf 89' lang='lat' dir='ltr'>inquan-</span> 
     </span>
     <span class='ocr_line' id='line_1_128' title="bbox 1447 3329 2500 3379; baseline 0.002 -14"><span class='ocrx_word' id='word_1_956' title='bbox 1447 3336 1528 3365; x_wconf 89' lang='lat' dir='ltr'>tum</span> <span class='ocrx_word' id='word_1_957' title='bbox 1558 3335 1613 3365; x_wconf 85' lang='lat' dir='ltr'>est</span> <span class='ocrx_word' id='word_1_958' title='bbox 1641 3340 1767 3376; x_wconf 90' lang='lat' dir='ltr'>agens,</span> <span class='ocrx_word' id='word_1_959' title='bbox 1793 3340 1870 3365; x_wconf 91' lang='lat' dir='ltr'>non</span> <span class='ocrx_word' id='word_1_960' title='bbox 1890 3329 2019 3378; x_wconf 87' lang='lat' dir='ltr'>recipit</span> <span class='ocrx_word' id='word_1_961' title='bbox 2038 3329 2178 3379; x_wconf 92' lang='lat' dir='ltr'>aliquid</span> <span class='ocrx_word' id='word_1_962' title='bbox 2197 3335 2224 3366; x_wconf 77' lang='grc' dir='ltr'>Υ.</span> <span class='ocrx_word' id='word_1_963' title='bbox 2247 3330 2323 3367; x_wconf 90' lang='lat' dir='ltr'>Sed</span> <span class='ocrx_word' id='word_1_964' title='bbox 2341 3330 2500 3379; x_wconf 89' lang='lat' dir='ltr'>inquan-</span> 
     </span>
     <span class='ocr_line' id='line_1_129' title="bbox 1447 3381 2501 3431; baseline 0.003 -14"><span class='ocrx_word' id='word_1_965' title='bbox 1447 3389 1529 3418; x_wconf 91' lang='lat' dir='ltr'>tum</span> <span class='ocrx_word' id='word_1_966' title='bbox 1558 3381 1631 3429; x_wconf 84' lang='lat' dir='ltr'>agit</span> <span class='ocrx_word' id='word_1_967' title='bbox 1654 3389 1802 3418; x_wconf 90' lang='lat' dir='ltr'>motum</span> <span class='ocrx_word' id='word_1_968' title='bbox 1822 3382 1870 3418; x_wconf 89' lang='lat' dir='ltr'>ab</span> <span class='ocrx_word' id='word_1_969' title='bbox 1890 3382 1976 3428; x_wconf 89' lang='lat' dir='ltr'>alio,</span> <span class='ocrx_word' id='word_1_970' title='bbox 1997 3382 2048 3419; x_wconf 92' lang='lat' dir='ltr'>sic</span> <span class='ocrx_word' id='word_1_971' title='bbox 2068 3382 2197 3431; x_wconf 90' lang='lat' dir='ltr'>recipit</span> <span class='ocrx_word' id='word_1_972' title='bbox 2216 3382 2356 3431; x_wconf 90' lang='lat' dir='ltr'>aliquid</span> <span class='ocrx_word' id='word_1_973' title='bbox 2375 3395 2397 3419; x_wconf 93' lang='lat' dir='ltr'>a</span> <span class='ocrx_word' id='word_1_974' title='bbox 2417 3395 2501 3420; x_wconf 90' lang='lat' dir='ltr'>mo-</span> 
     </span>
     <span class='ocr_line' id='line_1_130' title="bbox 1447 3433 2120 3472; baseline 0 -1"><span class='ocrx_word' id='word_1_975' title='bbox 1447 3442 1583 3471; x_wconf 89' lang='lat' dir='ltr'>vente:</span> <span class='ocrx_word' id='word_1_976' title='bbox 1613 3441 1649 3470; x_wconf 91' lang='lat' dir='ltr'>et</span> <span class='ocrx_word' id='word_1_977' title='bbox 1677 3433 1730 3470; x_wconf 92' lang='lat' dir='ltr'>sic</span> <span class='ocrx_word' id='word_1_978' title='bbox 1758 3442 1933 3471; x_wconf 86' lang='lat' dir='ltr'>causatur</span> <span class='ocrx_word' id='word_1_979' title='bbox 1960 3435 2120 3472; x_wconf 90' lang='lat' dir='ltr'>habitus.</span> 
     </span>
    </p>
   </div>
   <div class='ocr_carea' id='block_1_21' title="bbox 1498 3544 1896 3578">
    <p class='ocr_par' dir='ltr' id='par_1_30' title="bbox 1498 3544 1896 3578">
     <span class='ocr_line' id='line_1_131' title="bbox 1498 3544 1896 3578; baseline 0.003 -10"><span class='ocrx_word' id='word_1_980' title='bbox 1498 3546 1524 3578; x_wconf 86' lang='grc' dir='ltr'>γ)</span> <span class='ocrx_word' id='word_1_981' title='bbox 1544 3544 1655 3575; x_wconf 79' lang='lat' dir='ltr'>aliquid.</span> <span class='ocrx_word' id='word_1_982' title='bbox 1669 3558 1687 3562; x_wconf 98' lang='lat'><em>-</em></span> <span class='ocrx_word' id='word_1_983' title='bbox 1706 3544 1768 3569; x_wconf 90' lang='lat' dir='ltr'>Om.</span> <span class='ocrx_word' id='word_1_984' title='bbox 1786 3544 1896 3569; x_wconf 74' lang='lat' dir='ltr'>codices.</span> 
     </span>
    </p>
   </div>
   <div class='ocr_carea' id='block_1_22' title="bbox 2618 2237 2663 2259">
    <p class='ocr_par' dir='ltr' id='par_1_31' title="bbox 2618 2237 2663 2259">
     <span class='ocr_line' id='line_1_132' title="bbox 2618 2237 2634 2259; textangle 90"><span class='ocrx_word' id='word_1_985' title='bbox 2618 2237 2634 2259; x_wconf 57' lang='lat'>3-</span> 
     </span>
     <span class='ocr_line' id='line_1_133' title="bbox 2649 2238 2663 2254; textangle 90"><span class='ocrx_word' id='word_1_986' title='bbox 2649 2238 2663 2254; x_wconf 74' lang='grc' dir='ltr'>ΕΙ</span> 
     </span>
    </p>
   </div>
   <div class='ocr_carea' id='block_1_23' title="bbox 2617 2247 2672 2280">
    <p class='ocr_par' dir='ltr' id='par_1_32' title="bbox 2617 2247 2672 2280">
     <span class='ocr_line' id='line_1_134' title="bbox 2617 2247 2672 2280; textangle 90"><span class='ocrx_word' id='word_1_987' title='bbox 2617 2247 2672 2280; x_wconf 63' lang='grc' dir='ltr'>ἶ.</span> 
     </span>
    </p>
   </div>
  </div>
 </body>
</html>
