2852 4152
141 971 151 980 ‘
167 970 223 1017 Cap.
237 975 263 996 n,
278 975 300 990 n.
311 975 349 990 2.-

143 996 196 1018 S.T
214 1012 220 1018 .
236 997 321 1017 lect.11.

138 1137 148 1147 '
157 1136 225 1162 Prop.
233 1141 249 1156 1.
258 1145 269 1150 -
277 1133 347 1156 S.Th.

139 1163 190 1184 lect.
199 1167 215 1182 1.

240 1659 255 1675 α

142 1969 151 1978 ·
168 1968 241 1989 Prosa
255 1973 295 1989 vn.

240 2069 254 2102 β

147 2289 158 2301 ⁴*
174 2288 231 2336 CR.
241 2294 288 2315 xm,
299 2294 322 2310 n.
331 2288 353 2310 6.

143 2325 156 2331 -
164 2315 189 2337 S.
230 2331 235 2337 .
245 2315 296 2337 leet.
304 2321 352 2336 x111.

237 2351 254 2376 Υ

367 216 415 243 22

1084 208 1347 254 QUAESTIO
1379 209 1427 254 ΙΙ,
1456 207 1748 244 ART1CULUS
1777 206 1826 242 VI

1179 333 1494 374 ARTICULUS
1524 332 1730 374 SEXTUS

828 435 982 465 UTRUM
1005 434 1256 464 BEATITUDO
1281 434 1460 464 HOMINIS
1485 427 1724 465 CONSISTAT
1749 433 1791 463 IN
1814 432 2077 463 VOLUPTATE

682 513 716 537 IV
736 513 817 542 sent„
838 513 895 536 dist.
914 519 979 541 xL1V,
1000 519 1043 544 qu.
1062 519 1079 542 1,
1099 516 1145 536 art.
1166 510 1193 541 3,
1213 511 1260 543 qu·
1275 519 1300 542 4,
1320 511 1351 535 ad
1373 510 1395 541 3,
1414 519 1445 543 4;
1465 511 1495 535 111
1518 512 1594 536 Cont.
1610 512 1695 540 Gent„
1716 518 1771 542 cap.
1786 518 1861 540 xxvu.
1879 518 1969 542 xxxn13
1988 511 1997 535 1
2018 511 2112 540 Ethic„
2132 511 2189 536 lect.
2203 519 2227 536 ν.

423 624 434 631 ‚,
458 618 469 633 ι
503 623 545 646 ἡ
584 613 607 637 D
636 612 776 637 SEXTUM
802 612 854 636 stc
880 611 1118 636 PROCEDITUR.
1147 598 1306 635 Videtur
1325 600 1429 646 quod

435 651 449 673 ·”
492 622 562 672 ί
586 653 778 689 beatitudo
812 651 975 688 hominis
1012 651 1050 687 in
1077 652 1271 700 voluptate
1310 652 1430 689 consi-

391 703 503 754 ’,Ϊπνν
532 702 666 746 (stat.
696 704 896 741 Beatitudo
935 703 1053 750 enim,
1089 715 1176 740 cum
1205 704 1250 740 sit
1277 704 1430 741 ultimus

430 734 683 804 QNfinis,
714 769 791 793 non
820 756 1006 804 appetitur
1033 763 1188 804 propter
1215 756 1334 804 aliud,
1363 759 1430 795 sed

375 809 446 845 alia
473 817 628 856 propter
664 810 798 857 ipsam.
837 809 914 845 Sed
945 809 1020 845 hoc
1054 808 1217 845 maxime
1256 810 1431 847 convenit

376 861 633 898 delectationi:
663 861 860 897 ridiculum
889 867 944 897 est
968 861 1066 904 enim
1095 862 1143 897 ab
1171 861 1296 909 aliquo
1320 874 1431 910 quae-

375 925 459 949 rere
488 920 646 961 propter
677 914 767 961 quid
801 913 888 949 velit
917 913 1111 959 delectari,
1147 921 1187 949 ut
1225 914 1357 951 dicitur
1393 915 1430 951 in

375 967 410 1001 X
437 965 556 1002 Ethic.
586 967 605 987 ’³‘
639 967 739 1012 Ergo
769 965 961 1002 beatitudo
991 966 1155 1002 maxime
1179 966 1216 1002 in
1235 968 1429 1016 voluptate

376 1025 412 1053 et
440 1018 685 1054 delectatione
715 1017 892 1054 consistit.

429 1081 463 1106 2.
493 1069 729 1117 PRAETEREA,
758 1081 872 1106 causa
886 1071 1015 1118 prima
1034 1072 1283 1107 vehementius
1303 1072 1430 1119 impri-

374 1122 443 1157 mit
467 1133 581 1169 quam
604 1123 778 1168 secunda,
798 1130 839 1159 ut
859 1123 992 1160 dicitur
1010 1123 1049 1159 in
1068 1123 1163 1159 libro
1183 1124 1228 1159 de
1251 1124 1382 1159 Causis
1398 1124 1429 1160 *.

376 1174 576 1211 Influentia
604 1182 731 1211 autem
749 1175 845 1211 finis
878 1175 1079 1211 attenditur
1111 1175 1321 1211 secundum
1352 1175 1431 1212 eius

376 1226 595 1274 appetitum.
635 1228 727 1264 Illud
763 1239 850 1274 ergo
883 1227 1033 1264 videtur
1068 1227 1208 1262 habere
1245 1227 1430 1265 rationem

375 1278 461 1315 finis
482 1279 612 1326 ultimi,
634 1280 739 1328 quod
757 1279 921 1315 maxime
942 1286 1073 1315 movet
1095 1279 1315 1327 appetitum.
1346 1281 1432 1317 Hoc

376 1338 502 1367 autem
533 1339 588 1367 est
615 1332 806 1379 voluptas:
837 1331 942 1367 cuius
975 1331 1124 1378 signum
1154 1339 1209 1368 est
1242 1334 1344 1381 quod
1368 1333 1431 1370 de-

375 1383 522 1419 lectatio
551 1383 736 1420 intantum
760 1384 938 1420 absorbet
956 1384 1121 1421 hominis
1139 1385 1375 1423 voluntatem
1397 1394 1432 1423 et

376 1435 570 1482 rationem,
592 1436 695 1483 quod
724 1436 796 1472 alia
816 1437 918 1473 bona
939 1444 1182 1473 contemnere
1202 1438 1299 1474 facit.
1329 1440 1430 1486 Ergo

374 1487 522 1525 videtur
549 1489 653 1536 quod
680 1489 836 1526 ultimus
863 1489 949 1526 finis
977 1489 1155 1536 hominis,
1185 1491 1250 1538 qu'i
1270 1499 1325 1527 est
1345 1492 1432 1528 bea-

374 1539 507 1587 titudo,
536 1541 701 1578 maxime
730 1541 768 1578 in
795 1542 989 1590 voluptate
1018 1542 1205 1579 consistat.

432 1594 466 1629 3.
495 1594 735 1641 PRAETEREA,
771 1607 857 1631 cum
895 1595 1081 1643 appetitus
1115 1595 1160 1631 sit
1197 1596 1308 1642 boni,
1342 1597 1432 1634 illud

377 1645 483 1692 quod
511 1646 641 1683 omnia
672 1655 865 1695 appetunt,
894 1647 1043 1684 videtur
1075 1660 1156 1684 esse
1187 1654 1203 1669 α
1232 1650 1431 1697 optimum.

378 1697 454 1734 Sed
483 1699 770 1736 delectationem
804 1700 932 1736 omnia
960 1707 1152 1748 appetunt,
1187 1709 1223 1738 et
1246 1702 1434 1750 sapientes

377 1758 414 1787 et
432 1750 658 1799 insipientes,
681 1760 717 1788 et
745 1752 857 1789 etiam
877 1753 1021 1790 ratione
1042 1754 1215 1790 carentia.
1238 1755 1339 1802 Ergo
1369 1756 1433 1792 de-

377 1803 525 1840 lectatio
554 1812 610 1841 est
637 1804 836 1853 optimum.
868 1805 1046 1842 Consistit
1066 1818 1154 1854 ergo
1183 1807 1220 1843 in
1239 1808 1433 1856 voluptate

379 1856 588 1904 beatitudo,
618 1870 717 1906 quae
746 1865 801 1894 est
828 1870 1022 1894 summum
1052 1859 1210 1896 bonum.

432 1909 505 1945 SED
535 1921 680 1946 CONTRA
707 1922 773 1946 EST
801 1910 906 1958 quod
933 1911 1087 1948 Boetius
1117 1911 1213 1958 dicit,
1243 1912 1281 1948 in
1310 1914 1360 1948 III
1389 1914 1435 1949 de

378 1961 529 1998 Consol.
546 1962 582 1998 *ε
616 1963 752 1999 Tristes
770 1964 891 1999 exitus
913 1975 991 2000 esse
1008 1964 1251 2011 voluptatum,
1272 1965 1436 2012 quisquis

377 2014 567 2050 reminisci
592 2014 784 2051 libidinum
812 2027 968 2052 suarum
988 2016 1096 2061 volet,
1117 2017 1304 2066 intelliget.
1331 2018 1436 2058 Quae

376 2067 410 2102 si
433 2067 557 2103 beatos
586 2067 736 2114 efficere
757 2073 919 2115 possent,
950 2069 1042 2105 nihil
1066 2080 1203 2106 causae
1230 2075 1282 2105 est
1298 2067 1317 2098 Ρ
1344 2070 1432 2118 quin

371 2120 533 2167 pecudes
561 2131 707 2168 quoque
733 2121 863 2157 heatae
889 2132 967 2157 esse
994 2121 1177 2159 dicantur.

431 2173 655 2210 RESPONDEO
693 2185 876 2210 DICENDUM
909 2174 1033 2222 quod,
1063 2175 1151 2222 quia
1179 2173 1435 2212 delectationes

378 2225 592 2273 corporales
615 2225 786 2276 pluribus
814 2232 923 2263 notae
949 2232 1045 2272 sunt,
1070 2233 1351 2274 assumpserunt
1366 2228 1437 2264 sibi

379 2282 514 2315 nomen
541 2278 793 2327 voluptatum,
817 2286 858 2315 ut
886 2278 1020 2316 dicitur
1044 2280 1112 2316 VII
1136 2280 1256 2316 Ethic.
1278 2281 1316 2316 *ε
1347 2293 1434 2317 cum

378 2338 508 2368 tamen
535 2331 607 2368 sint
635 2331 729 2368 aliae
749 2331 1016 2368 delectationes
1043 2332 1211 2380 potiores
1230 2338 1257 2369 Υ.
1288 2334 1330 2370 ln
1353 2333 1434 2380 qui-

379 2385 449 2421 bus
477 2392 607 2421 tamen
634 2384 824 2421 beatitudo
861 2385 1114 2433 principaliter
1150 2397 1226 2422 non
1257 2386 1434 2422 consistit.

379 2437 479 2483 Quia
506 2437 544 2473 in
581 2449 810 2485 unaquaque
839 2450 879 2474 re
912 2437 1012 2475 aliud
1047 2445 1102 2475 est
1134 2437 1239 2487 quod
1265 2437 1435 2486 l'pertinet

378 2490 428 2526 ad
457 2490 657 2526 essentiam
687 2490 787 2538 eius,
816 2490 918 2527 aliud
947 2498 1002 2527 est
1032 2491 1230 2539 proprium
1260 2491 1434 2528 accidens

378 2542 495 2591 ipsius
513 2542 549 2579 *π
579 2542 673 2579 sicut
700 2542 738 2579 in
765 2543 921 2580 homine
951 2543 1052 2580 aliud
1073 2551 1128 2580 est
1147 2544 1251 2593 quod
1279 2551 1334 2580 est
1356 2544 1434 2581 ani-

378 2596 454 2631 mal
482 2595 662 2632 rationale
681 2596 853 2643 mortale,
874 2596 975 2633 aliud
995 2596 1098 2645 quod
1119 2604 1174 2633 est
1193 2596 1342 2633 risibile.
1367 2598 1435 2633 Est

377 2648 486 2696 igitur
513 2648 833 2686 considerandum
861 2649 965 2697 quod
998 2649 1123 2686 omnis
1153 2649 1350 2686 delectatio
1380 2658 1435 2686 est

378 2701 574 2749 quoddam
609 2702 806 2750 proprium
842 2701 1015 2738 accidens
1053 2702 1158 2751 quod
1192 2702 1435 2750 consequitur

377 2754 659 2800 beatitudinem,
675 2755 738 2791 vel
755 2754 920 2802 aliquam
940 2755 1179 2792 beatitudinis
1197 2762 1363 2803 partem:
1390 2767 1434 2792 ex

377 2807 452 2843 hoc
481 2806 581 2843 enim
610 2807 742 2855 aliquis
772 2807 988 2855 delectatur,
1017 2807 1122 2855 quod
1150 2808 1264 2845 habet
1287 2808 1432 2844 bonum

378 2859 532 2907 aliquod
559 2860 629 2896 sibi
650 2860 893 2907 conveniens,
914 2861 976 2897 vel
994 2860 1032 2897 in
1057 2873 1108 2907 re,
1129 2861 1192 2897 vel
1211 2860 1250 2897 in
1269 2873 1348 2909 spe,
1368 2861 1430 2897 vel

378 2913 508 2949 saltem
538 2912 576 2949 in
604 2913 803 2950 memoria.
837 2914 989 2950 Bonum
1018 2921 1146 2950 autem
1175 2913 1432 2960 conveniens,

378 2965 408 3001 si
428 2965 583 3012 quidem
612 2965 656 3002 sit
683 2966 903 3014 perfectum,
935 2973 990 3002 est
1017 2966 1098 3015 ipsa
1125 2965 1291 3003 hominis
1319 2965 1434 3002 beati-

379 3018 486 3054 tudo:
509 3018 538 3054 si
559 3025 686 3054 autem
707 3018 752 3054 sit
770 3018 1046 3067 imperfectum,
1065 3026 1119 3055 est
1138 3019 1329 3068 quaedam
1345 3019 1433 3055 bea-

377 3069 543 3106 titudinis
561 3070 793 3119 participatio
813 3069 838 3118 δ,
858 3072 920 3108 vel
948 3072 1173 3120 propinqua,
1193 3072 1255 3108 vel
1275 3078 1432 3118 remota,

377 3123 439 3159 vel
469 3123 601 3159 saltem
621 3135 818 3171 apparens.
848 3124 957 3160 Unde
982 3124 1224 3162 manifestum
1249 3131 1303 3161 est
1331 3124 1435 3173 quod

378 3187 449 3212 nec
474 3175 554 3224 ipsa
574 3175 769 3212 delectatio
799 3189 896 3224 quae
918 3177 1160 3225 consequitur
1184 3178 1331 3214 bonum
1350 3189 1434 3225 per-

431 3341 457 3372 α)
477 3347 540 3366 esse.
558 3355 576 3359 -
595 3341 689 3365 bonum
709 3341 766 3365 add.
786 3341 833 3366 Pa.

431 3375 455 3408 β)
475 3379 522 3400 est.
540 3390 559 3394 -
577 3379 643 3400 esset
661 3376 706 3400 Pa.

429 3411 455 3443 γ)
475 3418 533 3435 cum
554 3414 640 3435 tamen
652 3409 828 3443 ...potior-es.
846 3425 861 3429 —-
883 3411 943 3435 Om.
964 3412 1008 3435 Pa.

430 3445 454 3477 ὃ)
475 3450 514 3470 est
528 3447 657 3478 quaedam
678 3446 848 3471 beatitudinis
863 3447 1046 3478 participatio.
1060 3462 1079 3466 —
1100 3447 1234 3472 beatitudo
1247 3449 1286 3471 est
1304 3446 1434 3479 quaedam

375 3481 540 3512 participata
560 3482 606 3506 Pa.

1482 599 1634 644 fectum,
1656 605 1711 634 est
1729 597 1810 646 ipsa
1830 599 1991 635 essentia
2006 599 2245 637 beatitudinis
2264 599 2298 644 *ς
2329 599 2396 636 sed
2415 599 2536 647 quod-

1484 651 1574 687 dam
1594 662 1832 698 consequens
1860 651 1907 688 ad
1935 651 2058 699 ipsam
2091 653 2185 688 sicut
2203 665 2272 700 per
2290 664 2330 688 se
2350 652 2534 688 accidens.

1535 703 1719 750 Voluptas
1753 710 1881 739 autem
1919 704 2124 752 corporalis
2158 717 2236 741 non
2272 711 2396 752 potest
2423 704 2536 741 etiam

1482 755 1600 792 modo
1633 755 1826 803 praedicto
1861 756 1967 804 sequi
2000 757 2145 793 bonum
2182 757 2403 806 perfectum.
2433 757 2536 793 Nam

1484 808 1652 855 sequitur
1683 807 1828 843 bonum
1863 809 1969 855 quod
2005 809 2254 857 apprehendit
2289 821 2443 856 sensus,
2473 809 2538 858 qui

1485 868 1540 896 est
1566 860 1683 896 virtus
1712 859 1860 896 animae
1890 872 2050 908 corpore
2077 869 2198 898 utens.
2227 863 2381 898 Bonum
2409 869 2537 898 autem

1485 912 1589 960 quod
1615 912 1775 960 pertinet
1803 912 1851 948 ad
1873 924 2021 960 corpus,
2043 914 2147 961 quod
2166 914 2462 962 apprehenditur
2480 926 2538 950 se-

1485 965 1652 1001 cundum
1681 977 1847 1011 sensum,
1878 977 1956 1001 non
1984 972 2109 1013 potest
2136 977 2217 1002 esse
2244 967 2452 1014 perfectum
2470 967 2538 1003 ho-

1484 1017 1596 1052 minis
1616 1017 1774 1052 bonum.
1796 1017 1896 1052 Cum
1912 1017 2012 1053 enim
2029 1017 2156 1054 anima
2175 1018 2364 1055 rationalis
2385 1018 2539 1055 excedat

1483 1068 1772 1116 proportionem
1805 1069 1982 1105 materiae
2020 1070 2246 1118 corporalis,
2274 1083 2361 1118 pars
2389 1071 2539 1107 animae

1484 1132 1581 1166 quae
1611 1128 1666 1157 est
1685 1121 1733 1157 ab
1753 1132 1896 1167 organo
1917 1133 2103 1170 corporeo
2132 1123 2315 1169 absoluta,
2344 1122 2540 1170 quandam

1484 1173 1598 1209 habet
1625 1172 1848 1209 infinitatem
1870 1181 2043 1222 respectu
2067 1174 2183 1223 ipsius
2212 1175 2381 1223 corporis
2402 1183 2437 1211 et
2454 1187 2539 1223 par-

1484 1225 1578 1261 tium
1607 1225 1756 1262 animae
1777 1226 1926 1274 corpori
1951 1234 2212 1264 concretarum
2231 1232 2263 1263 ⁸:
2293 1227 2389 1264 sicut
2407 1227 2540 1263 imma-

1483 1277 1625 1314 terialia
1644 1286 1731 1315 sunt
1749 1278 2040 1326 quodammodo
2065 1279 2210 1316 infinita
2229 1287 2400 1329 respectu
2423 1286 2540 1316 mate-

1484 1330 1644 1377 rialium,
1676 1343 1721 1367 eo
1751 1331 1857 1378 quod
1884 1329 2026 1368 forma*
2035 1344 2104 1381 per
2132 1332 2329 1369 materiam
2354 1332 2541 1380 quodam-

1485 1383 1604 1420 modo
1620 1384 1850 1421 contrahitur
1866 1392 1901 1421 et
1915 1385 2053 1432 finitur,
2073 1385 2176 1422 unde
2199 1386 2323 1423 forma
2342 1397 2364 1422 a
2383 1384 2540 1422 materia

1485 1437 1658 1473 absoluta
1687 1444 1742 1473 est
1768 1437 2060 1485 quodammodo
2085 1438 2241 1475 infinita.
2270 1439 2320 1474 Et
2343 1437 2430 1474 ideo
2457 1449 2542 1474 sen-

1486 1501 1565 1536 sus,
1596 1489 1660 1537 qui
1689 1497 1743 1526 est
1769 1490 1827 1527 vis
1861 1490 2085 1538 corporalis,
2116 1490 2308 1538 cognoscit
2335 1490 2539 1538 singulare,

1485 1542 1591 1590 quod
1611 1550 1666 1578 est
1684 1542 1976 1579 determinatum
1995 1555 2064 1591 per
2091 1543 2305 1579 materiam:
2334 1543 2542 1579 intellectus

1484 1607 1600 1642 vero,
1630 1595 1694 1643 qui
1729 1602 1783 1631 est
1809 1595 1868 1632 vis
1895 1608 1917 1632 a
1945 1595 2103 1632 materia
2130 1596 2319 1642 absoluta,
2349 1594 2543 1642 cognoscit

1485 1648 1718 1694 universale,
1754 1648 1858 1696 quod
1896 1655 1951 1684 est
1986 1649 2216 1685 abstractum
2243 1660 2266 1684 a
2295 1647 2471 1694 materia,
2507 1654 2544 1684 et

1487 1700 1650 1737 continet
1683 1701 1753 1737 sub
1791 1713 1831 1737 se
1867 1701 2012 1737 infinita
2048 1700 2260 1748 singularia.
2293 1700 2405 1737 Unde
2441 1706 2544 1748 patet

1487 1753 1591 1802 quod
1619 1754 1765 1790 bonurn
1796 1753 2028 1791 conveniens
2057 1753 2218 1802 corpori,
2249 1753 2354 1802 quod
2381 1764 2450 1801 per
2477 1764 2542 1800 ap-

1485 1806 1779 1854 prehensionem
1818 1819 1950 1843 sensus
1979 1806 2267 1843 delectationem
2303 1805 2543 1854 corporalem

1488 1866 1631 1906 causat,
1661 1871 1740 1895 non
1768 1866 1823 1895 est
1851 1859 2059 1908 perfectum
2087 1860 2234 1896 bonum
2261 1858 2445 1904 hominis,
2475 1857 2544 1894 sed

1488 1919 1543 1948 est
1570 1911 1775 1948 minimum
1805 1911 1987 1959 quiddam
2015 1911 2054 1948 in
2084 1911 2367 1960 comparatione
2395 1910 2445 1947 a'd
2476 1911 2544 1947 bo-

1487 1976 1580 2001 num
1597 1964 1767 2014 animae.
1797 1964 1907 2001 Unde
1927 1965 2013 2012 Sap.
2034 1977 2083 2001 vu
2101 1964 2122 1986 '¹‘
2140 1964 2274 2001 dicitur
2301 1963 2405 2012 quod
2433 1974 2545 2000 omne

1487 2029 1637 2062 aurum,
1658 2017 1695 2053 in
1720 2017 2001 2064 comparatione
2026 2017 2239 2065 sapientiae,
2259 2027 2377 2053 arena
2396 2021 2450 2052 est
2467 2016 2545 2052 exi-

1487 2081 1579 2118 gua.
1609 2069 1672 2105 Sic
1699 2069 1807 2116 igitur
1826 2081 1950 2118 neque
1968 2070 2146 2118 voluptas
2165 2068 2371 2118 corporalis
2391 2075 2447 2104 est
2464 2067 2546 2116 ipsa

1489 2122 1694 2167 beatitudo,
1723 2134 1795 2158 nec
1824 2129 1878 2158 est
1905 2133 1973 2170 per
2000 2134 2040 2158 se
2069 2122 2244 2159 accidens
2267 2120 2518 2158 beatitudinis.

1541 2176 1600 2211 AD
1629 2186 1766 2211 PmMUM
1794 2186 1891 2211 ERGO
1919 2186 2103 2212 nlcENDuM
2120 2174 2141 2196 '²‘
2159 2175 2264 2223 quod
2289 2173 2459 2210 eiusdem
2488 2185 2545 2210 ra—

1488 2227 1599 2264 tionis
1628 2234 1683 2263 est
1710 2227 1815 2274 quod
1839 2234 2036 2275 appetatur
2059 2227 2218 2274 bonum,
2240 2234 2276 2263 et
2298 2226 2404 2275 quod
2431 2237 2545 2274 appe-

1488 2287 1587 2316 tatur
1615 2279 1824 2326 delectatio,
1855 2291 1952 2328 quae
1980 2279 2072 2316 nihil
2100 2287 2156 2316 est
2182 2279 2284 2316 aliud
2302 2290 2419 2327 quam
2440 2278 2545 2326 quie-

1488 2332 1577 2369 tatio
1607 2332 1794 2381 appetitus
1821 2332 1860 2369 in
1889 2332 2014 2369 bono:
2044 2331 2139 2369 sicut
2166 2344 2211 2368 ex
2240 2332 2375 2369 eadem
2406 2330 2544 2368 virtute

1488 2393 1643 2422 naturae
1664 2392 1720 2422 est
1743 2385 1848 2432 quod
1867 2396 1982 2432 grave
2005 2385 2145 2421 feratur
2167 2385 2368 2432 deorsum,
2381 2391 2418 2420 et
2440 2385 2545 2432 quod

1488 2438 1539 2475 ibi
1567 2438 1744 2487 quiescat.
1774 2437 1886 2475 Unde
1914 2437 2008 2474 sicut
2035 2438 2181 2474 bonum
2203 2445 2358 2486 propter
2376 2436 2544 2484 seipsum

1489 2491 1693 2540 appetitur,
1730 2490 1781 2527 ita
1814 2497 1850 2527 et
1887 2490 2083 2527 delectatio
2117 2498 2273 2539 propter
2306 2502 2367 2536 se,
2397 2496 2433 2525 et
2466 2501 2544 2526 non

1487 2551 1642 2593 propter
1669 2543 1771 2580 aliud
1799 2542 2001 2592 appetitur,
2031 2542 2061 2579 si
2088 2543 2127 2591 ly
2148 2549 2304 2591 propter
2332 2542 2431 2579 dicat
2457 2554 2544 2578 cau-

1488 2609 1570 2633 sam
1598 2597 1765 2633 finalem.
1805 2596 1845 2632 Si
1871 2608 1965 2633 vero
2001 2596 2100 2633 dicat
2132 2608 2287 2632 causam
2321 2595 2542 2641 formalem,

1486 2651 1548 2687 vel
1581 2649 1707 2698 potius
1743 2648 1930 2686 motivam
1949 2647 1982 2695 ζ,
2012 2648 2064 2685 sic
2094 2648 2289 2685 delectatio
2319 2655 2374 2684 est
2402 2647 2545 2696 appeti-

1487 2702 1570 2739 bilis
1602 2709 1756 2751 propter
1788 2701 1909 2747 aliud,
1938 2701 2035 2738 idest
2061 2708 2216 2749 propter
2242 2701 2409 2747 bonum,
2439 2699 2545 2748 quod

1488 2763 1543 2792 est
1562 2754 1818 2792 delectationis
1846 2754 2049 2800 obiectum,
2080 2761 2116 2790 et
2141 2766 2211 2802 per
2230 2764 2469 2802 consequens
2489 2759 2544 2789 est

1486 2807 1715 2856 principium
1744 2807 1835 2853 eius,
1865 2814 1901 2843 et
1925 2806 1988 2843 dat
2007 2806 2041 2843 ei
2059 2806 2247 2843 formam:
2276 2818 2321 2843 ex
2347 2807 2423 2842 hoe
2441 2804 2543 2842 enim

1487 2860 1682 2898 delectatio
1710 2860 1857 2896 habeta
1877 2859 1981 2908 quod
2009 2866 2217 2908 appetatur,
2239 2859 2326 2907 quia
2354 2866 2410 2895 est
2436 2857 2542 2905 quies

1487 2913 1525 2950 in
1553 2914 1656 2950 bono
1686 2912 1910 2949 desiderato.

1540 2967 1599 3002 An
1627 2977 1816 3002 SECUNDUM
1843 2976 2026 3001 D1CENDUM
2054 2964 2157 3013 quod
2184 2964 2393 3001 vehemens
2427 2975 2542 3012 appe-

1487 3018 1574 3055 titus
1594 3017 1850 3055 delectationis
1869 3017 2053 3054 sensibilis
2082 3016 2262 3064 contingit
2281 3029 2325 3053 ex
2344 3017 2419 3053 hoc
2437 3017 2544 3065 quod

1488 3071 1727 3119 operationes
1755 3082 1947 3116 sensuum,
1976 3069 2065 3118 quia
2088 3076 2174 3106 sunt
2192 3069 2373 3117 principia
2392 3076 2543 3106 nostrae

1489 3123 1723 3171 cognitionis,
1740 3130 1825 3160 sunt
1844 3122 1963 3170 magis
1981 3121 2254 3171 perceptibiles.
2274 3121 2385 3159 Unde
2407 3118 2542 3159 etiam⁰

1487 3189 1510 3213 a
1537 3177 1707 3225 pluribus
1736 3175 2001 3214 delectationes
2029 3174 2221 3211 sensibiles
2249 3182 2488 3224 appetuntur.

1540 3342 1562 3373 ε)
1575 3346 1769 3367 concretarum.
1783 3356 1800 3360 -
1814 3344 2015 3366 concreaturam
2031 3341 2163 3366 PCEleF
2178 3346 2202 3366 et
2215 3348 2241 3370 a.
2253 3355 2272 3360 —
2284 3341 2334 3365 Pro
2347 3340 2542 3370 immaterialia,

1489 3377 1630 3402 invisibilia
1650 3378 1706 3402 PsC
1725 3382 1750 3402 et
1767 3384 1793 3401 a.

1540 3413 1564 3444 ζ)
1586 3413 1719 3437 motivam.
1737 3426 1755 3431 —
1773 3419 1879 3436 causam
1900 3412 2025 3436 motivam
2045 3410 2103 3436 Pla.

1540 3448 1566 3479 η)
1587 3448 1725 3473 delectatio
1740 3447 1824 3471 habet.
1838 3461 1856 3466 -
1870 3447 1981 3471 habetur
1995 3446 2134 3471 delectatio
2146 3446 2389 3477 ACDFGHIKLpB‚
2403 3445 2542 3471 delectatio

1488 3483 1600 3507 habetur
1618 3483 1647 3507 E.
1666 3496 1684 3502 -
1702 3483 1752 3506 Pro
1770 3485 1920 3513 appetatur,
1941 3482 2076 3513 appetitur
2094 3482 2216 3512 BEFKL;
2237 3481 2299 3513 quia
2317 3483 2356 3505 est
2375 3488 2427 3505 om.
2442 3481 2472 3505 L.

1541 3516 1564 3550 0)
1584 3518 1673 3543 etiam.
1691 3532 1707 3536 -
1726 3517 1806 3542 etiam
1826 3521 1852 3542 et
1871 3517 2049 3542 ABCFGIKL.

2564 607 2571 614 ·
2589 605 2617 626 D·
2632 611 2683 633 437·

2574 1973 2582 1983 ·
2597 1971 2664 1994 Ven.
2677 1978 2701 2000 9.

2573 2182 2581 2192 ’
2602 2180 2639 2203 Cf.
2657 2184 2791 2204 comment„

2573 2207 2790 2261 ffiessfupn'mn‘
