2852 4152
96 826 216 854 '.qu11.
234 831 302 853 xxxx,

93 853 157 875 lutto
158 852 181 874 d.

260 1684 267 1691 .
299 1683 307 1690 .
336 1636 488 1689 τ’ἦῖἓ-ῗῗέ)

295 2518 306 2552 3
333 2510 370 2540 et
397 2504 433 2539 X
449 2503 570 2540 Ethic.
586 2502 606 2524 '¹‘

261 2553 306 2611 ‚213
333 2555 463 2595 tur-alis
491 2567 566 2592 non
594 2556 779 2604 impedita.

1002 255 1265 302 QUAESTIO
1295 256 1453 301 XXXII,
1483 254 1775 291 ARTICULUS
1806 255 1819 290 Ι

2423 251 2497 287 223

772 435 1182 511 QUAEsTm
1222 395 2054 491 *TRIGESIMASECUNDA

993 559 1076 598 DE
1110 557 1314 600 CAUSA
1347 556 1832 598 DELECTATIONIS

1147 669 1180 693 IN

413 782 520 808 emme
557 771 874 808 considerandum
908 778 963 807 est
996 771 1043 810 de
1071 770 1192 807 causis
1227 770 1386 817 delecta-

413 823 524 861 tionis
543 823 574 860 *.

331 877 380 915 Et
407 876 506 914 circa
531 877 607 914 hoc
634 883 864 924 quaeruntur
892 883 990 912 octo,

384 929 531 967 Primo:
561 936 688 966 utrum
721 928 894 977 operatio
921 929 967 965 sit
995 940 1109 965 causa
1140 927 1294 976 propria
1322 927 1386 964 de—

394 1028 396 1030 ,
436 981 654 1018 lectationis

338 1046 343 1048 ’
385 1034 580 1073 Secundo:
609 1041 737 1070 utrum
756 1041 883 1070 motus
911 1033 956 1069 sit
985 1045 1097 1069 causa
1117 1032 1384 1070 delectationis.

385 1083 536 1124 Tertio:
565 1094 692 1124 utrum
721 1098 807 1135 spes
836 1093 872 1122 et
900 1084 1096 1122 memoria.

386 1138 551 1186 Quarto:
579 1147 705 1176 utrum
733 1138 886 1176 tristitia.

1211 669 1308 694 OCTO
1337 668 1537 694 ARTICULOS
1564 668 1680 693 DlVISA

1496 770 1659 816 Quinto:
1688 776 1815 805 utrum
1844 769 2009 806 actiones
2032 769 2192 806 aliorum
2212 769 2283 806 sint
2302 769 2411 806 nobis
2431 771 2495 807 de-

1546 821 1751 859 lectationis
1780 834 1903 858 causa.

1496 875 1631 912 Sexto:
1660 882 1787 910 utrum
1815 874 2035 911 benefacere
2064 874 2166 911 alteri
2194 874 2239 911 sit
2263 886 2376 911 causa
2395 874 2494 912 dele-

1548 927 1730 963 ctationis.

1495 980 1688 1027 Septimo:
1717 986 1843 1016 utrum
1876 978 2080 1016 similitudo
2113 979 2160 1015 sit
2190 991 2303 1016 causa
2335 979 2495 1016 delecta-

1547 1031 1669 1068 tionis.

1496 1082 1670 1130 Octavo:
1708 1091 1834 1120 utrum
1872 1083 2070 1121 admiratio
2109 1083 2154 1120 sit
2191 1097 2303 1122 causa
2336 1084 2495 1122 delecta-

1548 1144 1671 1174 tionis.

1143 1245 1456 1287 ARTICULUS
1487 1245 1690 1286 PRIMUS

802 1337 955 1367 UTRUM
979 1336 1198 1367 OPERATIO
1223 1336 1288 1366 sxT
1313 1335 1453 1366 CAUSA
1475 1336 1660 1366 PROPRIA
1683 1336 2029 1367 DELECTArtoNrs

1152 1413 1186 1437 IV
1205 1413 1287 1442 Sem„
1308 1413 1367 1438 dist.
1380 1421 1445 1444 xux,
1466 1421 1511 1445 qu.
1531 1421 1568 1443 m,
1587 1419 1633 1438 art.
1655 1421 1678 1438 2.

366 1515 428 1556 3⁴3⁵
448 1518 520 1559 ³¹25<
543 1517 565 1541 n
594 1515 731 1540 ptumum
754 1514 808 1539 s1‹:
831 1513 1071 1539 PROCEDITUR.
1100 1501 1257 1538 Videtur
1285 1501 1388 1548 quod

363 1543 515 1613 &535⁴
543 1556 713 1606 operatio
741 1567 820 1592 non
843 1554 889 1591 sit
906 1554 1059 1604 propria
1079 1561 1115 1590 et
1131 1553 1255 1602 prima
1276 1565 1389 1589 causa

341 1607 388 1647 't'
412 1622 471 1647 v
494 1603 813 1647 (delectationis,
829 1608 880 1645 Ut
899 1607 999 1644 enirn
1016 1607 1276 1666 Philosophus
1290 1605 1388 1652 dicit,

504 1651 583 1699 'n
602 1661 820 1699 IRhetoric.
832 1661 851 1680 ⁴*
855 1660 1061 1706 ‚delectari
1077 1659 1240 1696 consistit
1263 1659 1300 1695 in
1319 1659 1390 1694 hoc

333 1715 435 1764 quod
458 1727 587 1752 sensus
613 1714 756 1762 aliquid
775 1690 965 1762 patiatur.-
994 1712 1191 1761 requiritur
1210 1711 1312 1748 enim
1340 1711 1390 1747 ad

299 1767 622 1805 -delectationem
657 1766 839 1814 cognitio,
874 1766 969 1803 sicut
1002 1765 1143 1802 dictum
1178 1772 1232 1800 est
1249 1764 1280 1801 ²¹⁸.
1313 1764 1389 1801 Sed

331 1830 401 1870 per
426 1820 531 1868 prius
556 1826 643 1856 sunt
670 1818 936 1866 cognoscibilia
956 1818 1104 1855 obiecta
1124 1817 1388 1866 operationum

332 1885 450 1923 quam
481 1873 586 1921 ipsae
615 1871 866 1920 operationes.
900 1872 1001 1919 Ergo
1031 1870 1199 1919 operatio
1228 1882 1306 1907 non
1335 1877 1391 1906 est

330 1924 485 1974 propria
514 1937 628 1961 causa
656 1924 923 1961 delectationis.

385 1989 421 2015 2.
450 1978 682 2024 ΡκΑΕτΕιὶΕΑ,
713 1976 910 2014 delectatio
938 1976 1134 2025 potissime
1163 1976 1329 2013 consistit
1351 1975 1389 2012 in

330 2031 412 2076 fine,
437 2030 598 2079 adepto:
627 2030 703 2066 hoc
731 2029 832 2066 enim
860 2037 916 2066 est
943 2030 1047 2078 quod
1074 2029 1276 2078 praecipue
1301 2040 1390 2064 con-

332 2082 553 2132 cupiscitur.'
576 2082 652 2119 Sed
672 2094 751 2119 non
770 2094 923 2131 semper
941 2082 1110 2130 operatio
1131 2089 1186 2118 est
1204 2081 1302 2128 finis,
1323 2081 1390 2118 sed

332 2135 562 2184 quandoque
590 2135 715 2183 ipsum
745 2142 954 2183 operatum.
985 2135 1076 2171 Non
1106 2147 1194 2182 ergo
1220 2134 1390 2182 operatio

333 2195 389 2225 est
415 2187 569 2236 propria
597 2195 632 2224 et
658 2199 727 2236 per
754 2200 794 2224 se
823 2200 937 2224 causa
965 2187 1232 2224 delectationis.

387 2241 422 2278 3.
456 2242 697 2287 PRAETEREA,
732 2240 851 2278 otium
881 2248 917 2277 et
944 2240 1094 2288 requies
1123 2240 1296 2276 dicuntur
1323 2251 1392 2288 per

333 2292 584 2330 cessationem
613 2292 855 2341 operationis.
886 2293 993 2329 Haec
1021 2300 1147 2329 autem
1177 2299 1263 2329 sunt
1291 2292 1391 2328 dele-

333 2345 493 2392 ctabilia,
521 2352 563 2382 ut
583 2345 718 2382 dicitur
735 2345 774 2382 in
794 2346 808 2381 1
827 2345 1015 2382 Rhetoric.
1031 2345 1052 2366 *
1080 2346 1170 2381 Non
1191 2357 1279 2392 ergo
1301 2357 1392 2393 ope-

298 2421 306 2429 ·
333 2398 426 2435 ratio
455 2405 511 2434 est
535 2397 691 2446 propria
719 2409 832 2434 causa
861 2397 1128 2434 delectationis.

387 2450 461 2487 SED
487 2462 633 2487 CONTRA
660 2462 726 2486 EST
754 2450 859 2498 quod
886 2450 1141 2499 Philosophus
1169 2450 1268 2496 dicit,
1288 2449 1391 2487 VII*

608 2532 617 2550 ,
646 2503 753 2551 quod
780 2503 971 2539 delectatio
994 2509 1049 2539 est
1066 2504 1232 2551 operatio
1253 2514 1392 2540 conna-

385 2609 610 2645 REsponnsso
630 2619 813 2644 DICENDUM
833 2607 948 2656 quod,
970 2607 1064 2644 sicut
1083 2620 1196 2656 supra
1210 2608 1230 2629 ’¹‘
1249 2607 1390 2644 dictum

288 2674 305 2689 ¹·
334 2667 400 2708 est,
417 2660 465 2697 ad
482 2660 770 2697 delectationem
787 2660 864 2696 duo
880 2659 1133 2707 requiruntur:
1150 2659 1288 2697 scilicet
1303 2673 1392 2697 con-

333 2712 475 2749 secutio
504 2712 596 2749 boni
624 2711 895 2758 convenientis,
926 2720 962 2748 et
980 2712 1142 2759 cognitio
1171 2713 1391 2749 huiusmodi

334 2765 556 2813 adeptionis.
595 2765 806 2813 Utrumque
835 2772 962 2801 autem
990 2765 1128 2802 horum
1157 2765 1195 2802 in
1223 2765 1390 2813 quadam

335 2817 556 2866 operatione
585 2816 772 2854 consistit:
803 2829 892 2854 nam
922 2817 1075 2854 actualis
1105 2817 1267 2865 cognitio
1301 2830 1392 2867 ope-

335 2869 428 2906 ratio
449 2870 639 2918 quaedam
663 2877 738 2916 est3
768 2869 936 2906 similiter
951 2874 968 2890 ⁶²
987 2870 1134 2906 bonum
1159 2871 1391 2908 conveniens

334 2922 576 2971 adipiscimur
595 2922 720 2970 aliqua
735 2922 967 2970 operatione.
989 2923 1074 2971 Ipsa
1090 2923 1201 2960 etiam
1222 2923 1390 2972 operatio

332 2975 486 3023 propria
521 2982 576 3011 est
603 2975 799 3024 quoddam
827 2975 975 3011 bonum
1009 2975 1251 3013 conveniens.
1281 2976 1390 3013 Unde

334 3035 485 3076 oportet
511 3028 617 3075 quod
645 3027 770 3064 omnis
799 3027 997 3064 delectatio
1017 3028 1183 3076 aliquam
1203 3028 1390 3076 operatio-

333 3093 423 3117 nem
453 3087 714 3128 consequatur.

387 3134 445 3169 Ar>
473 3145 610 3170 PRIMUM
642 3144 740 3170 ERGO
777 3144 960 3169 DICENDUM
995 3133 1098 3181 quod
1130 3133 1211 3182 ipsa
1243 3133 1391 3170 obiecta

1443 1501 1706 1549 operationum
1722 1514 1800 1539 non
1816 1511 1902 1539 sunt
1920 1503 2163 1551 delectabilia,
2184 1504 2254 1540 nisi
2272 1504 2496 1552 inquantum

1444 1553 1721 1600 coniunguntur
1748 1555 1879 1591 nobis:
1904 1556 1965 1591 vel
1983 1568 2052 1603 per
2080 1556 2332 1603 cognitionem
2361 1557 2495 1604 solam,

1443 1605 1537 1642 sicut
1570 1618 1657 1642 cum
1691 1607 1923 1643 delectamur
1954 1607 1993 1644 in
2025 1608 2324 1645 consideratione
2352 1609 2415 1645 vel
2442 1608 2497 1645 in-

1443 1658 1636 1706 spectione
1664 1658 1900 1706 aliquorum;
1929 1660 1990 1696 vel
2019 1672 2262 1708 quocumque
2285 1660 2358 1697 alio
2378 1661 2496 1697 modo

1444 1711 1553 1747 simul
1570 1723 1658 1748 cum
1674 1711 1898 1759 cognitione,
1920 1712 2015 1748 sicut
2034 1724 2121 1748 cum
2141 1712 2274 1760 aliquis
2294 1714 2498 1750 delectatur

1443 1763 1481 1800 in
1509 1765 1583 1800 hoc
1616 1764 1722 1811 quod
1760 1764 1953 1811 cognoscit
1985 1777 2025 1801 se
2056 1765 2198 1801 habere
2227 1765 2498 1814 quodcumque

1443 1816 1608 1863 bonum,
1642 1824 1734 1865 puta
1766 1817 1913 1854 divitias
1945 1818 2008 1853 vel
2041 1817 2229 1854 honorem
2264 1818 2325 1854 vel
2360 1818 2498 1866 aliquid

1442 1868 1684 1915 huiusmodi3
1714 1882 1812 1917 quae
1837 1869 1990 1918 quidem
2011 1882 2089 1906 non
2110 1878 2232 1906 essent
2253 1870 2497 1917 delectabilia,

1443 1921 1512 1958 nisi
1527 1921 1752 1969 inquantum
1767 1923 2102 1971 apprehenduntur
2115 1930 2156 1959 ut
2173 1923 2312 1959 habita.
2330 1923 2379 1960 Ut
2397 1923 2499 1960 enim

1443 1974 1698 2023 Philosophus
1719 1974 1815 2021 dicit,
1836 1975 1875 2011 in
1895 1976 1927 2011 II
1946 1975 2052 2012 Polit.
2072 1975 2103 2022 *,
2133 1987 2316 2025 magnam
2343 1976 2499 2012 delecta·
2526 1984 2535 1991 '
2551 1982 2583 2003 C²

1443 2027 1579 2063 tionem
1607 2028 1719 2064 habet
1737 2033 1875 2075 putare
1901 2027 2044 2075 aliquid
2067 2028 2139 2064 sibi
2153 2029 2375 2076 proprium;
2403 2040 2500 2077 quae

1438 2080 1609 2128 procedit
1634 2092 1684 2116 ex
1711 2079 1877 2116 naturali
1908 2091 2039 2117 amore
2065 2081 2222 2117 alicuius
2249 2081 2300 2117 ad
2324 2081 2496 2129 seipsum.

1445 2133 1596 2169 Habere
1629 2139 1756 2169 autern
1788 2132 2007 2170 huiusmodi
2039 2132 2127 2169 nihil
2161 2140 2216 2169 est
2253 2133 2354 2170 aliud
2382 2146 2499 2182 quam

1443 2185 1496 2221 uti
1531 2185 1602 2232 eis,
1636 2186 1697 2221 vel
1731 2197 1845 2233 posse
1877 2185 1942 2222 uti.
1972 2186 2021 2221 Et
2047 2186 2121 2222 hoc
2154 2193 2208 2222 est
2239 2199 2308 2235 per
2335 2186 2500 2234 aliquam

1445 2238 1717 2286 operationem.
1754 2238 1864 2274 Unde
1892 2238 2135 2274 manifestum
2164 2245 2219 2274 est
2247 2240 2349 2287 quod
2374 2239 2499 2275 omnis

1445 2290 1641 2327 delectatio
1669 2290 1708 2327 in
1737 2290 1997 2338 operationem
2025 2290 2215 2326 reducitur
2238 2291 2332 2328 sicut
2356 2291 2393 2328 in
2413 2303 2500 2328 cau-

1445 2355 1540 2380 sam.

1498 2397 1556 2432 AD
1585 2407 1774 2432 SECUNDUM
1806 2407 1989 2433 DICENDUM
2022 2396 2127 2443 quod
2156 2396 2269 2433 etiam
2296 2396 2334 2433 in
2361 2396 2430 2433 illis
2462 2396 2500 2433 in

1445 2448 1583 2498 quibus
1611 2448 1852 2497 operationes
1879 2461 1958 2486 non
1985 2456 2071 2486 sunt
2097 2449 2207 2496 fines,
2237 2450 2304 2486 sed
2333 2457 2499 2498 operata,

1445 2502 1527 2550 ipsa
1555 2509 1709 2549 operata
1733 2509 1821 2538 sunt
1839 2501 2069 2538 delectabilia
2087 2502 2311 2548 inquantum
2330 2509 2416 2538 sunt
2434 2503 2500 2538 ha-

1445 2554 1522 2590 bita
1548 2555 1611 2590 vel
1639 2554 1747 2590 facta.
1784 2554 1899 2600 Quod
1928 2553 2161 2591 refertur¹ad
2189 2555 2355 2603 aliquem
2387 2566 2500 2591 usum

1444 2608 1507 2643 vel
1536 2606 1813 2655 operationem.-

1497 2662 1555 2696 AD
1574 2671 1732 2696 TERTlUM
1750 2670 1932 2696 D1CENDUM
1952 2659 2055 2707 quod
2076 2659 2312 2708 operationes
2331 2667 2417 2696 sunt
2437 2659 2498 2696 de-

1444 2712 1645 2758 lectabiles,
1674 2711 1898 2760 inquantum
1925 2719 2011 2748 sunt
2027 2711 2335 2760 proportionatae
2357 2720 2393 2749 et
2412 2725 2501 2750 con-

1445 2765 1632 2801 naturales
1652 2765 1835 2812 operanti.
1866 2764 1965 2800 Cum
1985 2772 2112 2801 autem
2131 2765 2249 2801 virtus
2268 2766 2436 2801 humana
2456 2765 2501 2802 sit

1445 2818 1562 2864 finita,
1593 2817 1804 2854 secundum
1833 2817 1997 2865 aliquam
2017 2830 2235 2854 mensuram
2256 2818 2425 2866 operatio
2446 2812 2501 2854 est

1445 2868 1844 2919 sibi‘proportionata.
1879 2870 1988 2907 Unde
2018 2870 2048 2906 si
2076 2870 2232 2907 excedat
2262 2869 2363 2906 illam
2392 2882 2500 2907 men-

1445 2935 1583 2970 suram,
1614 2923 1690 2960 iarn
1718 2935 1796 2960 non
1816 2923 1884 2959 erit
1904 2922 1973 2959 sibi
1991 2922 2288 2971 proportionata,
2309 2935 2380 2959 nec
2400 2923 2500 2960 dele—

1446 2976 1603 3023 ctabilis,
1633 2976 1699 3012 sed
1733 2975 1852 3022 magis
1884 2975 2074 3012 laboriosa
2102 2983 2139 3012 et
2165 2975 2372 3012 attaedians
2396 2973 2421 3012 β.
2452 2976 2502 3013 Et

1445 3028 1662 3078 secundum,
1682 3028 1768 3074 hoc,
1799 3028 1917 3064 otium
1948 3035 1984 3064 et
2015 3028 2127 3064 ludus
2165 3036 2200 3065 et
2228 3028 2298 3064 alia
2325 3040 2423 3076 quae
2450 3029 2501 3066 ad

1445 3081 1613 3129 requiem
1646 3081 1849 3128 pertinent,
1880 3080 2112 3117 delectabilia
2144 3088 2247 3128 sunt,
2276 3081 2500 3129 inquantum

1445 3134 1617 3170 auferunt
1643 3133 1826 3169 tristitiam
1854 3144 1951 3181 quae
1981 3140 2036 3169 est
2064 3145 2108 3170 ex
2136 3134 2276 3170 labore.

387 3252 414 3284 α)
433 3252 565 3277 similiter.
581 3265 601 3271 ·-
617 3255 706 3276 autem
726 3252 822 3276 addunt
840 3251 951 3276 codices.

1499 3251 1524 3283 β)
1543 3252 1704 3276 attaedians.
1721 3265 1740 3270 —
1757 3251 1907 3276 attaediosa
1925 3251 1948 3282 1,
1967 3251 2103 3276 accidians
2121 3252 2189 3276 PFa.

1011 3325 1338 3370 Commenta-tia
1360 3325 1606 3358 cardinalis
1627 3325 1825 3358 Caietam

402 3419 472 3439 ch
491 3409 631 3449 primum
652 3409 819 3439 articulum
839 3409 1032 3450 quaestionis
1048 3409 1391 3449 trigesimaesecundae,

340 3420 536 3484 Cdubium
560 3453 694 3484 occurrit
717 3463 756 3483 an
780 3453 920 3493 operatio
941 3452 980 3484 sit
999 3453 1125 3493 propria
1149 3463 1240 3483 causa
1261 3453 1390 3483 delecta-

336 3497 441 3534 tionis,
459 3504 494 3528 ut
518 3497 700 3528 constitutio
720 3497 752 3526 in
772 3497 973 3527 connaturale
989 3497 1124 3533 bonum;
1149 3507 1188 3526 an
1204 3496 1390 3528 indistincte.

335 3540 378 3571 Et
400 3547 436 3572 ut
459 3541 570 3572 clarior
593 3541 631 3571 sit
654 3540 806 3582 quaestio,
826 3540 956 3572 recolito
971 3541 1059 3581 quod
1082 3541 1114 3571 in
1138 3539 1319 3571 definitione
1339 3540 1390 3571 de-

1444 3409 1618 3440 lectationis
1646 3409 1740 3449 positi
1768 3416 1841 3440 sunt
1865 3410 1929 3440 duo
1957 3416 2042 3440 actus
2066 3420 2123 3450 pro
2154 3420 2245 3440 causa
2269 3410 2498 3447 delectationis,

1445 3453 1561 3484 scilicet
1580 3453 1728 3492 cognitio,
1745 3460 1775 3483 et
1797 3453 1979 3485 constitutio
1995 3453 2020 3484 *.
2046 3454 2086 3484 Et
2109 3454 2183 3494 quia
2206 3453 2286 3484 nulli
2305 3454 2438 3485 dubium
2453 3462 2500 3486 est
2526 3466 2534 3473 ·

2526 2008 2550 2030 S.
2561 1988 2607 2029 Tii.
2625 1997 2676 2029 lect.
2691 2014 2720 2029 iv.

2552 3464 2587 3486 Cf.
2607 3471 2645 3492 qu.
2667 3471 2734 3492 xxxi,

1445 3498 1533 3538 quod
1557 3497 1696 3537 cognitio
1720 3503 1766 3527 est
1789 3497 1940 3538 operatio,
1956 3497 1981 3527 si
2001 3507 2036 3527 ea
2051 3497 2171 3528 ratione
2188 3497 2328 3538 operatio
2346 3505 2392 3529 est
2407 3508 2499 3529 causa
2526 3494 2566 3512 m·
2582 3497 2597 3512 ¹·

1444 3541 1571 3581 propria
1595 3540 1816 3578 delectationis,
1834 3541 1908 3581 quia
1931 3547 2056 3581 oportet
2079 3541 2292 3581 cognitionem
2315 3542 2498 3573 intervenire

2618 1988 2633 2002 ιι
2658 1987 2679 2002 n.
2691 1981 2737 2002 6.-
