2852 4152
97 683 220 706 DeFide
231 684 307 711 Orth„
354 704 362 713 Ι
419 688 432 701 ³

96 710 178 738 lib.11,
193 716 244 738 cap.
260 716 307 732 xvi.
357 717 364 725 ν
414 718 426 726 ν
450 718 460 725 2

164 1207 224 1229 mm,
230 1208 253 1224 ιι
259 1208 308 1224 ιο.-

170 1217 240 1251 dect.
250 1235 306 1250 xvn.

95 1297 168 1325 Ὀιρ.
174 1303 199 1326 ιι,
204 1303 228 1320 ιι.
233 1304 248 1326 9
253 1303 306 1326 sqq.

93 1663 285 1694 ‘Cnp.u,n.r.

98 2836 242 2886 ιιει-Ρδῖωτῖι.
243 2842 309 2884 ῃῖεὲι.

998 242 1264 287 QUAESTIO
1294 243 1450 290 XLVII,
1479 243 1774 280 ARTICULUS
1804 245 1835 279 11

2426 244 2498 280 301

1094 383 1410 426 ARTICULUS
1439 385 1737 427 SECUNDUS

716 475 870 505 UTRUM
894 476 1004 507 som
1027 476 1306 507 PARVIPENSIO
1332 476 1415 506 VEL
1438 476 1678 508 DESPECTIO
1701 477 1766 508 SIT
1790 478 1995 522 MorivuM
2020 478 2118 508 IRAE

374 585 428 622 Ἧι
455 596 519 626 „q
543 575 568 601 ι)
581 574 770 600 SECUNDUM
786 575 839 602 sm
853 575 1091 602 PROCEDITUR.
1107 564 1266 602 Videtur
1284 564 1390 612 quod

363 609 515 678 §.52³2
545 627 623 652 non
651 615 732 653 sola
756 616 999 674 parvipensio
1031 618 1093 654 vel
1123 617 1316 665 despectio
1344 617 1390 653 sit

353 675 355 677 '
391 672 397 677 ’“
417 669 426 671 ’
484 656 515 711 'f
530 667 736 706 motivum
755 668 843 705 irae.
859 669 959 706 Dicit
978 670 1079 707 enirn
1094 671 1357 707 Damascenus
1371 669 1391 690 ’¹‘

513 765 525 768 -
545 722 651 768 quod
687 721 864 758 iniuriam
898 723 1025 770 passi,
1058 722 1119 759 vel
1157 723 1391 760 aestimantes

331 775 432 823 pati,
460 774 671 811 irascimur.
702 774 778 810 Sed
806 775 926 811 homo
955 783 1078 823 potest
1111 775 1283 812 iniuriam
1314 774 1390 823 pati

332 827 448 864 etiam
476 827 621 874 absque
648 826 830 885 despectu
857 828 919 864 vel
951 827 1257 886 parvipensione.
1287 828 1388 874 Ergo

334 892 413 917 non
441 880 522 916 sola
549 879 792 928 parvipensio
822 887 877 916 est
902 879 979 916 irae
1006 879 1208 918 motivum.

389 943 424 969 2.
445 933 676 979 PRAETEREA,
697 932 868 969 eiusdem
898 939 954 969 est
979 939 1158 980 appetere
1189 933 1390 980 honorem,

334 992 373 1022 et
393 985 602 1022 contristari
631 985 677 1022 de
696 984 1001 1034 parvipensione.
1024 984 1101 1021 Sed
1121 985 1230 1022 bruta
1249 985 1390 1021 anima-

333 1037 384 1075 lia
411 1050 489 1075 non
513 1045 696 1087 appetunt
722 1039 922 1075 honorem.
943 1038 1045 1084 Ergo
1065 1050 1144 1074 non
1172 1037 1391 1075 contristan-

334 1097 395 1127 tur
423 1091 470 1128 de
490 1091 795 1139 parvipensione.
817 1091 866 1127 Et
884 1097 1010 1127 tamen
1039 1091 1076 1127 in
1096 1091 1148 1127 eis
1161 1097 1393 1138 provocatur

335 1143 394 1180 ira
415 1150 572 1192 propter
589 1145 660 1181 hoc
686 1144 787 1191 quod
810 1143 1068 1189 vulnerantur,
1087 1151 1128 1180 ut
1151 1143 1240 1180 dicit
1266 1143 1391 1180 Philo-

334 1197 490 1245 sophus,
511 1196 550 1234 in
570 1197 620 1234 111
638 1196 759 1233 Ethic.
779 1195 799 1217 ‘¹‘
819 1196 921 1242 Ergo
947 1207 1025 1232 non
1045 1196 1126 1232 sola
1147 1195 1391 1244 parvipensio

333 1248 485 1286 videtur
512 1261 594 1286 esse
622 1249 810 1286 motivum
840 1248 926 1284 irae.

389 1302 423 1339 3.
444 1303 653 1348 Panem,
669 1300 935 1348 Philosophus,
959 1299 999 1336 in
1018 1301 1049 1336 ΙΙ
1068 1300 1256 1336 Rhetoric.
1276 1300 1308 1348 *,
1324 1313 1392 1348 po-

334 1353 388 1391 nit
411 1354 550 1391 multas
568 1353 661 1390 alias
681 1364 812 1389 causas
835 1352 930 1388 irae:
950 1359 1040 1399 puta
1064 1352 1299 1397 oblivionem,
1321 1361 1356 1389 et
1376 1359 1392 1374 ‘⁷‘

333 1406 599 1449 exultationem
626 1405 664 1441 in
685 1404 909 1452 infortuniis,
934 1404 1250 1440 denuntiationem
1274 1405 1392 1442 malo-

333 1469 431 1503 rum,
447 1457 750 1505 impedimentum
769 1456 1050 1504 consequendae
1063 1457 1244 1504 propriae
1262 1457 1392 1494 volun-

331 1511 427 1547 tatis.
459 1511 550 1547 Non
568 1515 571 1518 ⁴
588 1522 678 1557 ergo
708 1510 790 1546 sola
823 1508 1067 1558 parvipensio
1097 1516 1152 1545 est
1178 1510 1392 1556 provocati-

331 1574 429 1601 vum
454 1562 545 1600 irae.

334 1642 339 1645 -
387 1617 463 1654 SED
490 1626 637 1654 coum
664 1626 731 1652 EST
757 1614 862 1663 quod
889 1613 1144 1662 Philosophus
1174 1613 1272 1660 dicit,
1293 1614 1332 1651 in
1360 1616 1391 1651 II

332 1667 521 1707 Rhetoric.
537 1668 570 1715 ⁸²,
589 1667 694 1716 quod
713 1667 768 1704 ira
787 1663 842 1705 est
860 1667 1041 1715 appetitus
1059 1678 1145 1703 cum
1165 1667 1308 1704 tristitia
1322 1679 1393 1715 pu-

332 1722 494 1767 nitionis,
510 1726 666 1769 propter
691 1725 934 1768 apparentem
955 1719 1286 1768 parvipensionem
1318 1731 1392 1758 non

333 1774 596 1812 convenienter
608 1774 773 1822 factam.

335 1844 363 1869 :³
385 1827 613 1864 Respounso
640 1837 824 1863 memnon
851 1826 957 1874 quod
985 1836 1122 1863 omnes
1150 1836 1286 1862 causae
1315 1825 1393 1862 irae

333 1879 576 1917 reducuntur.
594 1879 644 1916 ad
671 1878 1018 1927 parvipensionem.
1048 1878 1144 1915 Sunt
1178 1877 1280 1918 enirn
1318 1886 1393 1915 tres

252 1951 259 1958 ·
288 1952 294 1958 -
335 1932 480 1982 species
499 1930 815 1981 parvipensionis,
835 1938 877 1967 ut
897 1931 1029 1967 dicitur
1048 1930 1085 1967 in
1105 1931 1135 1966 II
1155 1931 1344 1968 Rhetoric.
1361 1931 1391 1978 ²⁸,

332 1984 474 2024 seilicet
486 1986 687 2033 despectus,
702 1995 949 2032 epereasmus‚
963 1983 1061 2022 idest
1075 1983 1391 2031 impedimentum

333 2037 545 2077 vomntatis·
556 2037 786 2096 implendae,
802 2043 839 2074 et
858 2036 1154 2077 contumeliatio:
1174 2043 1211 2072 et
1229 2037 1279 2073 ad
1297 2037 1393 2077 haec

334 2089 420 2128 tria·
432 2090 563 2128 omnia
590 2089 736 2130 motiva
762 2089 840 2127 irae
875 2089 1116 2127 reducuntur.
1147 2088 1266 2126 Cuius
1298 2089 1392 2127 ratio

334 2150 459 2192 potest
487 2143 606 2195 accipi
630 2142 768 2191 duplex
796 2140 822 2179 β.
843 2142 971 2183 Prima
990 2149 1057 2188 est,
1078 2141 1167 2189 quia
1193 2141 1248 2178 ira
1278 2154 1394 2201 appe-

334 2195 377 2232 tit
404 2203 678 2232 nocumentum
708 2194 870 2241 alterius,
891 2194 1117 2242 inquantum
1140 2194 1256 2231 habet
1283 2195 1394 2232 ratio-

334 2260 426 2285 nem
454 2248 538 2285 iusti
570 2247 809 2285 vindicativi:
840 2255 876 2284 et
903 2247 990 2284 ideo
1028 2246 1214 2285 intantum
1248 2247 1395 2295 quaerit

333 2301 563 2348 vindictam,
590 2301 817 2348 inquantum
851 2299 1002 2336 videtur
1035 2312 1116 2336 esse
1153 2299 1260 2336 iusta.
1295 2301 1395 2337 Iusta

335 2361 461 2390 autem
484 2353 649 2390 vindicta
677 2365 755 2390 non
774 2353 816 2389 fit
843 2352 912 2389 nisi
933 2352 979 2388 de
1009 2364 1055 2388 eo
1085 2353 1189 2399 quod
1219 2359 1274 2389 est
1301 2353 1395 2390 iniu-

335 2413 390 2443 ste
418 2406 579 2442 factum:
609 2413 645 2442 et
671 2405 758 2442 ideo
779 2404 1073 2453 provocativum
1103 2405 1151 2442 ad
1179 2405 1276 2442 iram
1296 2418 1395 2444 sem-

334 2470 404 2506 per
423 2465 479 2495 est
497 2458 637 2507 aliquid
655 2458 726 2495 sub
747 2457 891 2494 ratione
911 2457 1048 2494 iniusti.
1070 2457 1181 2495 Unde
1202 2457 1290 2495 dicit
1307 2458 1395 2495 Phi-

302 2529 309 2535 ·
335 2512 531 2560 losophus,
551 2511 590 2547 in
609 2512 641 2547 ΙΙ
661 2511 850 2548 Rhetoric.
876 2510 908 2557 ²¹⁶,
929 2510 1033 2558 quod
1051 2510 1087 2546 si
1102 2511 1270 2547 homines
1283 2517 1394 2559 puta-

334 2564 458 2600 verint
479 2576 541 2600 eos
569 2564 635 2611 qui
660 2564 847 2600 laeserunt
874 2567 900 2609 Y,
931 2574 1009 2599 esse
1036 2563 1127 2599 iuste
1148 2575 1294 2611 passos,
1320 2575 1394 2600 non

336 2617 572 2653 irascuntur:
601 2628 675 2652 non
696 2616 794 2652 enim
802 2617 856 2662 fit
873 2615 931 2651 ira
959 2615 1010 2651 ad
1027 2615 1175 2652 iustum.
1203 2616 1396 2664 Contingit

282 2667 287 2670 “
337 2675 464 2705 autem
491 2667 684 2716 tripliciter
701 2675 978 2704 nocumentum
998 2667 1107 2705 alicui
1126 2667 1271 2705 inferri:
1301 2669 1393 2705 scili-

337 2727 396 2757 cet
411 2732 455 2758 ex
470 2720 691 2768 ignorantia,
705 2732 748 2757 ex
763 2720 952 2769 passione,
967 2727 1002 2756 et
1017 2731 1060 2756 ex
1077 2721 1270 2759 electione.
1283 2721 1395 2758 Tunc

337 2781 465 2810 autem
496 2771 511 2795 ⁸
539 2773 672 2821 aliquis
700 2773 865 2810 maxime
892 2773 1071 2810 iniustum
1106 2773 1210 2821 facit,
1240 2774 1393 2823 quando

338 2838 383 2863 ex
412 2826 593 2863 electione
627 2827 690 2863 vel
718 2826 918 2872 industria,
948 2826 1009 2862 vel
1043 2837 1086 2862 ex
1120 2834 1220 2863 certa
1253 2827 1396 2865 malitia

337 2886 612 2916 nocumentum
641 2879 767 2926 infert,
794 2886 834 2915 ut
863 2878 997 2916 dicitur
1027 2878 1066 2915 in
1093 2878 1129 2915 V
1152 2880 1271 2916 Ethic.
1300 2879 1320 2901 ’Β
1348 2881 1396 2917 Et

1444 564 1531 601 ideo
1551 565 1716 602 maxime
1731 566 1928 603 irascimur
1947 573 2076 604 contra
2094 566 2179 603 illos
2201 578 2300 614 quos
2318 574 2497 615 putamus

1445 629 1488 653 ex
1511 617 1691 654 industria
1710 619 1820 656 nobis
1848 619 2033 656 nocuisse.
2056 619 2096 656 Si
2115 618 2216 656 enim
2236 626 2414 666 putemus
2437 620 2499 656 ali-

1445 681 1541 718 quos
1568 671 1630 707 vel
1654 683 1722 719 per
1738 671 2011 729 ignorantiam,
2031 672 2092 709 vel
2122 683 2167 708 ex
2185 671 2362 720 passione
2390 672 2500 708 nobis

1444 721 1609 759 intulisse
1636 723 1825 770 iniuriam,
1845 725 1908 761 vel
1937 736 2015 761 non
2042 724 2247 761 irascimur
2262 732 2392 761 contra
2421 737 2498 771 eos,

1443 775 1505 811 vel
1533 776 1651 812 multo
1672 776 1818 813 minus:
1843 789 1953 824 agere
1973 776 2074 814 enim
2101 777 2242 835 aliquid
2262 789 2308 813 ex
2326 777 2500 824 ignoran-

1444 827 1494 863 tia
1521 828 1583 863 vel
1612 840 1657 864 ex
1684 829 1872 876 passione,
1900 829 2075 866 diminuit
2102 829 2288 866 rationem
2323 829 2499 876 iniuriae,

1445 887 1482 916 et
1510 888 1564 916 est
1592 880 1880 928 quodammodo
1900 882 2192 930 provocativum
2220 881 2499 919 misericordiae

1446 939 1482 968 et
1509 932 1655 974 veniae.
1685 933 1739 969 Illi
1766 941 1894 971 autem
1922 935 1987 982 qui
2016 947 2060 972 ex
2084 934 2264 972 industria
2293 947 2499 972 nocumen-

1445 992 1526 1021 tum
1555 985 1728 1033 inferunt,
1750 998 1795 1027 ex
1824 994 2044 1035 contemptu
2064 999 2221 1032 peccare
2249 987 2444 1024 videntur:
2464 994 2501 1024 et

1445 1037 1532 1074 ideo
1563 1045 1693 1074 contra
1721 1050 1788 1075 eos
1817 1039 1981 1076 maxime
2009 1039 2216 1076 irascimur.
2236 1040 2348 1077 Unde
2375 1039 2500 1077 Philo-

1445 1090 1590 1138 sophus
1619 1090 1718 1137 dicit,
1738 1090 1776 1128 in
1796 1092 1827 1127 II
1848 1093 2035 1128 Rhetoric.
2055 1092 2086 1139 ²¹²,
2111 1092 2216 1140 quod
2242 1093 2298 1129 his
2325 1093 2390 1140 qui
2409 1104 2499 1140 pro-

1440 1149 1526 1191 pter
1540 1144 1638 1180 iram
1653 1143 1796 1191 aliquid
1800 1145 1989 1191 fecerunt,
2005 1150 2071 1181 aut
2089 1156 2162 1181 non
2185 1145 2384 1182 irascimur
2397 1150 2420 1192 ⁸,
2435 1150 2504 1182 aut

1446 1196 1569 1232 minus
1597 1196 1815 1232 irascimur:
1844 1208 1917 1233 non
1947 1197 2045 1234 enim
2066 1203 2223 1245 propter
2243 1198 2500 1245 parvipensio-

1447 1260 1532 1285 nem
1559 1249 1731 1286 videntur
1758 1249 1888 1298 egisse.

1499 1301 1676 1338 Secunda
1696 1301 1790 1338 ratio
1809 1309 1877 1348 est,
1893 1301 1981 1348 quia
2000 1301 2241 1349 parvipensio
2262 1302 2501 1339 excellentiae

1446 1353 1610 1390 hominis
1625 1354 1844 1401 opponitur:
1865 1365 1962 1402 quae
1976 1354 2078 1391 enim
2097 1355 2264 1391 homines
2272 1360 2410 1402 putant
2422 1355 2502 1391 nul-

1448 1405 1482 1441 lo
1507 1405 1518 1429 ζ
1537 1406 1760 1454 dignaesse‚
1776 1407 2064 1453 parvipendunt,
2084 1414 2125 1443 ut
2144 1406 2277 1443 dicitur
2295 1407 2334 1444 in
2352 1408 2383 1443 ΙΙ
2404 1408 2503 1444 Rhe-

1445 1458 1551 1494 toric.
1570 1457 1590 1478 *
1610 1459 1668 1494 Ex
1694 1458 1869 1494 omnibus
1898 1466 2024 1495 autem
2044 1459 2154 1496 bonis
2173 1459 2308 1496 nostris
2337 1459 2502 1507 aliquam

1448 1510 1707 1546 excellentiam
1727 1510 1955 1557 quaerimus.
1972 1512 2021 1547 Et
2039 1511 2125 1548 ideo
2145 1512 2416 1559 quodcumque
2435 1524 2502 1549 no-

1449 1570 1671 1598 cumentum
1686 1562 1796 1598 nobis
1816 1562 2004 1608 inferatur,
2021 1563 2244 1610 inquantum
2263 1564 2503 1601 excellentiae

1449 1615 1615 1662 derogat,
1638 1614 1789 1651 videtur
1817 1614 1866 1651 ad
1888 1615 2222 1663 parvipensionem
2250 1616 2448 1664 pertinere.

1501 1669 1560 1704 Αι)
1580 1679 1717 1704 ΡιῑιΜυΜ
1735 1678 1833 1703 ERGO
1861 1678 2044 1704 DICENDUM
2071 1668 2176 1715 quod
2196 1680 2241 1704 ex
2261 1681 2503 1716 quacumque

1447 1720 1519 1758 alia
1538 1732 1653 1756 causa
1672 1719 1805 1766 aliquis
1829 1719 2003 1757 iniuriam
2021 1720 2182 1768 patiatur
2209 1732 2325 1768 quam
2346 1732 2390 1757 ex
2415 1733 2503 1758 con-

1448 1780 1605 1821 temptu,
1630 1773 1691 1808 illa
1720 1784 1832 1808 causa
1861 1772 1994 1809 minuit
2023 1773 2206 1810 rationem
2233 1773 2401 1811 iniuriae.
2428 1774 2504 1812 Sed

1447 1827 1551 1866 solus
1579 1832 1831 1873 contemptus,
1852 1826 1913 1862 vel
1936 1826 2192 1874 parvipensio,
2213 1825 2399 1863 rationem
2427 1826 2504 1862 irae

1447 1886 1569 1926 auget.
1590 1879 1640 1915 Et
1665 1878 1753 1915 ideo
1782 1885 1838 1914 est
1863 1890 1931 1926 per
1959 1889 2000 1914 se
2027 1891 2142 1916 causa
2169 1878 2364 1918 irascendi.

1500 1933 1558 1968 AD
1587 1943 1775 1968 SECUNDUM
1799 1942 1982 1967 DICENDUM
2010 1931 2127 1978 quod,
2149 1931 2232 1967 licet
2255 1931 2398 1976 ,animal
2416 1932 2503 1969 bru-

1447 1991 1528 2021 tum
1557 1996 1636 2020 non
1663 1990 1815 2032 appetat
1842 1984 2030 2020 honorem
2058 1984 2129 2021 sub
2159 1984 2311 2021 ratione.
2326 1984 2502 2031 honoris,

1446 2036 1589 2086 appetit
1616 2044 1744 2074 tamen
1759 2035 1979 2074 naturaliter
2003 2036 2196 2085 quandam
2225 2037 2502 2077 excellentiam:

1448 2097 1484 2126 et
1510 2089 1678 2126 irascitur
1714 2096 1844 2127 contra
1876 2101 1922 2126 ea
1951 2101 2049 2137 quae
2084 2089 2134 2126 illi
2171 2089 2410 2126 excellentiae
2439 2090 2504 2127 de-

1447 2150 1591 2190 rogant.

1499 2197 1559 2232 AD
1587 2205 1746 2231 TER’rmM
1770 2205 1953 2231 nlcENDUM
1977 2194 2082 2241 quod
2102 2206 2236 2230 omnes
2265 2194 2348 2230 illae
2369 2207 2503 2231 causae

1447 2247 1497 2284 ad
1515 2246 1710 2296 quandam
1729 2246 2063 2295 parvipensionem
2085 2247 2327 2284 reducuntur.
2350 2247 2503 2284 Oblivio

1449 2300 1549 2336 enim
1569 2299 1872 2348 parvipensionis
1892 2307 1947 2335 est
1968 2299 2123 2336 evidens
2143 2299 2308 2346 signum:
2321 2312 2384 2336 ¹ea
2403 2300 2504 2336 enim

1447 2365 1547 2401 quae
1567 2364 1705 2399 magna
1726 2352 1982 2398 aestimamus,
2003 2352 2123 2399 magis
2152 2352 2360 2388 memoriae
2385 2352 2504 2400 infigi-

1448 2418 1546 2443 mus.
1565 2405 1741 2442 Similiter
1761 2417 1805 2441 ex
1825 2404 1991 2452 quadam
2010 2405 2304 2453 parvipensione
2325 2412 2379 2441 est
2403 2406 2506 2453 quod

1449 2457 1581 2506 aliquis
1610 2470 1688 2494 non
1715 2465 1891 2494 vereatur
1916 2458 2133 2494 contristare
2162 2458 2340 2507 aliquem,
2362 2458 2506 2494 denun-

1447 2511 1577 2548 tiando
1606 2510 1677 2547 sibi
1709 2510 1832 2559 aliqua
1868 2510 1994 2547 tristia.
2025 2510 2101 2563 Qui
2130 2510 2242 2547 etiam
2280 2511 2319 2547 in
2352 2511 2506 2547 infortu-

1449 2564 1518 2600 niis
1546 2563 1702 2600 alicuius
1722 2563 1913 2599 hilaritatis
1941 2563 2046 2610 signa
2071 2563 2244 2610 ostendit,
2264 2563 2414 2600 videtur
2439 2577 2506 2613 pa-

1449 2629 1534 2652 rum
1572 2628 1702 2652 curare
1740 2616 1786 2652 de
1824 2616 1927 2652 bono
1963 2617 2026 2652 vel
2062 2617 2162 2653 malo
2201 2616 2292 2653 eius.
2330 2617 2507 2654 Similiter

1449 2668 1562 2705 etiam
1591 2668 1655 2716 qui
1683 2667 1843 2717 impedit
1869 2668 2033 2717 aliquem
2063 2681 2085 2705 a
2113 2669 2170 2706 sui
2193 2670 2378 2719 propositi
2406 2682 2506 2709 asse-

1451 2721 1612 2768 cutione,
1633 2733 1711 2758 non
1730 2729 1885 2770 propter
1913 2721 2076 2770 aliquam
2094 2722 2291 2759 utilitatem
2319 2722 2390 2760 sibi
2416 2723 2505 2761 inde

1449 2773 1750 2824 provenientem,
1767 2786 1845 2810 non
1862 2774 2013 2811 videtur
2025 2775 2188 2812 multum
2205 2787 2336 2812 curare
2351 2776 2400 2813 de
2413 2776 2506 2813 ami-

1451 2827 1535 2873 citia
1564 2827 1654 2864 eius.
1681 2827 1731 2863 Et
1758 2827 1845 2864 ideo
1874 2827 2002 2864 omnia
2033 2828 2132 2876 talia,
2161 2828 2385 2876 inquantum
2420 2824 2506 2866 sunt

1452 2880 1556 2928 signa
1586 2886 1837 2928 contemptus,
1859 2887 1945 2916 sunt
1971 2881 2219 2929 provocativa
2247 2880 2336 2918 irae.

390 3011 416 3043 α)
438 3013 472 3037 et.
490 3024 508 3029 -
527 3010 588 3034 Om.
606 3009 707 3034 AEFG.

390 3045 415 3078 β)
436 3045 546 3085 duplex.
563 3058 582 3063 -
600 3044 740 3076 dupliciter
758 3044 984 3069 ABCDEFGHlL.

389 3082 415 3114 γ)
435 3088 478 3105 eos
497 3080 543 3113 qui
560 3080 702 3104 laeserunt.
721 3093 738 3098 -
757 3087 800 3104 eos
815 3080 860 3111 qui
874 3087 901 3104 se
919 3081 1052 3105 laeserunt
1067 3081 1096 3110 Ε
1109 3088 1153 3106 eos
1168 3088 1195 3106 se
1213 3082 1347 3107 laeserant
1360 3081 1395 3111 F;

337 3117 370 3142 ab
381 3117 418 3142 eis
432 3116 478 3149 qui
490 3116 624 3140 laeserunt
637 3115 761 3140 editiones
777 3115 886 3148 aliquae.
907 3116 1072 3143 Aristoteles.
1085 3113 1163 3141 lxou‘
1153 3114 1195 3141 εὰν
1212 3111 1251 3140 αἰδι
1254 3125 1279 3141 z:
1277 3117 1304 3141 ἵν
1319 3113 1345 3140 οἵ
1346 3125 1396 3140 ων-

1451 3019 1491 3035 rat
1511 3005 1559 3035 ἆυῖ
1561 3019 1585 3035 Ol
1605 3019 1646 3034 και
1666 3009 1767 3039 θῐκαίως
1787 3007 1905 3046 πάσγεῑψ
1920 3019 1949 3036 01)
1961 3009 2043 3045 γίγνὲ
2032 3019 2072 3036 ῖαῑ
2087 3020 2135 3046 γαρ
2154 3011 2168 3043 ἡ
2190 3008 2252 3046 ὀργὴ
2271 3021 2359 3045 ἰ’-ρος
2347 3021 2376 3037 το
2398 3011 2506 3040 stim

1501 3045 1526 3077 ὃ)
1545 3049 1643 3070 autem.
1661 3059 1679 3065 -
1697 3047 1767 3070 enim
1786 3045 1834 3071 Pa.
1852 3060 1870 3065 —
1889 3046 1938 3070 Pro
1957 3053 1994 3071 ex
2012 3050 2093 3077 certa,
2113 3050 2187 3072 certa
2206 3047 2316 3072 codices.

1502 3082 1523 3112 ε)
1545 3081 1695 3106 irascimur.
1712 3095 1731 3100 -
1749 3081 1902 3106 irascuntur
1920 3081 1960 3106 hic
1980 3087 2004 3106 et
2023 3089 2082 3107 mox
2101 3082 2334 3115 ABCDFGKLpl-l.

1503 3116 1528 3148 ζ)
1545 3119 1645 3148 putant
1664 3117 1743 3141 nullo.
1761 3130 1779 3135 —
1798 3117 1868 3141 nullo
1888 3117 1965 3142 modo
1980 3120 2080 3149 putant
2095 3118 2166 3148 PCE,
2177 3121 2277 3150 putant
2289 3119 2361 3144 nullo
2374 3119 2452 3143 modo
2466 3119 2506 3143 FI.

2528 1101 2537 1110 ·
2552 1099 2609 1127 Cap.
2623 1105 2657 1127 ιιι,
2672 1106 2694 1121 ιι.
2730 1116 2736 1122 ,

2531 1469 2539 1477 ·
2554 1467 2611 1494 Cap.
2626 1473 2652 1494 n,
2667 1473 2690 1489 n.
2703 1474 2724 1496 3.
