2924 4152
386 300 493 353 Quis
526 299 797 340 sacerdotum
830 312 918 340 non
951 300 1106 341 baculo
1141 300 1370 354 Aquinatis
1404 299 1584 349 innixus,
1619 300 1661 341 in
1695 299 1915 355 expiandis
1947 301 2130 355 peccatis
2168 301 2426 355 populorum
2460 314 2547 341 non

385 374 513 415 saepe
553 361 798 415 cespitabit?
832 361 1034 402 Enervati
1067 361 1214 415 procul
1248 361 1381 401 dubio
1416 367 1538 402 erunt
1569 375 1617 402 ac
1650 362 1742 402 sine
1773 362 1935 402 viribus
1968 362 2134 416 absque
2166 362 2248 403 hoc
2287 362 2339 403 de
2376 362 2547 416 pulpitis

386 423 689 471 declamantes;
724 422 766 463 in
794 428 997 476 tantaque
1030 423 1175 478 legum
1209 422 1437 471 affluentia,
1471 423 1592 476 periti
1626 423 1824 464 Caesarei
1853 424 2150 478 Pontificiique
2183 423 2289 464 Iuris
2322 423 2473 477 inopes
2508 429 2549 464 et

372 490 572 539 egentes.
1878 522 1881 524 .

509 545 642 586 Sicuti
681 557 786 585 vero
825 545 1052 599 Aquinatis
1092 544 1307 592 Thomae,
1352 544 1459 585 inter
1496 544 1816 586 Praedicatores
1860 545 2076 600 principis,
2117 546 2274 587 fructus
2319 545 2547 600 decerpere

384 606 523 646 nullus
557 606 704 647 debuit
735 606 851 660 prius
885 619 1015 660 quam
1050 605 1278 646 Caietanus
1311 605 1520 654 Thomas,
1554 606 1597 646 in
1629 606 1930 647 Praedicatorii
1962 607 2107 663 gregis
2140 607 2313 661 specula
2342 608 2546 648 constitu-

383 673 468 716 tus;
502 667 559 707 ita
590 667 781 721 profecto
815 681 841 708 a
872 667 988 707 nullo
1023 666 1174 707 melius
1207 666 1441 721 accipiendi
1474 673 1573 707 sunt
1604 673 1733 721 atque
1766 667 1932 708 avidius
1966 668 2233 717 comedendi,
2262 682 2392 723 quam
2414 669 2468 710 ab
2493 681 2546 710 eo

384 728 457 781 qui
490 728 809 769 Praedicatores
843 733 959 768 tanta
993 733 1058 768 est
1091 728 1261 769 caritate
1300 728 1567 782 complexus,
1602 734 1662 777 ut,
1704 741 1815 768 nunc
1848 729 1990 770 bonos
2024 730 2065 770 in
2098 729 2177 770 illis
2211 743 2353 771 mores
2393 731 2546 771 confir-

383 802 517 838 mans,
552 803 663 829 nunc
696 789 922 839 restituens
954 789 1226 837 collabentes,
1261 789 1304 829 in
1332 789 1529 830 fovendis
1562 789 1927 844 protegendisque
1961 790 2039 830 illis
2068 796 2110 831 et
2131 792 2331 832 omnibus
2363 798 2549 846 praestet

383 856 426 891 et
457 864 482 891 a
514 851 683 891 nemine
720 856 952 904 superetur.
988 850 1169 891 Accedit
1202 850 1321 904 quod
1359 850 1611 891 nobilissimi
1644 851 1723 891 viri
1756 864 1804 891 ac
1837 864 1965 905 supra
1985 851 2116 892 fidem
2139 852 2385 902 doctissimi,
2411 853 2547 908 qualis

383 917 448 952 est
479 911 675 964 Aquinas
708 917 869 960 noster,
911 911 1179 952 nobilissimo
1218 911 1260 951 in
1299 911 1444 965 primis
1483 918 1524 952 et
1556 912 1663 952 inter
1695 911 1883 952 eruditos
1923 912 2115 966 quotidie
2151 913 2371 964 victitanti,
2414 915 2547 955 Com-

382 973 588 1013 mentaria
623 973 713 1012 iure
747 972 937 1025 quodam
971 972 1115 1013 debita
1151 972 1360 1013 videntur.
1397 973 1520 1024 Quae
1559 972 1645 1012 duo
1685 986 1815 1026 quam
1851 974 1940 1027 pari
1974 987 2085 1014 nexu
2126 974 2168 1013 in
2206 988 2339 1016 unum
2377 981 2418 1016 te
2459 976 2547 1016 coi-

380 1033 535 1082 verint,
570 1046 658 1074 non
691 1033 937 1074 hominibus
971 1033 1078 1082 iam,
1112 1033 1191 1074 sed
1224 1033 1327 1088 ipsis
1361 1034 1504 1081 etiam,
1538 1033 1574 1073 si
1607 1033 1718 1085 licet,
1753 1033 1887 1073 brutis
1925 1047 1974 1074 ac
2010 1034 2223 1089 lapidibus
2263 1036 2546 1091 colliquescit:

380 1107 643 1148 possemque
676 1107 760 1150 ego
791 1094 988 1135 stolidior
1020 1095 1238 1149 aliquanto
1271 1095 1446 1135 forsitan
1479 1093 1625 1141 videri,
1650 1094 1685 1134 si
1708 1107 1899 1134 amorem
1921 1101 2041 1135 tuum
2074 1109 2123 1136 ac
2156 1096 2344 1137 studium
2377 1098 2419 1138 in
2453 1111 2548 1138 eru-

381 1155 494 1195 ditos
531 1155 664 1204 viros,
704 1156 740 1196 si
774 1156 901 1196 etiam
940 1156 1122 1197 familiae
1155 1162 1269 1203 tuae,
1305 1161 1394 1195 tum
1432 1154 1712 1195 Pontificibus
1750 1155 1960 1204 Summis,
2000 1162 2090 1197 tum
2122 1150 2256 1213 longo
2291 1158 2549 1199 Senatorum

380 1217 563 1271 agmine,
599 1222 760 1271 quanto
794 1217 953 1258 scilicet
992 1217 1150 1257 nullam
1189 1216 1232 1256 in
1265 1221 1357 1256 toto
1394 1215 1635 1257 Christiano
1669 1216 1774 1257 orbe
1807 1218 2009 1272 reperias,
2046 1225 2292 1268 exornatae,
2327 1232 2550 1260 recensere

379 1277 527 1318 laudes
559 1291 780 1332 paravero.
816 1278 1032 1332 Superest,
1067 1276 1443 1319 Reverendissime
1475 1278 1601 1319 Pater
1623 1291 1672 1318 ac
1695 1279 1900 1328 Domine,
1935 1285 1992 1328 ut,
2028 1280 2202 1334 quando
2236 1293 2376 1335 neque
2399 1294 2549 1322 aurum

379 1352 519 1393 neque
552 1345 776 1394 argentum
810 1339 911 1379 mihi
946 1345 1027 1388 est,
1062 1353 1123 1388 ac,
1152 1339 1188 1380 si
1211 1339 1397 1380 maxime
1430 1339 1612 1389 adesset,
1647 1353 1698 1381 ea
1729 1346 1802 1381 tua
1835 1346 1899 1381 est
1930 1341 2149 1397 integritas
2183 1354 2294 1396 quae
2327 1342 2382 1383 ad
2416 1343 2548 1383 collu-

379 1400 516 1441 centia
547 1401 688 1441 solum
721 1400 801 1440 ista
835 1406 876 1440 et
909 1401 1023 1441 fluxa
1056 1414 1143 1441 non
1183 1400 1332 1450 inhiet;
1366 1406 1413 1441 ut
1444 1400 1549 1442 haec
1582 1414 1678 1451 mea
1709 1414 1886 1443 munera
1915 1415 1965 1443 ea
1987 1416 2073 1457 qua
2096 1402 2248 1444 dantur
2273 1403 2411 1445 fronte
2443 1405 2548 1445 reci-

376 1461 480 1515 pias,
516 1468 557 1502 et
589 1461 738 1502 calathi
772 1461 1021 1503 tenuitatem
1059 1462 1250 1516 ipsorum
1292 1462 1522 1512 fructuum,
1557 1476 1669 1517 quos
1706 1463 1783 1504 tibi
1820 1477 1932 1504 nunc
1966 1464 2136 1514 damus,
2172 1471 2213 1506 et
2244 1465 2472 1520 ampliores
2506 1467 2549 1507 in

376 1529 596 1576 posterum
628 1523 890 1578 pollicemur,
926 1523 1100 1565 dulcore
1134 1537 1183 1565 ac
1215 1523 1479 1580 pinguedine
1513 1524 1710 1566 metiaris.
1743 1525 1853 1566 Vale
1885 1525 2068 1567 feliciter.
