2846 4146
95 314 106 326 ⁸
111 314 136 335 ln
144 319 192 341 arg.
197 312 246 335 sed
251 318 278 334 co

96 342 143 361 tra.

96 575 106 586 ⁸
121 574 188 596 Vers.
202 574 237 596 28.

97 940 106 948 ·
122 937 170 965 Qu.
178 942 250 962 vau,
263 939 305 958 art.

90 1467 304 1504 *Μφωιωυῑι-

90 1780 104 1790 ‘
117 1778 237 1808 Vere-34.

89 2609 101 2618 ·
115 2607 184 2630 Vern.
196 2613 217 2635 2,
231 2613 253 2636 3.

88 2738 91 2742 ,
105 2720 171 2740 ‘inlr-Iu.
185 2720 230 2740 υἷ’-..Χ
241 2726 245 2730 ”
266 2720 269 2722 “

89 2752 154 2767 ,ur-'1
165 2755 175 2766 ,ι
190 2753 213 2766 1¹>
224 2763 227 2767 ,
244 2746 262 2765 ’.
276 2755 278 2757 >

90 2771 102 2781 ·
115 2769 184 2792 ven.
199 2775 230 2791 ιι.
251 2789 254 2792 ,

106 2806 115 2818 l:
134 2804 200 2819 ‚Vl-'¹7

89 2872 100 2881 ·
114 2869 222 2900 Vera-fi.

89 3195 100 3204 ‘¹
114 3193 182 3216 Vera.
197 3193 220 3216 8.

968 226 1231 272 QUAESTIO
1262 228 1433 274 LXVIII,
1462 229 1756 265 ARTICULUS
1785 229 1851 265 VII

279 309 306 333 η’·
332 304 427 341 sicut
445 310 547 351 patet
564 316 633 352 per
651 304 910 341 auctoritatem
926 305 1119 342 Ambrosii
1143 306 1334 342 inductam
1353 307 1384 342 ³¹².

333 355 451 393 Cuius
479 355 572 392 ratio
602 363 656 393 est
684 356 771 404 quia
799 357 900 394 dona
929 358 1087 406 Spiritus
1116 358 1242 395 Sancti
1274 359 1385 406 perfi-

332 409 436 446 ciunt
467 416 636 446 mentem
668 409 878 446 humanam
907 410 955 447 ad
983 411 1218 459 sequendam
1250 411 1386 447 motio-

333 473 422 498 nem
443 461 601 509 Spiritus
617 461 760 498 Sancti:
778 462 881 509 quod
897 463 1100 511 praecipue
1120 463 1187 500 erit
1201 463 1238 500 in
1253 463 1384 511 patria,

334 514 488 561 quando
515 514 622 550 Deus
651 513 718 550 erit
745 515 871 551 omnia
899 515 936 551 in
966 517 1152 560 omnihus,
1180 523 1222 552 ut
1254 516 1386 552 dicitur

334 567 348 603 I
368 567 419 604 ad
441 567 526 603 Cor.
547 578 595 602 xv
609 566 640 612 ²¹³,
661 574 698 602 et
716 567 870 614 quando
894 568 1013 604 homo
1035 568 1102 605 erit
1121 568 1281 604 totaliter
1299 568 1386 604 sub-

333 618 430 656 ditus
449 620 545 656 Deo.
557 639 581 646 -
597 619 682 656 Alio
702 620 820 656 modo
841 628 999 667 possunt
1019 620 1248 657 considerari
1268 632 1385 668 quan-

332 678 414 708 tum
434 671 482 708 ad
505 671 704 708 materiam
725 671 823 709 circa
841 684 958 720 quam
978 681 1201 721 operantur:
1223 680 1258 709 et
1277 673 1328 709 sic
1347 672 1385 709 in

332 723 520 772 praesenti
547 724 690 760 habent
708 725 968 772 operationem
998 726 1095 762 circa
1123 726 1287 784 aliquam
1308 737 1385 761 ma-

331 775 464 819 teriam
503 775 600 812 circa
628 789 744 824 quam
778 790 855 814 non
891 778 1087 815 habebunt
1124 778 1384 826 operationem

333 828 372 868 in
390 835 490 866 statu
506 828 657 887 gloriae.
679 830 728 866 Et
746 830 956 866 secundum
975 831 1059 876 hoc,
1081 843 1159 868 non
1179 831 1387 867 manebunt

332 881 370 918 in
397 881 540 929 patria.
570 881 665 918 sicut
692 894 805 930 supra
834 882 882 918 de
908 883 1108 920 virtutibus
1137 883 1386 920 cardinalibus

333 933 476 971 dictum
505 941 561 970 est
579 933 609 970 ²¹⁵.
883 959 886 962 Α

385 987 444 1023 An
472 998 612 1024 PR1MUM
638 998 737 1023 ERGO
761 999 943 1028 mcENDUM
972 987 1077 1035 quod
1105 987 1309 1035 Gregorius
1334 988 1387 1024 lo-

332 1038 458 1088 quitur
489 1039 540 1076 ibi
577 1039 624 1076 de
653 1039 762 1076 donis
790 1040 1000 1076 secundum
1034 1040 1139 1087 quod
1168 1048 1389 1088 competunt

333 1091 442 1134 statui
469 1091 676 1140 praesenti:
698 1091 750 1128 sic
778 1092 880 1129 enim
910 1092 1019 1129 donis
1046 1093 1280 1141 protegimur
1299 1105 1388 1129 con-

333 1152 390 1182 tra
404 1142 637 1182 tentamenta
651 1145 854 1182 malorum.
872 1145 950 1182 Sed
968 1145 1006 1181 in
1027 1152 1122 1181 statu
1142 1145 1292 1192 gloriae,
1310 1158 1388 1182 ces—

334 1197 502 1234 santibus
529 1197 648 1243 malis,
670 1209 738 1245 per
766 1197 868 1234 dona
893 1197 1051 1245 Spiritus
1073 1198 1199 1234 Sancti
1219 1197 1389 1245 perficie-

333 1262 421 1288 mur
448 1249 487 1286 in
515 1250 630 1286 bono.

385 1303 445 1339 An
468 1312 657 1341 SECUNDUM
681 1313 864 1339 monimum
893 1302 998 1349 quod
1023 1301 1229 1348 Gregorius
1248 1302 1354 1350 quasi
1373 1308 1388 1330 Υ

331 1354 372 1393 in
389 1354 542 1402 singulis
570 1354 681 1394 donis
708 1354 816 1401 ponit
843 1353 986 1400 aliquid
1013 1354 1120 1402 quod
1143 1354 1272 1390 transit
1300 1367 1388 1391 cum

332 1413 441 1452 statu
445 1405 649 1461 praesenti,
673 1413 709 1442 et
727 1405 870 1454 aliquid
894 1406 999 1453 quod
1018 1413 1218 1453 permanet
1243 1406 1355 1444 etiarn
1375 1405 1388 1428 δ

331 1458 370 1496 in
382 1454 528 1501 futuro.
543 1458 658 1501 Dicit
678 1458 780 1499 enim
795 1457 940 1504 *quod
958 1459 1140 1505 sapientia
1161 1464 1321 1495 mentem
1344 1459 1390 1495 de

330 1517 579 1555 aeternomtm
582 1521 648 1558 spe
667 1516 703 1546 et
720 1510 936 1548 certitudine
949 1511 1083 1557 reficit:
1104 1518 1269 1558 quorum
1294 1511 1388 1548 duo—

330 1575 418 1607 rum
437 1563 694 1614 spesatransit,
723 1564 790 1605 sed
819 1562 1003 1601 certitudo
1023 1571 1206 1601 remanet.
1226 1583 1250 1590 -
1272 1564 1320 1601 Et
1342 1564 1389 1603 de

325 1617 520 1660 intellectu
534 1616 748 1663 dicitquod
760 1616 800 1657 in
816 1628 860 1652 eo
879 1616 979 1663 quod
995 1616 1123 1657 audita
1134 1621 1316 1663 penetrat,
1333 1628 1389 1652 re-

326 1670 490 1718 ficiendo
500 1670 762 1715 cor,;tenebras
775 1669 854 1706 eius
867 1668 1040 1708 illustrat:
1061 1681 1225 1716 quorum
1240 1669 1389 1707 auditus

327 1723 479 1770 mansit«,
495 1722 585 1771 quia
603 1734 686 1759 non>
707 1722 851 1759 docebit
867 1721 927 1758 vir
942 1722 1114 1768 fratrem
1131 1733 1259 1767 suum,
1275 1729 1318 1758 ut·
1335 1722 1389 1760 di-

327 1775 579 1820 eiturfslerem.
589 1786 674 1812 xxxi
692 1773 730 1820 *;
743 1775 818 1815 *sed
834 1774 1033 1812 illustratio
1051 1774 1189 1813 mentis
1205 1774 1387 1813 manebit.

330 1848 354 1856 -
369 1829 428 1865 De
449 1827 607 1864 consilio
628 1835 756 1864 autem
771 1827 859 1864 dicit
877 1827 983 1875 quod
994 1827 1171 1875 prohibet
1187 1839 1265 1865 esse
1276 1834 1390 1875 prae-

2415 228 2492 274 453

1439 306 1600 354 cipitem,
1629 307 1732 355 quod
1762 315 1816 343 est
1853 307 2108 343 necessarium
2141 307 2179 343 in
2214 305 2421 354 praesenti:
2458 313 2494 342 et

1439 358 1574 395 iterum
1595 359 1698 407 quod
1719 359 1864 396 ratione
1890 360 2059 396 animum
2083 360 2208 407 replet,
2230 360 2334 406 quod
2354 366 2408 395 est
2428 370 2493 394 ne-

1440 411 1643 448 cessarium
1663 411 1775 448 etiam
1805 412 1842 447 in
1871 412 2008 448 futuro.
2029 432 2053 438 -
2070 413 2127 448 De
2155 411 2369 448 fortitudine
2398 423 2491 448 vero

1439 464 1527 501 dicit
1554 464 1658 513 quod
1685 465 1844 501 adversa
1873 476 1946 501 non
1975 464 2119 509 metuit,
2145 465 2248 512 quod
2278 471 2332 500 est
2361 475 2490 500 neces-

1439 517 1580 553 sarium
1603 516 1641 553 in
1663 517 1871 564 praesenti:
1897 524 1933 552 et
1960 516 2095 552 iterum
2116 516 2221 564 quod
2249 516 2493 563 confidentiae

1439 570 1538 605 cibos
1552 570 1714 617 apponit,
1730 569 1833 617 quod
1849 576 2046 617 permanet
2062 568 2176 605 etiarn
2195 568 2233 604 in
2249 569 2386 604 futuro.
2398 589 2422 595 —
2435 570 2491 604 De

1438 621 1592 658 scientia
1619 633 1712 658 vero
1740 633 1862 658 unum
1893 628 2039 658 tantum
2073 621 2193 669 ponit,
2224 620 2361 656 scilicet
2388 621 2493 667 quod

1439 674 1677 723 ignorantiae
1713 674 1891 710 ieiunium
1918 679 2087 721 superat,
2118 673 2222 722 quod
2259 673 2418 721 pertinet
2445 672 2492 708 ad

1440 734 1576 763 statum
1603 734 1855 775 praesentem.
1887 727 1962 763 Sed
1991 726 2096 774 quod
2115 731 2127 747 ὅ
2151 725 2266 771 addit,
2296 726 2332 761 in
2364 730 2494 762 ventre

1439 780 1589 824 mentis,
1619 786 1743 827 potest
1769 779 1973 826 figuraliter
2000 778 2146 826 intelligi
2181 777 2335 826 repletio
2369 777 2494 824 cogni-

1439 831 1562 876 tionis,
1579 830 1704 879 quae‘
1724 831 1884 879 pertinet
1913 831 2025 868 etiam
2047 831 2095 868 ad
2115 838 2253 867 statum
2273 831 2453 866 futurum.
2469 850 2493 857 -

1441 885 1499 920 De
1527 884 1665 932 pietate
1692 896 1784 920 vero
1815 884 1903 920 dicit
1930 884 2035 931 quod
2063 884 2184 920 cordis
2216 883 2359 920 viscera
2386 881 2494 918 mise-

1441 937 1626 973 ricordiae
1644 937 1816 983 operibus
1835 936 1959 984 replet.
1977 937 2093 982 Quod
2113 936 2267 983 quidem
2284 934 2492 971 secundum

1440 989 1570 1035 verba,
1586 988 1746 1036 pertinet
1759 996 1904 1025 tanturn
1924 989 1973 1025 ad
1992 996 2130 1025 statum
2145 996 2397 1037 praesentem.
2418 986 2494 1023 Sed

1442 1042 1520 1089 ipse
1540 1041 1693 1078 intimus
1712 1041 1869 1077 affectus
1887 1041 2163 1089 proximorum,
2179 1051 2248 1089 per
2265 1041 2411 1078 viscera
2432 1040 2495 1076 de-

1442 1094 1617 1141 signatus,
1633 1093 1795 1142 pertinet
1815 1093 1926 1130 etiam
1942 1094 1990 1130 ad
2005 1094 2172 1130 futurum
2188 1101 2342 1138 statum;
2359 1092 2398 1129 in
2417 1104 2494 1140 quo

1443 1147 1559 1194 pietas
1579 1158 1657 1183 non
1673 1146 1863 1182 exhibebit
1877 1145 2156 1182 misericordiae
2176 1158 2304 1194 opera,
2325 1145 2392 1181 sed
2407 1157 2496 1181 con-

1442 1199 1698 1246 gratulationis
1714 1198 1905 1235 affectum.
1917 1219 1938 1226 -
1951 1200 2007 1235 De
2023 1199 2158 1235 timore
2177 1210 2271 1236 vero
2287 1197 2373 1234 dicit
2392 1197 2496 1245 quod

1439 1252 1578 1299 premit
1594 1257 1765 1297 mentem,
1782 1263 1829 1288 ne
1843 1251 1888 1287 de
1899 1252 2158 1298 praesentibus
2176 1250 2374 1298 superbiat,
2391 1250 2497 1296 quod

1443 1304 1601 1352 pertinet
1616 1303 1664 1339 ad
1687 1311 1824 1340 statum
1844 1311 2101 1351 praesentem3
2123 1311 2158 1340 et
2177 1303 2280 1350 quod
2300 1303 2345 1339 de
2352 1302 2498 1349 futuris

1443 1357 1523 1392 cibo
1548 1362 1566 1383 η
1584 1356 1663 1403 spei
1680 1357 1877 1403 confortat,
1902 1356 2007 1404 quod
2034 1356 2147 1392 etiam
2171 1355 2331 1403 pertinet
2354 1355 2402 1391 ad
2426 1362 2497 1390 sta-

1443 1416 1524 1444 tum
1551 1415 1802 1456 praesentem,
1831 1416 2017 1456 quantum
2046 1409 2092 1445 ad
2123 1420 2250 1457 spem3
2279 1407 2347 1444 sed
2374 1414 2499 1455 potest

1444 1461 1556 1496 etiam
1586 1460 1634 1496 ad
1663 1468 1801 1496 statum
1829 1461 1995 1498 futurum
2023 1460 2222 1508 pertinere,
2243 1466 2430 1508 quantum
2449 1459 2498 1496 ad

1443 1512 1759 1549 confortationem
1777 1511 1835 1549 'de
1864 1514 1977 1550 rebus
2004 1513 2067 1549 hic
2094 1513 2263 1561 speratis,
2290 1519 2326 1549 et
2352 1511 2403 1548 ibi
2432 1512 2499 1548 ob-

1440 1564 1566 1604 tentis.

1459 1638 1461 1640 -
1496 1618 1556 1654 An
1582 1628 1741 1655 TERTmM
1769 1629 1952 1654 mCENDUM
1979 1617 2084 1665 quod
2119 1617 2213 1654 ratio
2242 1617 2303 1653 illa
2330 1616 2500 1664 procedit

1442 1669 1491 1707 de
1511 1669 1622 1707 donis
1641 1677 1824 1717 quantum
1845 1669 1893 1706 ad
1913 1669 2121 1706 materiam.
2143 1670 2273 1717 Opera
2293 1668 2394 1705 enim
2414 1669 2501 1705 acti-

1442 1734 1515 1760 vae
1533 1721 1634 1759 vitae
1654 1734 1732 1759 non
1751 1729 1861 1759 erunt
1878 1722 2036 1759 materia
2051 1722 2263 1758 donorum:
2285 1722 2352 1758 sed
2371 1721 2501 1758 omnia

1443 1776 1638 1812 habebunt
1666 1783 1771 1816 actus
1799 1787 1888 1812 suos
1917 1775 2015 1812 circa
2043 1787 2089 1812 ea
2116 1787 2216 1822 quae
2239 1773 2425 1822 pertinent
2452 1774 2500 1811 ad

1442 1828 1562 1865 vitam
1592 1828 1938 1876 contemplativam,
1970 1840 2067 1875 quae
2098 1835 2152 1864 est
2179 1827 2256 1864 vita
2284 1827 2405 1864 beata.

381 1952 408 1985 γ)
427 1952 513 1984 quasi,
526 1966 544 1970 -
563 1951 623 1976 Om.
643 1952 688 1976 Pa.

382 1987 406 2020 ὃ)
426 1987 514 2012 etiam.
529 2001 546 2006 -
560 1987 621 2011 Om.
641 1987 687 2011 Ρα.

383 2023 404 2055 ε)
423 2023 502 2055 quod.
515 2036 533 2040 -
547 2029 598 2053 per
617 2022 664 2046 hoc
682 2021 754 2053 quod
771 2021 823 2046 EF.

1494 1951 1518 1981 ζ)
1538 1958 1613 1982 quae.
1625 1951 1732 1983 -quod
1752 1951 2107 1983 EFsB,om.CG1KLpBH.

1441 2029 1494 2045 om
1494 1986 1609 2045 η’)Ηὲἰὸο.
1631 1999 1650 2004 -
1673 1987 1744 2011 cibos
1769 1986 1993 2016 PABCDFGIIa;
2019 1989 2044 2011 et
2067 1986 2174 2017 quod..

2183 2004 2190 2009 .
2213 1989 2312 2010 statum
2333 1978 2500 2017 praesentem

1522 2102 1547 2109 *v

1103 2166 1441 2209 {ARTICULUS
1459 2166 1723 2209 SEPTIMUS

498 2269 655 2300 UTRUM
678 2255 879 2299 DiGNJTAs
903 2267 1446 2301 DONORUM··ATTENDATUR
1462 2267 1704 2299 ‘SECUNDUM
1727 2267 2108 2298 ENUMERATIONEM
2132 2267 2268 2297 1sA1AE
2287 2267 2330 2297 XI

1257 2354 1303 2378 ‘In
1324 2353 1432 2382 haiam,
1451 2361 1506 2385 cap.
1524 2361 1558 2378 n.

326 2473 337 2476 -
400 2459 420 2482 γε
447 2463 515 2512 ⁷2³3<
539 2456 565 2481 n
577 2453 838 2487 5ΕΡΤ1ΜῦΜ-316
851 2452 1091 2485 rnocunirun.
1107 2441 1278 2480 Videtur
1275 2441 1387 2489 quod

326 2525 331 2527 <
369 2494 444 2548 “3³32
457 2484 510 2554 {53
536 2492 705 2543 dignitas
715 2496 917 2534 donorum
935 2507 1014 2532 non
1030 2494 1241 2532 attenditur
1248 2506 1386 2531 wseeun

326 2526 500 2593 :tf-522³!
488 2551 509 2590 t,
538 2549 634 2588 dum
663 2547 989 2587 enumerationem
1011 2559 1093 2595 qua
1118 2554 1389 2585 enumerantur

348 2589 660 2637 1534'3'2N1saiae
677 2612 713 2636 xi
727 2600 757 2636 ²¹⁵.
775 2600 870 2636 Illud
890 2599 991 2636 enim
1005 2599 1157 2637 videtur
1176 2611 1258 2636 esse
1273 2599 1388 2647 potis

330 2654 490 2698 simum
496 2654 557 2693 in
565 2653 690 2699 donis,
711 2653 817 2712 quod
844 2652 1011 2690 maxime
1039 2653 1150 2690 Deus
1164 2652 1212 2689 ab
1232 2652 1387 2689 homine

292 2723 297 2725 >
328 2706 496 2758 requirit.
520 2706 603 2745 Sed
631 2706 809 2744 maxime
825 2705 981 2753 requirit
1011 2706 1117 2742 Deus
1145 2705 1194 2744 ab
1230 2705 1387 2743 homine

329 2760 537 2803 timorem:
553 2758 690 2798 dicitur
711 2758 815 2795 enim
834 2759 944 2795 Dent.
960 2770 984 2795 x
997 2757 1033 2794 *ε
1055 2759 1107 2794 Et
1123 2769 1234 2803 nune,
1253 2758 1386 2804 Israel,

328 2813 421 2861 quid
436 2812 632 2850 Dominus
644 2812 754 2849 Deus
772 2816 856 2847 tuus
877 2811 970 2858 petit
995 2822 1020 2847 a
1047 2816 1092 2856 te,
1113 2810 1185 2847 nisi
1200 2815 1242 2847 ut
1258 2811 1389 2848 tinoeas

327 2865 538 2906 Dominum
556 2864 836 2903 Deum-tuum?
854 2871 894 2901 et
911 2863 1105 2900 Malacha
1128 2863 1149 2899 *ἴ
1172 2862 1391 2901 ‹tiamne-Si

325 2930 404 2968 ego
414 2918 621 2963 Dominus„
635 2917 831 2955 uhitimor
844 2915 976 2954 meus?
995 2916 1096 2963 Ergo
1115 2915 1271 2953 videtur-
1285 2917 1388 2964 quod

327 2971 466 3017 timor,
484 2970 559 3020 qui
578 2977 825 3007 enumeratur
850 2969 998 3015 ultimo,
1021 2981 1104 3008 non
1133 2968 1179 3006 sit
1210 2968 1387 3007 infimum

330 3023 554 3069 donorum,
565 3023 635 3060 sed
660 3022 883 3061 maximum.
1048 3044 1049 3048 =
1167 3038 1169 3041 -
1375 3043 1377 3045 ·

355 3088 429 3115 2ι
436 3077 673 3121 PRAETEREA,
693 3075 826 3123 pietas
822 3075 982 3111 videtur
998 3085 1082 3111 esse
1105 3054 1317 3122 quoddam
1322 3074 1389 3110 bo-

328 3141 423 3167 num
447 3128 681 3167 universale:
708 3128 799 3166 dicit
820 3127 921 3165 enim
947 3127 1167 3174 Apostolus,
1187 3128 1210 3163 Ι
1220 3127 1284 3163 ad
1286 3127 1387 3164 Tim

328 3194 366 3221 m
382 3181 413 3228 ’ἢ
433 3181 547 3229 quod
562 3182 684 3229 pietas
709 3181 761 3218 ad
786 3181 914 3218 omnia
941 3179 1039 3219 utilis
1061 3185 1124 3217 est.
1138 3180 1222 3216 Sed
1239 3180 1389 3217 :bonum

327 3234 541 3271 universale
568 3234 777 3282 praefertur
812 3232 1101 3282 particularibus
1134 3232 1256 3268 bonis.
1286 3233 1388 3280 Ergo

326 3287 460 3336 pietas,
478 3292 576 3335 quae
587 3287 801 3335 penultimo
822 3292 838 3308 ‘²
860 3293 1115 3332 enumeratur,
1135 3284 1288 3322 videtur
1306 3297 1389 3321 esse

327 3340 568 3389 potissimum
584 3340 802 3377 donorum.

384 3394 418 3430 3.
435 3394 667 3440 PRAETEREA,
684 3392 837 3429 scientia
850 3391 998 3440 perficit
1013 3390 1192 3428 iudicium
1207 3390 1387 3435 hominis;

1439 2441 1640 2479 consilium
1669 2449 1796 2479 autem
1826 2441 1876 2479 acl
1903 2441 2188 2489 inquisitionem
2220 2442 2395 2490 pertinet.
2424 2443 2500 2480 Sed

1437 2494 1622 2531 iudicium
1637 2494 1873 2542 praeeminet
1891 2494 2132 2541 inquisitioni.
2148 2495 2251 2541 Ergo
2271 2494 2425 2532 scientia
2445 2503 2501 2532 est

1440 2546 1566 2594 potius
1595 2546 1740 2583 donum
1766 2557 1883 2594 quam
1908 2546 2123 2584 consilium:
2150 2559 2238 2584 cum
2256 2554 2386 2584 tamen
2412 2555 2501 2597 pos't

1439 2606 1696 2636 enumeretur.

1484 2663 1530 2698 ι4.
1551 2653 1784 2698 PRAETEREA,
1807 2651 1988 2688 fortitudo
2015 2652 2178 2700 pertinet
2200 2652 2248 2689 ad
2275 2652 2356 2689 vim
2384 2665 2499 2701 appe-

1439 2704 1604 2749 titivam;
1629 2704 1783 2741 scientia
1803 2712 1931 2742 autem
1949 2706 1996 2742 ad
2017 2704 2215 2742 rationem.
2233 2706 2310 2742 Sed
2330 2705 2423 2742 ratio
2443 2714 2500 2743 est

1440 2757 1669 2795 eminentior
1687 2769 1804 2804 quam
1832 2757 1890 2794 vis
1916 2757 2135 2805 appetitiva.
2157 2758 2260 2805 Ergo
2281 2765 2317 2794 et
2343 2758 2498 2796 scientia

1438 2818 1497 2848 est
1525 2809 1749 2847 eminentius
1778 2811 1924 2847 donum
1951 2822 2065 2858 quam
2094 2810 2295 2848 fortitudo:
2324 2823 2421 2858 quae
2445 2819 2498 2848 ta-

1441 2872 1533 2900 men·
1558 2863 1684 2911 primo
1714 2870 1967 2899 enumeratur.
1997 2863 2088 2899 Non
2118 2875 2207 2910 ergo
2246 2863 2402 2910 dignitas
2431 2865 2498 2900 do-

1438 2919 1580 2954 norum
1607 2915 1809 2953 attenditur
1841 2915 2051 2952 secundum
2090 2916 2263 2952 ordinem
2300 2928 2498 2953 enumera-

1439 2968 1552 3005 tionis
1574 2980 1729 3004 eorum.

1495 3022 1570 3057 SED
1590 3032 1736 3058 CONTRA
1753 3031 1820 3057 EST
1838 3021 1942 3068 quod
1962 3020 2195 3067 Augustinus
2215 3021 2313 3064 dicit,
2333 3021 2372 3058 in
2399 3021 2495 3059 libro

1441 3074 1487 3110 de
1513 3074 1643 3110 Serm.'
1663 3074 1776 3110 Dom.
1806 3074 1842 3109 in
1869 3074 2005 3110 Monte
2031 3073 2068 3110 *2
2097 3073 2248 3110 Videtur
2274 3074 2367 3110 mihi
2389 3075 2496 3123 septi—

1437 3126 1575 3172 formis
1602 3126 1769 3174 operatio
1796 3126 1955 3174 Spiritus
1982 3126 2120 3171 Sancti,
2140 3126 2186 3163 de
2202 3138 2278 3174 qua
2305 3127 2426 3164 Isaias
2444 3127 2496 3164 lo-

1441 3179 1578 3227 quitur,
1598 3179 1654 3214 his·
1669 3176 1684 3207 β
1701 3179 1884 3227 gradibus
1908 3179 2167 3227 sententiisque
2193 3191 2405 3229 congruere
2432 3180 2495 3226 (de

1440 3231 1581 3279 quibus
1603 3231 1648 3268 fit
1666 3231 1809 3268 mentio
1825 3232 1959 3268 Matth.
1978 3243 2003 3268 v
2016 3231 2067 3277 *);
2086 3232 2153 3268 sed
2169 3232 2318 3268 interest
2340 3233 2494 3270 ordinis.

1443 3284 1549 3321 Nam
1569 3284 1621 3320 ibi
1638 3283 1792 3330 (scilicet
1805 3283 1844 3320 in
1863 3284 1973 3330 Isaia)
1993 3285 2225 3321 enumeratio
2248 3286 2297 3321 ab
2315 3285 2495 3322 excellen-

1444 3337 1627 3373 tiorihust
1646 3337 1785 3384 coepit.-
1811 3337 1873 3373 hic
1897 3348 1999 3383 vero,
2028 3338 2078 3374 ab
2105 3337 2356 3385 inferioribus.

1497 3390 1720 3426 RESPONDEO
1758 3401 1942 3426 DICENDUM
1978 3390 2083 3438 quod
2116 3389 2273 3437 dignitas
2307 3390 2496 3427 donorum

383 3499 410 3531 α)
425 3495 583 3531 penultimo.
599 3513 616 3517 —
632 3506 700 3530 pene
721 3498 813 3531 ultimo
833 3498 883 3522 EF.

382 3532 407 3567 β)
425 3535 506 3560 his.-
524 3535 585 3559 Om.
606 3534 644 3565 G,
663 3534 690 3558 in
709 3534 796 3558 ceteri.

1493 3497 1519 3528 γ)
1539 3495 1777 3520 excellentioribus.
1790 3509 1808 3513 -
1826 3495 2015 3520 excelsioribus
2034 3495 2061 3519 Ρ.

2522 3091 2533 3101 “
2546 3089 2599 3111 Lib.
2612 3090 2630 3117 1,
2641 3095 2692 3117 cap.
2702 3096 2735 3112 xv.

2522 3256 2531 3264 ·
2547 3254 2613 3276 Vere.
2627 3261 2639 3283 3
2654 3261 2706 3282 sqq.
