2852 4152
1028 237 1292 283 QUAESTIO
1323 239 1372 286 11,
1401 240 1693 278 ARTICULUS
1720 242 1756 278 V

2424 253 2471 279 21

1094 407 1409 449 ARTICULUS
1439 408 1694 460 QUINTUS

629 504 783 535 UTRUM
806 505 1057 538 BEATITUDO
1080 507 1259 538 H0M1N1s
1284 507 1523 540 CONSISTAT
1547 510 1589 540 1N
1612 510 1776 548 Amouo
1801 510 2011 543 conpoms
2033 512 2151 544 BONO

741 593 775 617 lv
794 593 877 623 Sent„
897 593 956 618 dist.
970 602 1035 623 χιιι,
1055 603 1099 627 qu.
1114 603 1130 627 1,
1150 600 1196 620 art.
1212 603 1234 626 1,
1254 597 1300 628 qu·
1317 603 1342 626 η
1360 596 1392 621 111
1415 597 1489 621 Cont.
1506 598 1591 626 Gent„
1612 605 1667 630 cap.
1679 606 1758 629 xxxn;
1781 599 1923 631 Compend.
1940 599 2035 628 Theol„

1140 636 1204 662 part.
1218 630 1246 661 11,
1265 638 1320 664 cap.
1333 638 1372 661 εις
1391 632 1400 656 1
1421 632 1516 661 Eehic„
1536 632 1593 657 lect.
1607 640 1632 658 x.

339 763 347 777 Ι
364 762 371 769 .
396 739 406 760 2,
431 748 471 770 ,4
494 740 498 748 s
519 734 542 759 n
563 733 724 764 QUlNTUM
744 729 797 760 Slc'
817 734 1055 761 PROCED1TUR.
1083 725 1241 762 Videtur
1259 725 1363 774 quod

450 770 501 832 '33
521 774 713 812 beatitudo
742 776 908 813 hominis
933 781 950 797 α
979 777 1156 814 consistat
1183 778 1222 814 in
1254 778 1363 814 bonis

424 870 437 880 Ὗ
464 822 702 876 “corporis.
723 828 868 865 Dicitur
886 829 988 866 enim
1003 830 1119 867 Eccli.
1134 842 1206 867 xxx
1219 830 1256 867 *ε
1271 831 1362 867 Νοη

366 893 378 911 x*
402 879 427 902 “³
480 869 575 917 est
599 891 730 917 census
756 893 871 929 supra
899 893 1050 918 censum
1077 883 1206 919 salutis
1232 894 1363 931 corpo-

310 933 373 971 ris.
404 932 483 970 Sed
508 932 547 970 in
574 945 621 969 eo
650 933 755 981 quod
784 942 839 971 est
866 934 1064 982 optimum,
1085 934 1252 971 consistit
1276 936 1364 972 bea-

310 985 442 1024 titudo.
473 986 575 1033 Ergo
604 985 771 1022 consistit
797 986 837 1024 in
864 986 1033 1035 corporis
1060 987 1190 1024 salute.

365 1050 399 1075 2.
429 1039 667 1085 PRAETEREA‚
696 1038 902 1087 Dionysius
931 1039 1030 1086 dicit,
1058 1052 1082 1076 v
1106 1052 1186 1088 cap.
1212 1040 1258 1076 de
1274 1040 1362 1077 Div.

308 1091 426 1128 Nom.
446 1090 482 1138 ²⁸²,
512 1091 617 1139 quod
651 1103 733 1128 esse
762 1098 818 1128 est
844 1091 979 1129 melius
1007 1104 1123 1140 quam
1150 1092 1298 1139 vivere,
1328 1100 1364 1129 et

309 1143 442 1181 vivere
479 1144 615 1181 melius
640 1142 655 1173 β
682 1156 798 1192 quam
836 1144 907 1181 alia
940 1157 1037 1192 quae
1067 1153 1362 1193 consequuntur.

311 1196 388 1233 Sed
420 1196 468 1234 ad
503 1209 586 1234 esse
614 1203 650 1234 et
674 1196 806 1233 vivere
833 1197 998 1235 hominis
1033 1197 1231 1246 requiritur
1264 1198 1363 1234 salus

309 1249 490 1297 corporis.
519 1250 618 1286 Cum
649 1261 737 1296 ergo
772 1249 964 1286 beatitudo
1001 1249 1047 1285 sit
1074 1262 1269 1286 summum
1296 1250 1364 1286 bo-

308 1313 402 1338 num
430 1301 616 1347 hominis,
643 1301 794 1338 videtur
821 1301 926 1348 quod
954 1302 1055 1337 salus
1083 1302 1252 1349 corporis
1284 1314 1363 1338 ma-

306 1353 407 1390 xime
435 1353 620 1401 pertineat
645 1354 694 1390 ad
721 1353 1001 1390 beatitudinem.

364 1406 399 1442 3.
427 1405 658 1452 Pmram,
687 1413 830 1453 quanto
859 1405 1000 1454 aliquid
1028 1412 1083 1442 est
1110 1405 1362 1452 communius,

291 1458 488 1496 rmorab
516 1457 636 1495 altiori
662 1457 848 1506 principio
877 1458 1082 1506 dependet:
1108 1458 1197 1506 quia
1221 1467 1363 1506 quanto

309 1522 424 1549 causa
451 1517 508 1548 est
535 1510 718 1559 superior,
746 1517 850 1548 tanto
878 1510 958 1547 eius
985 1510 1103 1548 virtus
1127 1511 1176 1547 ad
1195 1511 1304 1559 plura
1322 1523 1363 1547 se

309 1562 484 1601 extendit.
518 1563 596 1601 Sed
632 1563 726 1600 sicut
763 1563 958 1601 causalitas
996 1575 1131 1600 causae
1169 1563 1364 1600 efficientis

309 1616 568 1654 consideratur
595 1616 805 1653 secundum
831 1615 1079 1662 influentiam,
1098 1616 1148 1652 ita
1169 1616 1363 1653 causalitas

307 1669 394 1707 finis
422 1669 622 1706 attenditur
649 1669 859 1706 secundum
888 1668 1109 1717 appetitum.
1139 1669 1240 1717 Ergo
1269 1669 1364 1706 sicut

307 1721 432 1771 prima
459 1733 574 1759 causa
602 1721 769 1759 efficiens
796 1728 852 1758 est
879 1734 978 1770 quae
1005 1721 1045 1758 in
1071 1722 1202 1759 omnia
1229 1722 1362 1769 influit,

307 1773 362 1812 ita
386 1774 540 1811 ultimus
562 1774 647 1811 finis
676 1781 732 1811 est
759 1774 864 1823 quod
892 1775 940 1811 ab
967 1774 1146 1811 omnibus
1175 1774 1364 1812 desidera-

308 1834 381 1864 tur.
402 1827 480 1864 Sed
499 1827 625 1876 ipsum
645 1839 727 1863 esse
747 1834 803 1864 est
821 1828 925 1875 quod
944 1827 1109 1864 maxime
1130 1827 1364 1864 desideratur

309 1880 358 1917 ab
387 1879 578 1918 omnibus.
607 1881 709 1927 Ergo
738 1880 776 1916 in
803 1879 861 1916 his
889 1891 988 1927 quae
1006 1879 1193 1928 pertinent
1212 1880 1260 1917 ad
1280 1892 1362 1917 esse

308 1932 494 1980 hominis,
523 1932 620 1970 sicut
646 1940 703 1969 est
729 1933 830 1969 salus
859 1932 1048 1980 corporis,
1078 1932 1245 1969 maxime
1273 1945 1363 1969 con-

308 1984 402 2022 sistit
428 1985 510 2022 eius
527 1990 543 2014 Υ
571 1985 776 2022 beatitudo.

363 2037 438 2074 San
461 2049 619 2085 coum,
640 2037 852 2075 secundum
872 2036 1143 2074 beatitudinem
1162 2038 1282 2074 homo
1302 2049 1362 2074 ex-

310 2089 408 2126 cellit·
430 2090 563 2127 omnia
588 2090 660 2127 alia
683 2090 860 2127 animalia
878 2087 903 2126 ὃ.
934 2089 1012 2126 Sed
1031 2089 1240 2126 secundum
1261 2091 1363 2126 bona

310 2143 491 2191 corporis,
511 2155 534 2180 a
553 2142 677 2179 multis
696 2143 921 2179 animalibus
949 2150 1160 2190 superatur:
1189 2142 1284 2179 sicut
1313 2143 1362 2179 ab

312 2195 511 2244 elephante
538 2195 577 2232 in
606 2195 844 2233 diuturnitate
876 2195 998 2241 vitae,
1027 2206 1048 2231 a
1075 2195 1185 2231 leone
1216 2194 1255 2231 in
1289 2195 1363 2231 for-

311 2247 490 2295 titudine,
519 2259 542 2284 a
570 2259 684 2284 cervo
713 2247 752 2284 in
780 2259 903 2284 cursu.
933 2247 1035 2294 Ergo
1068 2247 1260 2284 beatitudo
1295 2248 1363 2283 ho-

309 2299 422 2336 minis
449 2311 528 2336 non
557 2300 723 2337 consistit
748 2299 787 2336 in
815 2299 925 2336 bonis
953 2299 1132 2347 corporis.

362 2353 588 2389 Responnno
616 2363 800 2389 mensuum
828 2352 931 2400 quod
949 2351 1181 2400 impossibile
1201 2359 1257 2388 est
1276 2351 1364 2388 bea-

309 2404 509 2442 titudinem
535 2404 701 2442 hominis
719 2404 759 2441 in
778 2404 888 2441 bonis
917 2403 1086 2453 corporis
1115 2404 1318 2440 consistere
1337 2409 1362 2452 ⁸,

309 2465 466 2506 propter
484 2457 573 2495 duo.
602 2457 733 2494 Primo
757 2457 925 2505 quidem,
954 2457 1042 2504 quia
1060 2456 1290 2505 impossibile
1310 2464 1366 2493 est

276 2525 280 2535 ·
310 2511 416 2559 quod
443 2510 539 2547 illius
566 2510 620 2547 rei
647 2522 744 2558 quae
772 2509 967 2547 ordinatur
994 2509 1043 2546 ad
1070 2509 1170 2546 aliud
1199 2509 1294 2546 sicut
1316 2510 1364 2546 ad

310 2563 453 2610 finem,
481 2563 636 2601 ultimus
667 2562 752 2599 finis
785 2562 830 2599 sit
859 2561 1028 2599 eiusdem
1062 2562 1299 2599 conservatio
1326 2562 1365 2599 in

311 2627 406 2652 esse.
426 2616 538 2653 Unde
557 2617 787 2663 gubernator
804 2627 882 2652 non
897 2614 1066 2662 intendit,
1082 2614 1177 2651 sicut
1190 2614 1364 2651 ultimum

311 2667 444 2716 finem,
473 2666 803 2705 conservationem
823 2666 931 2704 navis
951 2667 1021 2704 sibi
1042 2667 1288 2713 commissae;
1318 2679 1363 2703 eo

313 2720 418 2769 quod
448 2721 557 2758 navis
584 2722 634 2758 ad
665 2721 764 2758 aliud
797 2720 988 2757 ordinatur
1021 2719 1117 2756 sicut
1148 2720 1196 2756 ad
1225 2720 1363 2766 finem,

311 2772 451 2810 scilicet
477 2774 526 2811 ad
554 2773 824 2822 navigandum.
854 2773 959 2809 Sicut
986 2780 1113 2809 autem
1135 2772 1243 2809 navis
1263 2784 1366 2809 com-

312 2825 468 2862 mittitur
495 2825 737 2874 gubernatori
764 2826 812 2862 ad
832 2825 1082 2873 dirigendum,
1102 2824 1153 2861 ita
1171 2825 1290 2862 homo
1312 2833 1367 2861 est

312 2890 404 2916 suae
431 2879 615 2916 voluntati
648 2887 686 2915 et
713 2878 847 2915 rationi
879 2878 1126 2923 commissus;
1155 2879 1365 2915 secundum

313 2931 403 2968 illud
422 2932 527 2979 quod
547 2931 680 2968 dicitur
697 2930 813 2967 Eccli.
833 2942 882 2966 xv
899 2930 935 2966 *τ
963 2931 1067 2967 Deus
1090 2931 1139 2966 ab
1157 2930 1260 2966 initio
1279 2941 1366 2966 con-

310 2984 425 3021 stituit
450 2985 650 3030 hominem,
676 2989 712 3020 et
729 2983 879 3031 reliquit
903 2994 987 3019 eum
1015 2983 1053 3018 in
1081 2994 1197 3019 manu
1225 2982 1369 3019 consilii

310 3037 380 3074 sui.
409 3037 655 3075 Manifestum
684 3043 739 3073 est
765 3042 894 3072 autem
914 3034 1018 3083 quod
1036 3035 1156 3071 homo
1176 3035 1368 3071 ordinatur

365 3166 392 3200 α)
411 3166 533 3192 hominis.
551 3180 571 3186 -
588 3166 649 3191 Om.
671 3166 772 3191 codices
791 3171 817 3191 et
835 3173 861 3191 a.

365 3201 390 3235 β)
410 3202 511 3227 melius.
527 3215 547 3222 -
564 3202 626 3227 Om.
645 3202 746 3227 codices
763 3206 790 3226 et
807 3208 832 3226 a.

363 3238 390 3271 γ)
409 3237 473 3262 eius.
491 3251 510 3255 -
528 3237 588 3262 Om.
608 3237 654 3261 Pa.

364 3272 389 3305 ὃ)
408 3272 464 3297 alia
482 3272 620 3296 animalia.
637 3285 656 3290 —-
672 3272 728 3296 alia
746 3272 792 3300 Fa,
812 3271 940 3296 animalia
959 3270 1044 3295 ceteri.

365 3308 387 3339 ε)
406 3307 556 3332 consistere.
574 3321 592 3326 —
609 3310 732 3332 constare
750 3306 879 3332 BCDGla.

365 3342 390 3375 ζ)
410 3342 527 3367 humani.
544 3355 563 3360 —
580 3342 623 3366 sui
641 3342 741 3366 codices
760 3346 786 3366 et
803 3349 829 3366 a.

364 3378 392 3410 η)
411 3381 485 3402 esset.
499 3391 518 3396 -
535 3377 570 3402 sit
588 3376 811 3401 ABCDEFGIKL.
825 3390 843 3395 -
857 3376 906 3401 Pro
924 3376 1034 3401 humani
1052 3383 1114 3405 esse,
1134 3375 1249 3400 humana
1269 3375 1294 3400 in
1310 3382 1365 3401 esse

312 3413 344 3444 K,
362 3419 418 3438 esse
435 3413 545 3438 humani
563 3412 648 3437 ceteri.

1417 725 1466 762 ad
1493 725 1633 774 aliquid
1661 726 1755 764 sicut
1782 728 1831 765 ad
1858 729 1996 766 finem:
2030 741 2108 766 non
2137 730 2236 767 enim
2264 730 2382 767 homo
2412 739 2467 768 est

1416 790 1609 815 summum
1635 779 1793 816 bonum.
1822 780 1932 818 Unde
1965 781 2197 830 impossibile
2218 790 2272 820 est
2292 783 2396 831 quod
2413 785 2469 821 ul-

1416 830 1530 867 timus
1567 831 1653 868 finis
1690 831 1842 869 rationis
1886 841 1921 869 et
1957 835 2159 871 voluntatis
2195 835 2384 872 humanae
2422 836 2467 873 sit

1417 883 1653 920 conservatio
1679 884 1866 921 humani<
1894 898 1987 922 esse.

1471 936 1648 973 Secundo
1677 936 1775 984 quia,
1801 937 1889 975 dato
1918 938 2022 986 quod
2049 939 2134 976 finis
2162 939 2313 976 rationis
2341 947 2377 976 et
2398 952 2466 976 vo-

1416 987 1566 1025 luntatis
1584 989 1774 1025 humanae
1795 996 1892 1026 esset
1906 995 1923 1016 ⁷¹
1940 991 2175 1029 conservatio
2194 991 2352 1028 humani
2371 1004 2464 1039 esse,

1417 1052 1494 1076 non
1522 1046 1649 1077 tamen
1677 1049 1805 1088 posset
1833 1041 1905 1078 dici
1934 1043 2038 1090 quod
2064 1043 2151 1080 finis
2177 1044 2343 1081 hominis
2369 1052 2468 1081 esset

1416 1092 1570 1140 aliquod
1589 1093 1758 1141 corporis
1778 1094 1933 1130 bonum.
1960 1095 2053 1131 Esse
2074 1096 2174 1132 enim
2191 1097 2357 1133 hominis
2378 1109 2466 1133 con-

1416 1145 1508 1181 sistit
1521 1145 1559 1182 in
1575 1145 1702 1182 anima
1717 1153 1753 1182 et
1768 1158 1942 1194 corpore:
1963 1154 1999 1183 et
2013 1148 2187 1194 quamvis
2202 1161 2283 1185 esse
2300 1149 2465 1197 corporis

1417 1197 1628 1246 dependeat
1654 1199 1702 1235 ab
1730 1198 1877 1245 anima,
1908 1211 1990 1235 esse
2017 1206 2145 1236 tamen
2172 1201 2362 1237 humanae
2389 1201 2467 1238 ani-

1416 1262 1502 1286 mae
1529 1262 1607 1286 non
1635 1250 1826 1299 dependet
1852 1263 1874 1287 a
1903 1263 2074 1299 corpore,
2103 1260 2145 1288 ut
2171 1264 2284 1300 supra
2301 1252 2322 1274 ⁸⁸
2345 1261 2467 1290 osten-

1416 1314 1500 1338 sum
1522 1310 1594 1348 est;
1623 1315 1824 1351 ipsumque
1853 1315 1990 1352 corpus
2018 1312 2073 1340 est
2099 1312 2253 1353 propter
2280 1304 2466 1352 animam,

1415 1354 1510 1390 sicut
1536 1355 1692 1391 materia
1718 1363 1873 1403 propter
1900 1356 2062 1393 formam
2090 1356 2129 1403 ²⁵²,
2159 1364 2196 1393 et
2221 1357 2468 1394 instrumenta

1415 1413 1570 1454 propter
1597 1414 1798 1453 motorem,
1826 1415 1868 1444 ut
1894 1420 1961 1456 per
1988 1421 2033 1445 ea
2061 1421 2147 1445 suas
2175 1409 2342 1446 actiones
2365 1421 2468 1447 exer-

1416 1465 1508 1495 ceat.
1543 1458 1653 1495 Unde
1682 1458 1812 1496 omnia
1839 1460 1940 1496 bona
1974 1461 2141 1509 corporis
2174 1461 2392 1499 ordinantur
2418 1462 2468 1499 ad

1417 1511 1518 1548 bona
1546 1511 1713 1557 animae,
1742 1511 1836 1548 sicut
1863 1512 1912 1548 ad
1938 1512 2068 1549 finem.
2097 1513 2208 1550 Unde
2235 1514 2466 1562 impossibile

1417 1571 1472 1599 est
1500 1563 1604 1612 quod
1632 1563 1669 1599 in
1704 1563 1813 1600 bonis
1849 1564 2015 1612 corporis
2043 1565 2234 1602 beatitudo
2269 1567 2464 1614 consistat,

1416 1628 1514 1664 quae
1543 1623 1598 1653 est
1624 1615 1777 1652 ultimus
1805 1616 1968 1652 hominis
1988 1614 2000 1637 ⁰
2027 1617 2124 1654 finis.

1468 1671 1527 1705 AD
1555 1680 1691 1705 PRlMUM
1719 1680 1816 1705 ERGO
1845 1680 2026 1706 mci-:unum
2054 1670 2174 1718 quod,
2204 1670 2298 1706 sicut
2330 1683 2466 1719 corpus

1416 1721 1609 1758 ordinatur
1635 1722 1685 1758 ad
1713 1721 1878 1758 animam
1911 1721 2005 1758 sicut
2032 1720 2080 1759 ad
2108 1722 2246 1769 finem,
2283 1722 2334 1758 ita
2366 1723 2467 1759 bona

1416 1773 1600 1812 exteriora
1627 1774 1676 1811 ad
1703 1774 1829 1822 ipsum
1849 1785 1996 1822 corpus.
2026 1775 2075 1811 Et
2098 1774 2184 1811 ideo
2205 1774 2468 1811 rationabiliter

1416 1827 1562 1864 bonum
1606 1826 1773 1874 corporis
1809 1827 2016 1875 praefertur
2055 1827 2163 1864 bonis
2198 1827 2466 1875 exterioribus,

1415 1891 1513 1929 quae
1541 1891 1610 1927 per
1637 1885 1814 1916 censum‘
1842 1878 2110 1927 significantur,
2139 1880 2232 1916 sicut
2261 1887 2296 1916 et
2323 1880 2467 1916 bonum

1417 1932 1566 1969 animae
1593 1931 1801 1980 praefertur
1828 1931 2005 1968 omnibus
2033 1932 2141 1969 bonis
2170 1932 2348 1981 corporis.

1468 1986 1527 2022 An
1555 1996 1744 2021 SECUNDUM
1780 1996 1963 2021 mesanum
1995 1985 2099 2032 quod
2133 1997 2214 2021 esse
2251 1985 2467 2034 simpliciter

1415 2044 1626 2085 acceptum,
1656 2037 1866 2073 secundum
1890 2036 1995 2084 quod
2022 2037 2176 2074 includit
2193 2038 2231 2074 in
2250 2050 2290 2074 se
2309 2049 2466 2074 ornnem

1415 2089 1687 2138 perfectionem
1715 2089 1875 2134 essendi,
1903 2089 2135 2137 praeeminet
2159 2089 2260 2127 vitae
2289 2097 2325 2126 et
2345 2090 2466 2126 omni-

1415 2143 1486 2179 bus
1500 2148 1516 2164 ³*
1535 2141 1897 2188 subsequentibus*:
1917 2141 1970 2178 sic
1990 2141 2090 2178 enim
2107 2142 2231 2190 ipsum
2256 2154 2339 2179 esse
2356 2155 2466 2191 prae·

1415 2195 1529 2231 habet
1555 2194 1594 2230 in
1626 2205 1666 2230 se
1699 2193 1828 2230 omnia
1859 2194 2135 2242 subsequentia.
2164 2195 2213 2231 Et
2243 2195 2318 2231 hoc
2348 2195 2466 2232 modo

1416 2246 1622 2294 Dionysius
1649 2246 1826 2294 loquitur.
1846 2266 1870 2273 -
1895 2246 1972 2282 Sed
2000 2246 2030 2282 si
2059 2246 2315 2284 consideretur
2342 2247 2467 2295 ipsum

1417 2311 1498 2335 esse
1518 2305 1629 2347 prout
1647 2297 1887 2346 participatur
1905 2298 1943 2335 in
1961 2299 2033 2335 hac
2051 2311 2091 2335 re
2117 2299 2180 2335 vel
2207 2299 2246 2335 in
2272 2299 2344 2346 illa,
2370 2311 2467 2348 quae

1416 2364 1495 2388 non
1514 2350 1666 2399 capiunt
1685 2357 1803 2387 totam
1822 2350 2093 2398 perfectionem
2122 2352 2281 2399 essendi,
2311 2353 2377 2389 sed
2404 2353 2469 2389 ha·

1418 2405 1508 2441 bent
1536 2415 1618 2440 esse
1645 2403 1928 2451 imperfectum,
1957 2403 2052 2441 sieut
2083 2411 2139 2440 est
2166 2416 2248 2441 esse
2277 2404 2471 2442 cuiuslibet

1418 2464 1629 2501 creaturae;
1658 2455 1712 2492 sic
1739 2456 1980 2492 manifestum
2013 2463 2068 2493 est
2095 2456 2199 2505 quod
2229 2456 2354 2506 ipsum
2388 2470 2470 2495 esse

1417 2522 1504 2546 cum
1522 2509 1752 2557 perfectione
1767 2508 2008 2556 superaddita
2027 2516 2083 2546 est
2102 2509 2337 2546 eminentius.
2358 2510 2468 2547 Unde

1417 2570 1453 2599 et
1471 2561 1677 2609 Dionysius
1698 2560 1840 2598 ibidem
1861 2561 1948 2598 dicit
1962 2562 2067 2610 quod
2084 2561 2250 2603 viventia
2277 2570 2364 2599 sunt
2390 2574 2470 2599 me-

1417 2615 1512 2651 liora
1531 2613 1783 2660 existentibus,
1805 2621 1841 2650 et
1858 2613 2095 2661 intelligentia
2113 2614 2340 2651 viventibus.
2367 2631 2372 2636 ·

1470 2668 1529 2703 An
1547 2678 1706 2703 TERTmM
1725 2678 1906 2703 chENDUM
1925 2666 2041 2714 quod,
2086 2666 2150 2703 uia
2163 2667 2250 2704 finis
2268 2667 2471 2716 respondet

1417 2719 1616 2768 principio,
1647 2731 1692 2755 ex
1719 2718 1780 2755 illa
1807 2718 1950 2755 ratione
1977 2719 2158 2768 probatur
2184 2720 2290 2767 quod
2318 2720 2469 2757 ultimus

1418 2772 1504 2809 finis
1533 2778 1589 2808 est
1614 2771 1781 2820 primum
1808 2771 2035 2820 principium
2064 2772 2225 2818 essendi,
2253 2772 2291 2808 in
2318 2785 2395 2821 quo
2415 2780 2471 2810 est

1419 2824 1542 2862 omnis
1571 2824 1718 2861 essendi
1746 2823 1945 2872 perfectio:
1975 2824 2080 2861 cuius
2104 2824 2383 2862 similitudinem
2403 2838 2469 2874 ap-

1419 2884 1560 2927 petunt,
1581 2876 1791 2913 secundum
1811 2889 1920 2913 suam
1939 2876 2223 2925 proportionem
2237 2875 2263 2924 λ,
2280 2878 2468 2926 quaedam

1420 2929 1574 2979 quidem
1603 2930 1812 2966 secundum
1842 2941 1922 2966 esse
1950 2936 2104 2976 tantum,
2128 2929 2319 2978 quaedam
2338 2942 2470 2966 secun-

1419 2982 1511 3020 dum
1531 2994 1612 3019 esse
1630 2982 1777 3029 vivens,
1798 2982 1986 3030 quaedam
2005 2982 2216 3019 secundum
2236 2994 2317 3019 esse
2335 2982 2470 3019 vivens

1420 3042 1457 3071 et
1483 3034 1689 3082 intelligens
1703 3040 1720 3062 μ
1741 3041 1776 3070 et
1803 3034 1968 3071 beatum.
1997 3035 2047 3071 Et
2072 3035 2148 3071 hoc
2173 3046 2383 3083 paucorum
2403 3042 2468 3072 est.

1473 3163 1497 3197 Θ)
1517 3165 1638 3190 hominis.
1655 3178 1674 3184 ·-
1693 3165 1754 3190 Om.
1773 3165 1820 3190 Pa.

1474 3201 1492 3232 ι)
1510 3207 1624 3225 censum.
1642 3213 1661 3219 ·-
1678 3207 1782 3225 sensum
1800 3201 1830 3225 P.

1472 3236 1497 3266 κ)
1517 3235 1644 3260 omnibus.
1662 3249 1681 3253 -
1695 3235 1902 3268 perfectionibus
1920 3236 1989 3260 addit
2008 3235 2036 3260 Ρ.
2054 3249 2072 3254 -
2090 3235 2140 3260 Pro
2158 3235 2236 3266 enim,
2256 3236 2348 3268 igitur,
2368 3241 2393 3260 et
2411 3241 2470 3268 post

1419 3271 1508 3295 omm'a
1527 3271 1623 3294 addunt
1641 3270 1709 3294 bona
1728 3270 1773 3294 Pa.

1471 3304 1499 3337 λ)
1514 3305 1723 3337 proportionem.
1736 3319 1755 3324 -
1768 3305 1957 3337 perfectionem
1978 3305 2034 3330 Pla.

1418 3375 1441 3399 d·
1471 3341 1499 3399 ιὲ)
1519 3341 1676 3373 intelligens.
1688 3353 1708 3358 —
1725 3340 1854 3372 quaedam
1873 3340 2015 3365 secundum
2034 3347 2089 3365 esse
2108 3340 2197 3366 vivens
2214 3343 2240 3365 et
2259 3340 2407 3373 intelligens
2426 3340 2471 3364 ad-

1436 3380 1454 3400 ut
1495 3393 1502 3400 .

2494 1260 2702 1287 'Part.1,qu.i.xxv‚

2493 1289 2565 1311 art.2;
2591 1292 2701 1312 muxvi,

2494 1315 2556 1338 arm,
2564 1318 2577 1333 ι
2598 1318 2618 1340 5,
2626 1312 2640 1334 6
2647 1319 2653 1338 ;
2661 1318 2702 1340 qu.

2494 1341 2588 1385 ni'jf‘m:
2602 1344 2622 1364 2,
2637 1338 2665 1359 nd
2679 1344 2701 1359 2.

2493 1364 2702 1443 aiiii-353³*

2497 1444 2505 1451 ·
2519 1442 2547 1464 D.
2562 1442 2616 1468 640.

2494 2175 2503 2184 ·
2518 2173 2548 2195 D.
2561 2179 2608 2201 559.
