2852 4152
347 343 420 368 nec
437 331 475 367 in
492 329 717 378 particulari.
739 351 762 357 -
783 331 860 367 Ens
889 339 1016 368 autem
1046 339 1082 368 et
1104 343 1239 369 verum
1265 331 1303 368 in
1322 332 1402 368 uni-

347 379 484 421 versali
519 382 674 432 quidem
709 382 798 419 odio
834 384 965 420 haberi
997 396 1075 421 non
1109 391 1286 433 possunt:
1315 385 1404 433 quia

349 435 578 473 dissonantia
606 442 661 471 est
689 447 802 471 causa
831 436 919 482 odii,
942 444 977 472 et
1005 437 1269 475 convenientia
1289 449 1402 474 causa

348 488 510 534 amoris;
541 500 608 524 ens
641 495 768 525 autem
811 496 847 525 et
885 501 1021 526 verum
1064 498 1151 526 sunt
1183 489 1403 526 communia

348 541 539 578 omnibus.
569 540 647 577 Sed
666 540 704 577 in
723 541 933 588 particulari
961 542 1051 578 nihil
1077 542 1255 591 prohibet
1282 543 1403 591 quod-

349 594 438 631 dam
471 606 538 630 ens
573 600 610 630 et
642 593 838 641 quoddam
870 606 1006 630 verum
1044 595 1134 631 odio
1166 595 1316 642 haberi,
1346 595 1401 632 in-

348 653 533 694 quantum
560 646 675 682 habet
707 645 892 683 rationem
926 647 1100 683 contrarii
1128 655 1165 684 et
1191 660 1402 696 repugnan-

347 699 412 735 tis:
443 698 683 735 contrarietas
712 699 814 735 enim
844 706 879 735 et
907 700 1151 747 repugnantia
1172 712 1249 736 non
1269 700 1401 737 adver-

346 758 451 788 satur
469 751 604 788 rationi
633 751 727 788 entis
747 759 783 788 et
799 751 893 799 veri,
915 752 1008 788 sicut
1025 753 1248 790 adversatur
1268 753 1403 789 rationi

346 803 449 840 boni

400 856 591 904 Contingit
618 864 746 893 autem
773 869 909 894 verum
929 857 1082 905 aliquod
1100 857 1322 905 particulare
1341 857 1403 894 tri·-

345 908 489 958 pliciter
503 921 713 958 repugnare
726 911 788 947 vel
809 910 1023 947 contrariari
1039 911 1143 947 bono
1163 917 1302 946 amato.
1314 910 1400 947 Uno

345 962 477 1010 modo,
494 962 705 999 secundum
721 963 825 1011 quod
843 963 981 999 veritas
998 970 1052 999 est
1066 962 1262 999 causaliter
1281 969 1316 998 et
1331 962 1401 999 ori-

345 1014 515 1062 ginaliter
541 1015 579 1052 in
608 1015 697 1064 ipsis
726 1015 850 1052 rebus.
867 1016 916 1052 Et
943 1015 995 1052 sic
1023 1016 1141 1051 homo
1171 1016 1401 1063 quandoque

346 1067 426 1104 odit
462 1067 628 1116 aliquam
664 1068 882 1115 veritatem,
922 1068 1013 1104 dum
1053 1068 1166 1104 vellet
1203 1080 1281 1104 non
1319 1080 1401 1104 esse

344 1132 481 1157 verum
507 1121 613 1168 quod
638 1128 693 1157 est
715 1133 863 1158 verum.
884 1142 908 1148 -
929 1120 1013 1157 Alio
1037 1120 1168 1167 modo,
1189 1121 1400 1158 secundum

345 1173 451 1222 quod
465 1173 604 1210 veritas
625 1182 679 1210 est
693 1173 731 1210 in
747 1173 958 1221 cognitione
977 1173 1092 1222 ipsius
1111 1173 1287 1220 hominis,
1303 1186 1402 1222 quae

344 1225 503 1274 impedit
517 1226 643 1275 ipsum
659 1238 681 1263 a
694 1226 960 1274 prosecutione
976 1225 1101 1262 amati.
1120 1225 1224 1262 Sicut
1239 1226 1269 1262 si
1289 1225 1402 1273 aliqui
1418 1241 1421 1243 ·

344 1279 485 1316 vellent
511 1291 589 1316 non
619 1290 847 1326 cognoscere
871 1278 1068 1315 veritatem
1089 1278 1189 1324 fidei,
1218 1285 1259 1314 ut
1287 1278 1403 1314 libere

1009 253 1273 299 QUAESTIO
1303 254 1445 302 XXIX,

1474 254 1768 291 ARTICULUS
1796 255 1847 291 VI

1456 339 1677 381 peccarent:
1708 343 1751 369 ex
1780 344 1945 379 quorum
1973 345 2136 381 persona
2159 334 2293 370 dicitur
2315 335 2383 371 Iob
2398 335 2512 371 xx1*:

1457 385 1656 421 Scientiam
1670 385 1820 421 viarum
1839 390 1990 421 tuarum
2010 385 2194 422 nolumus.
2210 407 2234 413 -
2246 387 2376 422 Tertio
2393 387 2510 424 modo

1455 438 1616 474 habetur
1643 437 1732 474 odio
1761 437 1899 474 veritas
1926 438 2170 486 particularis,
2200 446 2380 486 tanquam
2400 451 2510 487 repu-

1457 502 1587 538 gnans,
1616 497 1730 538 prout
1757 497 1813 526 est
1830 490 1868 527 in
1887 490 2075 527 intellectu
2103 490 2264 527 alterius.
2286 491 2396 537 Puta,
2423 503 2511 528 curn

1457 542 1590 591 aliquis
1616 543 1698 579 vult
1725 543 1838 579 latere
1857 547 1873 571 Υ
1900 543 1939 580 in
1959 550 2129 591 peccato,
2151 543 2229 579 odit
2254 542 2358 590 quod
2378 543 2510 591 aliquis

1454 595 1654 632 veritatem
1675 595 1773 631 circa
1790 602 1988 643 peccatum
2013 607 2126 632 suurn
2146 602 2359 643 cognoscat.
2389 595 2438 631 Et
2457 608 2513 632 se-

1457 648 1625 684 cundum
1653 648 1727 684 hoc
1757 647 1843 684 dicit
1870 650 2121 696 Augustmus,
2151 648 2190 684 in
2217 648 2252 684 X
2286 648 2449 695 Confess.
2470 647 2510 695 ⁶⁸,

1456 701 1561 748 quod
1587 700 1764 737 homines
1783 706 1915 737 amant
1930 701 2122 738 veritatem
2141 701 2335 746 lucentem,
2356 700 2514 736 oderunt

1456 764 1540 789 eam
1568 753 1869 802 redarguentem.

1508 806 1558 842 Et
1584 816 1652 853 per
1678 806 1753 841 hoc
1780 812 1882 853 patet
1908 806 2105 854 responsio
2135 805 2183 843 ad
2211 804 2391 853 primum.

1507 859 1566 894 AD
1595 869 1783 894 SECUNDUM
1811 869 1993 895 DICENDUM
2022 858 2126 907 quod
2159 869 2388 906 cognoscere
2415 856 2513 894 veri-

1454 917 1571 946 tatem
1609 910 1819 946 secundum
1848 922 1888 946 se
1921 918 1978 947 est
2004 911 2188 948 amabile:
2220 918 2376 959 propter
2407 909 2512 957 quod

1456 962 1544 999 dicit
1562 962 1794 1009 Augustinus
1808 962 1828 984 *
1847 963 1951 1011 quod
1969 969 2101 1000 amant
2117 975 2200 1000 eam
2221 963 2413 999 lucentem.
2435 963 2512 999 Sed

1454 1027 1522 1063 per
1549 1015 1725 1051 accidens
1754 1015 1917 1062 cognitio
1943 1016 2109 1053 veritatis
2128 1023 2252 1065 potest
2280 1028 2362 1052 esse
2391 1014 2511 1052 odibi-

1455 1067 1509 1114 lis,
1539 1067 1764 1115 inquantum
1793 1067 1951 1115 impedit
1978 1068 2025 1104 ab
2054 1069 2179 1117 aliquo
2210 1068 2434 1105 desiderato.

1508 1121 1566 1156 AD
1581 1131 1738 1157 TERTIUM
1754 1132 1936 1156 mCENDUM
1952 1121 2055 1168 quod
2070 1133 2115 1157 ex
2130 1122 2203 1157 hoc
2222 1121 2393 1169 procedit
2407 1119 2512 1168 quod

1456 1185 1534 1209 non
1553 1172 1629 1209 ficti
1649 1180 1835 1219 amantur,
1857 1173 1961 1221 quod
1979 1174 2098 1210 homo
2119 1181 2221 1210 amat
2240 1173 2451 1209 secundum
2471 1184 2510 1209 se

1457 1237 1687 1272 cognoscere
1718 1225 1932 1273 veritatem,
1962 1238 2080 1273 quarn
2113 1226 2288 1262 homines
2321 1238 2399 1262 non
2434 1224 2511 1261 ficti

1457 1278 1707 1314 manifestant.

2438 269 2512 305 207

395 1393 423 1428 γ)
442 1394 536 1427 later-g.
551 1406 571 1412 -
586 1392 674 1417 iacere
691 1391 737 1415 Pa.

408 1550 540 1570 ancum
563 1545 677 1580 quarto
701 1538 835 1574 omisso,
859 1548 925 1579 quo
948 1538 981 1568 in
1004 1537 1066 1568 fine
1088 1544 1236 1569 tractatus
1263 1544 1399 1572 utemur,

346 1553 442 1614 Ain
465 1583 596 1614 articulo
622 1582 735 1624 quinto
759 1582 883 1613 adverte
905 1582 994 1623 quod
1013 1582 1099 1612 aliud
1119 1589 1165 1612 est
1188 1582 1259 1612 odio
1280 1582 1400 1619 haberi,

344 1635 376 1660 et
397 1627 484 1658 aliud
501 1637 562 1658 non
586 1628 710 1658 amari:
732 1632 763 1657 et
781 1626 870 1666 quod
889 1626 975 1656 aliud
991 1632 1038 1657 est
1050 1636 1112 1666 per
1126 1636 1170 1663 se,
1188 1632 1219 1656 et
1241 1626 1326 1656 aliud
1341 1636 1403 1666 per

346 1672 502 1704 accidens.
517 1671 604 1702 Nihil
627 1671 722 1707 enirn,
737 1677 1034 1711 quantumcumque
1053 1670 1146 1700 fuerit
1165 1670 1401 1710 particularissi-

346 1726 438 1747 mum
461 1722 492 1746 et
514 1715 685 1746 minimum
707 1715 840 1751 bonum,
863 1715 921 1745 sub
945 1714 1065 1745 ratione
1088 1724 1163 1744 suae
1187 1714 1334 1744 bonitatis
1357 1724 1404 1744 re-

345 1766 594 1801 praesentatum,
619 1759 693 1789 odio
709 1759 850 1795 habetur,
867 1768 923 1799 per
938 1768 970 1788 se
983 1758 1163 1799 loquendo:
1188 1758 1262 1799 quia
1278 1758 1402 1788 obiecto

345 1803 412 1835 odii
435 1803 641 1834 contrariatur
663 1809 729 1833 tota
744 1803 878 1833 latitudo
902 1802 988 1833 boni.
1008 1803 1082 1833 Non
1102 1802 1199 1832 amari
1222 1809 1328 1832 tamen
1345 1812 1402 1842 po-

345 1854 421 1879 test:
444 1847 519 1888 quia
535 1857 600 1877 non
619 1846 713 1877 habet
728 1847 812 1877 unde
829 1847 982 1887 adaequet
1005 1846 1190 1886 appetitum,
1207 1853 1263 1877 etc.
1280 1846 1339 1876 Per
1355 1856 1403 1876 ac-

346 1891 452 1922 cidens
482 1898 589 1922 autem
617 1897 723 1931 potest
745 1890 913 1931 partialiter
941 1891 1065 1921 bonum
1095 1890 1170 1920 odio
1200 1890 1322 1926 haberi,
1348 1900 1404 1930 per

344 1935 527 1966 adiunctam
549 1935 665 1966 scilicet
686 1935 842 1965 rationem
864 1934 992 1965 maioris
1016 1934 1105 1964 mali:
1131 1941 1166 1964 ut
1188 1934 1330 1974 quotidie
1354 1943 1403 1964 ex-

345 1979 495 2020 perimur.
513 1980 548 2010 In
565 1979 730 2010 communi
749 1985 865 2015 autem,
881 1978 1077 2019 impossibile
1096 1985 1156 2009 est:
1181 1978 1255 2018 quia
1274 1977 1405 2018 quiIIbet

395 2391 431 2420 »ἢ
556 2375 579 2400 D
598 2375 739 2400 SEXTUM
763 2374 816 2399 sm
844 2374 1083 2399 PROOEmTUR.
1111 2362 1271 2399 Videtur
1299 2361 1404 2410 quod

404 2406 526 2473 ξ’ᾼῇἣ
557 2416 689 2453 odium
717 2428 795 2452 non
823 2415 943 2464 possit
971 2428 1053 2452 esse
1081 2415 1238 2451 alicuius
1261 2414 1299 2451 in
1322 2414 1404 2451 uni-

362 2472 398 2514 25
423 2454 704 2506 v'versali.
741 2468 886 2505 Odium
921 2468 1023 2505 enim
1052 2475 1108 2504 est
1134 2468 1258 2516 passio
1288 2480 1403 2516 appe-

399 2497 496 2553 &aaa
512 2514 641 2558 &titus
669 2521 849 2568 sensitivi,
879 2521 943 2569 qui
973 2528 1151 2558 movetur
1175 2533 1220 2557 ex
1239 2520 1403 2557 sensibili

345 2573 657 2622 apprehensione.
689 2574 766 2610 Sed
794 2585 927 2610 sensus
947 2586 1025 2610 non
1048 2580 1173 2621 potest
1191 2574 1402 2621 apprehen-

345 2626 435 2663 dere
461 2626 688 2663 universale.
717 2627 818 2673 Ergo
848 2627 979 2663 odium
999 2638 1077 2662 non
1096 2633 1220 2674 potest
1240 2638 1321 2662 esse
1341 2626 1404 2662 ali-

345 2678 452 2715 cuius
479 2678 518 2715 in
545 2678 759 2715 universali.

399 2742 435 2767 2.
464 2731 696 2778 ΡΒΑΕΤΕΚΕΑ,
727 2730 858 2767 odium
881 2737 1055 2767 causatur
1074 2742 1119 2766 ex
1139 2730 1263 2778 aliqua
1284 2730 1402 2767 disso-

344 2783 488 2828 nantia;
509 2795 607 2832 quae
627 2783 890 2820 communitati
913 2791 1106 2831 repugnat.
1134 2783 1210 2820 Sed
1231 2795 1402 2819 commu-

344 2835 440 2872 nitas
466 2843 520 2873 est
548 2835 595 2873 de
624 2836 768 2873 ratione
787 2836 1021 2873 universalis.
1051 2837 1153 2884 Ergo
1173 2835 1304 2872 odium
1323 2848 1402 2873 non

343 2896 468 2938 potest
496 2901 577 2925 esse
606 2888 761 2926 alicuius
789 2889 827 2925 in
855 2888 1057 2925 universali
1077 2894 1105 2925 α.

400 2942 434 2978 3.
457 2942 689 2989 PRAETEREA,
720 2941 911 2978 obiectum
940 2941 1018 2978 odii
1046 2948 1101 2977 est
1128 2941 1285 2977 malum.
1310 2942 1402 2979 Ma-

345 2993 422 3030 lum
451 3001 579 3031 autem
609 3000 663 3030 est
688 2995 725 3031 in
754 2995 875 3040 rebus,
905 2999 941 3030 et
966 3006 1040 3030 non
1070 2994 1107 3030 in
1135 2999 1267 3039 mente,
1287 3001 1329 3030 ut
1349 2995 1402 3031 di-

402 2382 437 2397 '*¹
459 2382 516 2409 bs<

393 2459 407 2475 ,κ

103 3051 315 3105 ὃῇἲῆῐξῖΐςζῷ-
345 3046 438 3083 citur
465 3047 503 3093 in
526 3048 577 3084 VI
605 3047 821 3096 Metaphys.
842 3046 862 3068 ²¹*
891 3047 991 3083 Cum
1018 3058 1106 3093 ergo
1126 3046 1338 3083 universale
1358 3047 1403 3084 sit

0 3092 7 3117 ἶ
103 3109 137 3131 ¹*-
150 3109 175 3127 ¹¹·
189 3093 206 3126 ’ἶ
308 3093 314 3099 ’
343 3100 469 3136 solum
498 3099 536 3137 in
563 3108 704 3147 mente,
726 3113 824 3148 quae
845 3099 1025 3136 abstrahit
1043 3099 1256 3135 universale
1276 3111 1298 3135 a
1316 3111 1400 3147 par—

342 3153 495 3200 ticulari,
525 3153 675 3190 videtur
702 3153 807 3202 quod
836 3153 967 3190 odium
995 3164 1074 3188 non
1097 3151 1217 3200 possit
1236 3163 1317 3188 esse
1337 3152 1401 3188 ali-

344 3206 450 3242 cuius
477 3205 711 3243 universalis.

396 3259 470 3295 SED
499 3271 644 3295 CONTRA
671 3270 737 3295 EST
764 3258 869 3307 quod
897 3257 1151 3305 Philosophus
1181 3256 1280 3303 dicit,
1300 3256 1338 3293 in
1367 3258 1399 3293 II

128 3314 314 3343 0¹⁹·1'›¹³·3¹·
339 3312 528 3348 Rhetoric.
550 3311 581 3358 ³⁸,
613 3311 717 3360 quod
745 3312 803 3348 ira
830 3322 977 3358 semper
983 3311 1037 3358 fit
1053 3310 1148 3346 inter
1165 3309 1397 3359 singularia,

341 3365 468 3401 odium
497 3370 620 3402 autem
650 3364 760 3400 etiam
789 3364 840 3400 ad
856 3375 1016 3413 genera:
1033 3364 1168 3410 furem
1197 3362 1295 3398 enim
1324 3362 1401 3399 odit

341 3423 378 3454 et
402 3417 711 3455 calumniatorem
742 3417 1001 3464 unusquisque.

393 3532 421 3564 α)
440 3532 551 3557 alicuius
571 3531 596 3555 in
618 3529 768 3555 universali.
787 3542 807 3548 —-
824 3528 861 3553 ad
880 3528 961 3561 (circa
975 3529 1004 3559 E,
1023 3537 1076 3552 om.
1092 3529 1145 3559 DF)
1165 3527 1268 3559 aliquid
1289 3528 1394 3552 univer·
1423 3526 1427 3591 Ι

340 3567 395 3592 sale
413 3567 521 3592 codices.

1016 1459 1346 1492 Commenta-ia.
1369 1459 1618 1493 Cardinalis
1640 1461 1839 1493 Caietani

1455 1539 1565 1569 odiens
1588 1539 1707 1579 aliquid
1727 1546 1826 1575 aman
1852 1549 1886 1569 ac
1902 1549 1958 1579 per
1972 1540 2043 1576 hoc,
2061 1550 2126 1570 non
2142 1550 2238 1570 omne
2256 1540 2379 1570 bonum
2395 1539 2472 1570 odit.
2489 1557 2509 1563 —

1455 1583 1496 1613 Et
1511 1582 1596 1612 idem
1619 1589 1665 1613 est
1683 1583 1837 1613 iudicium
1860 1583 1898 1612 de
1922 1590 1991 1613 ente
2008 1590 2038 1613 et
2053 1594 2127 1613 vero
2151 1584 2183 1613 in
2200 1583 2374 1614 communi.
2392 1583 2511 1614 Odiens

1455 1626 1541 1656 enim
1565 1627 1792 1666 quodcumque
1815 1637 1869 1656 ens
1893 1634 1947 1657 aut
1975 1627 2202 1667 quodcumque
2231 1637 2357 1663 verum,
2378 1627 2450 1657 licet
2473 1627 2511 1657 ab

1454 1670 1514 1700 illis
1537 1670 1686 1706 dissonet,
1703 1670 1796 1700 alicui
1813 1676 1919 1700 tamen
1934 1680 2008 1700 vero
2029 1677 2059 1701 et
2082 1671 2145 1701 enti
2161 1677 2300 1700 remanet
2316 1679 2510 1701 consonans:

1455 1724 1491 1744 ac
1514 1724 1569 1754 per
1591 1714 1663 1750 hoc,
1687 1723 1753 1743 non
1776 1714 1880 1744 abiicit
1898 1721 1998 1744 totam
2022 1714 2100 1744 entis
2117 1721 2171 1744 aut
2193 1714 2257 1744 veri
2280 1714 2479 1744 latitudinem
2494 1724 2512 1744 a

1456 1768 1515 1788 suo
1539 1757 1659 1794 affectu,
1681 1758 1735 1788 sed
1760 1758 1939 1788 communis
1963 1758 2041 1788 ratio
2065 1758 2144 1788 entis
2166 1764 2196 1788 et
2218 1757 2283 1788 veri
2307 1767 2430 1798 semper
2454 1758 2511 1788 sal-

1455 1808 1546 1832 vatur
1570 1811 1758 1837 consonans,
1776 1808 1832 1832 etc.

1511 1845 1546 1875 In
1570 1845 1684 1876 ultimo
1707 1845 1838 1876 articulo
1862 1845 1939 1875 nihil
1958 1845 2094 1876 occurrit
2112 1845 2322 1881 scribendum,
2339 1845 2399 1875 nisi
2422 1845 2512 1886 quod

1457 1889 1620 1929 diligenter
1642 1896 1770 1920 notetur
1792 1889 1964 1920 differentia
1986 1889 2066 1920 inter
2088 1899 2164 1925 rem,
2180 1895 2257 1929 puta
2281 1889 2427 1926 calorem,
2444 1889 2513 1919 uni-

1456 1933 1617 1969 versalem,
1642 1933 1865 1970 universaliter,
1883 1939 1913 1963 et
1935 1933 2125 1973 singularem
2146 1933 2173 1964 *.

1154 2130 1470 2172 ARTICULUS
1501 2129 1707 2171 SEXTUS

841 2215 996 2246 UTRUM
1019 2214 1196 2251 ALIQUID
1220 2213 1366 2244 Possm*
1389 2214 1548 2244 HABERI
1572 2213 1678 2244 omo
1703 2214 1745 2243 IN
1768 2213 2021 2251 UNIVERSALI

1212 2282 1292 2314 Infra,
1311 2291 1356 2316 qu.
1374 2291 1444 2312 xlm,
1464 2288 1509 2308 art.
1526 2291 1551 2316 7,
1571 2283 1602 2307 ad
1623 2282 1647 2307 3.

1511 2362 1735 2398 REspomnEo
1764 2373 1948 2398 DmENDUM
1977 2361 2082 2408 quod
2105 2361 2153 2398 de
2171 2360 2375 2398 universali
2395 2361 2515 2410 dupli-

1457 2414 1547 2450 citer
1562 2413 1741 2461 contingit
1759 2413 1910 2461 loqui*:
1931 2426 2009 2450 uno
2030 2414 2161 2461 modo,
2179 2414 2389 2451 secundum
2410 2415 2514 2464 quod

1458 2467 1587 2503 subest
1605 2466 1800 2503 intentioni
1818 2466 2123 2513 universalitatis;
2144 2466 2217 2503 alio
2233 2474 2361 2503 autem
2381 2468 2512 2515 modo,

1459 2519 1505 2556 de
1533 2527 1666 2556 natura
1692 2518 1707 2548 β
1727 2519 1787 2555 cui
1814 2519 1895 2556 talis
1923 2519 2339 2566 intentio,attribuitur:
2368 2520 2440 2556 alia
2461 2528 2516 2556 est

1459 2572 1559 2608 enim
1598 2572 1850 2608 consideratio
1886 2571 2052 2608 hominis
2088 2572 2331 2620 universalis,
2371 2580 2406 2608 et
2443 2573 2514 2609 alia

1456 2624 1622 2661 hominis
1650 2625 1688 2661 in
1717 2637 1762 2660 eo
1792 2625 1896 2672 quod
1924 2625 2055 2660 homo.
2091 2624 2131 2661 Si
2158 2624 2269 2671 igitur
2299 2625 2514 2661 universale

1457 2677 1660 2725 accipiatur
1692 2677 1817 2725 primo
1850 2676 1986 2723 modo,
2015 2677 2067 2713 sic
2098 2678 2200 2713 nulla
2231 2677 2398 2725 potentia
2430 2690 2514 2714 sen-

1457 2729 1589 2766 sitivae
1615 2729 1753 2778 partis⁷
1781 2741 1905 2777 neque
1934 2729 2212 2777 apprehensiva
2240 2742 2364 2778 neque
2398 2743 2513 2779 appe-

1456 2782 1577 2829 titiva,
1607 2789 1731 2830 potest
1768 2782 1806 2818 in
1839 2781 2072 2818 universale:
2107 2782 2194 2830 quia
2228 2783 2442 2820 universale
2470 2784 2513 2820 fit

1455 2847 1529 2884 per,
1545 2834 1836 2871 abstractionem
1856 2847 1878 2871 a
1897 2835 2055 2871 materia
2083 2835 2303 2872 individuali
2322 2840 2349 2883 Υ,
2379 2835 2416 2872 in
2436 2848 2512 2884 qua

1456 2887 1643 2924 radicatur
1671 2887 1795 2924 omnis
1823 2887 1941 2924 virtus
1970 2887 2148 2924 sensitiva
2165 2887 2197 2924 ³¹².

1509 2942 1637 2977 Potest
1665 2948 1793 2977 tamen
1821 2939 1946 2988 aliqua
1974 2940 2142 2988 potentia
2169 2940 2358 2987 sensitiva,
2382 2948 2416 2977 et
2444 2953 2510 2989 ap-

1454 2993 1681 3041 prehensiva
1706 3000 1741 3029 et
1767 2992 1980 3040 appetitiva,
2011 2992 2098 3029 ferri
2125 2992 2163 3028 in
2192 2993 2332 3041 aliquid
2359 2993 2511 3030 univer-

1455 3045 1588 3082 saliter.
1624 3045 1727 3081 Sicut
1760 3045 1919 3081 dicimus
1952 3045 2058 3092 quod
2096 3044 2288 3082 obiectum
2315 3046 2420 3083 visus
2455 3053 2511 3082 est

1456 3099 1560 3134 color
1588 3097 1799 3134 secundum
1827 3110 1956 3145 genus,
1976 3110 2055 3134 non
2075 3097 2163 3146 quia
2185 3098 2288 3134 visus
2308 3106 2512 3146 cognoscat

1455 3151 1624 3186 colorem
1656 3150 1932 3196 universalem3
1966 3150 2033 3187 sed
2067 3150 2155 3199 quia
2189 3151 2294 3198 quod
2328 3151 2431 3187 color
2466 3151 2510 3187 sit

1455 3202 1715 3250 cognoscibilis
1735 3215 1757 3239 a
1774 3202 1872 3250 visu,
1902 3214 1980 3239 non
2009 3203 2187 3239 convenit
2215 3204 2331 3240 colori
2351 3204 2510 3252 inquan-

1453 3263 1534 3292 tum
1563 3263 1618 3292 est
1636 3255 1697 3291 hic
1725 3256 1841 3302 color,
1871 3255 1939 3292 sed
1966 3255 2190 3303 inquantum
2216 3263 2270 3292 est
2290 3257 2394 3292 color
2421 3256 2510 3293 sim-

1452 3308 1607 3357 pliciter.
1639 3308 1701 3344 Sic
1732 3319 1820 3355 ergo
1850 3308 1982 3344 odium
2012 3308 2124 3345 etiam
2154 3308 2354 3345 sensitivae
2381 3308 2508 3356 partis,

1452 3368 1577 3410 potest
1605 3360 1791 3409 respicere
1812 3360 1952 3408 aliquid
1972 3360 2010 3397 in
2029 3361 2249 3397 universali:
2271 3361 2358 3409 quia
2378 3373 2422 3397 ex
2442 3373 2508 3398 na-

1451 3421 1535 3450 tura
1564 3412 1759 3450 communi
1788 3413 1927 3461 aliquid
1946 3413 2168 3450 adversatur
2186 3413 2349 3461 animali,
2376 3421 2412 3450 et
2430 3426 2509 3450 non

1506 3526 1530 3559 β)
1551 3527 1582 3551 de
1602 3530 1708 3551 natura.
1725 3539 1744 3546 -
1762 3526 1861 3551 dicitur
1879 3526 1911 3551 de
1930 3529 2029 3551 natura
2048 3526 2095 3551 Pa.

1504 3562 1531 3595 γ)
1551 3561 1718 3586 individuali.
1736 3576 1754 3581 —-
1773 3561 1926 3586 indivisibili
1944 3561 2102 3585 ABCGHIL.

2541 343 2551 354 ⁸
2565 343 2631 366 Vers.
2646 350 2680 370 ¹4·

2636 548 2652 573 Υ

2539 654 2550 664 ⁸
2564 654 2621 681 Cap.
2635 660 2703 676 xxm.

2540 970 2549 979 ·
2564 969 2619 990 Loc.
2633 968 2672 990 cit.

2540 1858 2549 1867 ⁸
2564 1857 2599 1879 Cf.
2610 1857 2669 1879 Part.
2680 1857 2697 1881 Ι,
2708 1863 2747 1884 qu.

2540 1883 2750 1910 uxx‚art.2,c0m-

2541 1914 2612 1931 ment.
2626 1916 2690 1931 num.
2702 1915 2752 1936 nv,

2540 1943 2579 1958 xv.

2541 2427 2551 2436 “
2556 2426 2614 2447 Vide
2620 2426 2751 2448 Comment.

2542 2452 2614 2474 Caiet.
2647 2457 2691 2474 ost.
2707 2457 2750 2475 art.

2542 2485 2622 2506 praece
2639 2495 2654 2506 .‚
2665 2479 2688 2500 in
2698 2479 2749 2501 fine.

2642 2528 2656 2561 β

2538 2900 2550 2911 ’
2563 2900 2591 2922 D.
2606 2906 2656 2928 ²²9-
