2852 4152
1027 253 1290 299 QUAESTIO
1319 255 1459 300 XXIII,
1488 254 1781 290 ARTICULUS
1812 256 1825 290 I
2435 252 2503 301 ¹73

852 450 1258 525 QUAESTIO
1293 443 1999 506 VIGESIMATERTIA

706 575 793 615 DE
830 576 1280 618 DIFFERENTIA
1322 577 1703 618 PASSIONUM
1741 577 1823 617 AB
1862 577 2141 617 INVICEM

0 669 8 788 ι
1123 692 1156 716 IN
1186 692 1356 722 QUATUOR
1383 692 1582 717 Amnem-os
1611 692 1725 717 D1V1sA

0 790 4 826 g
427 794 534 819 muna
563 782 878 819 considerandum
917 791 971 820 est
1000 784 1045 821 de
1079 784 1301 832 passionum
1331 784 1398 821 dif-
1557 784 1692 820 scibilis
1725 785 1771 820 sit
1790 789 1806 805 α
1835 784 2044 821 secundum
2079 782 2379 820 contrarietatem
2412 782 2503 819 boni

0 827 4 872 ,¹
106 844 210 893 {cg-qu-
204 845 319 872 -xx111n-
428 834 583 871 ferentia
612 836 658 872 ad
688 835 851 872 invicem
872 835 903 872 *.
1558 844 1593 872 et
1621 836 1721 873 mali.

343 889 392 924 Et
420 887 518 924 circa
544 887 618 923 hoc
647 896 879 935 quaeruntur
906 896 1078 935 quatuor.
1504 888 1655 927 Tertio:
1684 896 1810 924 utrum
1847 888 1892 924 sit
1928 888 2053 936 aliqua
2084 887 2209 936 passio
2247 899 2325 923 non
2358 887 2503 923 habens

396 940 543 976 Primo:
572 947 699 976 utrum
728 940 922 988 passiones
955 953 1053 989 quae
1081 948 1167 977 sunt
1194 941 1231 976 in
1261 952 1398 977 concu-
1558 940 1798 977 contrarium.

0 985 5 1010 ἶ
449 992 626 1040 piscibili,
657 993 729 1029 sint
757 993 928 1029 diversae
956 994 1004 1029 ab
1032 993 1089 1029 his
1118 1005 1214 1041 quae
1247 1000 1332 1029 sunt
1359 993 1397 1029 in
1505 993 1671 1039 Quarto:
1700 1001 1826 1029 utrum
1855 993 1926 1029 sint
1949 992 2096 1040 aliquae
2115 992 2309 1040 passiones
2330 991 2504 1027 differen-

0 1062 5 1094 ,ι
448 1044 633 1081 irascibili.
1556 1052 1611 1081 tes
1631 1045 1767 1093 specie,
1789 1045 1825 1081 in
1850 1045 1983 1081 eadem
2003 1045 2182 1093 potentia,
2199 1056 2276 1081 non
2295 1043 2502 1080 contrariae

0 1097 8 1136 'l
110 1114 114 1118 ¹
397 1097 595 1134 Secundo:
629 1104 756 1134 utrum
795 1097 1037 1134 contrarietas
1073 1097 1294 1146 passionum
1328 1097 1398 1139 ira-
1558 1097 1606 1134 ad
1634 1097 1808 1142 invicem.

1147 1205 1358 1246 ARTICU
1365 1205 1462 1246 LUS
1492 1205 1696 1247 PRIMUS

601 1297 755 1327 UTRUM
777 1296 1002 1326 PASSIONES
1026 1296 1144 1332 QUAE
1168 1296 1279 1326 SUNT
1304 1296 1346 1325 IN
1370 1296 1716 1333 CONCUPISCIBILI,
1741 1297 1836 1327 SINT
1860 1297 2069 1328 DIVERSAE
2092 1296 2147 1327 AB
2170 1297 2238 1327 HIS

1140 1339 1258 1374 QUAE
1281 1339 1393 1379 SUNT
1418 1340 1460 1369 IN
1485 1340 1703 1370 IRASCIBILI

1220 1417 1261 1441 De
1285 1417 1334 1440 Ver
1336 1417 1372 1446 it„
1393 1425 1435 1449 qu.
1454 1425 1519 1448 xm,
1539 1423 1585 1442 art.
1603 1426 1628 1448 4.

372 1518 437 1562 'rr-{³1
454 1520 510 1548 nst.
488 1525 526 1569 «S
550 1516 572 1540 n
597 1515 733 1540 ptumum
761 1515 813 1540 stc
842 1515 1080 1540 PROCEDITUR.
1109 1502 1267 1539 Videtur
1294 1504 1396 1550 quod
1450 1504 1616 1551 speciem
1643 1505 1918 1552 potentiarum,
1947 1518 2064 1554 quam
2092 1506 2141 1542 ad
2175 1506 2503 1543 diversificandam

367 1533 528 1615 μ’ἓ)
551 1556 746 1604 passiones
769 1556 927 1592 eaedem
948 1556 1019 1592 sint
1046 1555 1083 1592 in
1111 1555 1285 1591 irascibili
1305 1562 1341 1591 et
1359 1555 1397 1592 in
1451 1556 1617 1603 speciem
1651 1557 1871 1604 passionum
1903 1559 1965 1594 vel
1997 1566 2161 1594 actuum.
2201 1559 2304 1595 Sicut
2333 1559 2433 1595 enim
2465 1559 2504 1595 in

357 1592 410 1664 ,5
441 1598 845 1673 rsfconcupiscibili.
873 1608 972 1645 Dicit
999 1608 1099 1644 enirn
1129 1607 1395 1655 Philosophus,
1450 1609 1681 1645 naturalibus
1710 1610 1904 1646 diversitas
1932 1610 2076 1656 generis
2114 1611 2356 1657 consequitur
2384 1611 2505 1647 diver-

246 1698 279 1713 ,ν
302 1676 314 1682 ·
397 1627 655 1698 31‘2-3‘okirtll
683 1661 802 1698 Ethic.
826 1661 857 1707 ²¹⁶,
887 1662 991 1710 quod
1019 1660 1214 1709 passiones
1247 1660 1395 1696 animae
1450 1660 1595 1696 sitatem
1615 1662 1805 1709 potentiae
1825 1662 2017 1708 materiae,
2048 1662 2243 1699 diversitas
2272 1670 2398 1699 autem
2420 1676 2503 1711 spe-

280 1707 287 1714 ’
341 1720 428 1749 sunt
454 1724 547 1761 quas
573 1714 739 1762 sequitur
755 1714 938 1763 gaudium
959 1719 994 1750 et
1025 1713 1180 1750 tristitia.
1211 1713 1287 1750 Sed
1307 1725 1397 1760 gau·
1451 1713 1519 1749 ciei
1549 1713 1802 1754 diversitatem
1822 1714 1965 1750 formae
1986 1714 2024 1750 in
2044 1715 2178 1751 eadem
2199 1715 2370 1761 materia;
2400 1715 2448 1751 ita
2468 1715 2505 1751 in

341 1765 447 1802 dium
462 1772 500 1802 et
513 1766 654 1802 tristitia
669 1774 755 1803 sunt
773 1766 810 1802 in
831 1765 1123 1814 concupiscibili.
1145 1766 1245 1813 Ergo
1261 1778 1396 1802 omnes
1450 1765 1594 1802 actibus
1623 1766 1783 1812 animae,
1812 1774 1916 1802 actus
1937 1767 1985 1803 ad
2004 1766 2170 1803 diversas
2194 1767 2378 1815 potentias
2397 1767 2507 1816 perti-

339 1818 537 1866 passiones
565 1826 651 1855 sunt
684 1819 723 1855 in
756 1819 1049 1867 concupiscibili.
1079 1819 1169 1855 Non
1199 1831 1287 1865 ergo
1312 1825 1398 1855 sunt
1450 1825 1593 1863 nentes,
1623 1826 1709 1855 sunt
1736 1831 1814 1855 non
1834 1820 1957 1855 solum
1986 1819 2122 1867 specie,
2152 1820 2218 1856 sed
2239 1820 2350 1856 etiam
2371 1832 2506 1867 genere

99 1927 244 1956 *Vm-3³·
395 1934 430 1959 2.
451 1923 683 1971 PRAETER-EA,
705 1925 838 1961 Matth.
859 1936 919 1960 xm
939 1924 970 1971 ³¹⁶,
1000 1936 1113 1972 super
1139 1924 1241 1970 illud,
1270 1924 1398 1960 Simile
1452 1923 1600 1959 diversa
1639 1923 1787 1959 obiecta
1815 1924 1988 1972 specialia
2026 1925 2302 1982 comprehensa
2330 1925 2399 1961 sub
2427 1937 2505 1961 uno

342 1980 396 2011 est
413 1986 575 2024 regnum
595 1977 786 2014 caelorum
803 1978 997 2025 fermento
1025 1984 1106 2023 etc.,
1141 1977 1229 2013 dicit
1262 1977 1398 2013 Glossa
1452 1975 1646 2012 communi
1667 1976 1814 2012 obiecto
1843 1976 1954 2013 unius
1978 1977 2178 2025 potentiae,
2210 1977 2387 2014 differunt
2414 1977 2508 2014 sicut

342 2027 586 2076 Hieronymi:
615 2030 662 2065 In
690 2030 835 2066 ratione
856 2029 1114 2079 possideamus
1134 2029 1396 2077 prudentiam,
1452 2027 1595 2076 species
1623 2028 1720 2064 illius
1748 2028 1905 2076 generis.

342 2080 380 2116 in
409 2080 588 2117 irascibili
613 2082 739 2118 odium
766 2082 954 2127 vitiorum,
984 2082 1021 2118 in
1046 2082 1322 2130 concupiscibili
1338 2082 1398 2118 de·
1505 2080 1567 2117 Ad
1595 2081 1903 2139 cognoscendum
1924 2093 2011 2128 ergo
2031 2093 2128 2129 quae
2156 2081 2351 2129 passiones
2380 2082 2452 2118 sint
2470 2081 2508 2118 in

341 2132 520 2174 siderium
546 2134 736 2170 virtutum.
768 2135 845 2171 Sed
873 2134 1004 2171 odium
1035 2141 1089 2170 est
1111 2134 1149 2171 in
1169 2134 1399 2182 concupisci-
1454 2132 1640 2179 irascibili,
1662 2140 1697 2169 et
1720 2145 1817 2180 quae
1845 2133 1883 2169 in
1912 2133 2204 2181 concupiscibili,
2235 2141 2382 2182 oportet
2407 2146 2509 2170 assu-

343 2184 419 2231 bili,
450 2185 544 2222 sicut
573 2194 609 2222 et
636 2199 756 2233 amor,
778 2187 838 2223 cui
864 2187 1121 2234 contrariatur,
1150 2194 1191 2223 ut
1211 2186 1344 2223 dicitur
1362 2186 1400 2222 in
1455 2197 1559 2221 mere
1588 2185 1778 2221 obiectum
1814 2186 2006 2233 utriusque
2034 2186 2234 2233 potentiae.
2273 2186 2426 2222 Dictum
2456 2194 2510 2222 est

102 2245 316 2274 *camma-4·
344 2238 376 2273 ΙΙ
409 2238 446 2273 T
441 2239 534 2286 opic.
558 2238 578 2259 ²¹⁶
606 2239 707 2285 Ergo
738 2239 874 2276 eadem
907 2239 1032 2287 passio
1066 2246 1121 2275 est
1156 2239 1194 2275 in
1223 2238 1400 2286 concupi·
1455 2245 1582 2273 autem
1611 2237 1649 2273 in
1668 2237 1795 2273 Primo
1815 2238 1835 2258 ³²
1862 2238 1966 2284 quod
1987 2238 2178 2273 obiectum
2198 2239 2387 2286 potentiae
2421 2246 2547 2292 con-j
2582 2252 2596 2266 u
2614 2251 2682 2266 L¹x=1

344 2288 462 2326 scibili
491 2297 527 2325 et
554 2290 738 2327 irascibili.
1456 2289 1681 2336 cupiscibilis
1702 2296 1757 2325 est
1783 2289 1929 2325 bonum
1961 2290 2022 2325 vel
2051 2290 2195 2326 malum
2221 2291 2394 2326 sensibile
2424 2291 2511 2327 sim-

0 2374 11 2390 ,
399 2342 433 2377 3.
455 2343 686 2389 PRAETEREA,
707 2343 904 2391 passiones
933 2351 969 2379 et
997 2351 1101 2379 actus
1121 2342 1299 2379 differunt
1318 2354 1401 2390 spe·
1454 2341 1598 2389 pliciter
1612 2348 1821 2389 acceptum,
1843 2340 1947 2389 quod
1968 2349 2022 2377 est
2043 2341 2261 2378 delectabile
2279 2343 2342 2379 vel
2362 2343 2512 2379 doloro-

0 2394 14 2403 “’
117 2426 120 2428 ,
190 2426 194 2428 ,
345 2393 401 2430 cie
429 2395 640 2431 secundum
671 2395 828 2431 obiecta.
860 2395 936 2431 Sed
963 2395 1185 2443 passionum
1210 2394 1402 2432 irascibilis
1456 2405 1553 2430 sum.
1585 2393 1660 2430 Sed
1681 2393 1769 2440 quia
1787 2393 1942 2430 necesse
1963 2401 2018 2430 est
2045 2395 2150 2441 quod
2177 2395 2366 2431 interdum
2386 2394 2512 2431 anima

346 2453 383 2482 et
410 2447 710 2495 concupiscibilis
736 2449 872 2484 eadem
892 2447 1040 2483 obiecta
1059 2455 1156 2494 sunt,
1178 2447 1316 2483 scilicet
1335 2447 1402 2483 bo-
1457 2446 1715 2483 difficultatem
1734 2446 1796 2482 vel
1814 2458 1983 2494 pugnam
1997 2445 2015 2475 β
2033 2447 2194 2495 patiatur
2213 2447 2251 2483 in
2266 2447 2510 2495 adipiscendo

346 2511 439 2535 num
461 2506 497 2535 et
524 2500 679 2536 malum.
710 2501 811 2547 Ergo
834 2500 992 2536 eaedem
1011 2507 1098 2536 sunt
1115 2500 1312 2549 passiones
1331 2500 1402 2536 ira·
1457 2499 1610 2546 aliquod
1637 2498 1856 2535 huiusmodi
1885 2500 2041 2545 bonum,
2061 2500 2123 2535 vel
2151 2499 2328 2546 fugiendo
2358 2500 2511 2547 aliquod

346 2611 347 2614 ’
401 2604 475 2640 SED
495 2616 652 2650 coum,
670 2605 905 2641 diversarum
924 2604 1177 2652 potentiarum
1197 2612 1300 2640 actus
1319 2611 1404 2641 sunt
1458 2604 1576 2640 modo
1593 2604 1781 2640 elevatum
1798 2615 1911 2651 supra
1926 2604 2071 2639 facilem
2082 2611 2306 2651 potestatem
2323 2604 2510 2648 animalis;

349 2656 474 2703 specie
502 2656 652 2702 diversi,
682 2657 777 2692 sicut
803 2657 933 2692 videre
958 2664 995 2692 et
1014 2657 1154 2692 audire.
1185 2657 1262 2692 Sed
1280 2656 1404 2692 irasci-
1458 2656 1544 2692 ideo
1572 2656 1697 2704 ipsum
1725 2656 1871 2691 bonum
1899 2656 1960 2691 vel
1990 2657 2145 2702 malum,
2167 2656 2378 2693 secundum
2407 2657 2511 2704 quod

347 2707 430 2743 bilis
459 2715 496 2744 et
523 2708 823 2767 concupiscibilis
853 2716 938 2744 sunt
967 2708 1065 2745 duae
1091 2709 1283 2767 potentiae
1312 2709 1404 2745 divi·
1458 2709 1572 2744 habet
1600 2707 1784 2743 rationem
1814 2707 1920 2743 ardui
1946 2709 2007 2744 vel
2038 2707 2208 2754 difficilis,
2239 2715 2294 2744 est
2321 2709 2510 2745 obiectum

114 2774 184 2802 ·Qu.
191 2779 270 2801 um
280 2776 324 2794 an.
351 2760 482 2796 dentes
514 2761 724 2809 appetitum
752 2761 993 2808 sensitivum,
1021 2768 1063 2797 ut
1090 2761 1127 2797 in
1156 2761 1284 2797 Primo
1304 2761 1324 2783 *
1353 2761 1404 2797 di-
1458 2759 1661 2796 irascibilis.
1692 2760 1966 2808 Quaecumque
1988 2772 2075 2807 ergo
2094 2761 2290 2808 passiones
2311 2761 2513 2809 respiciunt

351 2819 453 2848 ctum
482 2820 548 2850 est.
579 2814 692 2860 Ergo,
714 2825 801 2849 cum
826 2813 1022 2861 passiones
1051 2813 1124 2850 sint
1146 2821 1272 2850 motus
1292 2826 1406 2873 appe·
1459 2813 1629 2849 absolute
1658 2813 1804 2849 bonum
1838 2813 1899 2849 vel
1929 2813 2091 2859 malum,
2120 2813 2306 2861 pertinent
2334 2814 2381 2850 ad
2420 2826 2507 2850 con-

113 2878 187 2906 ·Qu.
201 2883 263 2905 ιιιιι
280 2881 322 2899 an.
350 2865 437 2901 titus
465 2865 650 2912 sensitivi,
687 2873 729 2901 ut
755 2877 870 2913 supra
887 2865 908 2887 '¹‘
936 2865 1076 2902 dictum
1106 2873 1181 2914 est,
1209 2866 1405 2914 passiones
1460 2865 1737 2914 cup'iscibilem3
1771 2873 1812 2901 ut
1839 2865 2029 2912 gaudium,
2050 2865 2204 2912 tristitia,
2226 2878 2344 2912 amor,
2367 2866 2510 2913 odium,

352 2930 451 2967 quae
489 2925 575 2954 sunt
610 2918 649 2954 in
685 2917 879 2964 irascibili,
916 2926 1024 2954 erunt
1060 2918 1155 2954 aliae
1192 2919 1404 2955 secundum
1460 2926 1495 2954 et
1514 2918 1658 2954 similia.
1686 2918 1962 2965 Quaecumque
1981 2930 2074 2954 vero
2094 2918 2289 2966 passiones
2309 2918 2512 2966 respiciunt

352 2970 519 3019 speciem
539 2970 814 3019 apassionibus
833 2982 931 3019 quae
948 2978 1033 3006 sunt
1052 2971 1090 3006 in
1111 2971 1403 3019 concupiscibili.
1459 2971 1605 3007 bonum
1634 2971 1695 3007 vel
1722 2971 1865 3006 malum
1899 2970 1968 3006 sub
1998 2970 2140 3006 ratione
2169 2970 2288 3017 ardui,
2317 2978 2430 3019 prout
2458 2978 2512 3007 est

404 3024 628 3059 Respounsso
647 3034 830 3060 DmENDuM
850 3022 954 3071 quod
973 3023 1168 3071 passiones
1203 3035 1301 3070 quae
1321 3031 1407 3060 sunt
1460 3023 1601 3071 aliquid
1620 3027 1635 3050 Ὺ
1650 3023 1892 3075 adipiscibile
1919 3023 1981 3059 vel
2014 3023 2165 3070 sugibile
2195 3035 2282 3059 curn
2303 3023 2426 3072 aliqua
2446 3023 2512 3060 dif-

351 3075 388 3111 in
417 3075 590 3112 irascibili
620 3083 655 3112 et
682 3076 719 3112 in
748 3075 1041 3123 concupiscibili,
1073 3075 1249 3111 differunt
1268 3076 1403 3124 specie.
1459 3076 1636 3122 ficultate,
1650 3069 1850 3123 pertinent
1869 3075 1918 3111 ad
1936 3075 2181 3122 irascibilem,
2210 3083 2251 3111 ut
2270 3075 2441 3123 audacia,
2471 3076 2512 3112 ti-

352 3128 452 3164 Cum
470 3129 570 3164 enim
581 3128 753 3165 diversae
763 3128 951 3176 potentiae
966 3128 1131 3164 habeant
1141 3127 1288 3164 diversa
1303 3128 1406 3164 obie-
1458 3140 1555 3174 mor,
1585 3139 1681 3175 spes,
1712 3134 1748 3163 et
1773 3127 2002 3164 huiusmodi.

112 3191 180 3221 ··Qu
186 3197 273 3218 mvn
281 3195 324 3213 an
351 3188 420 3227 cta,
450 3187 491 3216 ut
509 3181 547 3217 in
574 3181 704 3217 Primo
723 3180 744 3202 '¹‘
771 3180 913 3217 dictum
948 3187 1012 3227 est,
1042 3192 1197 3217 necesse
1221 3187 1276 3217 est
1303 3181 1406 3229 quod
1512 3182 1570 3216 AD
1586 3191 1722 3216 PmMUM
1736 3191 1834 3215 ERGO
1849 3191 2032 3216 mCENDUM
2051 3180 2168 3227 quod,
2189 3180 2284 3217 s1cut
2297 3193 2336 3217 in
2351 3180 2511 3217 Primo*

350 3233 546 3282 passiones
562 3233 797 3270 diversarum
813 3233 1066 3292 potentiarum
1081 3233 1129 3270 ad
1141 3232 1289 3269 diversa
1304 3233 1406 3270 obie-
1462 3233 1602 3270 dictum
1623 3239 1689 3278 est,
1719 3232 1767 3268 ad
1786 3232 1859 3268 hoc
1886 3232 1944 3269 vis
1972 3232 2164 3269 irascibilis
2185 3234 2271 3270 data
2300 3240 2354 3270 est
2372 3233 2514 3269 anima-

352 3293 411 3322 cta
430 3286 647 3323 referantur.
667 3286 777 3323 Unde
797 3286 916 3322 multo
937 3285 1056 3333 magis
1075 3285 1270 3334 passiones
1285 3285 1407 3323 diver·
1460 3285 1568 3332 libus,
1596 3291 1638 3321 ut
1664 3285 1839 3321 tollantur
1866 3284 2138 3333 impedimenta
2165 3285 2301 3334 quibus
2336 3285 2514 3333 concupi-

352 3350 480 3375 sarum
513 3338 767 3387 potentiarum
793 3339 917 3386 specie
942 3338 1138 3375 differunt:
1158 3338 1281 3375 maior
1305 3339 1406 3375 enim
1462 3338 1596 3374 scibilis
1624 3337 1662 3373 in
1691 3349 1802 3373 suum
1841 3337 2031 3374 obiectum
2068 3339 2222 3375 tendere
2247 3337 2469 3387 prohibetur
2487 3335 2512 3384 δ,

353 3391 562 3428 differentia
599 3391 735 3428 obiecti
767 3390 964 3439 requiritur
995 3391 1043 3428 ad
1077 3391 1406 3428 diversificandam
1461 3391 1523 3428 vel
1559 3397 1715 3439 propter
1752 3390 2009 3427 difficultatem
2046 3391 2136 3427 boni
2173 3390 2424 3439 adipiscendi,
2452 3390 2515 3427 vel

0 2579 19 2714 ἓ
47 2543 49 2545 ’
300 2568 303 2570 “
347 2550 484 2587 scibilis
514 2559 549 2588 et
578 2552 889 2600 concupiscibilis.
1457 2551 1676 2587 huiusmodi
1704 2552 1860 2598 malum,
1889 2550 2112 2598 inquantum
2142 2552 2216 2587 hoc
2245 2559 2299 2587 est
2327 2553 2511 2600 quodam-

112 2911 135 2933 3·

113 3223 135 3247 3-

406 3513 434 3545 α)
452 3514 630 3538 contrarietas
693 3513 736 3537 sit.
754 3527 771 3531 -
790 3513 993 3538 contrarietates
1054 3513 1108 3537 sint
1127 3513 1172 3537 Pa.
1433 3511 1436 3575 ι
1515 3513 1541 3545 γ)
1561 3512 1671 3544 aliquid.
1688 3526 1707 3530 -
1725 3512 1786 3536 Om.
1800 3512 1910 3536 codices.

407 3547 432 3580 β)
447 3556 578 3581 pugnam.
592 3562 609 3567 —
621 3548 827 3581 repugnantiam
848 3549 876 3573 F.
1516 3546 1539 3579 ὃ)
1555 3547 1721 3579 prohibetur.
1739 3561 1757 3565 -
1772 3547 1959 3579 prohiberetur
1977 3546 2211 3578 ABCDGHIKLpF
2231 3552 2256 3570 et
2273 3553 2299 3570 a.

341 1870 435 1907 aliae
463 1870 501 1907 in
529 1870 713 1917 irascibili,
745 1879 780 1908 et
808 1871 902 1908 aliae
931 1872 968 1908 in
997 1871 1288 1919 concupiscibili.
1451 1870 1589 1907 diversi
1608 1870 1644 1916 *ς
1674 1878 1778 1907 actus
1812 1878 1938 1907 autem
1966 1872 2027 1908 vel
2047 1872 2241 1920 passiones
2266 1872 2507 1920 respicientes
2534 1882 2542 1890 ·

2540 3188 2549 3196 '
2564 3186 2622 3207 Ibid.

2685 2261 2689 2271 ‚
2701 2248 2743 2266 art.
