2852 4152
0 934 3 952 .
68 901 277 950 §Pffi‘izzttzta

68 1987 113 2011 ,usk
130 1995 143 2010 ,ς
155 1984 259 2008 .....

992 243 1256 290 QUAESTIO
1286 244 1385 306 ξων,
1412 243 1707 280 ART1CULus
1734 244 1784 280 v1
2400 254 2470 290 109

305 322 343 358 in
370 320 561 357 infinitum
589 327 759 356 remanet
795 333 975 368 quaerere
1005 323 1052 359 de
1080 321 1360 370 impedimentis

305 372 490 411 tollendis.

361 426 395 462 3.
417 426 648 471 ΡΚΑΕΤΕΚΕΑ,
668 425 858 473 inquisitio
888 425 1064 463 scientiae
1097 425 1361 463 demonstrati-

304 490 379 516 vae
406 490 485 514 non
511 477 684 526 procedit
701 478 739 514 in
766 478 966 525 infinitum,
988 479 1075 527 quia
1104 486 1159 515 est
1183 479 1360 516 devenire

305 531 345 568 in
373 530 498 579 aliqua
523 530 709 579 principia
739 543 809 579 per
836 543 876 567 se
905 539 1015 579 nota,
1045 543 1142 581 quae
1171 532 1361 569 omnimo-

307 583 397 621 dam
426 583 687 620 certitudinem
706 583 859 620 habent.
885 584 961 621 Sed
980 584 1061 622 talis
1082 584 1262 621 certitudo
1283 597 1361 622 non

306 643 432 685 potest
444 635 605 673 inveniri
620 635 659 672 in
674 636 923 683 singularibus
939 637 1252 684 contingentibus,
1264 650 1360 686 quae

307 695 395 726 sunt
420 688 615 726 variabilia
643 695 679 725 et
697 688 974 740 incerta.AErgo
1003 689 1191 739 inquisitio
1218 690 1360 727 consilii

306 740 478 790 procedit
504 741 543 778 in
570 741 769 778 infinitum.
845 740 849 746 '

360 794 435 831 SED
463 805 620 841 CONTRA,
642 794 764 831 nullus
783 799 952 830 movetur
969 794 1021 831 ad
1047 794 1086 830 id
1106 795 1158 831 ad
1180 795 1280 842 quod
1297 795 1363 831 im-

299 846 477 894 possibile
512 852 568 883 est
601 847 702 895 quod
728 847 945 895 perveniat,
973 854 1015 884 ut
1051 846 1183 884 dicitur
1209 846 1248 884 in
1276 848 1290 883 I
1319 847 1364 884 de

311 899 424 936 Caelo
452 898 483 936 *.
515 899 592 936 Sed
619 899 808 937 infinitum
841 899 1074 948 impossibile
1108 907 1163 936 est
1195 899 1362 936 transire:

307 951 346 989 Si
373 951 484 1001 igitur
502 952 692 1000 inquisitio
714 952 857 990 consilii
877 952 922 989 sit
948 951 1105 998 infinita,
1126 952 1250 988 nullus
1275 965 1363 989 con-

302 1004 418 1042 siliari
446 1005 636 1054 inciperet.
668 1006 784 1052 Quod
810 1012 913 1054 patet
941 1017 1023 1041 esse
1050 1004 1199 1041 falsum.

359 1059 584 1102 REsPownsso
604 1070 788 1096 monimum
807 1058 912 1107 quod
930 1057 1120 1106 inquisitio
1146 1056 1289 1094 consilii
1310 1064 1364 1094 est

306 1110 413 1148 finita
440 1110 478 1148 in
507 1119 594 1148 actu
623 1124 668 1148 ex
697 1111 836 1160 duplici
863 1118 986 1160 parte:
1017 1110 1156 1147 scilicet
1185 1122 1230 1146 ex
1256 1117 1363 1158 parte

306 1163 491 1212 principii,
518 1172 553 1201 et
581 1176 626 1201 ex
652 1172 757 1213 parte
786 1164 947 1201 termini.
974 1163 1167 1211 Accipitur
1194 1162 1296 1200 enim
1325 1162 1363 1200 in

307 1216 547 1264 inquisitione
564 1217 707 1266 consilii
724 1217 863 1265 duplex
877 1215 1117 1265 principium.
1133 1216 1263 1252 Unum
1276 1227 1364 1263 pro-

306 1269 452 1318 prium,
482 1281 527 1306 ex
563 1270 647 1318 ipso
675 1281 814 1317 genere
843 1268 1114 1317 operabilium:
1145 1276 1181 1304 et
1206 1269 1281 1304 hoc
1311 1275 1365 1304 est

307 1321 406 1369 finis,
428 1322 475 1360 de
503 1334 580 1370 quo
610 1334 689 1358 non
717 1328 773 1358 est
801 1320 1015 1366 consilium,
1045 1319 1112 1356 sed
1141 1319 1365 1368 supponitur

307 1373 347 1410 in
375 1373 532 1411 consilio
560 1382 603 1420 ut
623 1373 863 1422 principium,
883 1380 924 1408 ut
953 1372 1095 1409 dictum
1125 1379 1190 1408 est.
1206 1371 1227 1393 ‘¹‘
1251 1372 1364 1409 Aliud

268 1460 276 1462 ,
304 1425 419 1474 quasi
436 1437 482 1462 ex
501 1420 574 1462 alio
589 1438 726 1473 genere
742 1432 1002 1473 assumptum:
1024 1423 1120 1460 sicut
1139 1431 1175 1459 et
1193 1423 1231 1460 in
1247 1424 1364 1460 scien-

306 1477 366 1517 tiis
393 1477 701 1515 demonstrativis
737 1490 814 1514 una
841 1477 997 1514 scientia
1033 1475 1213 1525 supponit
1240 1476 1366 1525 aliqua

306 1530 356 1569 ab
376 1530 461 1578 alia,
482 1530 529 1568 de
548 1530 687 1580 quibus
707 1543 787 1567 non
805 1529 969 1578 inquirit.
989 1527 1221 1566 Huiusmodi
1236 1537 1364 1566 autem

304 1582 492 1632 principia
518 1596 617 1632 quae
645 1583 684 1621 in
711 1583 952 1632 inquisitione
973 1581 1116 1619 consilii
1144 1592 1366 1630 supponun-

305 1643 377 1684 tur,
406 1643 495 1674 sunt
518 1649 788 1685 quaecumque
810 1643 898 1673 sunt
923 1647 994 1684 per
1016 1646 1171 1672 sensum
1200 1642 1367 1683 accepta,

246 1706 275 1711 >·
303 1696 436 1738 utpote
463 1689 570 1739 quod
596 1691 671 1727 hoc
698 1690 744 1727 sit
770 1689 879 1738 panis
905 1689 968 1726 vel
996 1688 1156 1734 ferrum3
1186 1694 1222 1724 et
1253 1699 1368 1736 quae-

1416 333 1580 369 cumque
1599 327 1686 358 sunt
1702 332 1770 369 per
1793 320 1958 369 aliquam
1979 320 2171 357 scientiam
2198 321 2468 369 speculativam

1414 374 1476 411 vel
1511 374 1716 427 practicam
1745 373 1783 409 in
1811 372 2013 409 universali
2046 373 2213 420 cognita,
2243 373 2336 409 sicut
2365 374 2469 422 quod

1415 426 1610 464 moechari
1638 433 1692 463 est
1720 437 1743 462 a
1769 426 1855 462 Deo
1883 425 2127 474 prohibitum,
2156 433 2191 461 et
2219 425 2323 472 quod
2351 426 2468 462 homo

1415 492 1494 516 non
1520 486 1645 528 potest
1668 478 1799 516 vivere
1825 478 1893 515 nisi
1917 478 2099 515 nutriatur
2122 477 2350 514 nutrimento
2380 490 2469 515 con-

1415 532 1592 569 venienti.
1610 533 1658 568 Et
1673 531 1720 568 de
1739 530 1816 567 istis
1835 543 1913 568 non
1927 530 2078 579 inquirit
2097 530 2320 567 consiliator.
2336 551 2360 557 -
2376 531 2470 566 Ter-

1416 585 1542 621 minus
1562 591 1688 621 autem
1716 583 1962 633 inquisitionis
1991 591 2046 620 est
2073 583 2111 620 id
2139 582 2244 630 quod
2272 582 2395 619 statim
2416 590 2471 619 est

1417 637 1455 674 in
1484 645 1668 686 potestate
1696 644 1823 673 nostra
1850 644 1892 673 ut
1910 636 2104 673 faciamus.
2135 635 2238 672 Sicut
2265 635 2366 671 enim
2385 635 2470 671 finis

1416 690 1531 726 habet
1559 689 1743 726 rationem
1771 688 1953 738 principii,
1983 688 2033 725 ita
2061 688 2099 725 id
2120 687 2225 736 quod
2244 687 2363 735 agitur
2381 699 2470 735 pro—

1417 750 1499 790 pter
1532 743 1671 788 finem,
1706 742 1820 778 habet
1851 741 2035 778 rationem
2067 739 2329 778 conclusionis.
2357 739 2468 777 Unde

1417 795 1455 831 id
1475 795 1579 842 quod
1598 794 1722 843 primo
1743 794 1932 842 agendum
1959 793 2130 840 occurrit,
2151 793 2266 830 habet
2283 792 2468 829 rationem

1417 847 1570 884 ultimae
1599 847 1867 894 conclusionis,
1897 847 1946 884 ad
1974 858 2090 894 quarn
2118 845 2308 894 inquisitio
2341 844 2468 882 termi-

1418 908 1538 937 natur.
1555 921 1578 927 -
1598 899 1702 937 Nihil
1726 907 1852 936 autem
1875 898 2051 947 prohibet
2077 898 2275 936 consilium
2299 897 2468 946 potentia

1417 953 1607 990 infinitum
1628 964 1721 999 esse,
1742 952 1952 989 secundum
1981 951 2085 1000 quod
2108 951 2146 988 in
2170 950 2358 988 infinitum
2381 963 2469 999 pos-

1418 1013 1504 1042 sunt
1532 1005 1656 1052 aliqua
1686 1016 1882 1042 occurrere
1910 1004 2065 1041 consilio
2093 1003 2329 1052 inquirenda.

1469 1059 1528 1094 Ab
1556 1069 1693 1094 PRIMUM
1712 1068 1809 1095 ERGO
1836 1068 2019 1094 DICENDUM
2039 1056 2142 1105 quod
2170 1055 2368 1104 singularia
2390 1067 2469 1093 non

1418 1118 1503 1148 sunt
1530 1110 1674 1147 infinita
1701 1117 1797 1156 actu,
1818 1110 1884 1146 sed
1913 1109 1950 1145 in
1978 1109 2145 1157 potentia
2172 1116 2317 1145 tantum
2333 1114 2362 1145 α.

1469 1165 1528 1200 An
1551 1174 1740 1200 SECUNDUM
1754 1174 1937 1198 DICENDUM
1953 1161 2068 1210 quod,
2089 1161 2172 1198 licet
2185 1162 2353 1198 humana
2371 1160 2468 1197 actio

1417 1215 1536 1265 possit
1562 1214 1749 1264 impediri,
1770 1226 1848 1251 non
1875 1221 2003 1250 tamen
2032 1225 2182 1262 semper
2209 1214 2323 1250 habet
2349 1213 2468 1261 impe-

1420 1268 1631 1305 dimentum
1659 1275 1844 1316 paratum.
1875 1267 1924 1303 Et
1941 1266 2029 1304 ideo
2049 1278 2127 1303 non
2146 1278 2298 1314 semper
2322 1272 2471 1314 oportet

1420 1320 1604 1357 consiliari
1635 1320 1682 1356 de
1710 1319 1983 1368 impedimento
2012 1318 2192 1356 tollendo.

1472 1374 1530 1409 An
1553 1384 1711 1409 TERTIUM
1731 1384 1912 1409 DICENDUM
1932 1372 2037 1419 quod
2057 1372 2095 1408 in
2117 1370 2362 1419 singularibus
2383 1382 2472 1406 con-

1419 1424 1645 1472 tingentibus
1672 1431 1796 1473 potest
1822 1424 1961 1472 aliquid
1983 1424 2102 1473 accipi
2131 1431 2286 1470 certum,
2308 1422 2374 1459 etsi
2393 1434 2471 1459 non

1421 1476 1656 1524 simpliciter,
1686 1483 1813 1513 tamen
1840 1483 1882 1512 ut
1908 1489 2027 1523 nunc,
2056 1483 2169 1525 prout
2204 1475 2407 1513 assumitur
2432 1474 2472 1511 in

1420 1529 1652 1578 operatione.
1688 1529 1883 1565 Socratem
1917 1529 2019 1565 enirn
2048 1529 2179 1566 sedere
2207 1541 2287 1565 non
2319 1535 2375 1565 est
2405 1539 2471 1564 ne-

1423 1581 1648 1618 cessarium:
1677 1581 1743 1618 sed
1772 1593 1860 1617 eurn
1890 1582 2034 1627 sedere,
2063 1582 2155 1618 dum
2183 1582 2305 1627 sedet,
2335 1587 2390 1617 est
2407 1591 2472 1617 ne-

1423 1634 1638 1671 cessarium.
1676 1634 1726 1670 Et
1757 1634 1830 1670 hoc
1861 1645 1929 1682 per
1962 1634 2220 1671 certitudinem
2253 1632 2370 1682 accipi
2403 1644 2473 1681 po·

1421 1694 1503 1724 test.

359 1828 388 1862 α)
406 1831 520 1854 tantum.
537 1843 557 1848 -
574 1829 635 1854 Om.
654 1829 701 1854 Pa.
