2852 4152
812 270 845 319 *x

1029 257 1294 303 QUAESTIO
1324 258 1423 304 LIII,
1453 258 1747 295 ARTICULUS
1776 259 1825 294 III

2450 260 2524 306 339

357 339 412 368 est
443 331 602 368 intensio
638 339 674 368 et
708 332 879 368 remissio
917 334 955 370 in
983 334 1212 383 quibusdam
1242 335 1413 371 acciden-
1468 335 1546 372 aliis
1567 335 1824 383 qualitatibus:
1845 336 1914 373 nisi
1931 337 2034 384 quod
2054 337 2209 385 quidam
2225 337 2372 374 habitus
2387 349 2525 385 augen-

356 383 476 420 tibus:
504 383 607 420 unde
636 384 773 420 albedo
803 397 880 421 non
900 386 1033 423 dicitur
1061 387 1180 435 magis
1211 395 1246 423 et
1274 388 1410 434 minus,

1467 395 1528 424 tur
1552 389 1615 425 vel
1641 388 1902 426 diminuuntur
1919 401 1989 437 per
2008 390 2198 438 quandam
2219 390 2464 437 additionem,
2484 395 2526 425 ut

357 435 424 472 sed
452 435 595 473 album.
629 437 678 473 Et
706 437 841 473 eadem
876 439 969 475 ratio
1006 447 1060 476 est
1094 439 1131 476 in
1159 439 1348 476 habitibus
1377 448 1414 477 et
1467 452 1512 477 ex
1540 441 1760 489 supradictis
1780 441 1801 463 ³¹⁸
1827 449 1940 490 patet.

1155 600 1471 642 ARTICULUS
1499 601 1726 642 TERTIUS

461 677 615 708 UTRUM
638 676 825 707 HAB1Tus
849 676 1177 710 CORRUMPATUR
1199 679 1284 710 VEL
1307 680 1584 711 D1M1NUATUR
1606 681 1688 711 PER
1710 681 1855 712 SOLAM
1880 680 2179 712 CEssAtloNEM
2202 680 2258 710 AB
2281 680 2420 711 OPERE

1000 747 1031 771 11·
1051 747 1103 778 11··,
1122 755 1166 780 qu.
1185 755 1249 778 xxxv,
1269 753 1316 773 art.
1335 756 1378 779 103
1398 749 1407 773 I
1427 749 1509 780 Sent.,
1529 749 1587 774 dist.
1606 757 1665 779 xwx,
1685 757 1730 782 qu.
1747 757 1775 780 11,
1794 755 1840 774 art.
1856 750 1879 775 5.

400 840 453 868 „w
474 840 543 883 »Ἢ
567 836 590 861 D
609 836 768 872 TERTHJM
788 837 840 862 Sic
860 837 1097 863 PRocssmruR.
1125 826 1285 877 Videtur
1307 827 1413 875 quod

489 863 540 934 {Ji
567 877 717 914 habitus
746 890 823 914 non
850 886 1114 926 corrumpatur
1139 887 1203 916 aut
1229 879 1414 916 diminua-

376 956 398 983 ἑ,
417 928 421 931 ’
436 941 496 981 ¹⁷:
512 931 539 968 'G
568 937 628 966 tur
642 942 711 978 per
725 931 844 967 solam
861 931 1108 968 cessationem
1124 932 1171 967 ab
1187 944 1315 979 opere.
1336 933 1413 968 Ha-

416 995 425 1004 *
448 974 512 1011 ΙΨ)
528 971 665 1019 &bitus
691 983 790 1019 enim
809 983 1134 1031 permanentiores
1154 991 1240 1020 sunt
1263 997 1379 1033 quam
1396 990 1412 1006 α

321 1060 328 1066 .
354 1034 549 1082 passibiles
564 1035 772 1083 qualitates,
782 1043 822 1071 ut
832 1047 876 1071 ex
891 1035 1113 1084 supradictis
1123 1035 1142 1058 ²¹⁸
1152 1045 1318 1085 apparet.
1336 1038 1420 1082 Sed*
1438 1059 1440 1063 .

354 1087 549 1135 passibiles
565 1088 761 1135 qualitates
776 1100 854 1124 non
865 1096 1157 1136 corrumpuntur
1171 1102 1294 1138 neque
1306 1089 1412 1126 dimi-

355 1147 523 1176 nuuntur
536 1152 604 1188 per
619 1140 870 1177 cessationem
885 1141 933 1177 ab
949 1148 1050 1177 actu:
1067 1153 1144 1178 non
1157 1142 1257 1178 enim
1274 1143 1409 1179 albedo

355 1191 575 1229 diminuitur
602 1193 633 1229 si
659 1193 785 1229 visum
805 1205 883 1229 non
903 1193 1089 1240 immutet,
1110 1206 1233 1243 neque
1259 1196 1362 1231 calor
1381 1195 1412 1232 si

354 1256 433 1281 non
457 1245 659 1281 calefaciat.
689 1246 790 1293 Ergo
820 1257 944 1293 neque
973 1246 1122 1282 habitus
1149 1247 1411 1284 diminuuntur

353 1297 415 1333 vel
445 1304 736 1346 corrumpuntur
753 1309 823 1346 per
848 1297 1095 1334 cessationem
1117 1297 1131 1327 β
1159 1300 1207 1335 ab
1236 1307 1333 1336 acm.

408 1360 443 1385 2.
460 1350 690 1395 PRAETEREA,
708 1350 898 1398 corruptio
920 1358 955 1385 et
975 1349 1173 1387 diminutio
1193 1360 1279 1388 sunt
1297 1365 1411 1400 quae-

353 1400 452 1451 (ΒΨ,
461 1401 700 1441 mutationes.
731 1402 809 1438 Sed
828 1401 918 1438 nihil
936 1409 1102 1438 mutatur
1120 1404 1266 1451 absque
1286 1405 1410 1452 aliqua

352 1464 467 1490 causa
493 1461 686 1490 movente.
717 1454 817 1489 Cum
845 1453 955 1500 igitur
978 1455 1137 1491 cessatio
1157 1456 1205 1492 ab
1226 1464 1311 1492 actu
1331 1469 1409 1493 non

351 1503 530 1554 importet
548 1505 714 1552 aliquam
735 1517 890 1542 causam
910 1514 1145 1553 moventem,
1167 1520 1245 1544 non
1259 1508 1410 1545 videtur

351 1557 456 1606 quod
482 1570 552 1606 per
579 1558 830 1595 cessationem
859 1559 906 1594 ab
935 1565 1020 1594 actu
1043 1559 1162 1606 possit
1189 1572 1272 1597 esse
1301 1561 1410 1598 dimi-

350 1609 456 1647 nutio
482 1611 546 1647 vel
573 1610 765 1659 corruptio
794 1611 954 1648 habitus.

406 1663 441 1700 3.
469 1664 702 1710 PRAETEREA,
729 1663 881 1700 habitus
909 1664 1084 1701 scientiae
1105 1672 1141 1701 et
1158 1665 1305 1702 virtutis
1324 1674 1410 1702 sunt

349 1714 390 1752 in
417 1715 545 1752 anima
573 1716 810 1762 intellectiva,
830 1728 928 1765 quae
949 1724 1004 1754 est
1022 1729 1136 1765 supra
1155 1725 1319 1766 tempus.
1350 1719 1407 1755 Ea

349 1779 443 1804 vero
462 1781 562 1816 quae
582 1777 668 1805 sunt
690 1781 804 1817 supra
831 1776 994 1818 tempus,
1015 1782 1092 1807 non
1113 1778 1409 1819 corrumpuntur

348 1831 475 1868 neque
504 1818 765 1858 diminuuntur
798 1833 867 1869 per
900 1822 1081 1870 temporis
1111 1823 1405 1861 diuturnitatem.

348 1873 451 1920 Ergo
484 1886 608 1922 neque
640 1874 860 1910 huiusmodi
888 1879 903 1901 Υ
931 1875 1081 1912 habitus
1114 1885 1409 1925 corrumpuntur

347 1925 410 1962 vel
439 1925 698 1963 diminuuntur
724 1939 793 1975 per
823 1927 1004 1975 temporis
1042 1928 1346 1976 diuturnitatem,
1377 1930 1407 1966 si

349 1977 414 2015 diu
442 1978 575 2027 aliquis
603 1980 748 2027 absque
777 1979 952 2016 exercitio
980 1989 1213 2029 permaneat.

401 2031 476 2067 SED
497 2043 643 2069 CONTRA
670 2044 735 2068 EST
763 2032 867 2080 quod
895 2032 1166 2082 Philosophus,
1188 2034 1225 2070 in
1246 2035 1341 2071 libro
1361 2035 1407 2071 de

347 2083 497 2133 Longit.
517 2090 553 2120 et
577 2085 717 2121 Brevit.
749 2084 902 2130 Vitae*,
931 2085 1019 2122 dicit
1045 2086 1149 2134 quod
1169 2087 1406 2135 corruruptio

345 2136 521 2173 scientiae
544 2149 622 2173 non
642 2138 764 2174 solum
794 2145 848 2173 est
875 2138 1049 2186 deceptio,
1079 2140 1146 2176 sed
1176 2139 1287 2176 etiam
1316 2140 1407 2177 ohli-

342 2188 419 2224 vio.
449 2189 498 2225 Et
525 2189 562 2227 in
582 2190 668 2226 VIII
687 2190 807 2226 Ethic.
823 2190 843 2212 ²⁸²
863 2190 996 2227 dicitur
1023 2193 1126 2239 quod
1150 2192 1286 2229 multas
1310 2194 1405 2230 ami-

346 2241 450 2278 citias
477 2241 714 2290 inappellatio
742 2243 916 2280 dissolvit.
942 2244 991 2280 Et
1010 2244 1145 2281 eadem
1165 2244 1322 2292 ratione,
1343 2245 1404 2282 alii

345 2293 494 2331 habitus
522 2294 704 2331 virtutum
730 2307 800 2343 per
827 2296 1077 2332 cessationem
1105 2298 1153 2334 ab
1182 2305 1267 2334 actu
1295 2297 1405 2334 dimi-

343 2353 512 2383 nuuntur
537 2348 600 2384 vel
627 2347 817 2384 tolluntur.

397 2399 622 2436 Responnno
649 2411 832 2436 mCENDUM
852 2400 968 2448 quod,
989 2400 1084 2437 sicut
1103 2401 1237 2438 dicitur
1255 2401 1293 2438 in
1312 2402 1398 2439 VIII

221 2473 230 2486 2
251 2499 259 2507 ·
291 2468 317 2480 ·-
341 2451 490 2499 Hysic.
509 2451 541 2497 *‚
571 2452 711 2500 aliquid
739 2460 863 2500 potest
891 2465 973 2489 esse
1001 2465 1163 2490 movens
1183 2454 1400 2502 dupliciter:

342 2515 421 2540 uno
441 2505 574 2550 modo,
594 2517 663 2553 per
681 2517 734 2550 se,
755 2505 860 2552 quod
879 2505 1020 2542 scilicet
1037 2508 1169 2543 movet
1187 2508 1400 2544 secundum

343 2556 530 2593 rationem
558 2557 737 2605 propriae
771 2558 937 2603 formae,
967 2558 1062 2595 sicut
1089 2558 1184 2606 ignis
1212 2560 1399 2606 calefacit;

342 2608 416 2645 alio
445 2608 576 2656 modo,
606 2622 674 2657 per
701 2610 895 2655 accidens,
925 2610 1020 2646 sicut
1038 2610 1076 2647 id
1095 2612 1197 2659 quod
1227 2620 1400 2648 removet

341 2660 560 2708 prohibens.
590 2662 639 2698 Et
665 2662 741 2698 hoc
767 2662 885 2698 modo
915 2663 1072 2699 cessatio
1097 2664 1145 2699 ab
1166 2672 1251 2700 actu
1272 2672 1400 2701 causat

343 2713 625 2761 corruptionem
663 2714 725 2750 vel
764 2714 1054 2751 diminutionem
1090 2716 1310 2753 habituum:
1344 2717 1400 2753 in-

341 2772 526 2812 quantum
554 2765 694 2802 scilicet
713 2774 932 2803 removetur
954 2775 1058 2804 actus
1087 2768 1151 2816 qui
1173 2769 1399 2817 prohibebat

341 2829 476 2854 causas
493 2815 507 2839 δ
536 2826 821 2866 corrumpentes
848 2820 910 2856 vel
939 2819 1191 2858 diminuentes
1210 2822 1395 2859 habitum.

339 2869 493 2907 Dictum
523 2878 578 2907 est
605 2870 707 2907 enim
725 2870 746 2892 ²³
773 2872 878 2920 quod
901 2872 1051 2909 habitus
1081 2885 1149 2921 per
1167 2886 1206 2910 se
1227 2887 1397 2911 corrum-

337 2930 480 2970 puntur
515 2923 576 2960 vel
615 2923 874 2960 diminuuntur
896 2929 909 2945 ²
943 2937 987 2961 ex
1024 2926 1210 2963 contrario
1248 2935 1393 2974 agente.

392 3026 419 3059 α)
440 3034 528 3058 quam.
546 3041 564 3045 -
577 3027 717 3059 passiones
736 3027 776 3051 vel
795 3028 891 3052 addunt
909 3028 960 3052 EF.

392 3060 417 3095 β)
437 3061 617 3086 cessationem.
635 3076 653 3080 -
671 3063 704 3086 ab
723 3069 801 3093 opere
820 3063 860 3087 vel
878 3063 973 3088 addunt
991 3064 1043 3088 EF.

390 3098 417 3130 γ)
436 3097 595 3122 huiusmodi.
606 3110 626 3116 -
643 3097 705 3121 Orn.
729 3097 902 3127 ACDEFHL3
927 3106 1010 3130 neque
1033 3099 1227 3125 diminuuntur.
1238 3118 1259 3125 ..
1276 3108 1397 3126 corrum-

334 3135 439 3163 puntur
456 3139 509 3156 om.
525 3132 542 3156 I.
554 3139 633 3164 -per
651 3133 776 3164 temporis
796 3132 1000 3158 diuturnitatem
1018 3141 1072 3158 om.
1091 3134 1202 3159 codices.

1467 828 1579 864 Unde
1598 841 1929 878 quorumcumque
1948 830 2147 866 habituum
2168 829 2354 866 contraria
2372 830 2524 866 subcre-

1466 888 1576 916 scunt
1605 893 1675 929 per
1705 882 1886 931 temporis
1923 889 2104 930 tractum,
2135 894 2232 931 quae
2261 889 2410 931 oportet
2437 882 2524 918 sub-

1466 932 1561 970 trahi
1589 945 1658 980 per
1685 942 1811 971 actum
1839 936 1888 971 ab
1916 935 2047 972 habitu
2074 935 2365 984 procedentem;
2395 934 2523 971 huius-

1467 986 1573 1021 modi
1605 986 1754 1022 habitus
1788 987 2067 1034 diminuuntur,
2100 988 2162 1024 vel
2198 987 2309 1024 etiam
2342 987 2523 1023 tolluntur

1465 1038 1635 1085 totaliter,
1664 1051 1733 1086 per
1761 1039 1977 1076 diuturnam
2007 1040 2255 1076 cessationem
2281 1041 2328 1076 ab
2349 1048 2453 1085 actu3
2482 1047 2523 1076 ut

1466 1098 1568 1138 patet
1597 1099 1632 1127 et
1660 1090 1671 1116 ζ
1696 1091 1735 1127 in
1769 1092 1922 1128 scientia
1957 1100 1993 1128 et
2025 1093 2062 1128 in
2095 1093 2240 1129 virtute.
2276 1092 2521 1129 Manifestum

1467 1151 1522 1179 est
1551 1144 1651 1180 enim
1680 1144 1785 1191 quod
1813 1144 1962 1181 habitus
1990 1145 2134 1181 virtutis
2163 1145 2316 1181 moralis
2345 1145 2430 1181 facit
2454 1146 2521 1181 ho-

1466 1195 1607 1232 minem
1636 1204 1856 1245 promptum
1877 1197 1926 1234 ad
1947 1197 2159 1244 eligendum
2182 1198 2353 1234 medium
2373 1197 2411 1233 in
2431 1210 2521 1246 ope-

1466 1249 1672 1285 rationibus
1693 1256 1728 1285 et
1746 1249 1996 1297 passionibus.
2025 1250 2123 1286 Cum
2143 1257 2269 1286 autem
2291 1250 2423 1297 aliquis
2443 1262 2521 1286 non

1464 1301 1578 1337 utitur
1615 1302 1743 1338 habitu
1774 1302 1919 1338 virtutis
1952 1303 2000 1339 ad
2034 1303 2288 1339 moderandas
2325 1302 2520 1350 passiones

1437 1348 1438 1356 ¹
1464 1354 1524 1389 vel
1554 1354 1792 1401 operationes
1820 1355 2003 1403 proprias,
2033 1367 2187 1392 necesse
2216 1363 2271 1391 est
2299 1355 2403 1403 quod
2431 1367 2522 1403 pro-

1463 1406 1618 1442 veniant
1646 1407 1786 1442 multae
1817 1407 2013 1455 passiones
2042 1415 2078 1444 et
2106 1407 2344 1456 operationes
2372 1415 2522 1456 praeter

1464 1458 1625 1494 modum
1644 1459 1801 1505 virtutis,
1818 1471 1863 1495 ex
1878 1459 2117 1496 inclinatione
2137 1460 2322 1508 appetitus
2341 1460 2519 1506 sensitivi,

1464 1517 1500 1545 et
1527 1510 1687 1546 aliorum
1710 1523 1808 1559 quae
1829 1512 1989 1548 exterius
2015 1521 2184 1549 movent.
2214 1512 2324 1549 Unde
2354 1525 2520 1549 corrum-

1462 1562 1562 1610 pitur
1589 1562 1724 1607 virtus,
1752 1565 1814 1599 vel
1844 1563 2074 1611 diminuitur,
2103 1577 2171 1613 per
2195 1565 2443 1601 cessationem
2471 1566 2518 1601 ab

1463 1622 1560 1651 actu.
1581 1635 1605 1641 -
1627 1614 1803 1651 Similiter
1823 1616 1935 1652 etiam
1956 1624 2010 1652 est
2030 1629 2074 1653 ex
2102 1625 2208 1665 parte
2236 1618 2434 1653 habituum
2463 1618 2520 1653 in-

1462 1667 1738 1713 tellectualium,
1762 1669 1972 1705 secundum
1993 1681 2090 1716 quos
2110 1677 2166 1705 est
2182 1670 2301 1705 homo
2317 1678 2518 1718 promptus

1462 1719 1511 1756 ad
1531 1727 1630 1756 recte
1650 1719 1896 1757 iudicandum
1913 1721 1960 1757 de
1975 1721 2195 1769 imaginatis
2213 1722 2313 1758 Cum
2330 1722 2437 1769 igitur
2450 1723 2519 1759 ho·

1462 1784 1528 1808 mo
1549 1780 1670 1809 cessat
1688 1773 1735 1809 ab
1757 1785 1827 1809 usu
1854 1773 2110 1810 intellectualis
2134 1774 2294 1820 habitus,
2324 1774 2520 1822 insurgunt

1461 1824 1748 1872 imaginationes
1783 1833 2000 1873 extraneae,
2031 1834 2067 1863 et
2094 1827 2324 1876 quandoque
2353 1828 2400 1864 ad
2431 1839 2520 1863 con-

1461 1877 1616 1914 trarium
1645 1877 1843 1923 ducentes,
1872 1878 1922 1915 ita
1941 1879 2063 1926 quod,
2093 1879 2163 1916 nisi
2186 1891 2256 1928 per
2282 1880 2518 1929 frequentem

1460 1941 1574 1966 usum
1603 1930 1859 1967 intellectualis
1886 1932 2052 1979 habitus,
2083 1932 2373 1981 quodammodo
2402 1932 2519 1969 succi-

1462 1982 1597 2019 dantur
1623 1983 1685 2019 vel
1715 1983 2025 2032 comprimantur,
2055 1985 2222 2021 redditur
2248 1986 2367 2021 homo
2392 1985 2518 2021 minus

1460 2042 1569 2083 aptus
1598 2037 1645 2072 ad
1675 2043 1774 2072 recte
1803 2036 2068 2083 iudicandum,
2100 2044 2136 2073 et
2164 2039 2396 2085 quandoque
2424 2045 2518 2074 tota-

1458 2087 1541 2124 liter
1569 2088 1778 2136 disponitur
1806 2090 1854 2125 ad
1883 2089 2123 2126 contrarium.
2154 2090 2203 2126 Et
2229 2090 2282 2126 sic
2304 2089 2379 2138 'per
2398 2102 2518 2127 cessa-

1459 2139 1604 2176 tionem
1625 2141 1672 2177 ab
1693 2148 1778 2177 actu
1798 2141 2028 2189 diminuitur,
2048 2142 2111 2179 vel
2131 2142 2244 2179 etiam
2265 2143 2518 2191 corrumpitur

1458 2192 1717 2230 intellectualis
1745 2194 1906 2231 habitus.

1510 2247 1570 2282 An
1599 2257 1736 2284 PRIMUM
1763 2258 1861 2283 ERGO
1883 2259 2066 2284 mcENDUM
2086 2247 2189 2295 quod
2211 2247 2260 2284 ita
2280 2247 2393 2284 etiam
2415 2249 2517 2284 calor

1457 2309 1527 2346 per
1555 2298 1804 2335 cessationem
1823 2312 1845 2335 a
1867 2299 2120 2337 calefaciendo
2150 2308 2463 2348 corrumperetur,
2487 2300 2517 2336 si

1456 2362 1526 2398 per
1551 2351 1627 2387 hoc
1654 2351 1878 2388 incresceret
1896 2352 2083 2399 frigidum,
2108 2353 2211 2401 quod
2232 2361 2288 2389 est
2307 2353 2415 2390 calidi
2436 2365 2517 2390 cor-

1456 2402 1662 2451 ruptivum.

1508 2457 1567 2492 AD
1595 2467 1784 2493 SECUNDUM
1813 2469 1995 2494 DICENDUM
2023 2457 2128 2506 quod
2161 2458 2319 2495 cessatio
2354 2459 2401 2495 ab
2431 2465 2515 2494 actu

1456 2516 1511 2544 est
1538 2521 1701 2545 movens
1730 2509 1779 2545 ad
1808 2510 2100 2562 corruptionem,
2118 2511 2179 2547 vel
2210 2510 2512 2558 diminutionem,

1453 2561 1548 2597 sicut
1574 2573 1779 2597 removens
1806 2562 2025 2610 prohibens,
2054 2570 2095 2599 ut
2123 2563 2264 2599 dictum
2294 2571 2349 2599 est
2367 2563 2398 2599 ²¹⁶.

1506 2615 1566 2649 AD
1580 2625 1739 2650 TERTmM
1759 2626 1942 2651 DICENDUM
1961 2615 2066 2662 quod
2086 2627 2173 2664 pars
2192 2615 2416 2652 intellectiva
2435 2615 2513 2652 ani-

1453 2677 1539 2701 mae
1574 2668 1784 2702 secundum
1818 2678 1858 2703 se
1894 2674 1949 2703 est
1982 2680 2095 2716 supra
2127 2676 2299 2716 tempus:
2330 2668 2397 2705 sed
2424 2681 2512 2717 pars

1453 2718 1630 2755 sensitiva
1659 2718 1828 2755 subiacet
1854 2719 2028 2768 tempori.
2058 2721 2107 2757 Et
2134 2720 2220 2757 i'deo
2240 2733 2309 2769 per
2327 2721 2510 2769 temporis

1452 2783 1606 2807 cursum
1634 2778 1906 2808 transmutatur
1933 2780 2118 2820 quantum
2147 2773 2195 2810 ad
2222 2773 2419 2822 passiones
2445 2786 2510 2822 ap-

1450 2823 1628 2872 petitivae
1655 2824 1786 2872 partis,
1818 2832 1854 2861 et
1881 2825 1993 2862 etiam
2027 2833 2210 2874 quantum
2240 2826 2288 2863 ad
2315 2826 2416 2863 vires
2445 2839 2510 2875 ap-

1449 2875 1709 2924 prehensivas.
1738 2877 1848 2913 Unde
1878 2877 2131 2927 Philosophus
2151 2878 2250 2924 dicit,
2280 2879 2318 2915 in
2339 2879 2389 2916 IV
2407 2880 2510 2927 Phy-

1448 2929 1511 2964 sic.
1532 2928 1563 2974 ²¹⁶,
1592 2929 1697 2976 quod
1725 2937 1877 2978 tempus
1906 2937 1961 2967 est
1989 2943 2102 2967 causa
2130 2931 2342 2968 oblivionis.

1502 3032 1527 3066 δ)
1535 3034 1845 3065 causas.-corruptionis
1855 3034 1896 3058 vel
1905 3034 2088 3059 diminutionis
2099 3035 2234 3059 habituum
2246 3036 2285 3060 vel
2295 3043 2390 3060 causas
2400 3036 2469 3061 addit
2477 3037 2508 3062 E.

1502 3067 1524 3101 ε)
1545 3069 1754 3100 corrumpuntur
1772 3070 1812 3093 vel
1835 3069 2029 3094 diminuuntur.
2047 3083 2067 3089 -
2083 3071 2265 3102 corrumpitur·
2284 3072 2323 3095 vel
2349 3072 2508 3096 diminuitur

1451 3102 1668 3128 ABCDEGHKL.

1502 3137 1529 3171 ζ)
1549 3141 1584 3162 et.
1596 3151 1615 3156 -
1633 3138 1714 3163 etiam
1734 3139 1779 3167 Pa,
1799 3146 1853 3164 orn.
1871 3139 1947 3164 BEK.

1009 3198 1340 3237 Commentaria
1363 3205 1612 3239 Cardinalis
1634 3207 1833 3239 Caietam

367 3291 388 3311 N
411 3281 595 3322 quaestione
617 3281 968 3322 quinquagesimatertia
991 3283 1125 3319 adverte,
1147 3293 1183 3314 ex
1199 3284 1303 3324 primo
1325 3285 1396 3316 arti-

341 3293 452 3362 Iculo,
466 3325 554 3365 quod
567 3325 651 3365 apud
664 3327 837 3356 Auctorem
849 3326 934 3356 idem
946 3333 992 3357 est
1006 3326 1159 3358 iudicium
1175 3328 1213 3358 de
1230 3327 1394 3368 speciebus

335 3368 582 3408 intelligibilibus
602 3376 632 3400 et
646 3369 803 3400 habitibus
822 3369 1061 3410 principiorum,
1081 3372 1188 3411 quoad
1207 3371 1394 3412 corruptibi-

1451 3292 1583 3317 tasmata
1611 3297 1647 3317 ex
1670 3293 1756 3326 parte
1780 3297 1892 3318 causae
1921 3289 2136 3329 computanda
2159 3291 2296 3327 censuit,
2322 3291 2377 3331 qui
2401 3291 2475 3322 alias
2490 3291 2508 3311 *

1449 3330 1559 3360 docuit
1585 3341 1652 3360 non
1680 3341 1821 3367 causam,
1851 3332 1905 3362 sed
1933 3334 2101 3364 materiam
2130 3343 2248 3364 causae
2275 3345 2341 3365 esse
2365 3345 2400 3365 ea
2423 3345 2506 3375 quae

1448 3380 1522 3404 sunt
1544 3373 1577 3403 in
1600 3381 1687 3414 parte
1711 3374 1870 3412 sensitiva,
1895 3377 1934 3406 ad
1957 3386 1993 3406 ea
2016 3386 2098 3417 quae
2121 3385 2194 3408 sunt
2215 3378 2400 3409 intellectus.
2429 3379 2507 3410 Pro—

334 3412 455 3443 litatem
471 3419 501 3443 et
516 3412 856 3452 incorruptibilitatem:
881 3421 911 3444 et
930 3424 996 3445 non
1017 3422 1063 3446 est
1081 3414 1165 3445 idem
1184 3414 1337 3446 iudicium
1355 3416 1394 3446 de
1447 3424 1516 3457 pter
1538 3418 1626 3458 quod
1649 3418 1744 3448 etiam
1767 3418 1817 3449 hic
1841 3429 1877 3450 ex
1900 3427 1986 3460 parte
2010 3420 2139 3451 subiecti
2163 3421 2270 3461 posuit
2292 3422 2368 3458 hoc,
2392 3432 2504 3453 secun-

335 3456 501 3496 praedictis
525 3463 555 3486 et
577 3456 684 3487 habitu
709 3457 853 3488 scientiae
870 3465 900 3488 et
914 3458 1076 3489 virtutum.
1101 3459 1142 3489 Et
1165 3469 1257 3489 causa
1281 3466 1336 3495 est,
1357 3466 1394 3490 ut
1446 3461 1574 3491 darium
1597 3462 1770 3493 subiectum
1790 3462 1858 3503 ipsa
1878 3474 2004 3494 vocans.
2025 3464 2115 3501 Quae
2131 3471 2175 3500 tu,
2199 3465 2271 3495 celsi
2294 3466 2420 3506 ingenii,
2439 3477 2503 3497 non

335 3507 421 3540 patet
442 3500 476 3530 in
497 3500 609 3538 littera,
629 3500 703 3541 quia
726 3501 779 3531 illa
801 3508 875 3532 sunt
889 3511 907 3531 a
925 3502 995 3532 solo
1011 3502 1168 3533 intellectu
1188 3510 1308 3543 agente,
1334 3503 1391 3534 ista
1446 3505 1646 3544 pertransibis
1669 3506 1802 3537 ieiunus.

335 3553 410 3574 vero
426 3544 464 3574 ab
482 3544 550 3575 aliis
567 3545 677 3580 causis,
691 3544 877 3575 habentibus
893 3546 1054 3577 contraria.
1067 3547 1178 3587 Neque
1194 3547 1279 3577 enim
1296 3547 1394 3587 phan-

1503 3549 1639 3580 Adverte
1662 3559 1792 3591 quoque
1816 3560 1852 3581 ex
1875 3551 1988 3581 eodem
2012 3551 2153 3588 articulo,
2177 3553 2265 3593 quod
2289 3553 2339 3584 hic
2362 3563 2503 3594 expresse

2546 433 2562 451 '⁶
2579 441 2626 468 Qu.
2636 447 2674 468 m,
2689 445 2731 463 art.
2741 447 2766 463 2.

2541 2577 2550 2585 ·
2566 2576 2591 2598 In
2607 2582 2712 2604 corpore.

2538 2876 2548 2884 ·
2558 2874 2615 2903 Cap.
2624 2881 2668 2902 ιιι,
2683 2881 2749 2902 n.1o;

2538 2907 2564 2922 αι
2583 2917 2589 2923 .
2603 2907 2654 2928 xm,
2665 2907 2689 2923 n.

2537 2927 2562 2949 S.
2607 2943 2615 2950 .
2637 2928 2689 2949 lect.

2536 2959 2592 2975 xxn.

2534 3297 2543 3305 ·
2563 3296 2624 3317 Part.
2645 3295 2670 3320 1.

2534 3328 2627 3349 univ,
2642 3326 2683 3343 art.

2703 2901 2725 2924 8.
2736 2913 2747 2918 -

2707 2934 2748 2955 ¹¹²

2691 3301 2730 3344 2¹3·
