2852 4152
74 871 286 919 [gratulat

75 1035 259 1063 'Ast-bada.

990 247 1253 294 QUAEsT10
1282 250 1386 297 x111,
1415 251 1708 289 ARTICULUS
1737 254 1786 290 vi
1829 285 1834 287 s

1742 84 1810 130 f

2400 254 2470 290 103

1116 373 1430 416 ARTICULUS
1459 375 1664 418 SEXTUS

801 461 955 492 UTRUM
978 463 1106 498 HOMO.
1130 465 1187 495 ex
1209 465 1501 521 NECESSiTATE
1523 468 1699 505 1111οΑ1,
1721 469 1804 518 νει
1826 469 1978 500 LIBERE

645 536 714 562 Part.
733 538 750 568 1,
770 546 813 570 qu.
833 546 933 568 Lxxxm,
953 545 998 565 art.
1022 549 1029 565 1
1040 550 1047 572 ;
1067 541 1086 566 11
1107 542 1190 572 Sent„
1209 542 1268 567 dist.
1286 551 1341 574 xxv,
1361 549 1398 568 art
1419 551 1448 574 23
1467 544 1509 570 De
1531 543 1620 574 Ver-it„
1640 553 1685 578 qu.
1702 537 1765 577 ω,
1780 535 1828 571 art.
1847 545 1876 579 63
1895 554 1939 579 qu.
1957 554 2022 577 xxw,
2042 552 2090 572 art.
2112 554 2138 578 ¹3

1079 575 1120 601 De
1137 576 1219 606 Malo,
1239 585 1284 610 qu.
1302 585 1342 608 v13
1363 579 1380 602 Ι
1394 578 1546 608 Periherm„
1565 580 1624 604 lect.
1641 587 1690 606 xxv.
1787 583 1789 585 ’

349 674 351 676 ·
380 678 405 699 χι
428 679 496 720 »22«
522 671 545 695 D
574 670 713 696 SEXTUM
741 672 794 696 310
823 672 1059 699 PROCEDITUR.
1085 662 1243 700 Videtur
1261 665 1364 713 quod

363 720 370 764 ζ
442 700 640 769 {horno
670 724 714 747 ex
733 713 952 750 necessitate
974 715 1091 762 eligat.
1122 716 1183 752 Sic
1204 716 1303 753 enim
1326 729 1364 753 se

427 858 430 862 ⁴
480 807 572 852 ad
601 828 645 852 ea
664 829 762 864 quae
792 829 836 853 ex
854 819 1046 867 principiis
1072 828 1363 868 consequuntur,

312 874 354 903 ut
379 874 483 915 patet
509 867 546 904 in
573 868 641 904 VII
669 870 787 906 Ethic.
811 871 842 906 ²¹².
866 871 941 907 Sed
962 883 1006 907 ex
1024 872 1212 920 principiis
1237 885 1281 908 ex
1301 885 1364 909 ne-

314 918 483 956 cessitate
513 919 751 958 deducuntur
779 923 1051 960 conclusiones.
1086 923 1186 971 Ergo
1217 937 1261 960 ex
1288 925 1364 962 fine

314 971 362 1008 de
389 972 610 1009 necessitate
637 981 812 1010 movetur
839 974 971 1023 aliquis
999 975 1047 1012 ad
1077 976 1301 1023 eligendum.

368 1035 402 1060 2.
432 1025 663 1072 PRAETEREA,
694 1026 788 1062 sicut
816 1026 956 1063 dictum
987 1035 1041 1063 est
1059 1027 1090 1074 *,
1121 1029 1251 1065 electio
1277 1042 1365 1065 con-

314 1076 482 1125 sequitur
508 1077 688 1114 iudicium
717 1078 871 1115 rationis
901 1079 948 1116 de
976 1080 1140 1126 agendis.
1171 1081 1247 1118 Sed
1272 1082 1365 1118 ratio

315 1141 360 1165 ex
383 1129 603 1166 necessitate
622 1130 760 1167 iudicat
780 1131 827 1167 de
848 1131 1045 1180 aliquibus,
1066 1140 1219 1181 propter
1238 1146 1366 1170 neces—

314 1181 460 1218 sitatem
490 1182 796 1230 praemissarum.
827 1184 928 1230 Ergo
957 1184 1106 1221 videtur
1130 1186 1233 1234 quod
1254 1186 1364 1222 etiarn

315 1234 446 1270 electio
476 1246 522 1270 ex
548 1235 767 1272 necessitate
797 1243 985 1282 sequatur.

369 1287 403 1323 3.
432 1287 669 1333 PRAETEREA,
698 1287 727 1323 si
757 1287 882 1334 aliqua
911 1287 987 1323 duo
1018 1296 1105 1324 sunt
1132 1289 1280 1335 penitus
1306 1302 1366 1325 ae-

313 1338 449 1387 qualia,
465 1350 544 1374 non
561 1338 681 1385 magis
700 1346 877 1374 movetur
894 1339 1014 1374 homo
1039 1339 1087 1375 ad
1109 1352 1230 1376 unum
1250 1353 1365 1388 quam

314 1390 363 1426 ad
391 1389 637 1438 aliudjssicut
659 1390 866 1436 famelicus,
887 1390 916 1426 si
942 1391 1056 1427 habet
1083 1391 1210 1427 cibum
1229 1404 1366 1440 aequa-

310 1438 664 1490 {iffi‘zsp‘petibilem
697 1441 736 1477 in
769 1441 926 1478 diversis
952 1442 1140 1490 partibus,
1171 1451 1206 1479 et
1233 1456 1366 1481 secun-

314 1493 407 1530 dum
439 1493 641 1540 aequalem
676 1493 908 1540 distantiam,
938 1498 1017 1531 no'n
1044 1495 1163 1542 magis
1191 1504 1368 1533 movetur

315 1545 364 1583 ad
392 1557 512 1582 unum
542 1557 659 1592 quarn
689 1546 736 1582 ad
765 1546 939 1593 alterum,
967 1554 1010 1583 ut
1036 1548 1143 1583 Plato
1173 1547 1278 1595 dixit,
1309 1561 1366 1585 as-

315 1596 466 1646 signans
498 1597 684 1634 rationem
718 1598 852 1646 quietis
879 1606 999 1635 terrae
1027 1599 1065 1635 in
1094 1600 1244 1648 medio,
1274 1600 1368 1637 sicut

316 1649 450 1687 dicitur
475 1649 515 1686 in
534 1650 567 1686 ΙΙ
585 1650 631 1687 de
654 1650 766 1687 Caelo
785 1650 815 1686 ³¹⁶.
847 1651 924 1687 Sed
953 1651 1070 1687 multo
1098 1652 1225 1688 minus
1243 1661 1368 1700 potest

316 1702 400 1751 eligi
427 1702 532 1751 quod
560 1702 739 1751 accipitur
766 1710 807 1739 ut
834 1703 972 1750 minus,
1002 1715 1119 1751 quam
1148 1705 1253 1753 quod
1274 1706 1368 1742 acci-

314 1755 415 1804 pitur
440 1763 482 1792 ut
508 1755 676 1803 aequale.
698 1755 800 1802 Ergo
829 1755 859 1800 si
887 1763 1149 1804 proponantur
1177 1757 1253 1794 duo
1273 1755 1288 1786 β
1305 1759 1367 1794 vel

315 1808 435 1856 plura,
455 1807 551 1844 inter
569 1819 667 1855 quae
695 1820 815 1844 unum
836 1808 958 1844 maius
984 1817 1174 1857 appareat,
1195 1809 1368 1858 impossi-

315 1859 389 1898 bile
417 1867 474 1896 est
500 1859 655 1910 aliquod
683 1860 843 1897 aliorum
873 1859 1018 1908 eligere.
1040 1862 1141 1909 Ergo
1169 1874 1213 1898 ex
1241 1874 1369 1899 neces-

315 1910 422 1951 sitate
450 1911 593 1960 eligitur
611 1912 702 1949 illud
730 1912 835 1961 quod
854 1912 1079 1950 eminentius
1103 1922 1270 1962 apparet.
1292 1914 1368 1952 Sed

315 1964 441 2002 omnis
469 1965 600 2002 electio
630 1972 686 2001 est
713 1965 760 2002 de
787 1965 894 2002 'omni
923 1978 969 2001 eo
998 1967 1103 2014 quod
1131 1966 1280 2004 videtur
1306 1967 1370 2003 ali-

315 2029 393 2066 quo
435 2017 554 2054 modo
588 2017 733 2054 melius.
769 2018 871 2065 Ergo
907 2018 1031 2054 omnis
1068 2019 1199 2056 electio
1237 2027 1292 2056 est
1325 2031 1370 2063 ex

316 2076 547 2107 necessitate.

371 2122 445 2159 SED
473 2133 618 2158 CONTRA
645 2133 711 2158 EST
738 2121 842 2170 quod
871 2122 1001 2158 electio
1031 2130 1086 2159 est
1114 2131 1218 2160 actus
1238 2131 1370 2172 poten-

316 2173 389 2211 tiae
413 2174 618 2220 rationalis3
638 2186 737 2222 quae
765 2186 804 2210 se
828 2175 943 2211 habet
962 2175 1008 2211 ad
1028 2175 1213 2223 opposita,
1239 2188 1370 2213 secun-

317 2227 410 2264 dum
437 2227 713 2274 Philosophum
732 2226 763 2263 ²¹⁸.

371 2277 595 2315 Responmzo
624 2290 807 2315 111οΕΝοοΜ
839 2279 943 2327 quod
974 2279 1093 2315 homo
1128 2291 1206 2316 non
1234 2292 1280 2316 ex
1307 2292 1372 2316 ne-

318 2331 488 2368 cessitate
508 2330 616 2378 eligit.
641 2331 691 2367 Et
712 2331 787 2367 hoc
805 2330 893 2368 ideo
912 2336 939 2378 Υ,
961 2331 1050 2379 quia
1069 2331 1174 2379 quod
1192 2331 1370 2379 possibile

317 2391 373 2420 est
401 2395 479 2421 non
508 2395 602 2430 esse,
622 2395 700 2420 non
724 2394 879 2420 necesse
908 2390 963 2420 est
991 2395 1084 2420 esse.
1107 2384 1223 2430 Quod
1243 2391 1370 2421 autem

315 2435 496 2485 possibile
515 2435 560 2472 sit
578 2447 657 2472 non
677 2435 812 2483 eligere
830 2436 892 2472 vel
913 2435 1063 2483 eligere,
1083 2436 1194 2473 huius
1212 2437 1306 2473 ratio
1328 2449 1372 2473 ex

318 2487 457 2538 duplici
471 2486 637 2525 hominis
650 2495 835 2536 potestate
851 2487 969 2536 accipi
982 2496 1116 2536 potest.
1128 2490 1256 2525 Potest
1273 2489 1372 2526 enim

317 2540 436 2578 homo
455 2541 552 2577 velle
573 2548 610 2577 et
627 2552 707 2577 non
724 2540 835 2588 velle,
860 2552 970 2588 agere
990 2548 1026 2577 et
1052 2553 1130 2578 non
1151 2553 1275 2588 agere:
1304 2554 1373 2590 po-

317 2600 389 2630 test
417 2593 530 2630 etiam
547 2593 645 2630 velle
665 2591 678 2614 ὅ
706 2593 780 2629 hoc
809 2600 872 2629 aut
899 2592 1000 2640 illud,
1032 2600 1067 2629 et
1085 2605 1195 2642 agere
1214 2594 1289 2630 hoc
1308 2602 1372 2630 aut

318 2644 421 2682 illud.
443 2645 561 2682 Cuius
577 2645 670 2681 ratio
691 2657 736 2681 ex
755 2645 835 2692 ipsa
854 2644 991 2682 virtute
1011 2645 1162 2682 rationis
1182 2645 1371 2694 accipitur.

371 2762 399 2797 α)
415 2763 559 2795 principia.
577 2777 596 2782 —
608 2764 771 2796 principium
790 2765 902 2790 codices.

372 2797 397 2830 β)
417 2798 478 2823 duo.
495 2811 514 2816 -
531 2798 572 2822 vel
591 2798 645 2823 tria
663 2799 759 2823 addunt
776 2799 823 2824 Pa.
835 2813 854 2818 -
866 2800 916 2824 Pro
934 2801 1020 2825 maius
1035 2804 1173 2832 appareat,
1188 2801 1275 2834 magis
1289 2808 1371 2833 appa-

319 2836 379 2859 reat
397 2833 507 2862 codices
527 2832 614 2865 magis
631 2837 741 2864 appetat
759 2835 799 2858 ed.
813 2842 839 2858 a.

371 2867 397 2902 γ)
419 2868 454 2893 Et
472 2868 520 2892 hoc
538 2868 606 2892 ideo.
618 2882 635 2885 —
652 2871 679 2892 et
696 2869 918 2901 ABDGIKLpCH,
936 2870 999 2902 quia
1013 2873 1103 2902 potest
1121 2878 1172 2895 non
1193 2871 1290 2904 eligere
1303 2875 1329 2896 et
1342 2872 1372 2900 E,

1419 666 1611 714 Quidquid
1640 667 1741 704 enim
1770 668 1862 704 ratio
1889 675 2012 716 potest
2034 669 2318 717 apprehendere
2337 677 2378 706 ut
2401 671 2469 706 bo-

1418 730 1523 764 num,
1543 718 1580 754 in
1594 719 1668 755 hoc
1686 720 1861 756 voluntas
1876 721 2030 757 tendere
2043 728 2177 768 potest.
2198 721 2327 757 Potest
2341 729 2467 758 autem

412 818 417 825 .
470 768 492 803 (1
523 764 637 800 habet
672 764 757 801 finis
786 765 834 801 ad
863 766 1051 824 eligibilia,
1080 776 1120 804 ut
1146 768 1328 817 principia
1348 775 1364 790 α
1418 770 1511 806 13110
1527 772 1810 818 apprehendere
1824 780 1864 809 ut
1879 773 2024 809 bonurn
2044 785 2122 809 non
2137 773 2261 809 solum
2275 774 2349 810 hoc
2363 775 2467 822 quod

1420 829 1474 857 est
1492 822 1589 858 velle
1609 831 1672 859 aut
1700 835 1827 870 agere3
1856 825 1924 861 sed
1950 825 2024 861 hoc
2059 825 2171 861 etiarn
2192 825 2296 873 quod
2317 833 2371 862 est
2389 838 2467 863 non

1417 874 1515 909 velle
1544 882 1579 910 et
1607 886 1684 910 non
1712 887 1832 922 agere.
1863 877 1911 912 Et
1936 889 2085 913 rursum
2114 877 2151 913 in
2179 877 2357 914 omnibus
2384 891 2468 926 par-

1418 925 1633 962 ticularibus
1648 927 1757 963 bonis
1771 936 1895 975 potest
1914 929 2151 966 considerare
2170 930 2356 966 rationem
2376 931 2467 967 boni

1419 977 1593 1024 3110111113,
1623 986 1659 1014 01
1686 979 1874 1016 defectum
1903 980 2056 1017 alicuius
2084 981 2193 1027 boni,
2223 982 2327 1029 quod
2354 983 2469 1019 habet

1419 1029 1603 1066 rationem
1632 1031 1738 1067 mali:
1768 1039 1803 1067 et
1831 1033 2039 1069 secundum
2068 1034 2153 1080 1100,
2182 1041 2305 1081 potest
2330 1047 2468 1071 unum-

1420 1082 1599 1130 quodque
1636 1083 1854 1120 huiusmodi
1886 1085 2075 1121 bonorum
2109 1083 2391 1133 apprehendere
2428 1094 2469 1123 ut

1420 1134 1588 1181 eligibile,
1613 1135 1674 1171 vel
1693 1135 1855 1182 sugibile.
1877 1137 2009 1172 Solum
2028 1144 2154 1173 autern
2174 1139 2381 1185 perfectum
2401 1140 2467 1175 bo—

1419 1198 1524 1232 1111111,
1554 1187 1658 1234 quod
1687 1195 1741 1224 est
1762 1188 1964 1234 beatitudo,
1985 1201 2063 1225 non
2082 1197 2205 1237 potest
2223 1190 2315 1226 ratio
2335 1203 2467 1239 appre-

1418 1238 1585 1274 hendere
1614 1240 1684 1275 sub
1713 1239 1856 1276 ratione
1884 1241 1983 1287 mali,
2014 1248 2077 1276 aut
2104 1241 2258 1278 alicuius
2287 1243 2463 1279 defectus.

1420 1291 1468 1326 Et
1494 1290 1580 1326 ideo
1610 1303 1655 1327 ex
1682 1292 1901 1328 necessitate
1929 1292 2198 1329 beatitudinem
2225 1294 2343 1330 homo
2371 1295 2466 1342 vult,

1419 1354 1490 1377 1100
1517 1350 1641 1389 potest
1658 1344 1755 1379 velle
1784 1356 1862 1380 non
1882 1357 1962 1380 esse
1983 1341 2125 1392 beatus,
2147 1353 2210 1381 aut
2229 1346 2353 1382 miser.
2383 1347 2469 1383 Ele-

1421 1393 1491 1429 ctio
1516 1402 1653 1441 autem,
1675 1407 1761 1431 cum
1790 1408 1867 1432 non
1896 1397 1941 1433 sit
1964 1398 2010 1433 de
2029 1397 2118 1444 fine,
2139 1397 2206 1434 sed
2226 1398 2274 1434 de
2292 1398 2351 1434 his
2370 1410 2468 1446 quae

1421 1452 1506 1481 sunt
1533 1447 1581 1482 ad
1609 1446 1739 1492 finem,
1764 1455 1805 1483 ut
1823 1448 1898 1484 iam
1917 1448 1937 1470 '¹‘
1961 1449 2101 1485 dictum
2122 1457 2191 1495 est;
2212 1461 2291 1486 non
2311 1458 2368 1487 est
2384 1463 2468 1498 per-

1420 1497 1505 1533 fecti
1531 1497 1633 1544 boni,
1655 1499 1759 1546 quod
1783 1507 1837 1535 est
1859 1500 2063 1546 beatitudo,
2084 1501 2152 1537 sed
2170 1501 2329 1539 aliorum
2356 1503 2468 1551 parti-

1421 1549 1602 1585 cularium
1630 1550 1832 1587 bonorum.
1858 1552 1906 1587 Et
1934 1552 2017 1588 ideo
2041 1553 2159 1589 homo
2179 1565 2257 1590 non
2277 1566 2321 1590 ex
2340 1567 2467 1591 neces-

1421 1601 1537 1647 sitate,
1567 1602 1634 1638 sed
1660 1602 1776 1638 libere
1805 1603 1912 1650 eligit.

1473 1655 1531 1689 AD
1560 1665 1695 1690 PRlMUM
1728 1666 1825 1697 ERGO
1857 1667 2040 1692 mCENDUM
2073 1658 2177 1704 quod
2209 1669 2288 1693 non
2319 1671 2469 1707 semper

1422 1718 1467 1742 ex
1494 1705 1683 1754 principiis
1717 1719 1761 1742 ex
1797 1708 2017 1744 necessitate
2049 1709 2220 1756 procedit
2257 1711 2467 1759 conclusio,

1422 1757 1489 1794 sed
1520 1765 1609 1794 tunc
1643 1759 1766 1795 solum
1800 1761 1953 1807 quando
1989 1760 2173 1809 principia
2206 1774 2284 1798 non
2310 1770 2470 1810 possunt

1423 1822 1505 1846 esse
1531 1822 1623 1847 vera
1650 1810 1680 1846 si
1709 1811 1899 1848 conclusio
1928 1824 2007 1848 non
2035 1812 2080 1849 sit
2105 1825 2208 1850 vera.
2238 1814 2287 1850 Et
2306 1814 2470 1851 similiter

1422 1867 1501 1899 non
1529 1870 1677 1911 oportet
1708 1864 1812 1911 quod
1850 1876 1999 1912 semper
2031 1877 2075 1901 ex
2103 1865 2180 1901 fine
2213 1865 2300 1902 insit
2326 1867 2471 1903 homini

1422 1915 1624 1952 necessitas
1652 1916 1700 1952 ad
1730 1915 1943 1963 eligendum
1971 1929 2016 1953 ea
2043 1929 2139 1966 quae
2164 1925 2250 1954 sunt
2268 1918 2316 1955 ad
2334 1919 2469 1956 finem:

1423 1967 1511 2016 quia
1539 1979 1618 2004 non
1645 1979 1760 2004 0111110
1793 1969 1897 2016 quod
1926 1976 1979 2005 est
2007 1969 2055 2006 ad
2082 1970 2219 2017 finem,
2249 1971 2321 2006 tale
2350 1979 2404 2008 est
2430 1978 2472 2008 ut

1423 2019 1503 2056 sine
1531 2019 1693 2056 eofinis
1719 2020 1850 2056 haberi
1877 2033 1955 2057 non
1987 2021 2121 2069 possit;
2151 2029 2225 2069 aut,
2246 2022 2276 2058 si
2303 2023 2375 2059 tale
2403 2023 2468 2070 sit,

1422 2083 1501 2108 non
1529 2083 1679 2120 semper
1706 2073 1776 2108 sub
1804 2072 1866 2109 tali
1893 2073 2037 2110 ratione
2066 2074 2333 2111 consideratur.

1475 2125 1534 2160 AD
1561 2135 1750 2161 SECUNDUM
1778 2137 1960 2161 DlCENDUM
1981 2125 2084 2174 quod
2108 2126 2289 2163 sententia
2317 2127 2395 2164 sive
2416 2127 2471 2164 iu-

1424 2175 1564 2212 dicium
1593 2175 1745 2212 rationis
1774 2177 1820 2213 de
1849 2177 1960 2213 rebus
1994 2178 2146 2225 agendis
2176 2186 2230 2215 est
2257 2179 2354 2215 circa
2382 2191 2470 2216 con-

1423 2228 1613 2275 tingentia,
1643 2240 1739 2276 quae
1768 2241 1790 2264 a
1817 2229 1927 2265 nobis
1954 2230 2037 2265 fieri
2063 2238 2242 2278 possunt:
2270 2231 2308 2267 in
2335 2231 2472 2279 quibus

1424 2280 1685 2316 conclusiones
1701 2292 1778 2317 non
1799 2292 1842 2316 ex
1857 2281 2073 2318 necessitate
2089 2290 2296 2330 sequuntur
2311 2295 2356 2319 ex
2372 2283 2472 2332 prin-

1424 2332 1528 2381 cipiis
1555 2332 1773 2369 necessariis
1802 2333 1974 2370 absoluta
2000 2334 2231 2381 necessitate,
2253 2335 2320 2371 sed
2343 2347 2473 2372 neees-

1425 2385 1529 2421 sariis
1549 2385 1672 2421 solum
1692 2397 1737 2420 ex
1757 2385 1988 2432 conditione,
2014 2393 2067 2433 ut,
2087 2387 2128 2422 Si
2146 2387 2272 2433 currit,
2292 2393 2471 2424 movetur.

1476 2439 1535 2474 Α11
1563 2449 1720 2474 TERTlUM
1748 2449 1930 2474 111οΕΝοοΜ
1962 2438 2067 2485 quod
2099 2438 2189 2475 nihil
2218 2439 2414 2487 prohibet,
2443 2440 2474 2476 si

1425 2489 1550 2538 aliqua
1569 2490 1644 2526 duo
1662 2489 1832 2537 aequalia
1849 2498 2110 2539 proponantur
2129 2491 2337 2528 secundum
2357 2504 2474 2528 unam

1427 2541 1778 2589 considerationem,
1807 2542 1898 2590 quin
1924 2543 2021 2579 circa
2040 2543 2198 2579 alterum
2219 2543 2475 2580 consideretur

1426 2594 1549 2642 aliqua
1578 2594 1741 2630 conditio
1770 2606 1838 2642 per
1866 2606 1981 2642 quam
2006 2594 2180 2642 emineat,
2202 2602 2237 2631 et
2264 2595 2383 2643 magis
2406 2596 2474 2632 fle-

1427 2653 1545 2682 ctatur
1570 2647 1746 2682 voluntas
1774 2646 1812 2682 in
1838 2646 1963 2694 ipsum
1992 2659 2108 2694 quam
2136 2647 2175 2684 in
2202 2647 2314 2685 aliud.

1425 2767 1519 2826 omitF.
1531 2781 1550 2786 —
1565 2768 1643 2826 1⁴Quod
1661 2771 1748 2792 autem
1797 2767 1837 2790 vel
1851 2766 1948 2799 eligere
1966 2775 2019 2791 om.
2031 2767 2304 2800 ABDEFGlKLpCffi
2323 2775 2369 2799 pro
2388 2768 2473 2797 huius,

1425 2805 1451 2826 et
1488 2802 1546 2826 uius
1588 2820 1594 2826 .

1427 2871 1468 2895 PE
1479 2835 1503 2869 ὃ)
1519 2840 1610 2872 potest
1627 2837 1707 2861 etiam
1726 2837 1798 2861 velle.
1815 2850 1834 2855 —
1852 2836 1914 2862 Om.
1928 2837 1957 2861 E.
1969 2850 1987 2854 -
2005 2840 2031 2861 et
2044 2843 2125 2869 agere
2142 2837 2191 2861 hoc
2208 2840 2256 2861 aut
2274 2837 2340 2861 illud
2355 2837 2476 2862 omittunt

1469 2879 1496 2895 a.

989 2956 1318 2989 Commentaria
1339 2957 1586 2990 Cardjnalis
1608 2958 1806 2991 Caietam

387 3052 458 3072 111οΑ
481 3051 595 3082 corpus
619 3042 694 3073 sexti
710 3042 831 3073 articuli
851 3043 993 3073 eiusdem
1012 3043 1257 3074 decimaetertiae
1278 3053 1373 3084 quae-

326 3053 507 3122 Cstionis,
524 3086 646 3117 adverte
666 3087 754 3127 quod
768 3088 888 3117 Auctor
903 3093 1071 3127 utramque
1090 3087 1273 3123 libertatem,
1294 3087 1374 3117 scili-

324 3137 371 3160 cet
385 3129 493 3170 quoad
507 3130 688 3160 exercitium
702 3136 798 3166 actus,
816 3137 846 3160 et
861 3131 967 3171 quoad
983 3129 1256 3170 specificafimem,
1269 3130 1375 3161 tribuit

324 3172 478 3209 electioni,
495 3179 531 3203 ut
552 3179 637 3214 patet
651 3173 684 3204 in
702 3173 816 3210 littera;
840 3173 1003 3204 intendens
1027 3184 1063 3204 ex
1085 3174 1146 3204 hoc
1170 3174 1375 3205 differentiam

324 3216 521 3247 manifestare
544 3217 624 3247 inter
639 3223 744 3248 actum
763 3217 938 3258 simplicem
958 3217 1138 3254 voluntatis,
1156 3225 1186 3248 et
1204 3218 1374 3248 electionis.

325 3260 465 3300 Simplex
480 3270 617 3301 namque
633 3267 721 3291 actus
739 3261 920 3297 voluntatis,
934 3261 1051 3291 scilicet
1065 3262 1176 3292 volitio
1192 3271 1247 3292 seu
1263 3262 1375 3292 volun-

324 3310 381 3340 tas,
398 3304 437 3334 de
451 3313 516 3344 quo
533 3314 627 3344 supra
641 3304 659 3323 *
674 3307 840 3335 tractatum
856 3312 910 3341 est,
927 3315 992 3335 non
1010 3312 1055 3335 est
1074 3305 1286 3336 universaliter
1300 3305 1377 3335 liber

325 3348 432 3389 quoad
448 3347 712 3388 specificationem
727 3354 828 3379 actus:
849 3349 1003 3389 quoniam
1019 3349 1059 3378 ad
1073 3349 1201 3389 aliquod
1217 3349 1377 3379 obiectum

326 3391 500 3422 necessario
523 3391 716 3428 terminatur,
737 3391 780 3422 ita
803 3392 892 3432 quod
914 3402 980 3422 non
1004 3399 1106 3432 potest
1129 3393 1167 3422 ad
1191 3392 1378 3432 oppositum

326 3435 495 3471 terminari,
512 3442 548 3466 ut
563 3442 647 3475 patet
663 3445 700 3466 ex
715 3435 900 3475 supradictis
915 3435 941 3466 *.
963 3436 1082 3466 Electio
1098 3443 1203 3467 autem
1225 3442 1255 3466 et
1270 3436 1378 3476 quoad

327 3478 508 3510 exercitium
531 3485 631 3514 actus,
657 3486 686 3510 et
709 3479 816 3520 quoad
839 3479 1111 3519 specificationern,
1137 3489 1259 3520 semper
1282 3486 1327 3510 est
1342 3479 1377 3509 li-

327 3523 409 3559 bera,
434 3529 470 3553 ut
492 3522 543 3553 hic
566 3523 686 3553 dicitur.

1479 3045 1517 3075 11.
1531 3045 1567 3074 In
1578 3045 1781 3085 responsione
1793 3045 1833 3074 ad
1844 3045 1982 3085 primum
1997 3045 2136 3075 eiusdem
2152 3045 2272 3076 articuli
2284 3045 2370 3082 sexti,
2381 3045 2476 3076 habes

1427 3088 1515 3128 quod
1538 3098 1604 3118 non
1623 3088 1817 3128 quicumque
1836 3089 1904 3119 vult
1918 3089 2104 3128 praemissas
2127 3099 2182 3119 seu
2197 3090 2391 3125 antecedens,
2410 3089 2478 3120 vult

1428 3131 1665 3162 conclusionem
1689 3141 1744 3162 seu
1761 3141 1956 3172 consequens
1971 3132 2005 3162 in
2024 3132 2143 3173 seipso:
2164 3133 2214 3163 vel
2228 3133 2301 3174 quia
2316 3142 2382 3163 non
2397 3143 2477 3163 sem-

1428 3185 1484 3215 per
1514 3185 1709 3216 consequens
1732 3182 1778 3206 est
1805 3175 2013 3206 necessarium
2036 3176 2074 3206 ad
2097 3176 2259 3207 veritatem
2287 3187 2342 3207 seu
2364 3176 2477 3206 volun-

1428 3225 1523 3249 tatem
1542 3218 1766 3254 antecedentis;
1789 3219 1839 3249 vel
1861 3219 1944 3259 quia,
1969 3219 2042 3249 dato
2066 3220 2154 3260 quod
2177 3220 2220 3250 sic
2243 3219 2281 3250 sit
2304 3220 2478 3250 secundum

1428 3272 1504 3298 rem,
1529 3272 1594 3292 non
1617 3269 1722 3292 tamen
1746 3262 1807 3292 hoc
1823 3262 1983 3292 actualiter
1997 3270 2125 3303 apparet
2140 3270 2170 3293 et
2190 3263 2345 3294 iudicatur
2363 3261 2478 3305 (differt

1429 3305 1514 3336 enim
1542 3305 1620 3336 nihil
1648 3315 1714 3336 esse
1745 3305 1794 3335 vel
1817 3315 1980 3346 apparere,
2008 3307 2114 3347 quoad
2137 3305 2340 3348 appetitum).
2364 3306 2398 3336 In
2422 3316 2478 3336 sua

1430 3356 1535 3380 autem
1559 3359 1660 3385 causa,
1682 3349 1874 3390 quicumque
1893 3349 1961 3380 vult
1981 3350 2174 3386 antecedens,
2194 3350 2261 3381 vult
2284 3359 2478 3390 consequens

1431 3393 1612 3433 simpliciter
1634 3393 1684 3423 vel
1706 3399 1742 3423 ut
1763 3393 1795 3422 in
1819 3392 1970 3432 pluribus.
2231 3390 2235 3394 ⁴

1486 3437 1539 3467 111.
1562 3437 1597 3467 In
1620 3436 1824 3476 responsione
1847 3437 1886 3466 ad
1909 3437 2044 3472 tertium,
2069 3437 2191 3467 adverte
2216 3436 2377 3476 diligenter
2392 3436 2480 3476 quod

1431 3480 1594 3520 responsio
1621 3479 1792 3510 formaliter
1814 3480 1959 3510 satisfacit
1975 3480 2092 3520 primae
2114 3480 2208 3510 radici
2224 3479 2407 3519 argumenti,
2425 3479 2481 3509 sci·

1432 3523 1503 3554 licet
1516 3524 1553 3554 de
1566 3523 1761 3564 aequalibus;
1779 3530 1808 3554 et
1824 3524 1959 3554 insinuat
1973 3523 2216 3554 satisfactionem
2228 3524 2376 3554 omnibus
2391 3522 2482 3554 tactis

2494 1458 2506 1470 ⁴
2519 1459 2568 1480 Art.
2582 1464 2602 1487 3.
