2852 4152
0 214 4 425 ξ

87 944 98 954 “
112 942 162 970 Qu.
176 948 209 970 xx,
221 945 264 964 art.
278 947 299 963 2.

101 2601 113 2614 ⁸
126 2601 152 2623 ln
166 2599 265 2628 princip.

283 1478 290 1485 ι

956 269 1219 316 QUAEST10
1249 268 1352 314 XVI,
1381 267 1673 303 ARTlcULUs
1703 268 1751 312 11,
1782 268 1829 302 111

2407 267 2473 302 115

1076 411 1389 454 ARTICULUS
1420 409 1714 452 SECUNDUS

908 522 1062 552 UTRUM
1086 521 1159 552 UTI
1185 520 1435 552 CONVENIAT
1459 519 1612 550 BRUTIS
1636 518 1892 550 ANIMALIBUS

353 635 420 677 ’,ᾖ
443 638 522 680 μς(
535 629 557 653 D
578 628 765 653 SECUNDUM
782 629 833 653 Sic
850 629 1085 654 PROCEmTUR.
1101 617 1258 654 Videtur
1273 616 1376 664 quod

457 675 587 729 ξιτατ-ου
626 669 826 706 conveniat
862 670 979 706 brutis
1016 670 1250 706 animalibus.
1290 668 1379 705 Frui

478 726 504 765 ἢ
537 721 638 758 enim
668 730 722 758 est
758 722 920 759 nobilius
956 735 1070 770 quam
1099 723 1172 759 uti:
1202 722 1309 771 quia,
1338 728 1379 757 ut

493 766 769 822 &Augustinus
802 775 888 811 dicit
915 775 954 811 in
982 777 1016 811 X
1048 775 1094 811 de
1120 777 1156 812 T
1151 775 1223 812 rin.
1243 774 1282 822 ³⁸,
1313 774 1379 810 uti-

323 839 411 864 mur
446 826 498 863 eis
532 838 629 874 quae
665 828 716 864 ad
746 827 850 864 aliud
884 828 1103 876 referimus,
1142 839 1214 875 quo
1240 829 1379 874 fruen-

324 881 412 917 dum
433 885 494 916 est.
527 880 604 916 Sed
631 880 702 916 frui
730 881 907 916 convenit
935 880 1051 916 brutis
1080 880 1320 926 animalibus,
1340 886 1380 914 ut

324 944 440 981 supra
460 932 481 954 ²¹⁶
509 932 650 969 dictum
681 940 745 969 est.
776 934 876 980 Ergo
906 933 1025 969 multo
1054 932 1175 979 magis
1203 931 1381 968 convenit

313 985 379 1022 eis
405 984 472 1022 uti.

380 1049 415 1074 2.
445 1038 675 1083 PRAETEREA,
706 1037 893 1086 applicare
922 1037 1096 1073 membra
1124 1036 1171 1073 ad
1191 1035 1381 1083 agendum

327 1098 383 1127 est
417 1090 471 1126 uti
511 1090 702 1127 membris.
733 1090 810 1127 Sed
842 1090 951 1126 bruta
983 1089 1159 1126 animalia
1184 1089 1383 1137 applicant

326 1143 501 1180 membra
521 1143 568 1180 ad
589 1142 729 1190 aliquid
752 1142 957 1190 agendum3
987 1141 1081 1178 sicut
1099 1142 1217 1190 pedes
1237 1142 1285 1178 ad
1305 1153 1383 1177 arn-

327 1195 547 1242 bulandum,
579 1207 721 1232 cornua
748 1195 796 1231 ad
815 1194 1116 1243 percutiendum.
1146 1195 1247 1241 Ergo
1268 1193 1384 1230 brutis

329 1247 553 1285 animalibus
582 1247 759 1284 convenit
786 1246 851 1283 uti.

384 1301 458 1338 SED
487 1312 632 1342 CONTRA
650 1311 715 1336 EST
741 1298 847 1346 quod
866 1298 1096 1345 Augustinus
1116 1298 1213 1344 dicit,
1233 1298 1271 1334 in
1290 1297 1384 1334 libro

335 1353 532 1402 Octoginta
551 1353 663 1388 trium
683 1352 829 1392 Quaest.
841 1349 876 1386 *z
899 1351 960 1386 Uti
977 1350 1103 1397 aliqua
1119 1362 1160 1386 re
1179 1361 1252 1386 non
1269 1355 1389 1397 potest

331 1403 574 1454 nisissavnjmai
598 1403 698 1451 quod
724 1402 879 1439 rationis
907 1407 961 1438 est
980 1402 1179 1449 particeps.

343 1451 366 1457 ”
384 1457 610 1493 RESPONDEO
638 1466 820 1492 DICENDUM
849 1454 964 1502 quod,
986 1454 1079 1500 sicut
1107 1453 1247 1490 dictum
1273 1460 1328 1489 est
1349 1453 1387 1499 ²¹⁶,

327 1507 384 1554 uti
413 1515 468 1545 est
499 1507 687 1557 applicare
720 1506 873 1555 aliquod
901 1506 1126 1554 principium
1155 1505 1310 1542 actionis
1341 1505 1390 1542 ad

331 1560 543 1606 actionem:
574 1560 669 1597 sicut
698 1559 909 1596 consentire
938 1566 993 1595 est
1021 1557 1209 1607 applicare
1242 1565 1389 1594 motum

327 1613 583 1663 ‚appetitivum
612 1612 660 1650 ad
689 1612 831 1659 aliquid
865 1611 1144 1660 appetendum,
1178 1618 1221 1646 ut
1249 1610 1390 1646 dictum

209 1677 216 1690 ³
271 1668 305 1689 ‘¹’
333 1674 389 1703 est
413 1665 444 1703 ³⁸.
474 1666 675 1714 Applicat-e
705 1672 831 1701 autem
866 1663 1006 1712 aliquid
1038 1664 1086 1700 ad
1118 1663 1277 1699 alterum
1312 1674 1392 1699 non

388 1779 415 1812 α)
434 1786 534 1804 sensus.
552 1792 570 1797 —
588 1785 643 1803 esse
661 1785 752 1802 sensus
771 1778 872 1802 codices
892 1783 917 1801 et
935 1785 960 1802 a.

1432 623 1487 652 est
1514 616 1582 652 nisi
1611 615 1689 651 eius
1718 615 1822 663 quod
1854 615 1969 651 habet
2003 614 2196 651 arbitrium
2230 628 2343 664 super
2370 616 2478 653 illud:

1432 668 1536 716 quod
1565 680 1642 704 non
1671 675 1725 704 est
1753 667 1822 704 nisi
1843 667 1922 703 eius
1942 667 2006 715 qui
2025 667 2093 703 scit
2120 668 2256 704 referre
2285 668 2424 716 aliquid
2444 669 2481 704 in

1433 721 1601 766 alterum,
1624 720 1728 767 quod
1757 720 1805 756 ad
1833 720 2017 756 rationem
2045 719 2216 768 pertinet.
2237 721 2286 756 Et
2313 720 2398 757 ideo
2423 733 2481 756 so-

1433 774 1512 809 lum
1541 772 1679 809 animal
1708 772 1887 808 rationale
1917 779 1952 808 et
1980 772 2180 818 consentit,
2211 779 2246 808 et
2271 772 2395 808 utitur.

1486 827 1544 861 An
1572 836 1708 861 PRlMUM
1735 836 1832 860 ERGO
1861 836 2042 861 DICENDUM
2074 824 2179 872 quod
2207 825 2278 861 frui
2309 825 2484 873 importat

1434 878 1649 914 absolutum
1677 884 1823 913 motum
1843 877 2028 925 appetitus
2046 877 2084 913 in
2103 877 2320 925 appetibile:
2347 878 2413 914 sed
2431 877 2484 913 uti

1434 931 1612 978 importat
1644 936 1792 965 motum
1826 930 2011 978 appetitus
2042 930 2088 966 ad
2117 929 2255 977 aliquid
2287 929 2325 966 in
2353 929 2484 966 ordine

1436 983 1484 1019 ad
1503 983 1673 1018 alterurn.
1696 981 1735 1018 Si
1757 993 1844 1029 ergo
1866 989 2132 1030 comparentur
2150 982 2204 1018 uti
2223 989 2258 1018 et
2276 981 2348 1018 frui
2369 993 2485 1030 quan-

1436 1043 1517 1071 tum
1546 1036 1594 1071 ad
1622 1034 1787 1080 obiecta,
1822 1033 1874 1070 sic
1901 1034 1970 1070 frui
1999 1042 2053 1070 est
2080 1034 2241 1071 nobilius
2269 1046 2385 1081 quam
2413 1034 2485 1070 uti:

1436 1087 1524 1136 quia
1552 1086 1590 1123 id
1617 1086 1721 1135 quod
1751 1094 1804 1122 est
1832 1087 2001 1122 absolute
2030 1086 2243 1134 appetibile,
2272 1094 2328 1123 est
2355 1086 2487 1122 melius

1438 1151 1552 1188 quarn
1581 1139 1619 1175 id
1647 1139 1752 1186 quod
1781 1146 1835 1174 est
1863 1138 2062 1186 appetibile
2087 1140 2210 1175 solum
2229 1139 2268 1175 in
2288 1139 2419 1175 ordine
2438 1138 2487 1175 ad

1438 1192 1549 1228 aliud.
1572 1191 1649 1228 Sed
1668 1191 1698 1227 si
1718 1198 1981 1238 comparentur
2000 1198 2181 1239 quantum
2197 1191 2244 1227 ad
2258 1191 2338 1228 vim
2355 1203 2489 1239 appre-

1438 1244 1637 1281 hensivam
1652 1243 1954 1292 praecedentem,
1968 1243 2090 1279 maior
2104 1243 2277 1279 nobilitas
2293 1243 2490 1291 requiritur

1441 1309 1486 1333 ex
1513 1304 1617 1344 parte
1645 1308 1753 1332 usus:
1783 1295 1871 1344 quia
1899 1295 2073 1332 ordinare
2101 1295 2241 1343 aliquid
2265 1295 2304 1332 in
2331 1296 2490 1332 alterum

1441 1356 1496 1384 est
1524 1348 1691 1393 rationis;
1713 1348 1881 1384 absolute
1901 1356 2027 1384 autem
2046 1347 2187 1396 aliquid
2206 1347 2490 1396 apprehendere

1441 1408 1565 1448 potest
1593 1400 1705 1436 etiam
1734 1412 1866 1437 sensus
1884 1406 1912 1436 α.

1494 1454 1552 1488 AD
1586 1463 1773 1488 SECUNDUM
1801 1464 1982 1488 DICENDUM
2010 1452 2114 1499 quod
2142 1452 2316 1488 animalia
2333 1463 2402 1500 per
2426 1463 2493 1488 sua

1443 1504 1618 1540 membra
1637 1503 1777 1551 aliquid
1805 1512 1919 1551 agunt
1938 1504 2112 1540 instinctu
2131 1512 2302 1540 naturae:
2330 1517 2407 1541 non
2425 1516 2494 1552 per

1443 1556 1518 1593 hoc
1549 1557 1654 1603 quod
1686 1563 1915 1603 cognoscant
1947 1556 2119 1592 ordinem
2151 1557 2411 1592 membrorum
2446 1557 2494 1592 ad

1444 1608 1524 1645 illas
1553 1608 1804 1657 operationes.
1834 1608 1944 1645 Unde
1963 1620 2040 1644 non
2060 1608 2232 1645 dicuntur
2258 1609 2407 1657 proprie
2431 1621 2495 1656 ap-

1445 1661 1583 1710 plicare
1612 1661 1784 1697 membra
1812 1660 1859 1697 ad
1888 1660 2095 1707 agendum,
2125 1673 2195 1696 nec
2222 1661 2276 1696 uti
2301 1660 2493 1697 membris.

1288 1854 1298 1859 χ
1303 1852 1551 1863 ΑΜΜΛΝ

1138 1929 1452 1970 ARTICULUS
1481 1928 1706 1970 TERTIUS

899 2022 1053 2052 UTRUM
1077 2021 1182 2051 USUS
1205 2020 1352 2050 POSSIT
1376 2020 1475 2050 ESSE
1500 2020 1635 2073 ETIUAM
1659 2019 1808 2050 ULTIMI
1832 2020 1938 2050 F1N1s

337 2335 398 2365 tur
425 2327 570 2375 aliquis.
600 2329 701 2376 Ergo
730 2327 863 2364 ultimo
891 2327 969 2363 fine
997 2326 1130 2375 aliquis
1158 2325 1283 2362 utitur.

334 2392 342 2394 ”
393 2391 428 2417 2.
457 2381 696 2427 PRAETEREA,
726 2380 780 2416 uti
805 2385 859 2415 est
883 2390 1074 2415 assumere
1107 2378 1249 2426 aliquid
1275 2378 1312 2413 in
1330 2378 1397 2425 fa-

334 2433 512 2470 cultatem
545 2432 764 2477 voluntatis,
792 2439 835 2468 ut
861 2430 1003 2468 ibidem
1036 2431 1180 2467 dicitur.
1203 2430 1279 2466 Sed
1307 2429 1398 2466 nihil

338 2485 460 2534 magis
488 2485 691 2522 assumitur
709 2497 731 2521 a
748 2484 944 2521 voluntate
973 2495 1090 2531 quam
1117 2483 1271 2519 ultimus
1299 2482 1397 2519 finis.

338 2539 442 2586 Ergo
469 2550 561 2575 usus
589 2545 713 2586 potest
742 2549 822 2573 esse
850 2536 971 2573 ultimi
999 2536 1096 2572 finis.

395 2593 429 2628 3.
450 2593 682 2637 PRAETEREA,
713 2590 875 2626 Hilarius
904 2589 1003 2635 dicit,
1032 2589 1069 2625 in
1099 2589 1130 2624 11
1159 2588 1204 2624 de
1236 2589 1272 2624 T
1267 2588 1338 2624 rin.
1366 2588 1398 2635 ³¹⁶,

341 2644 445 2692 quod
464 2644 663 2681 aeternitas
690 2649 744 2679 est
769 2643 806 2678 in
834 2643 957 2687 Patre,
982 2642 1119 2689 species
1146 2641 1182 2677 in
1212 2641 1398 2690 Imagine,

341 2696 436 2739 idest
462 2697 500 2733 in
528 2695 639 2742 Filio,
671 2707 758 2732 usus
786 2695 822 2731 in
851 2695 1031 2740 Munere,
1061 2694 1157 2730 idest
1189 2693 1227 2730 in
1261 2693 1401 2742 Spiritu

344 2750 496 2786 Sancto.
519 2749 596 2786 Sed
624 2748 783 2797 Spiritus
813 2748 984 2793 Sanctus,
1006 2759 1093 2783 cum
1122 2746 1167 2782 sit
1194 2747 1316 2792 Deus,
1347 2754 1402 2783 est

343 2802 497 2839 ultimus
525 2801 621 2838 finis.
652 2802 753 2848 Ergo
781 2800 915 2837 ultimo
943 2800 1019 2836 fine
1050 2798 1229 2846 contingit
1255 2799 1309 2835 uti
1330 2804 1357 2835 α.

398 2855 472 2891 SED
500 2865 646 2891 CONTRA
668 2865 734 2890 EST
752 2853 858 2902 quod
878 2853 967 2890 dicit
985 2852 1227 2899 Augustinus,
1248 2851 1286 2888 in
1306 2852 1401 2888 libro

349 2907 545 2956 Octoginta
565 2907 678 2943 trium
697 2907 845 2947 Quaest.
860 2905 897 2942 *z
922 2906 1004 2942 Deo
1019 2904 1142 2941 nullus
1161 2909 1258 2941 recte
1277 2905 1401 2950 utitur,

342 2959 408 2997 sed
413 2960 563 3008 fruitur
577 2957 604 2996 β.
621 2958 698 2996 Sed
713 2959 814 2995 solus
830 2960 934 2995 Deus
950 2965 1006 2994 est
1018 2957 1171 2994 ultimus
1186 2957 1284 2994 finis.
1300 2958 1402 3005 Ergo

344 3012 478 3049 ultimo
506 3012 583 3049 fine
611 3024 690 3048 non
720 3018 773 3047 est
800 3011 998 3048 utendum.

400 3066 623 3102 RESPONDEO
639 3076 822 3102 DICENDUM
837 3064 943 3112 quod
956 3063 1021 3110 uti,
1038 3063 1133 3099 sieut
1148 3062 1290 3099 dictum
1307 3069 1362 3098 est
1370 3061 1401 3109 ⁹⁸,

346 3117 526 3166 importat
553 3117 843 3166 applicationem
872 3115 1027 3153 alicuius
1047 3115 1095 3152 ad
1115 3115 1265 3164 aliquid.
1287 3115 1403 3161 Quod

348 3177 476 3207 autern
504 3169 710 3218 applicatur
741 3169 790 3206 ad
824 3168 944 3215 aliud,
974 3181 1013 3205 se
1042 3168 1156 3204 habet
1188 3167 1226 3204 in
1259 3167 1403 3204 ratione

348 3223 428 3259 eius
457 3222 561 3270 quod
589 3230 645 3258 est
663 3222 712 3259 ad
739 3222 870 3258 finem.
900 3223 949 3258 Et
976 3221 1062 3258 ideo
1091 3220 1144 3256 uti
1172 3232 1324 3268 semper
1351 3227 1405 3256 est

349 3275 428 3312 eius
457 3274 562 3324 quod
581 3281 637 3311 est
659 3275 706 3312 ad
730 3274 860 3312 finem.
881 3275 1042 3322 Propter
1061 3272 1166 3321 quod
1187 3279 1222 3309 et
1242 3285 1286 3309 ea
1306 3284 1404 3320 quae

348 3335 435 3366 sunt
453 3327 502 3364 ad
520 3327 639 3364 finem
659 3327 924 3373 accommoda,
941 3326 1043 3363 utilia
1063 3325 1252 3371 dicuntur;
1269 3331 1305 3361 et
1323 3325 1405 3373 ipsa

346 3380 483 3417 utilitas
511 3379 700 3416 interdum
727 3392 818 3416 usus
846 3379 1073 3416 nominatur.

403 3494 429 3525 α)
451 3494 559 3526 Ergo..
572 3511 578 3517 .
602 3492 649 3517 uri.
667 3505 686 3510 -
705 3492 781 3524 Ergo
799 3495 848 3516 erc.
866 3492 899 3521 Β,
922 3493 997 3525 Ergo
1021 3493 1113 3517 ultimo
1133 3492 1189 3525 fine
1212 3494 1252 3516 est
1276 3491 1401 3515 utendum

350 3535 415 3561 ergo
434 3532 482 3554 etc.
501 3529 536 3558 K,
557 3528 632 3560 Ergo
651 3527 697 3554 εΗ.
717 3527 837 3551 omittunt
855 3527 1044 3560 PACDGleH
1064 3532 1089 3551 et
1107 3535 1132 3552 a.

405 3562 429 3596 β)
449 3564 496 3588 sed
507 3563 624 3596 fruitur.
642 3575 660 3582 ›-
679 3562 739 3586 Om.
758 3562 786 3586 P.

1503 2115 1578 2152 Sed
1600 2115 1916 2151 considerandum
1938 2123 1993 2151 est
2012 2115 2116 2164 quod
2134 2116 2288 2152 ultimus
2306 2115 2391 2152 finis
2412 2115 2500 2152 dici-

1448 2175 1508 2204 tur
1524 2167 1731 2216 dupliciter:
1752 2180 1829 2204 uno
1846 2167 1975 2213 modo,
1988 2167 2216 2216 simpliciter;
2234 2175 2269 2204 et
2283 2168 2354 2204 alio
2369 2169 2498 2214 modo,

1450 2220 1579 2268 quoad
1598 2219 1775 2267 aliquem.
1798 2220 1896 2256 Cum
1913 2220 2014 2256 enim
2029 2220 2126 2267 finis,
2142 2228 2184 2256 ut
2198 2232 2310 2268 supra
2324 2220 2344 2241 ²¹²
2359 2220 2500 2256 dictum
2528 2226 2598 2271 'mg
2621 2256 2634 2271 a
2654 2229 2666 2244 ³

1451 2280 1517 2318 est,
1548 2272 1691 2308 dicatur
1719 2271 1950 2320 quandoque
1979 2272 2134 2319 quidem
2162 2285 2240 2319 res,
2271 2274 2500 2319 quandoque
2601 2266 2606 2277 ⁷

1451 2332 1578 2360 autem
1608 2323 1759 2371 adeptio
1779 2323 1832 2360 rei
1850 2325 1911 2360 vel
1930 2324 2119 2372 possessio
2149 2324 2239 2371 eius,
2269 2325 2362 2360 sicut
2386 2337 2501 2361 avaro

1450 2377 1537 2413 finis
1566 2384 1620 2412 est
1647 2377 1709 2412 vel
1727 2376 1889 2424 pecunia
1911 2377 1973 2412 vel
1992 2377 2179 2424 possessio
2199 2377 2399 2425 pecuniae;
2424 2389 2504 2413 ma-

1452 2429 1629 2465 nifestum
1659 2436 1713 2465 est
1741 2429 1856 2477 quod,
1886 2428 2102 2477 simpliciter
2128 2430 2332 2476 loquendo,
2353 2430 2503 2466 ultimus

1452 2482 1537 2518 finis
1566 2489 1621 2518 est
1648 2481 1730 2529 ipsa
1758 2493 1835 2517 res:
1866 2493 1943 2517 non
1977 2481 2078 2518 enim
2105 2482 2293 2530 possessio
2321 2482 2504 2530 pecuniae

1455 2541 1509 2583 est
1527 2534 1641 2580 bona,
1658 2534 1727 2570 nisi
1741 2541 1895 2582 propter
1910 2534 2055 2570 bonum
2073 2534 2268 2583 pecuniae.
2286 2535 2361 2572 Sed
2377 2535 2504 2583 quoad

1453 2588 1574 2634 hunc,
1605 2586 1754 2635 adeptio
1782 2587 1964 2635 pecuniae
1994 2594 2049 2622 est
2074 2587 2159 2623 finis
2186 2587 2338 2623 ultimus
2362 2587 2398 2623 *ι
2427 2599 2504 2623 non
2531 2595 2542 2605 ⁴

1456 2640 1556 2676 enim
1586 2646 1782 2688 quaereret
1808 2639 2010 2687 pecuniam
2029 2651 2176 2685 avarus,
2203 2639 2272 2676 nisi
2291 2647 2332 2675 ut
2350 2640 2505 2676 haberet

1456 2704 1552 2728 earn.
1573 2693 1691 2739 ErgO,
1722 2691 1937 2740 simpliciter
1963 2692 2155 2739 loquendo
2184 2699 2220 2728 et
2246 2692 2412 2740 proprie,
2440 2704 2505 2740 pe—

1456 2745 1566 2781 cunia
1593 2745 1711 2781 homo
1741 2743 1872 2793 aliquis
1900 2743 2042 2790 fruitur,
2073 2744 2160 2792 quia
2178 2749 2194 2771 Υ
2212 2744 2250 2780 in
2271 2757 2315 2781 ea
2333 2744 2504 2781 ultimum

1455 2798 1572 2834 finem
1603 2796 1810 2833 constituit:
1844 2796 1911 2833 sed
1939 2796 2162 2845 inquantum
2196 2797 2306 2833 refert
2340 2809 2424 2833 eam
2457 2797 2504 2833 ad

1456 2850 1750 2899 possessionem,
1782 2849 1914 2885 dieitur
1940 2849 1993 2885 uti
2022 2861 2076 2885 ea.

1509 2904 1567 2939 AD
1596 2914 1731 2938 PRIMUM
1755 2913 1851 2938 ERGO
1881 2913 2061 2938 DICENDUM
2081 2901 2184 2948 quod
2203 2901 2432 2948 Augustinus
2451 2901 2504 2937 lo-

1457 2955 1582 3004 quitur
1610 2955 1657 2991 de
1685 2967 1756 2990 usu
1785 2954 2048 2999 communiter,
2078 2953 2286 2990 secundum
2307 2954 2410 3000 quod
2437 2953 2506 2989 im-

1456 3015 1581 3057 portat
1608 3006 1781 3043 ordinem
1810 3006 1895 3042 finis
1914 3007 1962 3043 ad
1980 3006 2102 3054 ipsam
2130 3006 2213 3042 finis
2237 3004 2250 3027 ⁶
2276 3005 2504 3052 fruitionem,

1457 3072 1574 3110 quam
1602 3059 1734 3107 aliquis
1762 3059 1907 3106 quaerit
1934 3059 1980 3095 de
2008 3059 2096 3095 fine.

1510 3114 1568 3149 AD
1601 3123 1789 3148 SECUNDUM
1826 3122 2007 3149 DICENDUM
2044 3110 2147 3159 quod
2183 3110 2268 3146 finis
2305 3109 2506 3147 assumitur

1457 3166 1494 3202 in
1523 3165 1735 3201 facultatem
1758 3163 1977 3209 voluntatis,
2006 3171 2048 3199 ut
2065 3164 2240 3199 voluntas
2265 3163 2303 3198 in
2322 3163 2384 3198 illo
2404 3162 2506 3211 quie-

1458 3225 1546 3255 scat.
1576 3217 1686 3254 Unde
1714 3216 1796 3264 ipsa
1823 3215 1971 3264 requies
1990 3215 2028 3251 in
2047 3216 2135 3262 fine,
2165 3227 2262 3263 quae
2291 3215 2413 3251 fruitio
2434 3222 2504 3260 est,

1459 3270 1591 3308 dicitur
1618 3270 1691 3305 hoc
1718 3268 1835 3305 modo
1864 3280 1955 3305 usus
1983 3267 2080 3304 finis.
2102 3268 2178 3305 Sed
2196 3267 2234 3304 id
2255 3267 2356 3316 quod
2385 3274 2439 3303 est
2458 3266 2506 3302 ad

1457 3324 1591 3368 finem,
1621 3321 1821 3358 assumitur
1842 3320 1881 3357 in
1900 3321 2113 3357 facultatem
2131 3319 2332 3356 voluntatis
2351 3331 2427 3355 non
2447 3331 2506 3355 so—

1458 3377 1537 3413 lum
1556 3375 1594 3411 in
1613 3374 1744 3411 ordine
1773 3373 1821 3410 ad
1848 3385 1960 3410 usum
1990 3373 2068 3409 eius
2096 3372 2200 3421 quod
2228 3379 2282 3408 est
2309 3371 2357 3407 ad
2376 3371 2504 3418 finem,

1509 3491 1534 3522 γ)
1555 3489 1624 3521 quia.
1643 3503 1661 3507 —
1680 3488 1724 3520 qui
1743 3487 1946 3512 ABDEFGHIL.

1509 3524 1533 3557 ὂ)
1547 3525 1620 3557 finis.
1638 3537 1656 3542 -
1676 3524 1736 3548 Om.
1758 3523 1823 3547 PFa.
