2852 4152
1042 205 1308 251 QUAESTIO
1337 204 1475 250 XLIV,
1505 197 1799 240 ARTICULUS
1830 204 1842 238 l

2462 203 2534 239 283

730 386 1139 462 QUAESTIO
1184 383 2170 463 QUADRAGESIMAQUARTA

1007 506 1096 546 DE
1137 505 1568 546 EFFECTIBUS
1610 503 1894 544 TIMORIS

1144 611 1177 636 IN
1207 610 1380 641 QUATUOR
1407 610 1609 635 ARTICULOS
1638 610 1756 635 DlVlSA

123 739 185 762 “od
366 714 557 795 Damni-2
572 702 891 740 considerandum
906 711 960 740 est
973 703 1018 740 de
1033 703 1229 740 effectibus
1240 702 1422 740 timoris*.

449 757 499 792 Et
527 755 625 792 circa
652 756 727 792 hoc
755 764 988 803 quaeruntur
1016 763 1189 805 quatuor.

418 809 567 845 Primo:
596 816 725 845 utrum
754 809 866 845 timor
894 809 1004 846 faciat
1033 807 1342 845 contractionem.

123 713 179 735 ’.cf
190 718 228 741 qu.
238 711 337 739 11.qu-

1535 702 1732 739 Secundo:
1761 709 1890 738 utrum
1919 701 2030 738 faciat
2058 700 2325 738 consiliativos.

1534 755 1687 791 Tertio:
1717 762 1844 791 utrum
1874 754 1984 791 faciat
2011 762 2228 791 tremorem.

1534 807 1701 853 Quarto:
1729 814 1857 844 utrum
1887 807 2068 855 impediat
2097 806 2370 855 operationem.

1176 913 1494 956 ARTICULUS
1525 914 1730 956 PRIMUS

1000 1007 1156 1039 UTRUM
1178 1006 1320 1038 TIMOR
1341 1006 1502 1037 FACIAT
1527 1005 1907 1038 CONTRACTIONEM

366 1101 370 1105 '
479 1116 535 1144 s
548 1123 550 1125 v
576 1110 598 1135 n
623 1109 759 1134 ptumum
787 1109 841 1134 su:
864 1108 1103 1134 nocam-run.
1132 1095 1291 1134 Videtur
1317 1095 1424 1143 quod

394 1129 546 1210 ”is-54
577 1151 692 1187 timor
706 1162 784 1187 non
804 1149 914 1186 faciat
933 1148 1243 1186 contractionem.
1265 1149 1425 1185 Contra-

382 1206 404 1249 ’,,
428 1220 502 1246 όν,
525 1201 702 1248 (ctione
731 1202 833 1239 enim
862 1203 970 1248 facta,
1001 1202 1103 1238 calor
1131 1209 1168 1238 et
1185 1201 1346 1250 spiritus
1375 1200 1424 1237 ad

373 1249 392 1277 -'
420 1226 563 1289 ίαν)
533 1248 754 1292 interiora
789 1262 1028 1291 revocantur.
1068 1254 1145 1290 Sed
1181 1266 1226 1290 ex
1259 1253 1424 1290 multitu-

365 1308 452 1347 dine
481 1307 617 1346 caloris
645 1315 682 1345 et
704 1307 902 1356 spirituum
922 1306 961 1343 in
984 1306 1234 1353 interioribus,
1255 1306 1426 1353 magnifi-

367 1367 472 1399 catur
499 1371 565 1396 cor
591 1359 640 1397 ad
669 1360 849 1397 audacter
875 1358 1016 1416 aliquid
1045 1358 1356 1406 aggrediendum,
1385 1366 1426 1394 ut

362 1412 534 1461 98158θίιὶ
560 1411 683 1449 iratis:
713 1411 822 1448 cuius
850 1410 1080 1447 contrarium
1107 1411 1147 1447 in
1173 1410 1310 1447 timore
1330 1423 1426 1447 accl-

365 1464 430 1502 dit.
459 1465 552 1501 Non
580 1477 670 1513 ergo
698 1464 814 1500 timor
841 1463 928 1500 facit
956 1462 1265 1505 contractionem.

420 1528 456 1554 2.
484 1517 718 1565 Pmnmm,
744 1515 997 1564 multiplicatis
1017 1515 1207 1564 spiritibus
1235 1522 1272 1551 et
1301 1515 1426 1551 calore

365 1569 404 1606 in
431 1570 672 1607 interioribus
699 1581 768 1618 per
796 1569 1107 1615 contractionem,
1133 1567 1302 1627 sequitur
1321 1567 1427 1616 quod

365 1622 485 1660 homo
514 1623 552 1660 in
579 1635 719 1660 vocem
738 1629 984 1671 prorumpat:
1014 1629 1055 1658 ut
1081 1628 1184 1669 patet
1211 1621 1249 1657 in
1269 1620 1426 1657 dolenti-

365 1675 449 1713 bus.
471 1676 548 1713 Sed
566 1675 742 1712 timentes
761 1687 839 1712 non
861 1674 1036 1711 emittunt
1052 1686 1204 1720 vocem,
1221 1673 1288 1711 sed
1308 1673 1427 1722 magis

366 1728 576 1766 redduntur
603 1728 788 1765 taciturni.
819 1729 920 1776 Ergo
945 1727 1059 1764 timor
1078 1739 1156 1764 non
1174 1726 1261 1763 facit
1281 1733 1426 1763 contra-

366 1780 544 1818 ctionem.

421 1834 455 1870 3.
478 1834 710 1880 PRAETEREA,
739 1832 971 1870 verecundia
991 1839 1048 1869 est
1070 1831 1262 1880 quaedam
1282 1832 1428 1880 species

125 1895 338 1924 ‘Qu-mmm·
365 1886 523 1933 timoris,
539 1893 582 1923 ut
600 1898 713 1935 supra
727 1886 748 1908 '¹‘
768 1886 910 1923 dictum
928 1893 993 1922 est.
1016 1885 1092 1922 Sed
1106 1885 1349 1921 verecundati
1365 1897 1428 1921 ru-

365 1940 528 1988 bescunt,
544 1946 585 1975 ut
599 1939 687 1976 dicit
700 1939 860 1986 Tullius,
873 1939 924 1975 IV
934 1939 979 1975 de
998 1938 1217 1975 Tusculanis
1236 1938 1384 1980 Quaest.
1395 1937 1426 1985 ²¹⁵,

217 2005 340 2047 ηις·
368 1999 405 2030 et
431 1992 704 2041 Philosophus,
734 1991 774 2028 in
802 1992 855 2029 IV
866 1991 986 2028 Ethic.
1006 1990 1026 2012 '¹‘
1054 1991 1190 2027 Rubor
1217 1997 1346 2026 autem
1375 1991 1427 2027 fa—

333 2041 340 2047 ’
362 2044 438 2082 ἐἰεί
453 2056 533 2093 non
545 2050 741 2082 attestatur
756 2042 1016 2090 contractioni,
1033 2043 1100 2080 sed
1117 2043 1318 2080 contrario.
1335 2043 1427 2080 Non

363 2104 458 2146 'ergo
489 2097 693 2134 contractio
724 2104 779 2134 est
807 2097 965 2133 effectus
993 2096 1151 2133 timoris.

423 2151 497 2188 SED
518 2161 664 2187 coum
682 2161 748 2187 Esr
767 2149 872 2199 quod
896 2150 1160 2186 Damascenus
1189 2148 1289 2196 dicit,
1310 2148 1348 2186 in
1376 2150 1426 2185 III

367 2202 503 2240 libr'o*
505 2232 514 2251 ,
543 2203 649 2252 quod
677 2203 790 2239 timor
819 2207 873 2239 est
888 2203 1006 2239 virtus
1029 2202 1233 2238 secundum
1251 2201 1427 2250 systolen,

334 2251 465 2294 idest
493 2255 705 2293 secundum
735 2255 1046 2292 contractionem.

422 2309 648 2346 RESPONDEO
667 2319 851 2345 mcx-:NDUM
870 2307 988 2356 quod,
1004 2307 1099 2343 sicut
1118 2318 1232 2355 supra
1246 2306 1266 2328 '¹‘
1286 2306 1428 2343 dictum

362 2369 436 2410 est,
464 2360 518 2398 in
530 2361 772 2421 passionibus
800 2360 951 2397 animae
979 2367 1035 2396 est
1058 2359 1152 2395 sicut
1170 2358 1358 2396 formale
1349 2371 1428 2408 ipse

369 2421 498 2452 motus
526 2414 754 2464 appetitivae
781 2413 995 2463 potentiae,
1026 2412 1121 2449 sicut
1157 2419 1284 2448 autern
1314 2419 1432 2449 mate-

361 2466 460 2505 'riale
492 2467 755 2504 transmutatio
784 2465 1010 2515 corporalis:
1040 2477 1206 2514 quorum
1230 2477 1351 2501 unum
1381 2466 1432 2501 al-

368 2521 438 2558 teri
451 2520 773 2570 proportionatur.
793 2519 906 2556 Unde
921 2518 1133 2554 secundum
1149 2517 1432 2554 similitudinem

371 2581 408 2610 et
435 2573 622 2610 rationem
646 2571 841 2621 appetitivi
867 2578 1009 2617 motus,
1030 2570 1199 2618 sequitur
1227 2571 1431 2619 corporalis

370 2625 645 2662 transmutatio.
676 2625 872 2671 Quantum
902 2629 1030 2659 autem
1055 2623 1104 2659 ad
1123 2622 1328 2660 animalem
1348 2635 1431 2660 rno-

371 2686 452 2715 tum
473 2678 672 2727 appetitus,
692 2677 806 2714 timor
831 2675 1128 2713 contractionem
1149 2676 1343 2724 quandam
1362 2676 1431 2713 im-

370 2737 506 2780 portat.
527 2730 654 2768 ‚Cuius
687 2730 780 2766 ratio
811 2730 885 2776 est,
915 2728 1004 2778 quia
1035 2727 1150 2764 timor
1180 2729 1357 2777 provenit
1386 2741 1430 2765 ex

370 2782 570 2834 phantasia
589 2782 744 2820 alicuius
772 2782 863 2819 mali
891 2781 1122 2828 imminentis
1151 2781 1256 2829 quod
1281 2781 1430 2818 difficile

372 2836 507 2886 repelli>
521 2843 656 2885 potest,
676 2843 718 2872 ut
736 2846 851 2883 supra
869 2834 889 2856 ‘³
908 2834 1051 2872 dictum
1071 2841 1137 2870 est.
1168 2834 1284 2881 Quod
1304 2842 1431 2871 autem

372 2887 515 2939 aliquid
543 2888 694 2926 difficile
722 2888 842 2937 possit
869 2887 1008 2936 repelli,
1036 2887 1214 2935 provenit
1237 2899 1282 2924 ex
1302 2887 1431 2924 debili-

371 2949 447 2980 tate
465 2940 624 2989 virtutis,
644 2949 686 2978 ut
710 2952 826 2990 supra
842 2939 863 2961 ’¹‘
891 2939 1033 2977 dictum
1054 2946 1120 2976 est.
1143 2939 1271 2976 Virtus
1290 2947 1430 2988 autem,

373 3002 516 3045 quanto
545 3002 602 3031 est
630 2994 799 3041 debilior,
828 3000 933 3030 tanto
962 2992 1011 3029 ad
1039 2991 1220 3041 pauciora
1247 3004 1287 3029 se
1306 3000 1431 3041 potest

374 3048 589 3085 extendere.
623 3047 672 3084 Et
708 3046 795 3084 ideo
833 3057 879 3083 ex
915 3046 999 3095 ipsa
1027 3043 1296 3092 imaginatione
1332 3057 1431 3105 quae

374 3108 503 3138 causat
529 3100 718 3147 timorem,
748 3099 915 3159 sequitur
942 3099 1133 3157 quaedam
1163 3097 1368 3135 contractio
1394 3098 1432 3135 in

373 3153 554 3204 appetitu.
594 3153 698 3190 Sicut
735 3152 848 3190 etiam
885 3151 1064 3189 videmus
1102 3150 1139 3187 in
1181 3150 1431 3198 morientibus

373 3207 479 3256 quod
507 3213 640 3243 natura
660 3205 858 3243 retrahitur
877 3204 926 3242 ad
945 3203 1134 3250 interiora,
1154 3210 1310 3263 propter
1328 3203 1432 3240 debi-

373 3260 515 3297 litatem
543 3258 711 3296 virtutis:
742 3266 778 3295 et
804 3258 982 3296 videmus
1011 3256 1124 3293 etiarn
1153 3255 1191 3292 in
1220 3255 1432 3294 civitatibus

374 3313 492 3362 quod,
513 3311 668 3360 quando
697 3311 800 3348 cives
822 3311 967 3358 timent,
994 3309 1186 3347 retrahunt
1205 3321 1246 3345 se
1265 3310 1312 3345 ab
1334 3317 1434 3346 exte-

375 3365 546 3414 rioribus,
569 3372 604 3402 et
631 3371 839 3412 recurrunt,
860 3370 1045 3412 quantum
1071 3369 1242 3411 possunt,
1264 3361 1312 3399 ad
1339 3361 1433 3399 inte-

128 2209 142 2222 ⁸
149 2208 187 2232 De
194 2206 253 2231 Fae
264 2209 340 2235 Orth.

129 2235 216 2264 litam,
224 2241 266 2264 ap
273 2241 331 2257 xxm

129 2315 144 2370 ἒ
147 2315 196 2344 Qu.
203 2319 284 2342 xxvm,
297 2317 341 2336 nrt.

134 2845 144 2856 ‘
155 2844 203 2872 Qu.
213 2850 260 2871 ιιι,
271 2847 314 2866 art.
323 2849 344 2865 2.

160 2949 209 2977 Qu.
222 2954 288 2975 xun,
303 2952 346 2970 nrt.

1483 1095 1595 1132 riora.
1625 1096 1675 1132 Et
1702 1095 1915 1133 secundum
1943 1095 2227 1133 similitudinem
2254 1095 2366 1132 huius
2395 1103 2542 1134 contra-

1484 1148 1635 1195 ctionis,
1666 1160 1764 1197 quae
1783 1148 1957 1197 pertinet
1993 1148 2043 1185 ad
2078 1148 2287 1196 appetitum
2316 1149 2540 1196 animalem,

1484 1202 1651 1249 sequitur
1678 1203 1791 1238 etiarn
1820 1201 1859 1238 in
1886 1200 2023 1237 timore
2048 1212 2093 1238 ex
2119 1208 2226 1249 parte
2251 1202 2431 1250 corporis,
2453 1214 2543 1239 con-

1483 1254 1614 1290 tractio
1644 1254 1777 1291 caloris
1806 1261 1843 1290 et
1871 1253 2070 1302 spirituum
2099 1254 2147 1290 ad
2175 1253 2365 1291 interiora.

1537 1309 1596 1343 An
1625 1319 1761 1343 PR1MUM
1781 1318 1880 1343 ERGO
1900 1318 2083 1344 nrcnnnum
2112 1307 2229 1354 quod,
2249 1306 2345 1343 sicut
2371 1307 2542 1343 Philoso-

1482 1359 1582 1407 phus
1617 1359 1704 1396 dicit
1737 1359 1775 1396 in
1807 1359 1905 1396 libro
1943 1360 1989 1395 de
2014 1359 2312 1396 Problematihus
2330 1359 2366 1407 ²¹⁶,
2394 1359 2486 1396 licet
2505 1360 2543 1396 in

1484 1411 1702 1448 timentibus
1731 1412 1968 1448 retrahantur
1996 1417 2014 1432 α
2043 1411 2194 1460 spiritus
2221 1413 2270 1448 ab
2299 1388 2544 1449 exterioribus

1486 1463 1548 1500 ad
1554 1463 1743 1510 interiora,
1761 1476 1840 1500 non
1858 1471 1986 1500 tamen
2008 1471 2063 1500 est
2080 1464 2183 1501 idem
2202 1472 2330 1501 motus
2345 1465 2543 1513 spirituum

1486 1516 1525 1552 in
1552 1515 1653 1552 iratis
1678 1523 1714 1552 et
1741 1516 1970 1552 timentibus.
1992 1517 2128 1552 Nam
2119 1529 2158 1553 111
2176 1517 2289 1564 iratis,
2310 1525 2465 1566 propter
2485 1530 2544 1555 ca-

1485 1569 1606 1604 lorem
1635 1576 1672 1605 et
1700 1568 1939 1605 subtilitatem
1968 1568 2179 1616 spirituum,
2201 1582 2297 1618 quae
2317 1571 2546 1618 proveniunt

1487 1633 1533 1657 ex
1553 1621 1722 1669 appetitu
1744 1621 1946 1667 vindictae,
1967 1621 2121 1657 interius
2140 1622 2183 1658 fit
2202 1622 2398 1670 spirituum
2419 1631 2546 1660 motus

1487 1675 1535 1711 ab
1555 1674 1795 1711 inferioribus
1811 1674 1859 1710 ad
1874 1673 2088 1722 superiora:
2112 1681 2147 1710 et
2165 1674 2252 1711 ideo
2273 1684 2548 1723 congregantur

1486 1727 1636 1775 spiritus
1665 1734 1702 1763 et
1721 1726 1823 1763 calor
1850 1726 1948 1763 circa
1968 1739 2044 1762 cor.
2073 1727 2131 1762 Ex
2151 1739 2228 1774 quo
2250 1728 2418 1775 sequitur
2441 1729 2546 1776 quod

1486 1779 1568 1817 irati
1596 1779 1806 1816 redduntur
1832 1780 2000 1828 prompti
2030 1786 2066 1815 et
2093 1779 2258 1816 audaces
2281 1780 2337 1817 'ad
2364 1781 2547 1818 invaden-

1488 1832 1593 1870 dum.
1610 1854 1633 1860 -
1655 1832 1732 1869 Sed
1751 1832 1789 1868 in
1808 1832 2040 1879 timentibus,
2056 1839 2212 1880 propter
2230 1832 2468 1880 frigiditatem
2493 1834 2547 1870 in-

1486 1892 1736 1933 grossantem,
1766 1884 1915 1933 spiritus
1939 1893 2145 1922 moventur
2173 1898 2194 1921 a
2222 1886 2480 1934 superioribus
2499 1887 2548 1923 ad

1485 1938 1679 1975 inferiora:
1704 1950 1802 1986 quae
1821 1938 1977 1986 quidem
1997 1937 2176 1985 frigiditas
2192 1938 2372 1986 contingit
2391 1951 2436 1976 ex
2453 1939 2547 1976 ima-

1485 1990 1678 2039 ginatione
1707 1991 1875 2027 defectus
1902 1990 2061 2027 virtutis.
2084 1991 2133 2027 Et
2159 1990 2246 2028 ideo
2267 2004 2346 2028 non
2369 1992 2546 2041 multipli-

1487 2051 1620 2081 cantur
1653 2044 1755 2080 calor
1783 2051 1819 2079 et
1847 2043 1998 2091 spiritus
2031 2043 2129 2080 circa
2165 2055 2251 2091 cor,
2281 2044 2349 2081 sed
2377 2045 2496 2093 magis
2524 2058 2547 2081 a

1488 2097 1602 2134 corde
1638 2096 1834 2144 refugiunt.
1865 2096 1914 2132 Et
1945 2103 2101 2145 propter
2134 2097 2230 2143 hoc,
2259 2096 2435 2134 timentes
2467 2110 2547 2135 non

1485 2156 1663 2198 prompte
1690 2148 1887 2195 invadunt,
1918 2148 1986 2185 sed
2014 2148 2134 2196 magis
2164 2149 2361 2197 refugiunt.

1539 2203 1598 2239 AD
1627 2213 1816 2238 SECUNDUM
1839 2213 2023 2238 mcENDUM
2057 2201 2162 2250 quod
2189 2203 2358 2238 naturale
2388 2211 2443 2239 est
2471 2203 2548 2239 cui-

1486 2254 1576 2291 libet
1605 2254 1760 2301 dolenti,
1781 2255 1862 2290 sive
1881 2253 2026 2290 homini
2054 2254 2135 2290 sive
2155 2254 2320 2301 animali,
2342 2255 2447 2302 quod
2468 2262 2547 2292 uta-

1486 2315 1546 2344 tur
1574 2319 1821 2355 quocumque
1850 2306 1987 2343 auxilio
2015 2314 2140 2355 potest
2164 2305 2190 2353 β,
2211 2307 2260 2343 ad
2287 2307 2548 2367 repellendum

1487 2359 1669 2397 nocivum
1693 2371 1874 2408 praesens
1894 2360 1998 2407 quod
2017 2359 2128 2396 infert
2147 2359 2343 2396 dolorem:
2371 2361 2473 2398 unde
2492 2361 2548 2398 vi-

1487 2414 1623 2451 demus
1643 2413 1747 2461 quod
1777 2412 1954 2449 animalia
1975 2412 2140 2449 dolentia
2157 2413 2372 2460 percutiunt
2388 2415 2450 2450 vel
2470 2414 2548 2450 fau-

1487 2466 1591 2502 cibus
1610 2466 1671 2503 vel
1692 2465 1883 2502 cornibus.
1909 2465 2124 2502 Maximum
2148 2473 2277 2502 autem
2298 2466 2478 2503 auxilium
2499 2467 2548 2503 ad

1488 2517 1618 2555 omnia
1646 2518 1685 2554 in
1711 2517 1938 2554 animalibus
1959 2525 2013 2554 est
2033 2518 2136 2566 calpr
2155 2526 2190 2554 et
2210 2518 2371 2566 spiritus.
2393 2520 2442 2555 Et
2461 2519 2547 2556 ideo

1485 2571 1524 2607 in
1554 2571 1685 2607 dolore
1715 2577 1849 2607 natura
1879 2577 2081 2607 conservat
2117 2571 2283 2607 calorem
2313 2579 2348 2607 et
2375 2571 2547 2620 spiritum

1485 2623 1651 2670 interius,
1681 2630 1723 2659 ut
1749 2624 1823 2659 hoc
1851 2630 1975 2660 utatur
2003 2623 2051 2660 ad
2070 2623 2331 2671 repellendum
2351 2624 2546 2661 nocivum.

1485 2677 1534 2713 Et
1561 2675 1648 2713 ideo
1677 2675 1934 2724 Philosophus
1963 2675 2061 2723 dicit,
2090 2676 2127 2712 in
2152 2675 2247 2713 libro
2267 2677 2312 2713 de
2330 2677 2548 2714 Problema-

1486 2730 1581 2766 tibus
1600 2729 1632 2776 ²⁸,
1654 2729 1771 2776 quod,
1792 2728 2044 2777 multiplicatis
2063 2728 2268 2765 introrsum
2297 2729 2487 2778 spiritibus
2513 2738 2549 2766 et

1488 2783 1625 2829 calore,
1655 2793 1810 2818 necesse
1840 2789 1896 2818 est
1922 2782 2027 2830 quod
2057 2782 2273 2819 emittantur
2299 2795 2368 2830 per
2394 2795 2547 2821 vocem.

1487 2835 1536 2872 Et
1558 2841 1714 2883 propter
1739 2834 1826 2881 hoc,
1847 2834 2018 2871 dolentes
2036 2834 2100 2871 vix
2119 2847 2159 2870 se
2177 2842 2338 2883 possunt
2357 2836 2550 2873 continere

1487 2888 1577 2937 quin
1600 2888 1774 2924 clament.
1790 2908 1816 2914 —
1837 2887 1914 2923 Sed
1939 2886 1977 2924 in
2001 2886 2219 2924 timentibus
2243 2888 2286 2924 fit
2310 2895 2436 2925 motus
2455 2889 2548 2926 inte-

1487 2939 1595 2977 rioris
1624 2940 1757 2976 caloris
1778 2947 1814 2976 et
1832 2939 2031 2988 spirituum
2052 2951 2074 2976 a
2094 2939 2208 2977 corde
2229 2941 2277 2977 ad
2297 2940 2487 2988 inferiora,
2507 2950 2548 2978 ut

1488 2993 1630 3030 dictum
1648 2999 1703 3029 est
1711 2992 1742 3029 ²¹⁸.
1760 2993 1809 3028 Et
1826 2992 1913 3029 ideo
1933 2992 2047 3029 timor
2067 2993 2314 3030 contrariatur
2332 2994 2548 3031 formationi

1486 3045 1604 3093 vocis,
1621 3057 1719 3094 quae
1739 3045 1782 3082 fit
1799 3057 1868 3093 per
1884 3045 2129 3082 emissionem
2149 3045 2347 3095 spirituum
2368 3047 2417 3084 ad
2436 3060 2548 3096 supe-

1488 3098 1588 3135 riora
1605 3110 1675 3147 per
1694 3110 1749 3134 os.
1774 3098 1823 3134 Et
1841 3105 1996 3147 propter
2018 3099 2104 3145 hoc,
2129 3098 2242 3136 timor
2264 3107 2430 3136 tacentes
2449 3101 2546 3137 facit.

1487 3151 1537 3188 Et
1560 3151 1648 3188 inde
1678 3158 1733 3187 est
1757 3149 1870 3187 etiam
1890 3152 1994 3199 quod
2015 3151 2128 3188 timor
2150 3157 2347 3189 trementes
2362 3154 2479 3200 facit,
2508 3161 2549 3190 ut

1489 3203 1577 3241 dicit
1603 3203 1861 3252 Philosophus
1879 3208 1907 3251 Υ,
1928 3204 1966 3240 in
1993 3203 2089 3241 libro
2109 3205 2155 3241 de
2172 3205 2469 3243 Problematibus
2487 3205 2519 3242 *.

1540 3258 1599 3293 An
1619 3267 1779 3294 TERTmM
1798 3268 1982 3294 memnon
2008 3257 2113 3305 quod
2130 3258 2297 3306 pericula
2317 3258 2448 3295 mortis
2468 3271 2548 3296 non
2576 3267 2597 3285 ¹
2612 3266 2635 3281 ν’
2665 3266 2695 3281 ¹¹¹

1488 3310 1614 3346 solum
1644 3309 1919 3346 contrariantur
1946 3310 2127 3359 appetitui
2154 3310 2317 3358 animali,
2347 3311 2415 3348 sed
2436 3311 2547 3348 etiam

1489 3362 1765 3399 contrariantur
1792 3370 1960 3400 naturae.
1991 3363 2040 3399 Et
2062 3371 2218 3412 propter
2245 3365 2330 3411 hoc,
2352 3364 2390 3401 in
2418 3364 2547 3401 huius-

429 3488 455 3519 α)
469 3486 652 3512 retrahantur.
667 3501 684 3504 —
699 3486 854 3510 retrahatur
873 3484 972 3516 PEFH,
992 3485 1137 3509 trahuntur
1150 3486 1180 3508 Α.
1192 3498 1210 3502 -
1222 3484 1363 3515 spirituum
1379 3491 1434 3509 om.

375 3523 417 3547 EF
419 3523 451 3547 G.

1543 3483 1567 3516 β)
1584 3487 1682 3515 potest.
1700 3498 1718 3503 -
1737 3484 1798 3509 Om.
1816 3485 2004 3509 BEFGHKLa.

1542 3520 1568 3552 γ)
1589 3519 1653 3544 dicit
1672 3519 1855 3551 Philosophus.
1874 3533 1892 3539 —
1911 3520 2009 3545 dicitur
2028 3520 2138 3545 codices-

2572 1393 2589 1414 p
2572 1366 2698 1414 ·5Μιῃ1·
2681 1366 2767 1387 xxvn
2777 1382 2783 1393 ,

2669 1429 2685 1445 α

2576 2742 2661 2769 '1bid.‚
2674 2742 2778 2764 Prob1.1x

2576 2990 2690 3054 {aar
2698 3001 2726 3022 ⁸¹
2737 3006 2787 3028 Ἦ·

2576 3233 2626 3255 ·1.0
2611 3239 2665 3255 occ
2667 3208 2700 3259 ii
2706 3234 2750 3255 Pro
2752 3234 2784 3255 bl.

2719 3260 2786 3282 -Cf.

2576 3290 2618 3308 art.
2634 3276 2653 3315 3
2669 3287 2697 3308 ad
2711 3293 2732 3315 3.
