2846 4146
147 1007 158 1019 ³
163 1006 216 1029 Vid.
222 1009 266 1028 art.
271 1011 357 1034 praem,

148 1038 196 1061 arg.
205 1032 256 1055 Sea
263 1033 357 1055 contra.

1071 218 1335 265 QUAESTIO
1365 218 1450 265 LV,
1479 217 1773 254 ARTICULUS
1803 217 1853 253 IV

2477 217 2549 254 353

1161 393 1476 435 ARTICULUS
1506 391 1776 444 QUARTUS

976 483 1131 514 UTRUM
1154 482 1310 514 VIRTUS
1333 479 1672 515 CONVENIENTER
1695 479 1960 514 DEF1N1ATUR

1060 562 1080 586 11
1100 563 1183 591 Sene„
1202 562 1261 587 dist.
1278 569 1354 593 xxvn,
1373 567 1421 587 art.
1441 568 1471 592 25
1492 562 1533 586 De
1556 562 1660 591 Vir-tut„
1680 569 1725 594 qu.
1743 568 1766 592 1,
1784 566 1832 587 art.
1854 568 1878 586 2.

440 674 477 701 ,Ὗ
500 664 571 707 »ἢ
594 659 618 684 D
638 658 813 689 QUARTUM
833 659 886 683 sm
908 659 1146 686 PROCEDITUR.
1166 648 1325 686 Videtur
1340 648 1444 697 quod

414 696 500 751 ’Ψζξ
514 688 675 757 jStmn
722 700 768 736 sit
812 701 1042 738 conveniens
1091 701 1259 738 definitio
1299 701 1445 738 virtutis

402 752 424 795 ἰ
458 797 476 805 ⁷,
487 766 519 792 ’κ
539 750 564 789 ’ἦ
596 764 694 801 quae
724 753 820 790 solet
847 753 1038 801 assignari,
1059 753 1215 790 scilicet:
1242 754 1364 790 Virtus
1391 758 1443 790 est

418 802 423 810 '
444 822 449 826 -
475 804 537 834 '²¹¹0
554 796 695 841 bona
724 805 883 853 qualitas
910 806 1053 851 mentis,
1067 817 1154 854 -qua
1173 811 1271 842 recte
1293 806 1443 851 vivitur,

385 866 460 903 qua
488 855 611 893 nullus
638 857 738 894 male
766 858 890 904 utitur,
920 869 1034 906 quam
1062 856 1166 894 Deus
1185 855 1222 894 in
1243 855 1348 894 nobis
1365 854 1446 894 sine

147 919 208 968 ἐξιεῖ.
221 918 359 968 ιέίιεςῑξῆιῐι
385 908 490 944 nobis
509 915 687 956 operatur
699 910 731 947 ²¹³.
751 909 878 947 Virtus
906 910 1006 946 enim
1036 917 1091 946 est
1118 910 1265 947 bonitas
1286 915 1303 931 ‘²
1321 910 1444 947 homi-

385 960 462 997 nis:
488 960 570 1009 ipsa
589 962 690 999 enim
720 969 775 999 est
801 974 897 1010 quae
924 963 1063 999 bonum
1077 963 1183 1011 facit
1197 963 1392 999 habentem
1411 962 1443 1007 ⁹⁸.

386 1013 463 1050 Sed
487 1014 635 1051 bonitas
654 1027 733 1063 non
750 1015 901 1052 videtur
926 1027 1008 1052 esse
1036 1015 1158 1051 bona:
1188 1015 1282 1051 sicut
1305 1027 1375 1052 nec
1394 1014 1445 1051 al-

385 1065 486 1102 bedo
517 1074 572 1103 est
599 1067 696 1104 alba.
726 1067 838 1115 Igitur
855 1067 1167 1105 inconvenienter
1185 1067 1320 1104 dicitur
1338 1068 1444 1115 quod

385 1118 505 1155 virtus
532 1127 589 1156 est
614 1121 714 1156 bona
741 1120 911 1168 qualitas.

442 1183 476 1208 2.
497 1172 730 1220 PRAETEREA,
759 1173 861 1209 nulla
890 1172 1100 1209 differentia
1128 1179 1185 1209 est
1204 1172 1446 1209 communior

387 1233 457 1261 suo
477 1233 637 1272 genere:
659 1236 747 1262 cum
767 1225 813 1261 sit
831 1224 977 1272 generis
997 1222 1168 1262 divisiva.
1200 1224 1276 1262 Sed
1295 1225 1443 1262 bonum

388 1283 443 1314 est
471 1274 712 1314 communius
739 1289 856 1326 quarn
884 1276 1060 1325 qualitas:
1091 1277 1322 1314 convertitur
1341 1274 1443 1314 enim

387 1341 476 1366 cum
505 1336 602 1365 ente.
631 1330 734 1376 Ergo
762 1330 902 1366 bonum
930 1341 1009 1366 non
1037 1329 1150 1366 debet
1178 1330 1270 1378 poni
1292 1330 1332 1366 in
1351 1330 1444 1366 defi-

387 1381 530 1418 nitione
557 1380 715 1428 virtutis,
743 1388 785 1417 ut
812 1381 1022 1418 differentia
1050 1381 1244 1429 qualitatis.

330 1459 332 1461 .
392 1430 730 1483 ²·'35P‘RAETEREQ
751 1433 846 1470 sicut
863 1433 1095 1481 Augustinus
1124 1433 1223 1480 dicit,
1251 1433 1290 1470 in
1310 1435 1379 1470 XII
1399 1434 1445 1470 de

390 1481 497 1523 Trin.
516 1485 554 1522 *z
589 1482 663 1523 Ubi
684 1485 810 1534 primo
838 1486 1009 1522 occurrit>
1029 1481 1173 1534 aliquid
1189 1486 1290 1534 quod
1308 1494 1383 1522 non
1400 1486 1449 1523 sit

388 1535 495 1575 nobis
507 1538 781 1587 pecoribusque
795 1550 1004 1584 commune,
1021 1538 1114 1575 illud
1125 1536 1178 1575 ad
1189 1544 1348 1575 mentem
1356 1550 1445 1586 per-

387 1590 485 1631 tinet.
515 1590 593 1628 Sed
621 1591 810 1640 quaedam
829 1591 986 1628 virtutes
1006 1598 1093 1628 sunt
1117 1590 1230 1628 etiam
1254 1590 1445 1627 irrationa-

387 1642 519 1680 bilium
537 1643 719 1692 partium;
734 1652 776 1680 ut
788 1643 1045 1692 Philosophus
1065 1643 1164 1691 dicit,
1184 1643 1223 1680 in
1239 1644 1287 1680 III
1303 1643 1445 1680 Ethic.*

387 1695 479 1734 Non
507 1708 597 1744 ergo
627 1696 751 1733 omnis
774 1696 892 1733 virtus
917 1704 972 1733 est
995 1697 1098 1733 bona
1125 1696 1282 1745 qualitas
1301 1697 1444 1733 mentis.

439 1760 476 1796 4.
506 1749 747 1796 PRAETEREA,
781 1749 966 1786 rectitudo
997 1747 1148 1786 videtur
1184 1749 1232 1786 ad
1269 1749 1446 1786 iustitiam

384 1801 593 1849 pertinere:
622 1801 725 1838 unde
747 1801 862 1839 iidem
882 1801 1056 1839 dicuntur
1073 1801 1174 1848 recti,
1196 1809 1232 1838 et
1249 1801 1346 1839 iusti.
1369 1802 1445 1839 Sed

386 1853 523 1891 iustitia
555 1861 611 1890 est
643 1854 788 1903 species
815 1854 973 1892 virtutis.
1013 1854 1329 1891 Inconvenienter
1357 1866 1445 1902 ergo

386 1906 538 1954 ponitur
557 1914 702 1943 rectum
721 1907 760 1943 in
776 1907 994 1944 definitione
1013 1907 1170 1954 virtutis,
1192 1919 1280 1944 cum
1301 1907 1445 1955 dicitur,

387 1970 462 2007 qua
490 1965 588 1996 recte
613 1959 762 1996 vivitur.

444 2012 477 2049 5.
506 2012 739 2059 PRAETEREA,
769 2011 1003 2060 quicumque
1034 2012 1202 2060 superbit
1231 2012 1278 2049 de
1306 2011 1445 2060 aliquo,

388 2065 488 2101 male
516 2064 631 2101 utitur
658 2077 719 2101 eo.
746 2064 823 2102 Sed
851 2065 958 2101 multi
981 2064 1202 2113 superbiunt
1221 2065 1268 2102 de
1287 2064 1445 2101 virtute:

319 2147 325 2158 ,
355 2146 361 2152 .
388 2116 476 2154 dicit
494 2117 598 2154 enim
617 2117 858 2164 Augustinus,
875 2117 913 2154 in
931 2117 1082 2166 Regula
1101 2117 1132 2164 ²⁸,
1149 2117 1253 2165 quod
1271 2117 1445 2165 superbia

387 2169 498 2206 etiam
527 2169 633 2207 honis
661 2170 834 2218 operibus
861 2170 1074 2216 insidiatur,
1104 2176 1145 2206 ut
1163 2176 1332 2218 pereant.
1363 2170 1392 2206 F
1395 2170 1446 2206 al-

388 2234 474 2259 sum
503 2230 559 2259 est
586 2234 676 2270 ergo
705 2224 810 2270 quod
838 2234 947 2259 nemo
974 2223 1110 2259 virtute
1136 2223 1235 2259 male
1263 2228 1400 2259 utatur.

441 2275 477 2311 6.
501 2275 734 2322 PRAETEREA,
763 2276 882 2312 homo
911 2287 980 2323 per
1006 2275 1185 2311 virtutem
1214 2274 1445 2311 iustificatur.

388 2327 466 2364 Sed
492 2327 724 2375 Augustinus
744 2327 831 2364 dicit
849 2327 880 2374 ²¹²,
907 2339 1022 2376 super
1047 2327 1139 2364 illud
1159 2326 1332 2374 Ioan.**,
1357 2327 1447 2363 Ma-

386 2379 470 2416 iora
502 2381 638 2416 horum
657 2379 802 2428 faciet:
835 2380 910 2422 Qui
939 2380 1081 2416 creavit
1110 2385 1144 2416 te
1173 2380 1253 2416 sine
1284 2385 1337 2426 te,
1371 2391 1445 2415 non

386 2432 598 2480 iustificabit
622 2438 657 2468 te
683 2432 762 2469 sine
789 2438 834 2469 te.
865 2432 1179 2469 Inconvenienter
1203 2443 1293 2480 ergo
1314 2430 1447 2468 dicitur

350 2509 356 2515 -
387 2484 494 2534 quod-
518 2484 696 2522 virtutem
715 2486 819 2522 Deus
837 2485 875 2521 in
904 2485 1009 2522 nohis
1027 2485 1106 2522 sine
1124 2485 1230 2521 nobis
1256 2490 1445 2533 operatur.

441 2537 516 2574 SED
545 2549 691 2574 CONTRA
709 2549 775 2574 EST
796 2537 998 2574 auctoritas
1026 2537 1236 2584 Augustini,
1265 2549 1311 2574 ex
1340 2536 1446 2574 cuius

385 2589 513 2627 verbis
540 2589 732 2638 praedicta
760 2589 929 2626 definitio
955 2590 1147 2637 colligitur,
1178 2596 1214 2625 et
1239 2589 1444 2637 praecipue

386 2641 426 2678 in
454 2643 486 2678 ΙΙ
514 2642 560 2678 de
587 2642 724 2678 Libero
751 2642 919 2678 Arbitrio
935 2641 967 2678 ²¹⁸.

355 2693 362 2703 '
441 2695 665 2731 Responmzo
693 2706 877 2731 DICENDUM
905 2693 1011 2742 quod
1037 2693 1107 2731 ista
1135 2693 1303 2730 definitio
1323 2694 1444 2742 perfe-

388 2753 445 2783 cte
466 2746 726 2795 complectitur
739 2754 859 2784 totam
874 2747 1061 2784 rationem
1089 2746 1245 2783 virtutis.
1275 2747 1445 2783 Perfecta

388 2798 489 2836 enim
521 2799 612 2836 ratio
640 2799 937 2848 uniuscuiusque
965 2799 1018 2836 rei
1047 2798 1230 2847 colligitur
1258 2811 1303 2835 ex
1322 2798 1444 2835 omni-

387 2852 458 2888 bus
486 2851 608 2888 causis
641 2851 732 2888 eius.
759 2852 1060 2900 Comprehendit
1092 2859 1220 2888 autem
1251 2851 1444 2900 praedicta

387 2903 556 2941 definitio
589 2917 724 2941 omnes
763 2917 894 2941 causas
922 2904 1079 2942 virtutis.
1120 2904 1245 2941 Causa
1276 2916 1448 2955 namque

386 2957 554 2994 formalis
574 2957 731 3004 virtutis,
761 2957 856 2994 sicut
884 2964 919 2993 et
947 2956 1144 2993 cuiuslibet
1171 2956 1235 3003 rei,
1265 2956 1444 3005 accipitur

343 3016 345 3018 ’
388 3021 432 3046 ex
461 3009 541 3046 eius
559 3021 696 3058 genere
717 3017 753 3046 et
773 3009 993 3056 differentia,
1015 3021 1103 3045 cum
1132 3008 1266 3046 dicitur
1284 3009 1444 3057 qualitas

387 3063 505 3099 bona.-
533 3074 652 3110 genus
678 3062 780 3099 enim
804 3062 948 3099 virtutis
968 3062 1127 3110 qualitas
1146 3069 1211 3108 est,
1234 3061 1443 3098 differentia

387 3122 516 3151 autem
545 3115 695 3152 bonum.
725 3116 837 3155 Esset
868 3122 997 3152 tamen
1031 3113 1316 3151 convenientior
1350 3114 1444 3152 defi-

387 3167 490 3215 nitio,
521 3167 551 3204 si
579 3168 664 3204 loco
685 3167 870 3216 qualitatis
893 3167 1039 3204 habitus
1062 3173 1277 3215 poneretur,
1298 3167 1363 3214 qui
1389 3174 1444 3203 est

386 3232 504 3268 genus
532 3220 790 3269 propinquum
814 3218 840 3257 β.
1139 3226 1142 3228 “

438 3273 566 3310 Virtus
594 3279 722 3310 autem
750 3285 829 3310 non
857 3273 972 3309 habet
998 3271 1196 3308 materiam
1216 3283 1265 3308 ex
1291 3283 1378 3319 qua,
1398 3271 1453 3308 si-·

387 3333 450 3362 cut
469 3338 539 3362 nec
558 3326 628 3362 alia
648 3325 877 3362 accidentia:
902 3325 969 3362 sed
987 3325 1102 3362 habet
1126 3324 1323 3361 materiam
1342 3324 1443 3361 circa

386 3390 521 3427 quam;
550 3386 585 3415 et
622 3378 820 3415 materiam
849 3378 886 3414 in
915 3390 1010 3426 qua,
1040 3377 1179 3414 scilicet
1216 3377 1441 3413 subiectum.

1499 648 1659 685 Materia
1683 655 1810 684 autern
1835 649 1936 684 circa
1961 659 2075 696 quam
2100 655 2155 685 est
2179 644 2369 686 obiectum
2389 649 2551 695 virtutis3

1499 701 1603 748 quod
1622 713 1701 737 non
1721 700 1843 749 potuit
1869 701 1908 737 in
1925 700 2117 749 praedicta
2145 701 2363 738 definitione
2381 702 2485 750 poni,
2506 715 2551 739 eo

1499 753 1603 801 quod
1630 765 1700 801 per
1728 753 1918 790 obiectum
1949 753 2216 790 determinatur
2241 753 2359 790 virtus
2387 754 2435 791 ad
2470 767 2552 803 spe·-

1499 805 1616 850 ciem3
1646 805 1707 841 hic
1735 813 1862 856 autem
1895 805 2104 853 assignatur
2140 805 2307 843 definitio
2334 806 2479 843 virtutis
2516 807 2554 844 in

1500 857 1705 894 communi.
1735 858 1846 895 Unde
1873 858 2027 906 ponitur
2054 858 2264 895 subiectum
2299 860 2384 895 loco
2418 872 2553 896 causae

1499 910 1721 961 materialiS,
1752 922 1838 946 cum
1876 910 2009 947 dicitur
2036 910 2141 958 quod
2170 918 2225 948 est
2261 911 2363 948 bona
2395 911 2554 961 qualitas

1498 962 1640 999 mentis.

1552 1013 1654 1051 Finis
1686 1021 1812 1050 autem
1841 1014 2002 1061 virtutis,
2034 1027 2121 1051 cum
2158 1015 2204 1052 sit
2235 1016 2383 1053 habitus
2421 1029 2552 1065 opera-

1498 1067 1617 1114 tivus,
1646 1074 1703 1103 est
1729 1066 1811 1115 ipsa
1839 1067 2007 1115 operatio
2035 1067 2066 1104 ²³².
2097 1068 2174 1104 Sed
2202 1069 2411 1105 notandum
2449 1069 2554 1118 quod

1498 1119 1696 1156 habituum
1734 1119 2019 1168 operativorum
2057 1119 2169 1169 aliqui
2201 1128 2287 1157 sunt
2323 1130 2475 1170 semper
2506 1119 2555 1159 ad

1498 1173 1652 1219 malum,
1674 1171 1768 1209 sicut
1786 1172 1936 1208 habitus
1954 1171 2100 1218 vitiosi3
2131 1172 2246 1220 aliqui
2267 1182 2362 1210 vero
2383 1173 2552 1222 quando-

1499 1236 1572 1273 que
1601 1221 1648 1261 ad
1676 1225 1832 1272 bonum,
1864 1232 1901 1261 et
1927 1225 2159 1273 quandoque
2188 1225 2236 1262 ad
2265 1227 2430 1273 malum,
2459 1225 2555 1263 sicut

1499 1276 1626 1325 opinio
1654 1289 1695 1313 se
1718 1277 1834 1314 habet
1860 1277 1909 1314 ad
1928 1289 2064 1315 verum
2093 1285 2128 1314 et
2155 1273 2204 1314 ad
2232 1276 2367 1315 falsum
2382 1278 2418 1325 *ς
2438 1279 2556 1316 virtus

1499 1337 1626 1372 autem
1657 1337 1712 1366 est
1737 1329 1887 1366 habitus
1916 1341 2068 1378 semper
2086 1342 2126 1366 se
2153 1331 2298 1367 habens
2317 1332 2366 1368 ad
2395 1332 2553 1369 bonum.

1499 1382 1548 1417 Et
1575 1381 1673 1428 ideo,
1694 1389 1737 1418 ut
1755 1382 1987 1418 discernatur
2005 1382 2123 1419 virtus
2142 1383 2191 1419 ab
2210 1383 2268 1419 his
2286 1392 2386 1431 quae
2405 1394 2558 1433 semper

1499 1445 1539 1470 se
1566 1434 1708 1470 habent
1735 1434 1783 1471 ad
1811 1435 1968 1482 malurn,
1988 1434 2141 1482 dicitur,
2171 1445 2245 1483 qua
2273 1441 2370 1472 recte
2398 1434 2555 1473 vivitur.-

1498 1493 1540 1522 ut
1559 1493 1686 1522 autern
1708 1486 1938 1523 discernatur
1957 1487 2004 1524 ab
2024 1486 2082 1524 his
2102 1499 2198 1536 quae
2217 1500 2258 1524 se
2277 1489 2419 1525 habent
2437 1501 2557 1537 quan-

1499 1537 1627 1586 doque
1646 1538 1696 1575 ad
1725 1539 1883 1586 bonum,
1904 1536 2136 1587 quandoque
2155 1538 2205 1576 ad
2231 1541 2388 1588 malum,
2409 1541 2554 1588 dicitur,

1499 1601 1574 1638 qua
1602 1590 1725 1627 nullus
1751 1591 1851 1627 male
1879 1591 2002 1628 utitur.

1555 1643 1681 1680 Causa
1709 1650 1836 1679 autem
1857 1643 2026 1680 efficiens
2052 1643 2199 1680 virtutis
2226 1644 2384 1691 infusae,
2406 1646 2453 1682 de
2481 1658 2557 1693 qua

1500 1695 1670 1733 definitio
1700 1695 1828 1743 datur,
1857 1697 1963 1732 Deus
1991 1703 2058 1732 est.
2088 1697 2247 1744 Propter
2274 1697 2378 1744 quod
2407 1697 2555 1744 dicitur,

1500 1759 1614 1797 quam
1639 1749 1743 1784 Deus
1775 1748 1812 1785 in
1841 1749 1947 1785 nobis
1982 1749 2061 1785 sine
2093 1749 2198 1785 nobis
2230 1755 2417 1797 operatur.
2447 1750 2557 1796 Quae

1500 1800 1656 1848 quidem
1679 1800 1861 1849 particula
1888 1801 1919 1838 si
1937 1801 2138 1847 auferatur,
2160 1801 2347 1849 reliquum
2371 1802 2557 1839 definitio-

1499 1853 1557 1890 nis
1578 1853 1645 1890 erit
1664 1865 1869 1890 commune
1890 1853 2069 1890 omnibus
2088 1853 2299 1901 virtutibus,
2317 1862 2352 1891 et
2370 1855 2557 1903 acquisitis

1501 1913 1536 1943 et
1560 1905 1703 1943 infusis.

1552 1960 1612 1995 An
1633 1970 1770 1995 PRIMUM
1789 1969 1886 1995 ERGO
1906 1970 2089 1995 mcENDuM
2109 1959 2214 2006 quod
2233 1959 2272 1996 id
2301 1959 2405 2008 quod
2432 1960 2555 2008 primo

1503 2011 1601 2048 cadit
1632 2011 1670 2047 in
1697 2010 1902 2055 intellectu,
1933 2018 1987 2048 est
2016 2023 2103 2048 ens:
2132 2011 2235 2048 unde
2262 2012 2464 2060 unicuique
2493 2025 2558 2061 ap-

1499 2064 1689 2112 prehenso
1709 2076 1731 2099 a
1750 2063 1861 2100 nobis
1885 2063 2121 2101 attribuimus
2141 2064 2246 2112 quod
2270 2063 2315 2100 sit
2335 2077 2418 2110 ens;
2440 2072 2475 2101 et
2488 2077 2558 2113 per

1502 2128 1739 2165 consequens
1777 2116 1880 2165 quod
1916 2115 1961 2153 sit
1994 2129 2116 2152 unum
2155 2124 2190 2153 et
2226 2117 2429 2164 bonum*,
2459 2130 2557 2165 quae

1502 2176 1774 2206 convertuntur
1802 2181 1890 2205 cum
1920 2176 2016 2205 ente.
2046 2169 2156 2206 Unde
2186 2169 2344 2206 dicimus
2372 2170 2477 2217 quod
2502 2182 2558 2206 es-

1501 2221 1619 2258 sentia
1643 2229 1698 2258 est
1717 2233 1784 2258 ens
1813 2229 1848 2258 et
1870 2233 1948 2258 una
1972 2228 2008 2258 et
2026 2221 2144 2266 bona;
2175 2228 2210 2257 et
2237 2222 2342 2269 quod
2361 2222 2484 2259 unitas
2505 2229 2559 2259 est

1503 2286 1569 2310 ens
1594 2282 1630 2310 et
1656 2285 1732 2310 una
1757 2281 1793 2310 et
1815 2274 1937 2318 bona;
1964 2281 2000 2310 et
2019 2273 2185 2310 similiter
2205 2274 2251 2310 de
2272 2274 2449 2311 bonitate.
2466 2275 2571 2317 Non,

1503 2333 1631 2363 autem
1658 2326 1733 2362 hoc
1765 2327 1879 2362 habet
1911 2326 2039 2362 locum
2078 2326 2117 2362 in
2153 2326 2377 2374 specialibus
2405 2327 2557 2374 formis,

1501 2379 1596 2415 sicut
1621 2386 1678 2415 est·
1694 2378 1831 2416 albedo
1853 2386 1888 2414 et
1907 2378 2064 2415 sanitas:
2093 2391 2172 2415 non
2197 2379 2300 2415 enim
2320 2391 2435 2415 omne
2456 2380 2558 2428 quod

1501 2431 1840 2480 apprehendimus,
1871 2431 1940 2467 sub
1979 2431 2122 2467 ratione
2151 2431 2225 2467 albi
2254 2439 2290 2467 et
2317 2431 2396 2468 sani
2424 2444 2558 2480 appre-

1498 2484 1714 2521 hendimus.
1726 2502 1749 2511 -—
1767 2483 1844 2521 Sed
1857 2490 1987 2520 tamen
2002 2483 2318 2520 considerandum
2334 2484 2450 2533 quod,
2466 2485 2560 2521 sicut

1500 2534 1708 2573 accidentia
1735 2543 1771 2572 et
1798 2536 1943 2572 formae
1971 2548 2049 2572 non
2068 2535 2559 2574 *subsistentes-dicuntur

1500 2588 1611 2635 entia,
1641 2601 1719 2625 non
1747 2588 1836 2636 quia
1867 2588 1949 2636 ipsa
1976 2588 2142 2624 habeant
2169 2600 2262 2635 esse,
2293 2589 2360 2626 sed
2388 2589 2476 2637 quia
2505 2589 2557 2626 eis

1499 2640 1641 2688 aliquid
1671 2648 1726 2677 est
1744 2640 1781 2686 *;
1810 2640 1860 2677 ita
1888 2640 2002 2676 etiam
2039 2640 2214 2677 dicuntur
2242 2641 2343 2677 bona
2370 2642 2432 2678 vel
2460 2654 2555 2689 una,

1499 2706 1578 2730 non
1605 2693 1762 2742 quidem
1791 2693 1917 2740 aliqua
1945 2693 2017 2729 alia
2045 2693 2211 2730 bonitate
2230 2694 2292 2730 vel
2315 2694 2468 2741 unitate,
2490 2695 2556 2732 sed

1499 2746 1588 2795 quia
1608 2745 1660 2782 eis
1681 2753 1736 2782 est
1755 2745 1894 2794 aliquid
1914 2746 2059 2782 bonum
2079 2746 2141 2782 vel
2161 2758 2290 2782 unum.
2313 2745 2375 2783 Sic
2392 2746 2502 2794 igitur
2522 2755 2557 2783 et

1498 2798 1617 2836 virtus
1637 2798 1771 2835 dicitur
1790 2798 1903 2844 bona,
1929 2797 2017 2846 quia
2038 2810 2082 2834 ea
2095 2796 2109 2819 δ
2129 2798 2268 2846 aliquid
2289 2806 2343 2835 est
2362 2799 2507 2836 bonum
2523 2799 2554 2836 ²¹⁸.
2584 2832 2594 2843 ,

1534 2853 1610 2888 ιΑι)
1630 2862 1819 2888 SECUNDUM
1838 2862 2021 2887 mOENDUM
2049 2851 2152 2899 quod
2182 2851 2327 2887 bonum
2357 2852 2461 2899 quod
2488 2864 2557 2900 po-
2585 2863 2625 2878 ¹¹¹
2654 2837 2666 2852 ²

1499 2904 1598 2941 nitur
1625 2904 1663 2940 in
1692 2903 1912 2940 definitione
1931 2903 2089 2950 virtutis,
2110 2915 2187 2939 non
2209 2910 2263 2940 est
2282 2904 2427 2940 bonum
2453 2916 2556 2940 com-

1498 2968 1630 3004 mune,
1661 2955 1765 3004 quod
1786 2955 2015 2992 convertitur
2043 2968 2130 2992 cum
2151 2963 2247 3003 ente,
2278 2963 2314 2992 et
2342 2964 2398 2993 est
2415 2957 2452 2993 in
2471 2958 2556 3005 plus

1497 3021 1613 3057 quarn
1628 3008 1802 3057 qualitas:
1824 3009 1890 3045 sed
1906 3016 1961 3044 est
1976 3009 2120 3058 bonum
2137 3008 2289 3045 rationis
2299 3008 2329 3055 ²¹³,
2346 3010 2556 3046 secundum
2583 3021 2594 3031 ⁸

1497 3061 1602 3110 quod
1630 3060 1836 3108 Dionysius
1866 3060 1963 3108 dicit,
1987 3060 2026 3097 in
2045 3073 2089 3098 -1v
2113 3073 2194 3109 cap.
2215 3061 2261 3098 de
2278 3062 2365 3098 Div.
2386 3062 2503 3099 Nom.
2524 3062 2554 3109 ²¹²,

1497 3113 1603 3162 quod
1623 3114 1761 3150 bonum
1785 3113 1936 3150 animae
1958 3119 2011 3150 est
2031 3114 2234 3150 secundum
2259 3115 2441 3151 rationem
2467 3127 2554 3151 esse.

1551 3168 1610 3202 AD
1637 3177 1796 3202 TERTmM
1824 3177 2006 3202 DICENDUM
2035 3166 2140 3215 quod
2170 3167 2289 3203 virtus
2326 3179 2404 3203 non
2431 3175 2557 3215 potest

1499 3231 1580 3255 esse
1608 3218 1647 3255 in
1674 3218 1877 3255 irrationali
1903 3225 2010 3267 parte
2038 3218 2201 3266 animae,
2230 3219 2301 3256 nisi
2329 3219 2555 3267 inquantum

1498 3271 1695 3320 participat
1726 3270 1933 3318 rationem,
1970 3278 2011 3307 ut
2043 3271 2177 3308 dicitur
2212 3272 2250 3308 in
2279 3273 2293 3308 Ι
2321 3273 2440 3309 Ethic.
2460 3272 2480 3294 '¹‘
2508 3273 2557 3309 Et
2584 3273 2635 3295 “³³

2583 3305 2619 3321 20.
2631 3311 2640 3315 -

1498 3324 1585 3360 ideo
1605 3323 1710 3370 ratio,
1726 3323 1807 3360 sive
1826 3335 1947 3371 mens,
1964 3331 2020 3361 est
2037 3324 2232 3373 proprium
2253 3324 2462 3362 subiectum
2482 3325 2556 3362 vir-
2584 3332 2622 3347 ¹¹·

1498 3376 1584 3413 tutis
1612 3377 1815 3413 humanae.

439 3491 466 3526 α)
487 3492 600 3517 bonitas.
618 3505 635 3510 -
654 3492 749 3516 bonum
770 3491 820 3516 EF.

439 3526 464 3561 β)
480 3527 668 3559 propinquum.
682 3541 701 3545 -
720 3527 826 3551 virtutis
846 3527 941 3551 addunt
961 3527 1011 3551 EF.

528 3582 637 3606 Summa
657 3580 757 3605 Timor.
776 3580 807 3605 D.
820 3579 934 3604 'summm
954 3579 986 3604 T.
1006 3580 1044 3604 111.

1549 3490 1576 3523 γ)
1597 3498 1656 3515 ηοη.
1675 3504 1692 3509 -
1712 3491 1772 3515 Om.
1793 3491 1894 3515 codices
1913 3496 1938 3515 et
1956 3497 1981 3514 a.

1549 3525 1574 3559 ὂ)
1595 3532 1634 3550 ea.
1653 3539 1671 3544 —
1689 3529 1730 3550 est
1749 3525 1778 3550 id
1796 3533 1846 3557 quo
1866 3526 1894 3555 E,
1914 3532 1968 3550 om.
1988 3525 2016 3549 F.

2380 3577 2412 3608 45

2582 1081 2591 1090 '
2606 1080 2634 1102 D.
2649 1081 2700 1108 620,
2715 1081 2761 1109 853.

2582 1290 2593 1301 ⁸
2607 1290 2635 1311 D.
2651 1290 2702 1317 ⁶92.

2586 2129 2594 2138 ¹
2609 2127 2638 2150 D.
2653 2128 2688 2155 62,
2703 2128 2754 2154 284.

2637 3280 2661 3302 p.
2671 3280 2718 3300 xur,

2651 3300 2675 3322 s.
2681 3280 2793 3322 Th.¹²1'e¹⁹1
