2846 4146
127 752 139 763 ¹⁵
147 752 194 780 Qu.
201 757 258 778 mx,
266 755 309 773 art.
318 756 338 773 2.

129 1115 140 1125 ⁶
153 1114 179 1136 In
193 1120 254 1143 resp.
265 1114 294 1136 ad
308 1121 329 1136 2.

126 1834 258 1883 im
245 1833 339 1856 ·ffi·

129 2253 139 2264 ‘
153 2251 226 2275 Ver&
235 2258 265 2280 η,
280 2253 311 2274 ι8.

127 2404 139 2416 ⁸
152 2403 220 2427 Vere.
234 2410 268 2426 ιο.

1022 246 1285 292 QUAESTIO
1314 246 1470 291 LXVII,
1499 245 1792 281 ARTICULUS
1823 245 1858 281 V

422 324 464 359 ln
497 321 683 359 damnatis
717 329 844 358 autem
877 323 994 370 magis
1026 331 1150 372 potest
1186 336 1268 360 esse
1302 324 1414 360 timor

363 387 526 424 poenae,
553 386 669 422 quam
688 373 727 410 in
746 375 864 411 beatis
884 387 969 423 spes
993 376 1144 423 gloriae.
1170 376 1269 422 Quia
1289 376 1327 413 in
1351 377 1414 413 da-

365 427 502 464 mnatis
522 427 590 463 erit
608 426 797 463 successio
816 438 1039 475 poenarum,
1062 429 1164 464 etsie
1178 436 1346 465 remanet
1364 428 1415 464 ibi

365 480 460 517 ratio
479 479 603 525 futuri,
625 479 727 527 quod
749 486 804 515 est
823 480 1013 517 obiectum
1033 481 1177 517 timoris
1197 479 1226 517 δι
1251 482 1318 517 sed
1338 482 1415 528 glo—

365 532 420 569 ria
448 538 664 568 sanctorum
690 538 745 567 est
773 532 916 580 absque
936 533 1185 579 successione,
1206 534 1415 570 secundum

365 583 558 632 quandam
586 583 811 620 aeternitatis
830 585 1166 633 participationem,
1187 586 1225 622 in
1244 597 1320 633 qua
1338 597 1416 622 non

366 644 422 673 est
449 635 692 687 praeteritum
721 643 757 672 et
783 637 962 683 futurum,
991 638 1059 674 sed
1082 639 1205 674 solum
1225 650 1415 686 praesens.

365 709 390 717 -
410 690 459 725 Et
485 695 612 725 tamen
646 700 717 724 nec
749 689 862 726 etiarn
891 689 929 725 in
958 689 1144 726 damnatis
1177 698 1233 726 est
1265 690 1417 738 proprie

365 740 490 778 timor.
512 741 614 777 Nam
643 740 738 777 sicut
765 753 879 789 supra
896 741 916 763 '¹‘
935 742 1076 779 dictum
1097 750 1163 788 est,
1191 742 1304 779 timor
1322 755 1417 779 nun—

366 805 482 841 quam
503 800 558 829 est
577 792 655 829 sine
676 793 800 841 aliqua
819 806 886 842 spe
914 795 1122 831 evasionis:
1143 806 1239 842 quae
1259 794 1416 831 omnino

365 845 404 882 in
434 845 620 882 damnatis
640 857 718 882 non
747 846 825 882 erit.
846 846 957 883 Unde
977 859 1047 883 nec
1066 847 1195 891 timor;
1225 847 1294 883 nisi
1315 859 1419 883 eom-

366 897 531 934 munitet
553 898 760 944 loquendo,
780 898 991 935 secundum
1010 899 1114 946 quod
1141 898 1331 947 quaelibet
1359 911 1419 935 ex-

365 949 527 998 pectatio
556 950 644 986 mali
674 950 785 986 futuri
815 950 947 987 dicitur
974 950 1098 987 timor.

419 1004 477 1038 AD
493 1013 651 1039 TERTmM
671 1015 853 1040 DICENDUM
870 1003 972 1051 quod
997 1011 1180 1051 quantum
1193 1003 1248 1044 *ad
1263 1003 1419 1050 gloriam

367 1054 527 1100 animae,
549 1067 626 1091 non
654 1062 778 1103 potest
802 1068 883 1091 esse
903 1055 943 1092 in
962 1056 1080 1092 beatis
1099 1055 1339 1101 desiderium,
1364 1067 1420 1091 se-

368 1107 536 1144 cundum
553 1107 655 1155 quod
672 1107 820 1155 respicit
834 1108 1012 1154 futurum,
1030 1108 1173 1144 ratione
1189 1107 1295 1144 iam*
1310 1107 1418 1144 dicta.

366 1159 511 1196 Dicitur
538 1167 666 1196 autem
692 1161 743 1196 ibi
768 1172 849 1196 esse
875 1160 1013 1196 esuries
1039 1168 1074 1196 et
1093 1159 1179 1205 sitis,
1200 1172 1268 1208 per
1297 1172 1420 1197 remo-

2440 245 2515 290 443

1469 323 1612 360 tionem
1640 322 1790 360 fastidii:
1821 330 1856 358 et
1876 322 2009 359 eadem
2035 323 2176 359 ratione
2202 322 2334 359 dicitur
2354 335 2436 358 esse
2457 322 2519 359 de-

1470 375 1650 413 siderium
1683 375 1721 412 in
1754 375 1905 421 angelis.
1934 396 1957 401 -
1991 376 2181 422 Respectu
2217 382 2343 411 autem
2381 375 2518 421 gloriae

1471 428 1651 476 corporis,
1680 427 1718 464 in
1746 427 1944 463 animabus
1972 434 2187 463 sanctorum
2215 434 2338 474 potest
2365 427 2519 474 quidem

1471 493 1552 517 esse
1573 479 1813 524 desiderium,
1834 491 1912 515 non
1930 486 2058 515 tamen
2077 491 2173 526 speS,
2194 479 2344 527 proprie
2364 480 2520 527 loquen-

1471 533 1539 570 do:
1569 544 1692 580 neque
1721 532 1931 568 secundum
1957 532 2059 579 quod
2089 543 2174 578 spes
2198 538 2253 567 est
2271 531 2388 567 virtus
2415 532 2520 567 theo-

1472 585 1611 632 logica,
1642 584 1694 620 sic
1727 584 1827 620 enirn
1859 583 1939 620 eius
1971 583 2163 619 obiectum
2198 590 2252 619 est
2284 584 2408 630 Deus,
2443 596 2521 620 non

1472 645 1599 674 autem
1619 636 1771 684 aliquod
1791 638 1936 673 bonum
1961 643 2146 680 creatum3
2166 647 2290 682 neque
2311 636 2518 672 secundum

1473 689 1576 737 quod
1605 689 1856 725 communiter
1884 688 2053 724 sumitur.
2083 688 2184 734 Quia
2217 687 2408 724 obiectum
2442 688 2521 735 spei

1473 749 1528 778 est
1551 741 1725 787 arduum,
1744 748 1786 777 ut
1805 753 1919 788 supra
1936 740 1956 762 ’¹‘
1975 741 2115 777 dictum
2137 747 2205 776 est:
2231 740 2375 776 bonum
2395 747 2521 776 autem
2548 748 2557 756 ·
2599 753 2613 768 u
2636 753 2666 768 ¹¹-
2688 752 2701 767 a

1474 793 1579 830 cuius
1613 793 1688 830 iarn
1721 793 1975 830 inevitabilem
2014 805 2167 829 causam
2204 793 2406 838 habemus,
2445 804 2523 829 non

1474 853 1716 893 comparatur
1747 846 1795 882 ad
1823 857 1893 881 nos
1920 845 1959 881 in
1986 845 2131 881 ratione
2159 844 2277 881 ardui.
2307 844 2417 881 Unde
2445 857 2523 881 non

1473 898 1623 946 proprie
1651 897 1783 934 dicitur
1811 897 1943 945 aliquis
1972 897 2035 946 qui
2062 898 2176 934 habet
2203 904 2410 944 argentum,
2441 909 2524 945 spe-

1474 963 1556 987 rare
1585 962 1624 986 se
1656 950 1871 986 habiturum
1901 950 2040 997 aliquid
2067 950 2172 998 quod
2200 949 2323 986 statim
2352 949 2390 985 in
2418 957 2524 997 pote-

1474 1009 1567 1038 state
1587 1002 1667 1038 eius
1688 1009 1742 1038 est
1761 1010 1801 1038 ut
1821 1010 1932 1038 emat.
1962 1003 2010 1038 Et
2039 1002 2204 1038 similiter
2232 1002 2280 1038 illi
2301 1001 2364 1049 qui
2384 1002 2525 1038 habent

1474 1055 1632 1102 gloriam
1664 1055 1835 1100 animae,
1868 1067 1947 1091 non
1983 1055 2134 1102 proprie
2167 1055 2341 1091 dicuntur
2373 1067 2523 1102 sperare

1474 1107 1630 1155 gloriam
1660 1107 1845 1155 corporis3
1876 1107 1942 1143 sed
1971 1108 2093 1143 solum
2123 1107 2347 1144 desiderare.

391 1289 393 1291 ,
414 1262 443 1295 ὅ)
461 1263 572 1289 timoris.
586 1277 604 1282 —-
621 1263 678 1294 spei
695 1267 721 1288 et
739 1263 842 1288 timoris
861 1263 895 1293 K,
914 1264 971 1295 spei·
988 1264 1063 1288 ceteri
1083 1269 1108 1288 et
1125 1272 1152 1289 a.

1319 1324 1430 1331 We

983 1436 985 1439 Α
1145 1380 1460 1422 ARTICULUS
1490 1380 1743 1431 QUINTUS

833 1461 989 1502 UTRUM
1011 1462 1188 1499 ALIQUID
1211 1462 1324 1492 FIDEI
1347 1462 1430 1493 VEL
1454 1462 1542 1493 SPEI
1566 1462 1803 1493 REMANEAT
1827 1463 1869 1492 IN
1893 1462 2054 1493 GLORIA

1134 1531 1165 1555 111
1185 1531 1267 1560 Sent„
1287 1531 1346 1556 dist.
1363 1539 1429 1562 xxxx,
1447 1539 1492 1563 qu.
1510 1538 1537 1560 n,
1557 1536 1602 1556 art.
1621 1539 1639 1561 r,
1657 1533 1703 1563 qu*
1725 1531 1749 1556 3.

381 1688 477 1760 “J'‘J(
466 1732 501 1757 r
502 1672 743 1753 NiRemoto
765 1714 866 1751 enim
896 1720 981 1751 eo²
1001 1714 1105 1764 quod
1132 1722 1189 1752 est
1210 1714 1420 1764 proprium,

388 1763 395 1769 ”
420 1761 517 1803 ι”ῡ-’ώ
533 1760 565 1801 N,
577 1763 748 1804 remanet
765 1767 804 1803 id
819 1768 924 1816 quod
945 1775 999 1804 est
1015 1768 1238 1804 commune:
1259 1767 1354 1804 sicut
1369 1767 1423 1805 di-

367 1819 462 1859 eitur
487 1818 526 1856 in
545 1819 641 1856 libro
663 1820 710 1856 de
732 1820 902 1857 Causis*
923 1821 1040 1869 quod,
1064 1826 1207 1858 remoto
1235 1821 1422 1866 rationali,

366 1877 536 1909 nemanet
551 1872 703 1915 vivum,·
721 1877 757 1908 et
774 1879 915 1909 remoto
933 1873 1031 1919 vivo,
1057 1879 1226 1910 remanet
1248 1885 1324 1910 ens.
1346 1873 1422 1910 Sed

366 1924 406 1962 in
435 1923 513 1961 fide
550 1932 606 1961 est
637 1925 777 1974 aliquid
809 1925 914 1975 quod
946 1926 1060 1962 habet
1095 1937 1300 1962 commune
1335 1938 1421 1962 curn

366 1976 608 2023 beatitudine,
639 1977 777 2028 scilicet
804 1978 886 2026 ipsa
913 1977 1096 2026 cognitio:
1127 1978 1268 2028 aliquid
1295 1986 1422 2015 autem

366 2029 473 2077 quod
493 2037 548 2066 est
566 2028 859 2079 sibi-proprium,
874 2031 1015 2078 scilicet
1033 2031 1222 2079 aenigma;
1248 2039 1302 2068 est
1322 2032 1423 2068 enim

366 2083 464 2120 fides
479 2083 641 2130 cognitio
656 2083 916 2131 aenigmatica.
932 2084 1046 2131 Ergo,
1065 2091 1214 2121 remoto
1232 2084 1424 2131 aenigma-

366 2142 404 2172 te
429 2135 533 2182 fidei,
562 2136 688 2172 adhuc
715 2144 892 2173 remanetv
911 2136 992 2187 ipsa
1021 2137 1182 2184 cogniti-0
1210 2137 1311 2173 fidei.

422 2189 704 2235 2.2PRAETEREA,
734 2189 831 2225 fides
859 2196 916 2225 est
935 2189 1131 2239 quoddam
1160 2189 1349 2238 spirituale
1369 2190 1422 2225 lu-

367 2250 457 2277 men
480 2240 640 2287 animae‚
654 2240 871 2287 secundum
891 2241 980 2278 illud
994 2242 1128 2290 Ephesi.
1146 2253 1156 2278 1
1175 2242 1212 2278 *τ
1228 2242 1423 2278 Illumina-

367 2296 422 2330 tos
440 2293 567 2337 oculos
585 2293 707 2344 cardis
724 2293 840 2332 vestri
855 2293 893 2331 in
908 2294 1139 2344 agnitionem
1150 2294 1250 2338 Dei,·.
1263 2295 1329 2332 sed
1349 2295 1423 2331 hoc

366 2346 503 2387 lumen
525 2345 870 2394 estvimperfectum
891 2355 1071 2395 ¹respectu
1090 2347 1242 2386 luminis
1269 2347 1423 2394 gloriae,

367 2397 414 2434 de
435 2404 516 2446 ,quo
545 2398 748 2435 diciturffinf
763 2400 924 2435 Psalmo
943 2404 1039 2436 xxxv
1057 2398 1096 2435 *ε
1125 2400 1172 2436 In
1193 2399 1332 2435 lumine
1360 2405 1424 2435 tuo

365 2450 572 2487 videbimus
598 2451 736 2488 lumen.
757 2453 907 2488 Lumen
931 2459 1059 2488 autem
1083 2452 1346 2501 imperfectum
1367 2463 1423 2488 re-

367 2510 507 2551 manet,
528 2503 818 2563 superveniente
842 2504 986 2540 lumine
1005 2505 1193 2552 perfecto:
1223 2516 1300 2540 non
1322 2505 1423 2541 enim

368 2532 527 2601 candela
554 2555 789 2607 extinguitur,
815 2557 977 2600 claritate
1007 2556 1095 2593 solis
1121 2557 1422 2604 superveniente.

367 2608 469 2658 Ergo
489 2597 648 2650 videtur
684 2610 789 2656 quod
826 2609 951 2657 ipsum
978 2609 1110 2648 lumen
1146 2609 1236 2646 fidei
1272 2616 1425 2646 maneat

369 2668 456 2697 cum
476 2661 626 2697 lumine
655 2661 813 2708 gloriae.

425 2714 458 2750 3.
479 2713 720 2760 Palmum,
750 2712 956 2749 substantia
990 2713 1140 2749 habitus
1173 2724 1251 2754 non
1285 2714 1425 2750 tollitur

367 2776 437 2814 per
463 2766 538 2803 hoc
565 2765 669 2815 quod
702 2765 932 2802 subtrahitur
963 2765 1141 2802 materia:
1169 2773 1294 2815 potest
1322 2766 1423 2803 enirn

367 2819 487 2855 homo
500 2818 686 2855 ‘habitum
704 2818 931 2855 liberalitatis
958 2818 1130 2866 retinere,
1152 2819 1265 2855 etiam
1285 2819 1424 2856 amissa

368 2870 547 2919 pecunia;
568 2870 636 2907 sed
656 2878 782 2907 actum
802 2870 943 2907 habere
967 2882 1046 2908 non
1060 2878 1196 2918 potest.
1219 2871 1424 2909 Obiectum

369 2929 498 2959 autem
515 2923 607 2960 fidei
627 2930 682 2959 est
698 2922 838 2960 veritas
860 2923 985 2971 prima
1004 2935 1082 2959 non
1104 2923 1199 2960 visa.
1220 2924 1334 2971 Ergo,
1351 2924 1426 2960 hoc

370 2982 518 3012 remoto
547 2988 615 3024 per
643 2976 717 3012 hoc
745 2974 759 3004 β
788 2975 892 3023 quod
929 2975 1078 3012 videtur
1108 2975 1247 3012 veritas
1281 2976 1423 3024 prima,

342 3026 345 3029 ’
371 3028 495 3065 adhuc
523 3035 647 3076 potest
675 3038 872 3064 remanere
901 3027 980 3076 ipse
1008 3027 1157 3064 habitus
1185 3028 1286 3065 fidei.

425 3081 499 3118 SED
528 3092 673 3118 CONTRA
691 3092 757 3117 EST
776 3080 882 3128 quod
900 3080 997 3117 fides
1018 3087 1073 3116 est
1092 3080 1246 3129 quidam
1274 3079 1424 3117 habitus

371 3127 545 3181 simplex.
571 3133 740 3182 Simplex
773 3140 901 3170 autem
930 3133 992 3169 vel
1021 3140 1143 3170 totum
1175 3133 1334 3179 tollitur,
1363 3134 1425 3170 vel

370 3193 492 3222 totum
517 3193 656 3222 manet.
679 3186 779 3222 Cum
808 3185 918 3232 igitur
936 3185 1031 3222 fides
1060 3198 1139 3223 non
1157 3185 1318 3222 totaliter
1344 3197 1425 3222 ma-

371 3245 469 3284 neat,
486 3238 553 3274 sed
573 3246 789 3284 evacuetur,
805 3245 846 3274 ut
866 3238 1007 3275 dictum
1022 3245 1078 3274 est
1091 3238 1131 3284 *;
1152 3238 1303 3275 videtur
1321 3239 1425 3286 quod

369 3291 533 3327 totaliter
558 3291 719 3328 tollatur.

424 3344 648 3380 Responmzo
686 3355 870 3381 DICENDUM
911 3342 1015 3392 quod
1058 3342 1213 3391 quidam
1255 3341 1425 3380 dixerunt

371 3396 475 3444 quod
504 3408 590 3444 spes
622 3396 785 3434 totaliter
812 3395 967 3433 tollitur:
997 3395 1094 3432 fides
1126 3402 1254 3432 autem
1288 3395 1423 3443 partim

1474 1609 1624 1654 tollitur,
1652 1609 1791 1645 scilicet
1819 1617 2003 1656 quantum
2032 1611 2080 1647 ad
2114 1611 2305 1657 aenigma,
2331 1619 2367 1647 et
2393 1613 2529 1659 partim

1476 1668 1615 1708 manet,
1637 1661 1777 1698 scilicet
1795 1669 1979 1710 quantum
2009 1663 2058 1698 ad
2077 1663 2324 1699 substantiam
2349 1665 2529 1711 cognitio-

1475 1713 1544 1751 nis.
1567 1714 1684 1760 Quod
1708 1714 1863 1764 quidem
1884 1714 1914 1750 si
1941 1714 1994 1750 sic
2013 1714 2236 1762 intelligatur
2255 1716 2359 1763 quod
2378 1725 2531 1754 maneat

1476 1778 1553 1803 non
1583 1766 1684 1803 idern
1715 1779 1892 1813 numer0,
1921 1768 1987 1804 sed
2016 1767 2118 1803 idem
2147 1780 2302 1815 genere,
2332 1769 2529 1805 verissime

1477 1819 1618 1855 dictum
1647 1827 1718 1856 est:
1747 1820 1844 1856 fides
1866 1820 1967 1856 enim
1997 1832 2084 1856 curn
2104 1820 2249 1857 visione
2278 1821 2419 1868 patriae
2440 1834 2529 1858 con-

1477 1872 1580 1909 venit
1606 1872 1644 1908 in
1673 1884 1823 1919 genere,
1854 1873 1959 1920 quod
1987 1880 2043 1908 est
2071 1873 2246 1920 cognitio.
2277 1874 2372 1921 Spes
2401 1882 2528 1911 autem

1476 1937 1553 1961 non
1585 1925 1763 1961 convenit
1792 1937 1879 1961 cum
1915 1925 2144 1962 beatitudine
2173 1925 2210 1962 in
2238 1938 2395 1973 genere:
2425 1939 2530 1963 com-

1475 1984 1628 2026 paratur
1656 1977 1756 2013 enim
1777 1989 1863 2025 spes
1892 1979 1940 2014 ad
1965 1977 2204 2014 beatitudinis
2233 1978 2462 2026 fruitionem,
2484 1980 2529 2016 si-

1476 2037 1539 2066 cut
1566 2037 1693 2066 motus
1722 2030 1770 2066 ad
1798 2030 1964 2077 quietem
1993 2030 2032 2066 in
2060 2031 2231 2067 termino.

1529 2082 1570 2119 Si
1598 2090 1726 2119 autem
1745 2082 1968 2130 intelligatur
1996 2083 2100 2131 quod
2126 2083 2261 2119 eadem
2287 2095 2447 2133 numero
2468 2096 2530 2120 co-

1476 2135 1592 2182 gnitio
1621 2146 1719 2184 quae
1748 2143 1803 2171 est
1831 2136 1932 2181 fidei,
1957 2143 2109 2172 maneat
2135 2137 2174 2172 in
2205 2136 2343 2184 patria;
2374 2137 2448 2173 hoc
2477 2144 2531 2173 est

1477 2187 1634 2224 omnino
1663 2188 1895 2237 impossibile

1478 2240 1596 2276 rentia
1625 2239 1781 2277 alicuius
1801 2240 1950 2289 speciei,
1972 2248 2140 2277 remanet
2159 2241 2366 2278 substantia
2384 2242 2531 2289 generis

1478 2292 1614 2329 eadem
1643 2305 1826 2329 numero:
1856 2293 1962 2339 sicut,
1983 2294 2130 2330 remota
2159 2293 2368 2330 differentia
2397 2294 2532 2330 consti-

1478 2345 1597 2382 tutiva
1618 2345 1825 2392 albedinis,
1855 2357 1933 2382 non
1962 2354 2133 2382 remanet
2161 2346 2296 2382 eadem
2325 2347 2533 2383 substantia

1478 2398 1615 2433 coloris
1651 2409 1829 2444 numero,
1857 2405 1899 2434 ut
1935 2398 1988 2434 sic
2016 2397 2118 2434 idem
2156 2410 2317 2435 numero
2356 2399 2461 2435 color
2488 2399 2534 2436 sit

1478 2451 1710 2498 quandoque
1731 2450 1880 2497 albedo,
1897 2450 2127 2498 quandoque
2146 2463 2239 2487 vero
2254 2451 2423 2498 nigredo.
2441 2452 2532 2488 Non

1478 2502 1580 2538 enim
1600 2509 1842 2550 comparatur
1860 2515 1978 2549 genus
1998 2503 2046 2541 ad
2066 2503 2316 2539 differentiam
2341 2503 2434 2540 sicut
2451 2516 2532 2540 ma-

1477 2554 1569 2591 teria
1597 2555 1644 2591 ad
1673 2555 1850 2600 formam,
1869 2562 1911 2591 ut
1938 2559 2132 2592 remaneat
2151 2555 2358 2592 'substantia
2385 2556 2531 2603 generis

1479 2607 1615 2644 eadem
1635 2619 1808 2653 numero,
1831 2606 2041 2644 differentia
2059 2615 2227 2653 remota;
2249 2608 2343 2644 sicut
2361 2616 2532 2644 remanet

1479 2659 1614 2695 eadem
1631 2671 1790 2696 numero
1807 2659 2013 2696 substantia
2028 2660 2220 2706 materiae,
2233 2667 2379 2696 remota
2395 2661 2529 2698 forma.

1479 2712 1609 2748 Genus
1629 2712 1729 2748 enim
1750 2719 1786 2748 et
1804 2711 2014 2749 differentia
2033 2725 2110 2749 non
2130 2721 2215 2749 sunt
2229 2721 2354 2761 partes
2375 2713 2529 2762 speciei:

1479 2764 1644 2813 alioquin
1664 2776 1743 2800 non
1770 2764 2077 2812 praedicarentur
2102 2765 2148 2802 de
2177 2765 2313 2813 specie.
2337 2765 2413 2802 Sed
2439 2766 2533 2802 sicut

1479 2817 1624 2866 species
1661 2817 1845 2864 significat
1883 2824 2024 2864 totum,
2055 2817 2152 2855 idest
2193 2818 2449 2866 compositum
2488 2831 2532 2854 ex

1479 2870 1636 2906 materia
1657 2878 1693 2906 et
1720 2870 1843 2906 forma
1861 2869 1900 2906 in
1928 2871 2041 2906 rebus
2060 2870 2328 2917 materialibus,
2348 2870 2397 2906 ita
2426 2870 2528 2907 diffe-

1480 2922 1598 2958 rentia
1618 2922 1801 2970 significat
1819 2930 1954 2969 totum,
1975 2930 2012 2958 et
2030 2923 2197 2958 similiter
2216 2935 2354 2970 genus:
2384 2923 2451 2959 sed
2470 2935 2532 2970 ge—

1480 2987 1550 3011 nus
1571 2974 1790 3011 denominat
1808 2982 1929 3011 toturn
1951 2975 1998 3010 ab
2019 2987 2066 3010 eo
2091 2975 2195 3023 quod
2221 2983 2275 3011 est
2303 2975 2396 3011 sicut
2415 2983 2532 3012 mate-

1480 3027 1551 3072 ria;
1573 3027 1782 3063 differentia
1801 3038 1893 3064 vero
1915 3027 1961 3063 ab
1982 3039 2028 3063 eo
2049 3027 2152 3075 quod
2169 3034 2223 3064 est
2238 3027 2332 3064 sicut
2350 3028 2474 3064 forma
2487 3029 2530 3074 *3
2559 3045 2567 3053 ·

1479 3076 1743 3127 species'vero
1764 3080 1811 3115 ab
1840 3086 2012 3127 utroque.
2044 3079 2147 3116 Sicut
2170 3079 2208 3116 in
2231 3079 2388 3116 homine
2417 3080 2532 3117 sensi-

1479 3132 1554 3168 tiva
1573 3140 1706 3168 natura
1725 3131 1965 3168 materialiter
1983 3144 2022 3168 se
2042 3133 2158 3169 habet
2175 3132 2224 3169 ad
2242 3132 2530 3170 intellectivam:

1480 3184 1619 3220 animal
1646 3191 1774 3220 autem
1803 3184 1934 3220 dicitur
1961 3185 2066 3232 quod
2101 3185 2216 3221 habet
2244 3193 2417 3221 naturam
2447 3197 2529 3221 sen-

1480 3237 1645 3281 sitivam3
1666 3236 1847 3272 rationale
1867 3238 1971 3284 quod
1985 3237 2099 3273 habet
2113 3237 2394 3283 intellectivam3
2411 3238 2530 3274 homo

1479 3301 1572 3325 vero
1602 3289 1706 3338 quod
1734 3289 1847 3325 habet
1874 3297 2090 3337 utrumque.
2124 3290 2172 3326 Et
2200 3289 2252 3326 sic
2279 3290 2381 3326 idem
2410 3297 2531 3326 totum

1479 3341 1708 3389 significatur
1734 3353 1803 3389 per
1829 3342 1924 3378 haec
1953 3342 2020 3378 tria
2047 3347 2074 3388 Υ,
2100 3342 2166 3378 sed
2195 3354 2272 3378 non
2301 3343 2347 3378 ab
2378 3342 2528 3379 eodem.

1531 3394 1642 3431 Unde
1670 3401 1772 3441 patet
1799 3395 1915 3441 quod,
1937 3407 2024 3430 cum
2053 3394 2262 3431 differentia
2285 3407 2363 3431 non
2392 3394 2438 3431 sit
2460 3394 2530 3431 nisi

423 3501 451 3534 α)
469 3506 509 3526 ω.
522 3514 541 3520 -
559 3501 619 3526 Om.
638 3501 733 3526 PHKa.

423 3537 449 3572 β)
469 3538 524 3564 hoc.
536 3550 555 3555 —
573 3537 634 3561 Om.
654 3537 682 3562 P.

1529 3497 1555 3531 γ)
1576 3499 1639 3522 haec
1658 3498 1720 3522 tria.
1733 3512 1752 3517 —
1766 3498 1814 3523 hoc
1833 3498 1999 3531 ABEFGpH.
2019 3498 2082 3523 haec
2101 3499 2171 3530 LpD.

1923 2188 1953 2224 ³¹².
1983 2189 2075 2224 Non
2104 2188 2222 2235 enim,
2252 2196 2399 2225 remota
2427 2189 2531 2226 diffe-
2559 2203 2567 2212 ·

2606 2218 2611 2224 .
2626 2202 2680 2224 606.

2605 3059 2611 3064 .
2626 3049 2676 3071 507.
