2846 4146
121 843 131 851 ¹·
151 841 186 862 Cf.
208 846 247 868 qu.
266 846 330 868 μιν,

121 867 209 889 lun-od.

122 1613 129 1620 ·
144 1610 210 1632 Vers.
225 1616 261 1638 3⁰-

120 1664 129 1673 ·
144 1662 200 1710 Cap.
211 1668 260 1688 vm,
275 1668 298 1683 n.
309 1668 330 1689 7.

120 1700 131 1705 -
141 1689 165 1711 S.
194 1689 217 1711 h.
227 1689 279 1710 lect.
288 1695 329 1710 xu.

215 1875 230 1891 α

118 1981 126 1988 ’
155 1979 212 2005 Cap.
232 1984 325 2004 xxxvu,

117 2006 147 2026 a).
162 2010 228 2031 xvrn,
244 2005 267 2025 in
281 2008 326 2026 vet.

118 2037 198 2053 xxviu.

215 2058 229 2091 β

116 2248 125 2255 ”
144 2246 175 2268 Ca
194 2262 200 2268 .
214 2252 237 2274 x,
251 2252 275 2267 n.
287 2252 302 2268 1.
314 2257 325 2263 -

116 2272 140 2295 S.
152 2253 196 2294 Tii.
211 2273 263 2295 lect.
278 2279 326 2295 xix.

116 2514 125 2521 “
139 2510 206 2542 Vers.
220 2516 248 2537 ¹5-

1036 231 1300 279 QUAESTIO
1331 231 1480 275 LXVII,
1510 229 1804 266 ART1CULUS
1835 229 1848 265 I

770 445 1179 524 QUAESTIO
1218 442 2114 500 SEXAGESIMASEPTIMA

639 576 726 615 DE
765 572 1168 615 DURATIONE
1208 570 1563 610 VIRTUTUM
1606 569 1773 610 POST
1817 570 1998 610 HANC
2038 571 2249 612 VITAM

1196 686 1230 711 IN
1259 686 1324 710 SEX
1351 685 1552 710 ARTICULOS
1579 685 1695 710 DlVlSA

443 796 550 822 ElNDE
578 782 893 820 considerandum
919 789 974 817 est
1002 780 1048 817 de
1079 779 1274 816 duratione
1302 778 1416 815 virtu-

362 796 523 877 Dtum
550 844 636 885 post
663 836 761 872 hanc
786 834 905 871 vitam
925 834 955 870 ²¹⁶.

360 892 408 928 Et
437 891 534 927 circa
561 890 636 926 hoc
663 894 894 936 quaeruntur
923 898 998 923 sex.

412 943 559 980 Primo:
588 949 715 978 utrum
744 939 900 976 virtutes
933 939 1096 975 morales
1123 945 1302 974 maneant
1329 944 1415 985 post

464 996 562 1032 hanc
588 994 717 1030 vitam.

1523 778 1724 815 Secundo:
1752 786 1880 815 utrum
1908 779 2065 816 virtutes
2093 779 2370 823 intellectuales.

1523 831 1675 868 Tertio:
1705 839 1832 868 utrum
1861 832 1969 869 fides.

1523 885 1689 930 Quarto:
1718 892 1846 921 utrum
1876 892 2070 921 remaneat
2097 897 2195 933 spes.

1523 937 1688 983 Quinto:
1717 945 1844 974 utrum
1866 937 2004 986 aliquid
2023 938 2113 974 fidei
2136 946 2300 986 maneat,
2320 940 2382 976 vel
2401 940 2493 988 spei.

1521 991 1653 1026 Sexto:
1682 998 1810 1027 utrum
1840 998 1993 1027 maneat
2025 991 2169 1027 caritas.

1164 1107 1478 1148 ARTICULUS
1510 1107 1715 1149 PRIMUS

798 1210 952 1242 UTRUM
975 1208 1190 1240 VIRTUTES
1213 1208 1415 1239 MORALES
1438 1208 1650 1239 MANEANT
1673 1208 1783 1239 POST
1806 1208 1926 1240 HANC
1946 1209 2084 1240 VITAM

714 1299 743 1323 11·
765 1298 817 1328 11··,
837 1305 881 1330 qu.
901 1304 1004 1326 cxxxw,
1023 1301 1069 1321 art.
1087 1304 1108 1325 1,
1127 1295 1158 1320 ad
1182 1303 1208 1327 13
1228 1296 1259 1320 111
1279 1295 1360 1324 Sent„
1381 1295 1439 1320 dist.
1453 1302 1544 1326 xxxm,
1564 1303 1608 1328 qu.
1627 1303 1648 1325 ι,
1668 1300 1714 1321 art.
1731 1303 1749 1327 4
1756 1304 1763 1327 ς
1783 1296 1824 1320 De
1847 1295 1952 1326 Virtut„
1973 1304 2017 1329 qu.
2031 1304 2055 1328 v,
2075 1301 2122 1322 art.
2140 1304 2166 1328 4.

444 1408 451 1422 ι
506 1417 517 1426 s
567 1400 590 1425 D
618 1399 754 1424 PRIMUM
783 1398 835 1423 SIC
863 1396 1101 1422 PROCEDITUR.
1130 1383 1289 1421 Videtur
1308 1383 1411 1432 quod

396 1422 434 1449 ί
477 1429 486 1449 '³
498 1435 545 1489 '7⁷³3
567 1441 722 1478 virtutes
737 1440 899 1476 morales
914 1451 992 1475 non
1012 1445 1191 1474 maneant
1208 1444 1296 1486 post
1314 1437 1426 1473 hanc

421 1535 424 1541 ¹
475 1527 497 1539 ,
553 1494 697 1531 vitam.
727 1491 913 1529 Homines
947 1491 1047 1528 enim
1075 1491 1111 1527 in
1141 1497 1238 1527 statu
1265 1490 1411 1526 futurae

415 1524 505 1579 ᾆξ’-δ’
528 1541 708 1595 Kgloriae
737 1553 846 1582 erunt
873 1545 1012 1581 similes
1041 1543 1192 1591 angelis,
1217 1550 1259 1579 ut
1279 1542 1412 1579 dicitur

357 1601 489 1638 Matth.
510 1613 582 1637 xxu
596 1600 627 1636 ²¹⁶.
659 1599 735 1636 Sed
755 1598 955 1635 ridiculum
976 1605 1032 1634 est
1050 1597 1087 1633 in
1107 1595 1249 1644 angelis
1268 1607 1411 1644 ponere

355 1653 510 1691 virtutes
544 1653 727 1698 morales,
756 1659 798 1688 ut
827 1650 960 1688 dicitur
990 1650 1029 1686 in
1057 1651 1092 1686 X
1119 1650 1238 1686 Ethic.
1259 1649 1280 1670 *
1308 1649 1409 1696 Ergo

356 1719 482 1755 neque
502 1706 541 1743 in
559 1705 790 1751 hominibus,
819 1711 906 1753 post
933 1704 1032 1740 hanc
1059 1703 1189 1749 vitam,
1212 1709 1320 1739 erunt
1337 1702 1412 1738 vir-

355 1767 451 1797 tutes
481 1759 653 1795 morales.

411 1825 444 1849 2.
475 1813 711 1856 PRAETEREA',
740 1809 896 1846 virtutes
925 1809 1087 1845 morales
1115 1807 1315 1856 perficiunt
1341 1807 1409 1843 ho-

355 1866 497 1902 minem
516 1865 555 1901 in
569 1864 646 1900 vita
660 1862 793 1899 activa.
816 1862 891 1898 Sed
910 1861 987 1897 vita
1007 1861 1130 1897 activa
1146 1865 1163 1881 ‘²
1182 1872 1260 1896 non
1281 1868 1410 1896 manet

353 1926 439 1967 post
458 1918 556 1954 hanc
574 1916 710 1952 vitam:
733 1914 819 1951 dicit
839 1914 939 1950 enim
962 1914 1176 1961 Gregorius,
1197 1912 1235 1948 in
1254 1912 1305 1949 VI
1321 1913 1409 1948 Mo-

353 1971 422 2008 ral.
439 1971 473 2007 *:
493 1970 649 2006 Activae
666 1968 764 2004 vitae
783 1978 897 2015 opera
922 1978 1006 2003 cum
1027 1978 1186 2014 corpore
1204 1970 1406 2002 transeunt.

353 2025 455 2071 Ergo
481 2022 636 2060 virtutes
668 2020 831 2057 morales
869 2032 945 2056 non
974 2027 1129 2056 manent
1154 2017 1169 2048 β
1195 2025 1283 2067 post
1309 2018 1408 2054 hanc

350 2077 481 2114 vitam.

408 2132 441 2168 3.
471 2131 706 2176 PRAETEREA,
736 2126 984 2177 temperantia
1017 2133 1052 2163 et
1079 2125 1278 2173 fortitudo,
1309 2137 1407 2173 quae

353 2192 438 2221 sunt
463 2183 618 2221 virtutes
643 2182 816 2229 morales,
837 2180 924 2217 sunt
942 2179 1212 2216 irrationalium
1231 2178 1406 2227 partium,

352 2245 392 2274 ut
419 2232 673 2284 Philosophus
707 2234 805 2281 dicit,
831 2233 869 2270 in
898 2234 946 2270 111
966 2232 1085 2269 Ethic.
1106 2233 1126 2253 *
1155 2231 1232 2268 Sed
1264 2231 1407 2269 irratio-

352 2291 461 2327 nales-
474 2297 597 2338 partes
623 2287 772 2324 animae
801 2293 1106 2334 corrumpuntur,
1128 2292 1305 2334 corrupto
1326 2297 1406 2321 cor-

351 2355 466 2392 pore:
497 2354 542 2378 eo
572 2340 678 2390 quod
706 2347 792 2376 sunt
824 2346 928 2375 actus
957 2349 1196 2385 ,organorum
1232 2349 1408 2386 corpora-

351 2396 455 2433 lium.
490 2395 591 2442 Ergo
619 2393 770 2431 videtur
802 2391 908 2440 quod
939 2391 1094 2428 virtutes
1132 2391 1296 2427 morales
1329 2403 1407 2427 non

352 2455 531 2486 maneant
555 2453 643 2496 post
668 2446 767 2483 hanc
789 2445 919 2482 vitam.

406 2501 478 2538 SED
499 2511 643 2537 CONTRA
662 2510 728 2535 EST
751 2498 856 2545 quod
876 2496 1010 2534 dicitur
1030 2497 1118 2544 Sap.
1140 2508 1149 2532 1
1168 2495 1199 2543 ³¹⁸,
1229 2495 1334 2544 quod
1353 2496 1406 2532 iu-

350 2554 447 2590 stitia
468 2558 651 2601 perpetua
679 2556 734 2587 est
758 2556 794 2586 et
819 2549 1052 2586 immortalis.

404 2607 627 2643 RESPONDEO
647 2615 829 2641 mCENDUM
849 2602 965 2650 quod,
989 2602 1083 2638 sicut
1100 2601 1333 2649 Augustinus
1353 2601 1407 2638 di-

353 2659 409 2705 cit,
438 2659 476 2695 in
505 2659 593 2694 XIV
620 2658 665 2694 de
688 2659 723 2694 T
719 2657 790 2693 rin.
806 2655 836 2703 ³¹⁶,
867 2655 1013 2691 Tullius
1041 2654 1168 2703 posuit
1194 2662 1282 2703 post
1308 2655 1407 2691 hanc

350 2712 468 2749 vitam
498 2719 660 2759 quatuor
677 2709 835 2746 virtutes
864 2708 1071 2745 cardinales
1099 2719 1177 2744 non
1206 2719 1308 2753 esse;
1339 2708 1406 2744 sed

351 2765 389 2801 in
418 2764 488 2801 alia
515 2764 592 2801 vita
619 2762 795 2800 homines
831 2773 909 2798 esse
936 2761 1061 2798 beatos
1086 2760 1167 2797 sola
1195 2760 1408 2810 cognitione

352 2823 520 2863 naturae,
550 2818 587 2853 in
616 2828 690 2864 qua
710 2815 801 2852 nihil
827 2820 881 2851 est
903 2814 1035 2851 melius
1053 2819 1120 2850 aut
1136 2813 1346 2860 amabilius,
1366 2821 1408 2850 ut

351 2870 581 2918 Augustinus
603 2869 689 2906 dicit
707 2868 860 2914 ibidem,
882 2879 926 2903 ea
945 2871 960 2894 Ὺ
986 2872 1122 2903 natura
1145 2878 1242 2914 quae
1269 2867 1409 2903 creavit

352 2935 479 2960 omnes
498 2928 663 2959 naturas.
694 2923 777 2970 Ipse
798 2927 925 2957 autem
944 2927 1077 2968 postea
1097 2918 1322 2956 determinat
1339 2919 1408 2956 hu-

350 2975 516 3013 iusmodi
545 2983 705 3023 quatuor
731 2974 886 3011 virtutes
915 2973 953 3009 in
980 2972 1105 3009 futura
1131 2971 1209 3009 vita
1238 2972 1407 3020 existere,

350 3037 478 3065 tamen
511 3028 584 3064 alio
614 3027 744 3064 modo.

407 1495 490 1530 'xrs

1465 1395 1593 1431 quem.
1623 1383 1699 1421 Sed
1728 1383 1816 1432 quia
1843 1384 1911 1421 iste
1942 1384 2081 1422 modus
2111 1385 2381 1423 determinatur
2412 1398 2434 1423 a
2466 1399 2524 1424 ra-

1464 1436 1578 1483 tione,
1598 1436 1685 1473 ideo
1715 1437 1874 1474 formale
1897 1437 1935 1474 in
1955 1438 2134 1474 omnibus
2153 1437 2352 1476 virtutibus
2369 1446 2424 1476 est
2441 1439 2523 1490 ipse

1465 1489 1559 1526 ordo
1580 1489 1744 1527 rationis.

1518 1542 1580 1579 Sic
1595 1542 1704 1590 igitur
1718 1542 1919 1580 dicendum
1941 1550 1995 1580 est
2010 1543 2113 1592 quod
2128 1544 2348 1581 huiusmodi
2366 1545 2521 1582 virtutes

1463 1596 1628 1632 morales
1655 1595 1692 1632 in
1720 1595 1842 1632 futura
1870 1595 1945 1633 vita
1975 1608 2052 1633 non
2081 1604 2247 1644 manent,
2270 1605 2453 1645 quantum
2473 1597 2521 1634 ad

1463 1647 1499 1684 id
1519 1648 1623 1697 quod
1644 1656 1699 1684 est
1719 1648 1910 1684 materiale
1930 1648 1967 1684 in
1989 1649 2054 1685 eis.
2084 1649 2174 1685 Non
2190 1647 2305 1686 ‘enirn
2326 1649 2522 1687 habebunt

1463 1701 1500 1737 in
1530 1701 1651 1737 futura
1679 1700 1755 1737 vita
1783 1701 1910 1737 locum
1941 1701 2268 1749 concupiscentiae
2297 1709 2333 1738 et
2360 1702 2520 1740 delecta-

1463 1753 1584 1790 tiones
1614 1753 1786 1789 ciborum
1816 1761 1852 1789 et
1878 1765 2154 1799 venereomm;
2183 1766 2307 1803 neque
2338 1755 2450 1792 etiam
2478 1756 2520 1793 ti-

1463 1818 1590 1842 mores
1619 1814 1655 1842 et
1682 1806 1863 1842 audaciae
1892 1806 1989 1843 circa
2016 1807 2183 1855 pericula
2213 1808 2364 1854 mortis;
2394 1821 2519 1858 neque

1463 1859 1576 1895 etiam
1612 1858 1890 1896 distributiones
1920 1867 1955 1895 et
1990 1861 2354 1898 communicationes
2391 1874 2519 1900 rerum

1462 1923 1560 1960 quae
1592 1911 1751 1948 veniunt
1778 1910 1791 1933 ὅ
1820 1912 1858 1948 in
1892 1924 2004 1949 usum
2041 1914 2249 1962 praesentis
2288 1914 2401 1951 vitae.
2442 1915 2519 1952 Sed

1462 1972 1645 2013 quantum
1673 1965 1722 2002 ad
1749 1964 1787 2002 id
1815 1965 1920 2014 quod
1945 1973 2000 2002 est
2019 1966 2189 2014 formale,
2210 1967 2463 2005 remanebunt
2479 1967 2519 2005 in

1462 2017 1580 2054 beatis
1606 2017 1897 2066 perfectissimae
1916 2026 2003 2067 post
2021 2019 2120 2056 hanc
2138 2019 2274 2056 vitam:
2293 2020 2518 2070 inquantum

1461 2071 1554 2108 ratio
1582 2070 1877 2120 uniuscuiusque
1905 2071 2110 2109 rectissima
2139 2072 2206 2109 erit
2225 2073 2322 2110 circa
2351 2086 2395 2110 ea
2420 2069 2523 2127 quae,

1461 2124 1509 2161 ad
1537 2124 1660 2173 ipsum
1690 2124 1878 2174 pertinent
1911 2126 2122 2163 secundum
2161 2133 2297 2163 statum
2325 2125 2452 2174 illum;
2483 2126 2524 2164 et

1459 2177 1517 2215 vis
1545 2177 1749 2227 appetitiva
1773 2178 1930 2215 omnino
1950 2183 1963 2199 ‘
1990 2178 2209 2216 movebitur
2227 2179 2439 2217 secundum
2458 2192 2517 2217 or-

1462 2231 1589 2268 dinem
1619 2230 1784 2278 rationis,
1804 2231 1843 2268 in
1865 2231 1924 2268 his
1952 2243 2050 2280 quae
2079 2232 2127 2269 ad
2149 2239 2288 2269 statum
2308 2232 2413 2270 illum
2432 2245 2517 2282 per-

1460 2284 1588 2320 tinent.
1617 2284 1728 2321 Unde
1754 2284 1985 2332 Augustinus
2012 2284 2153 2322 ibidem
2183 2284 2271 2322 dicit
2299 2286 2403 2335 quod
2425 2291 2523 2335 pru-¹

1460 2337 1583 2373 dentia
1607 2337 1659 2373 ibi
1674 2337 1746 2373 erit
1762 2337 1842 2373 sine
1861 2337 1934 2373 ullo
1948 2337 2117 2386 periculo
2137 2339 2277 2374 erroris
2286 2351 2300 2382 ,·
2315 2333 2523 2387 fortitudo,

1459 2390 1539 2426 sine
1556 2390 1723 2426 molestia
1739 2389 2018 2426 tolerandorum
2033 2390 2240 2435 malorum;
2259 2391 2521 2439 temperantia,

1459 2443 1539 2479 sine
1556 2442 1828 2492 repugnatione
1846 2442 2051 2479 libidinum.
2077 2443 2126 2480 Ut
2131 2442 2355 2492 prudentiae
2371 2444 2421 2480 sit
2437 2445 2517 2481 nul-

1461 2496 1538 2532 lum
1566 2497 1705 2531 bonum
1737 2496 1819 2531 Deo
1841 2506 2078 2543 praeponere
2104 2496 2164 2532 vel
2199 2507 2384 2544 aequare,-
2402 2497 2516 2545 sorti-

1460 2548 1613 2594 tudim's,
1643 2548 1680 2584 ei
1693 2547 1916 2595 firmissime
1942 2549 2144 2584 cohaerere
2167 2547 2199 2594 (ς
2229 2550 2516 2596 temperantiae,

1460 2600 1561 2638 nullo
1581 2601 1724 2649 defectu
1743 2599 1858 2637 noxio
1878 2600 2063 2637 delectari.
2089 2601 2147 2637 De
2166 2600 2305 2638 iustitia
2323 2613 2416 2638 vero
2436 2605 2522 2639 ma-'

1459 2654 1627 2691 nifestius
1655 2661 1711 2690 est
1738 2665 1853 2702 quern
1882 2660 2010 2690 actum
2029 2653 2080 2690 ibi
2099 2653 2264 2700 habebit,
2285 2654 2423 2699 scilicet
2441 2667 2519 2692 esse

1458 2707 1643 2744 subditum
1672 2707 1777 2743 Deo:
1803 2706 1892 2755 quia
1921 2706 2034 2742 etiam
2069 2706 2107 2743 in
2135 2707 2207 2743 hac
2233 2706 2311 2743 vita
2339 2707 2387 2744 ad
2415 2707 2518 2745 iusti·
2569 2726 2572 2729 ·

1459 2760 1550 2797 tiam
1578 2759 1737 2808 pertinet
1765 2771 1847 2795 esse
1876 2758 2068 2796 subditum
2097 2756 2280 2808 superiori
2300 2764 2330 2796 η.
2521 2803 2523 2806 Ι

1512 2814 1571 2849 AD
1591 2824 1727 2849 ptumum
1749 2823 1846 2849 ERGO
1862 2823 2045 2849 DmENDUM
2064 2812 2170 2860 quod
2189 2812 2447 2861 Philosophus
2460 2813 2517 2851 lo-

1461 2865 1587 2914 quitur
1622 2865 1672 2901 ibi
1712 2865 1759 2902 de
1791 2864 2012 2902 huiusmodi
2044 2864 2246 2902 virtutibus
2283 2866 2516 2913 moralibus,

1461 2926 1646 2966 quantum
1676 2918 1723 2955 ad
1751 2917 1789 2954 id
1818 2918 1922 2966 quod
1951 2917 2142 2954 materiale
2173 2925 2227 2955 est
2253 2918 2292 2955 in
2321 2918 2394 2955 eis:
2424 2918 2519 2956 sicut

1462 2972 1508 3008 de
1537 2971 1684 3018 iustitia,
1711 2978 1895 3020 quantum
1915 2971 1965 3008 ad
1983 2971 2289 3008 commutationes
2316 2977 2351 3008 et
2377 2972 2518 3020 deposi-

1461 3025 1576 3061 tiones
1601 3022 1632 3069 θ;
1663 3023 1708 3060 de
1738 3023 1966 3069 fortitudine,
1995 3031 2180 3071 quantum
2205 3025 2253 3061 ad
2282 3024 2461 3061 terribilia
2484 3030 2522 3061 et

403 3082 463 3118 Ad
484 3080 589 3117 cuius
610 3079 849 3132 evidentiam,
866 3078 1062 3115 sciendum
1084 3085 1139 3115 est
1157 3078 1268 3126 quod
1282 3078 1319 3114 in
1339 3078 1407 3114 hu·
1455 3077 1648 3126 pericula;
1677 3077 1724 3113 de
1752 3076 2017 3125 temperantia,
2049 3084 2234 3124 quantum
2268 3077 2317 3115 ad
2345 3077 2518 3126 concupi-

351 3133 516 3170 iusmodi
534 3133 733 3169 virtutibus
754 3132 892 3180 aliquid
922 3139 978 3168 est
997 3132 1173 3176 formale3
1205 3138 1240 3167 et
1268 3130 1408 3179 aliquid
1459 3131 1616 3168 scentias
1638 3141 1793 3178 pravas.

351 3187 460 3235 quasi
492 3186 694 3222 materiale.
720 3185 912 3222 Materiale
932 3184 1088 3232 quidem
1119 3191 1174 3220 est
1193 3183 1230 3220 in
1258 3184 1316 3220 his
1335 3184 1408 3220 vir-

351 3240 489 3276 tutibus
518 3238 706 3275 inclinatio
741 3238 929 3286 quaedam
959 3237 1074 3286 partis
1102 3236 1330 3285 appetitivae
1360 3237 1408 3273 ad

351 3292 544 3342 passiones
572 3292 633 3328 vel
662 3291 900 3340 operationes
925 3291 1134 3327 secundum
1163 3289 1324 3326 modum
1346 3289 1408 3336 ali-

406 3406 431 3435 z)
452 3405 506 3429 Sed
525 3405 579 3428 vita
598 3404 695 3429 activa.
708 3418 726 3422 —
747 3404 820 3433 Quae
839 3404 890 3427 EF.

406 3438 430 3471 (a)
452 3440 525 3472 Ergo
537 3457 543 3464 .
555 3457 561 3463 .
572 3458 578 3463 .
599 3442 714 3463 manent.
728 3453 745 3457 —-
765 3439 841 3471 Ergo
861 3438 967 3463 videtur
986 3439 1057 3470 quod
1068 3456 1074 3462 .
1086 3456 1092 3462 .
1104 3457 1110 3463 .

405 3477 430 3505 γ)
450 3482 490 3498 ea.
502 3489 520 3493 —
538 3475 635 3499 scilicet
654 3475 751 3498 addunt
770 3475 816 3498 Pa.

404 3509 427 3532 Ei
449 3510 565 3534 veniunt.
579 3523 597 3528 -
615 3510 772 3534 conveniunt
792 3510 891 3533 codices
912 3514 936 3533 et
954 3516 979 3533 α.

405 3548 427 3576 ε)
447 3545 563 3569 omnino.
576 3559 594 3563 —
607 3545 712 3569 animae
732 3545 782 3568 EF.

1131 3442 1256 3463 maneant
1276 3439 1325 3462 EF.

1515 3184 1563 3220 Et
1595 3182 1762 3219 similiter
1795 3182 1999 3220 dicendum
2033 3190 2087 3218 est
2120 3182 2168 3219 ad
2201 3182 2423 3229 secundum,
2460 3183 2518 3219 Ea

1462 3236 1563 3272 enim
1593 3248 1690 3285 quae
1719 3243 1805 3272 sunt
1832 3235 1976 3272 activae
1999 3235 2112 3282 vitae,
2133 3235 2374 3272 materialiter
2393 3248 2433 3272 se
2452 3235 2518 3272 ha-

1461 3290 1551 3325 bent
1580 3289 1627 3326 ad
1655 3289 1823 3325 virtutes.

1516 3402 1540 3434 ζ)
1561 3404 1739 3428 col1aerere.-
1753 3403 1891 3427 inhaerere
1911 3402 1939 3426 Ρ.

1516 3441 1541 3467 η)
1562 3438 1701 3469 superiori.
1720 3451 1738 3456 -
1754 3438 1842 3469 priori
1860 3437 1992 3469 superiori
2011 3437 2155 3469 AGpBDH,
2170 3435 2260 3468 priori
2278 3439 2304 3460 et
2323 3435 2375 3468 (vel
2392 3433 2422 3469 F)
2442 3441 2518 3466 supe-

1462 3474 1743 3539 rlor‘ilpiiijffiiiiones.
1757 3522 1775 3526 -
1793 3507 1993 3532 distributiones
2013 3506 2071 3532 PsH
2093 3512 2118 3531 et
2136 3514 2161 3536 a,
2181 3506 2325 3538 emptiones
2344 3505 2373 3530 F.
