2852 4152
155 1916 164 1924 '¹
179 1914 236 1942 Cap.
250 1919 293 1935 ιιι.

157 2813 168 2823 ”
182 2813 232 2834 Art.
249 2812 352 2840 praeced.

389 191 459 228 128

386 271 620 326 plenitudine
649 274 799 312 essendi
832 286 931 321 quae
960 273 1118 309 debetur
1146 270 1283 308 actioni
1310 271 1444 306 huma-

388 342 482 376 nae,
517 329 702 366 intantum
737 327 864 364 deficit
891 338 913 363 a
946 325 1130 371 bonitate,
1162 331 1198 360 et
1226 323 1278 359 sic
1313 322 1445 359 dicitur

389 383 510 419 mala:
531 389 622 431 puta
642 381 672 418 si
691 380 839 418 deficiat
860 379 893 415 ei
910 379 972 415 vel
992 376 1239 414 determinata
1258 373 1445 422 quantitas

391 435 600 471 secundum
620 434 815 479 rationem,
834 433 896 468 vel
917 430 1064 467 debitus
1088 429 1205 474 locus,
1225 427 1287 464 vel
1307 425 1445 474 aliquid

390 487 623 524 huiusmodi.
1366 530 1372 536 ι
1411 530 1417 536 .

443 542 502 577 AD
530 551 665 576 PRIMUM
694 550 791 575 ERGO
819 547 1001 574 DICENDUM
1029 533 1132 582 quod
1153 532 1297 569 malum
1317 537 1391 578 agit
1410 543 1446 566 in

390 592 526 629 virtute
546 598 558 613 ⁵
586 592 676 628 boni
705 589 923 627 deficientis.
954 588 992 624 Si
1022 586 1123 622 enim
1153 584 1243 622 nihil
1271 591 1369 620 esset
1396 583 1447 620 ibi

393 646 439 682 de
467 646 587 691 bono,
617 655 741 691 neque
772 649 868 678 esset
896 653 983 686 ens,
1013 650 1138 687 neque
1167 649 1276 684 agere
1305 643 1444 685 posset.

393 698 433 734 Si
461 705 588 733 autem
617 708 693 733 non
723 702 820 732 esset
848 692 1039 739 deficiens,
1069 703 1147 727 non
1174 697 1270 727 esset
1289 690 1445 726 malum.

391 749 503 787 Unde
532 757 567 786 et
595 748 689 785 actio
719 754 869 784 causata
897 752 952 782 est
979 745 1176 793 quoddam
1208 744 1354 780 bonum
1384 743 1447 780 de-

392 802 544 848 ficiens,
574 799 705 848 quodt
733 799 944 835 secundum
973 797 1064 846 quid
1093 804 1148 834 est
1175 797 1334 843 bonum,
1359 796 1448 833 sim-

392 854 536 903 pliciter
565 861 692 890 autem
720 852 876 888 malum.

446 908 504 942 AD
533 917 719 942 SECUNDUM
748 916 930 940 DICENDUM
959 903 1062 952 quod
1082 902 1172 940 nihil
1190 902 1365 951 prohibet
1384 901 1448 939 ali-

1063 193 1327 240 QUAEsrio
1357 191 1495 238 xviii,
1524 189 1819 226 ARTICULUS
1849 189 1880 224 11

1498 268 1589 316 quid
1623 280 1706 304 esse
1739 266 1951 304 secundum
1985 267 2075 316 quid
2106 267 2144 304 in
2177 274 2282 313 actu,
2312 266 2414 303 unde
2448 278 2557 314 agere

1498 321 1632 369 possit;
1654 327 1689 356 et
1708 320 1920 356 secundum
1948 319 2049 356 aliud
2067 320 2207 368 privari
2226 327 2328 366 actu,
2349 319 2451 356 unde
2471 331 2558 355 cau-

1499 380 1555 410 set
1574 372 1814 410 deficientem
1834 371 2035 409 actionem.
2057 373 2162 409 Sicut
2179 374 2298 409 homo
2320 384 2454 408 caecus
2473 380 2559 408 actu

1499 425 1614 461 habet
1644 424 1824 462 virtutem
1861 424 2087 472 gressivam,
2115 437 2184 473 per
2216 437 2333 473 quam
2362 424 2557 461 ambulare

1499 484 1641 526 potest:
1671 476 1738 513 sed
1766 476 1990 524 inquantum
2020 484 2120 514 caret
2145 477 2248 524 visu,
2277 477 2343 525 qui
2372 477 2492 524 dirigit
2519 476 2558 512 in

1501 529 1746 572 ambulando,
1775 528 1912 577 patitur
1932 529 2121 566 defectum
2140 530 2179 567 in
2198 530 2443 575 ambulando,
2465 529 2557 566 dum

1501 582 1670 619 ambulat
1697 581 1927 630 cespitando.

1553 637 1611 672 AD
1640 646 1798 672 TERTmM
1832 646 2015 673 mci-:NDUM
2048 636 2152 685 quod
2179 636 2276 673 actio
2306 635 2407 672 mala
2434 641 2559 682 potest

1501 688 1641 725 habere
1675 687 1840 735 aliquem
1874 688 2053 726 effectum
2079 701 2148 737 per
2180 701 2241 736 se,
2275 687 2484 725 secundum
2520 686 2559 723 id

1502 741 1607 790 quod
1633 741 1747 778 habet
1776 740 1822 777 de
1851 740 2017 778 bonitate
2038 741 2075 777 et
2102 741 2264 779 entitate.
2294 741 2398 778 Sicut
2417 739 2562 777 adulte-

1502 795 1600 832 rium
1620 801 1675 830 est
1694 805 1808 830 causa
1836 792 2086 840 generationis
2113 794 2314 840 humanae,
2333 793 2558 842 inquantum

1502 848 1617 885 habet
1644 845 1956 884 commixtionem
1985 845 2100 882 maris
2124 853 2160 882 et
2190 846 2366 893 feminae,
2396 857 2474 882 non
2493 857 2562 882 au-

1502 909 1580 939 tem
1608 901 1831 948 inquantum
1861 906 1961 936 caret
1988 897 2120 935 ordine
2148 898 2312 936 rationis.

446 1020 468 1052 ε)
487 1020 513 1044 in
534 1019 641 1044 virtute.
658 1033 678 1038 -
696 1019 794 1044 virtute
813 1019 922 1043 codices.

1557 1015 1582 1048 ζ)
1602 1015 1681 1048 quod.
1698 1029 1717 1035 -
1736 1015 1798 1046 quia
1817 1015 1886 1039 PKa.

1068 1100 1398 1133 Commentaria
1422 1098 1670 1131 Cardinalis
1692 1096 1893 1130 Caietam

320 1181 368 1227 miz}
399 1199 531 1264 Cuma
546 1189 739 1230 quaestionis
755 1188 1023 1218 decimaeoctavae
1038 1186 1174 1222 initium,
1195 1185 1325 1216 recolito
1344 1195 1379 1216 ex
1399 1196 1449 1216 su-

461 1233 634 1273 pradictis*
652 1233 729 1273 quid
744 1233 880 1263 nominis
901 1231 1032 1262 actionis
1047 1231 1215 1266 humanae,
1236 1237 1266 1260 et
1285 1230 1360 1260 mali
1381 1239 1449 1260 mo-

1503 1184 1586 1215 ralis.
1617 1184 1760 1214 Primum
1783 1183 1869 1214 enim
1896 1191 1987 1215 sonat
2016 1190 2103 1215 actus
2130 1184 2344 1216 voluntarios:
2369 1185 2561 1222 secundum,

1504 1227 1714 1269 privationem
1736 1228 1813 1259 boni
1837 1227 1931 1259 debiti
1954 1228 2069 1266 actioni
2092 1228 2297 1260 voluntariae.

1156 1383 1471 1425 ARTICULUS
1501 1382 1798 1425 SECUNDUS

659 1477 814 1508 UTRUM
837 1476 972 1507 Acrlo
996 1475 1176 1508 HOMlle
1198 1476 1375 1506 HABEAT
1398 1475 1654 1506 BONITATEM
1677 1476 1761 1506 VEL
1784 1475 1999 1506 MALITIAM
2022 1476 2079 1506 Ex
2102 1475 2293 1507 ossiECTo

1108 1553 1181 1584 Infra,
1201 1561 1244 1586 qu.
1263 1561 1312 1584 xix,
1331 1558 1376 1578 art.
1394 1560 1419 1583 ις
1439 1553 1459 1577 ΙΙ
1478 1553 1560 1583 Sent„
1581 1553 1638 1578 dist.
1657 1560 1738 1583 xxxvr,
1758 1557 1803 1578 art.
1824 1551 1847 1577 5.

585 1666 587 1668 -
605 1655 627 1680 D
647 1655 836 1680 SECUNDUM
850 1654 903 1679 stc
918 1654 1156 1679 PROCEmTUR.
1172 1641 1330 1679 Videtur
1347 1641 1451 1690 quod

574 1724 577 1735 „
606 1696 702 1732 actio
735 1708 814 1732 non
846 1696 984 1732 habeat
1011 1696 1220 1732 bonitatem
1253 1695 1314 1732 vel
1347 1694 1451 1731 mali-

410 1731 523 1800 'flur
550 1754 573 1799 ᾗ
586 1747 593 1753 “
605 1749 696 1785 tiam
712 1761 757 1784 ex
773 1748 935 1785 obiecto.
957 1748 1159 1784 Obiectum
1176 1747 1278 1784 enim
1294 1747 1450 1784 actionis

449 1778 547 1837 {32⁹5}
561 1794 594 1837 K
607 1809 661 1837 est
689 1813 757 1838 res.
787 1802 833 1838 In
854 1802 963 1837 rebus
983 1808 1110 1837 autem
1130 1813 1204 1837 non
1224 1806 1278 1837 est
1295 1800 1449 1845 malum,

392 1855 459 1891 sed
484 1855 520 1890 in
551 1865 618 1889 usu
641 1854 890 1901 peccantium,
919 1861 960 1889 ut
987 1854 1218 1900 Augustinus
1248 1853 1336 1890 dicit
1355 1853 1392 1889 in
1411 1853 1451 1888 li-

394 1908 463 1943 bro
484 1907 533 1942 III
554 1907 599 1942 de
616 1907 724 1942 Doct.
750 1906 882 1942 Christ.
898 1906 918 1927 *
937 1907 1038 1953 Ergo
1059 1906 1156 1942 actio
1181 1906 1349 1942 humana
1372 1917 1451 1942 non

393 1959 508 1995 habet
535 1958 742 1995 bonitatem
769 1959 831 1995 vel
859 1958 1040 1994 malitiam
1070 1970 1114 1994 ex
1141 1958 1304 1994 obiecto.

448 2023 482 2048 2.
509 2012 740 2058 PRAETEREA,
770 2010 963 2047 obiectum
991 2018 1234 2059 comparatur
1261 2010 1311 2047 ad
1338 2010 1451 2047 actio-

393 2075 484 2100 nem
509 2071 552 2100 ut
579 2064 745 2100 materia.
779 2063 934 2100 Bonitas
968 2070 1095 2100 autem
1128 2063 1181 2099 rei
1209 2076 1288 2100 non
1323 2071 1378 2100 est
1406 2074 1451 2100 ex

392 2117 561 2163 materia,
577 2116 643 2154 sed
659 2116 778 2164 magis
802 2128 847 2153 ex
866 2117 1000 2162 forma,
1021 2128 1119 2163 quae
1139 2123 1194 2153 est
1212 2124 1327 2153 actus.
1349 2117 1450 2164 Ergo

394 2170 539 2206 bonum
568 2177 604 2205 et
630 2170 773 2205 malum
802 2181 880 2205 non
909 2176 964 2205 est
983 2169 1021 2205 in
1041 2169 1185 2205 actibus
1214 2181 1258 2205 ex
1287 2170 1449 2206 obiecto.

449 2224 483 2259 3.
505 2223 740 2267 PRAETEREA,
762 2221 953 2258 obiectum
971 2221 1162 2270 potentiae
1183 2222 1327 2259 activae
1348 2234 1451 2258 corn-

393 2282 547 2323 paratur
574 2274 623 2310 ad
651 2274 840 2310 actionem
879 2274 976 2310 sicut
1011 2273 1168 2310 effectus
1200 2274 1248 2311 ad
1284 2286 1450 2311 causam.

395 2327 471 2363 Sed
500 2326 647 2364 bonitas
676 2339 812 2363 causae
841 2339 918 2363 non
940 2326 1128 2375 dependet
1151 2338 1196 2363 ex
1216 2326 1364 2374 effectu,
1385 2327 1453 2364 sed

393 2379 513 2427 magis
542 2392 562 2416 e
582 2391 780 2416 converso.
811 2380 911 2427 Ergo
932 2379 1028 2416 actio
1049 2380 1218 2416 humana
1242 2392 1320 2417 non
1338 2381 1454 2417 habet

395 2432 604 2469 bonitatem
631 2433 694 2469 vel
722 2432 904 2468 malitiam
933 2443 978 2468 ex
1007 2432 1168 2468 obiecto.

449 2486 523 2521 SED
551 2496 696 2521 CONTRA
723 2496 789 2521 Es‘r
816 2485 921 2532 quod
945 2484 1078 2521 dicitur
1109 2485 1212 2521 Osee
1231 2497 1266 2521 ix
1279 2486 1313 2521 *ε
1347 2485 1456 2522 Facti

393 2543 479 2574 sunt
508 2538 791 2583 abominabiles,
826 2537 922 2573 sicut
946 2548 991 2574 ea
1023 2549 1120 2585 quae
1146 2537 1366 2574 dilexerunt.
1397 2538 1454 2574 Fit

395 2598 522 2627 autem
549 2591 669 2627 homo
697 2591 782 2626 Deo
812 2589 1076 2627 abominabilis
1095 2597 1250 2638 propter
1271 2590 1452 2627 malitiam

395 2655 485 2680 suae
515 2643 756 2691 operationis.
786 2644 888 2690 Ergo
913 2642 1054 2679 malitia
1074 2642 1302 2691 operationis
1323 2650 1378 2680 est
1397 2656 1455 2680 se-

395 2696 565 2742 cundum,
584 2696 731 2732 obiecta
749 2695 848 2732 mala
863 2708 960 2744 quae
974 2696 1094 2732 homo
1110 2695 1236 2743 diligit.
1253 2696 1301 2732 Et
1316 2696 1452 2733 eadem

395 2749 489 2785 ratio
519 2756 575 2785 est
603 2748 649 2786 de
678 2747 844 2785 bonitate
872 2748 1039 2784 actionis.

448 2802 672 2838 RESPONm-:o
699 2808 883 2838 DICENDUM'
912 2801 1033 2848 quod,
1064 2800 1157 2837 sicut
1185 2800 1326 2837 dictum
1349 2807 1403 2837 est
1421 2800 1452 2848 *,

395 2854 541 2890 bonum
581 2862 616 2890 et
647 2854 790 2890 malum
830 2853 1006 2900 actionis,
1044 2853 1138 2889 sicut
1173 2860 1208 2889 et
1245 2860 1454 2890 ceterarum

395 2918 533 2953 rerum,
563 2907 764 2943 attenditur
792 2918 837 2942 ex
865 2905 1098 2955 plenitudine
1127 2905 1274 2942 essendi
1302 2907 1365 2942 vel
1390 2906 1454 2943 de-

395 2959 495 2995 fectu
513 2959 641 3007 ipsius.
662 2959 833 2995 Primum
854 2966 979 2995 autem
994 2957 1100 3006 quod
1115 2958 1163 2995 ad
1178 2958 1451 3007 plenitudinem

397 3012 544 3048 essendi
567 3011 754 3060 pertinere
773 3012 934 3058 videtur,
956 3018 1012 3048 est
1029 3011 1066 3047 id
1086 3011 1191 3058 quod
1211 3011 1274 3048 dat
1298 3011 1350 3047 rei
1371 3024 1454 3060 spe-

396 3064 504 3100 ciem.
536 3065 638 3101 Sicut
665 3072 792 3101 autem
812 3076 870 3100 res
890 3063 1066 3100 naturalis
1085 3064 1199 3100 habet
1222 3064 1387 3113 speciem
1408 3076 1453 3101 ex

397 3129 464 3153 sua
493 3117 632 3163 forma,
662 3117 712 3153 ita
741 3117 836 3153 aetio
866 3117 980 3153 habet
1012 3117 1177 3165 speciem
1208 3129 1252 3153 ex
1280 3117 1450 3163 obiecto;

397 3169 489 3206 sicut
518 3177 553 3206 et
580 3177 706 3206 motus
736 3182 780 3205 ex
808 3170 980 3206 termino.
1015 3170 1064 3205 Et
1091 3169 1178 3206 ideo
1208 3170 1301 3206 sicut
1331 3170 1452 3219 prima

396 3222 545 3259 bonitas
565 3222 617 3258 rei
636 3222 812 3259 naturalis
833 3223 1033 3258 attenditur
1054 3234 1097 3258 ex
1117 3234 1185 3259 sua
1204 3222 1338 3269 forma,
1355 3234 1452 3271 quae

397 3275 461 3312 dat
489 3275 654 3323 speciem
676 3275 720 3322 ei,
742 3275 791 3311 ita
811 3282 846 3311 et
865 3275 987 3322 prima
1006 3275 1153 3311 bonitas
1173 3282 1276 3312 actus
1300 3275 1453 3312 moralis

397 3327 599 3365 attenditur
626 3340 671 3364 ex
700 3327 849 3364 obiecto
880 3327 1138 3374 convenienti3
1159 3328 1261 3365 unde
1282 3334 1317 3364 et
1336 3340 1357 3364 a
1373 3328 1453 3375 qui-

397 3381 560 3417 busdam
588 3388 747 3417 vocatur
775 3381 912 3416 honum
941 3392 990 3416 ex
1016 3391 1172 3429 genere&
1199 3388 1302 3429 puta,
1330 3380 1383 3416 uti
1413 3393 1451 3417 re

398 3446 477 3470 sua.
508 3435 556 3470 Et
575 3433 669 3470 sicut
687 3433 725 3470 in
746 3433 858 3470 rebus
877 3433 1106 3469 naturalibus
1123 3433 1291 3482 primum
1309 3433 1452 3470 malum

400 3494 465 3533 est,
486 3485 516 3523 si
536 3498 594 3522 res
622 3494 798 3534 generata
826 3498 904 3522 non
929 3485 1170 3534 consequitur
1188 3485 1351 3523 formam
1371 3498 1454 3535 spe-

1505 1640 1664 1688 cificam,
1693 1648 1783 1690 puta
1807 1641 1837 1678 si
1856 1654 1934 1678 non
1953 1649 2151 1689 generetur
2169 1643 2301 1690 homo,
2335 1644 2403 1680 sed
2422 1643 2564 1693 aliquid

1505 1694 1590 1730 loco
1619 1694 1806 1741 hominis;
1835 1694 1885 1731 ita
1912 1695 2079 1744 primum
2112 1696 2257 1734 malum
2285 1696 2324 1732 in
2353 1696 2586 1733 actionibus.

1505 1746 1712 1783 moralibus
1741 1754 1796 1783 est
1823 1747 1927 1796 quod
1955 1755 2011 1784 est
2031 1760 2075 1784 ex
2095 1747 2257 1796 obiecto,
2278 1748 2373 1785 sicut
2391 1748 2563 1798 accipere

1505 1799 1636 1836 aliena.
1667 1801 1716 1836 Et
1743 1799 1876 1837 dicitur
1902 1800 2044 1837 malum
2073 1812 2122 1837 ex
2148 1812 2298 1850 genere,
2327 1813 2464 1849 genere
2491 1813 2562 1850 pro

1505 1852 1630 1900 specie
1659 1860 1826 1901 accepto,
1857 1865 1903 1889 eo
1932 1853 2050 1890 modo
2078 1853 2259 1902 loquendi
2288 1866 2364 1903 quo
2403 1854 2563 1892 dicimus

1504 1905 1712 1941 humanum
1740 1917 1860 1955 genus
1886 1912 2005 1942 totam
2033 1906 2239 1943 humanam
2267 1906 2435 1955 speciem
2452 1906 2484 1944 ⁸¹⁸.

1558 1958 1617 1993 AD
1645 1969 1781 2008 pmivium
1809 1970 1906 1995 ERGO
1935 1970 2117 1996 mcENDUM
2146 1959 2261 2008 quod,
2282 1959 2367 1996 licet
2385 1971 2444 1996 res
2463 1966 2563 1997 exte-

1506 2009 1623 2046 riores
1651 2010 1724 2047 sint
1751 2010 1788 2047 in
1816 2010 1948 2059 seipsis
1977 2011 2121 2059 bonae,
2150 2019 2280 2048 tamen
2307 2023 2386 2048 non
2413 2022 2565 2061 semper

1505 2063 1647 2099 habent
1674 2063 1839 2100 debitam
1867 2063 2154 2112 proportionem
2183 2064 2234 2101 ad
2259 2063 2366 2103 hanc*
2380 2065 2444 2102 vel
2461 2063 2564 2102 illam

1505 2115 1704 2152 actionem.
1739 2116 1788 2152 Et
1821 2116 1907 2153 ideo
1939 2117 2165 2164 inquantum
2204 2117 2489 2155 considerantur
2522 2123 2567 2155 ut

1506 2169 1655 2205 obiecta
1687 2168 1817 2206 talium
1851 2169 2044 2207 actionum
2061 2199 2071 2218 ,
2104 2182 2182 2206 non
2214 2170 2355 2207 habent
2378 2170 2564 2208 rationem

1506 2221 1609 2258 boni

1559 2275 1619 2310 An
1647 2285 1835 2311 SECUNDUM
1863 2286 2046 2312 mCENDUM
2067 2275 2171 2324 quod
2190 2275 2382 2312 obiectum
2402 2286 2480 2313 non
2510 2281 2574 2313 est.

1507 2326 1665 2363 materia
1688 2338 1738 2362 ex
1756 2338 1842 2375 qua,
1863 2327 1930 2363 sed
1949 2326 2106 2364 materia
2124 2326 2226 2365 cir'ca
2244 2339 2376 2376 quam:
2396 2335 2433 2364 et
2449 2327 2575 2366 habet

1508 2379 1799 2427 quodammodo
1834 2379 2019 2416 rationem
2047 2380 2211 2428 formae,
2241 2381 2465 2429 inquantum
2502 2380 2576 2418 dat:

1507 2443 1685 2480 speciem.

1560 2486 1618 2521 AD
1646 2496 1805 2522 TERTIUM
1832 2497 2015 2522 mCENDUM
2043 2486 2148 2533 quod
2176 2497 2255 2523 non
2282 2498 2433 2535 semper
2460 2485 2578 2523 obi'e--

1509 2544 1611 2574 ctum
1640 2537 1796 2574 actionis
1825 2538 2014 2574 humanae
2049 2546 2104 2575 est
2123 2538 2315 2576 obiectum
2335 2539 2480 2576 activae
2498 2550 2579 2588 po·-

1507 2590 1656 2626 tentiae.
1678 2590 1782 2626 Nam
1802 2590 2006 2638 appetitiva
2024 2591 2192 2638 potentia
2208 2599 2263 2628 est
2276 2591 2575 2639 quodammodo:

1507 2642 1671 2691 passiva,
1701 2642 1925 2690 inquantum
1953 2651 2130 2680 movetur
2149 2644 2197 2680 ab
2218 2643 2428 2694 appetibili:
2459 2651 2496 2681 et
2514 2651 2567 2681 ta-

1509 2707 1599 2732 men
1619 2703 1673 2732 est
1686 2695 1912 2744 principium
1927 2695 2183 2733 humanorum
2204 2703 2369 2734 actuum.
2389 2718 2413 2724 -
2429 2697 2568 2746 Neque

1509 2748 1622 2784 etiam
1650 2748 1905 2796 potentiarum
1935 2748 2143 2785 activarum
2164 2749 2312 2787 obiecta
2331 2761 2487 2799 semper
2500 2750 2574 2788 ha—

1508 2801 1598 2837 bent
1617 2800 1802 2837 rationem
1819 2800 1986 2848 effectus,
2004 2801 2071 2838 sed
2086 2802 2238 2850 quando
2253 2801 2330 2839 iam
2350 2810 2435 2839 sunt
2449 2810 2571 2840 trans-

1508 2861 1666 2890 mutata:
1689 2853 1782 2890 sicut
1797 2853 2016 2890 alimentum
2033 2861 2324 2892 transmutatum
2340 2863 2395 2892 est
2410 2855 2570 2894 effectus

1507 2905 1705 2943 nutritivae
1721 2906 1923 2954 potentiae,
1939 2906 2007 2944 sed
2021 2907 2243 2944 alimentum
2257 2907 2430 2945 nondum
2449 2915 2567 2954 trans-

1508 2966 1695 2996 mutatum
1734 2966 1976 3007 comparatur
2016 2960 2065 2996 ad
2097 2959 2307 3008 potentiam
2346 2961 2563 3006 nutritivam

1507 3011 1603 3048 sicut
1631 3011 1787 3048 materia
1807 3011 1905 3048 circa
1923 3024 2039 3060 quam
2059 3019 2246 3061 operatur.
2268 3013 2325 3049 Ex
2343 3013 2418 3050 hoc
2437 3015 2569 3052 autera*

1507 3063 1613 3112 quod
1633 3064 1824 3101 obiectum
1845 3071 1899 3102 est
1918 3065 2043 3113 aliquo
2064 3065 2183 3102 modo
2200 3065 2355 3102 effectus
2373 3065 2569 3122 potentiae¹

1507 3117 1664 3164 activae,
1693 3117 1861 3165 sequitur
1889 3118 1991 3166 quod
2015 3117 2061 3154 sit
2079 3118 2261 3162 terminus
2289 3118 2446 3156 aetionis
2469 3117 2571 3169 eius„

1508 3177 1543 3206 et
1557 3182 1625 3218 per
1645 3181 1882 3218 consequens
1899 3170 2003 3218 quod
2018 3171 2081 3208 det
2095 3170 2129 3207 ei
2147 3171 2311 3208 formam
2328 3179 2364 3208 et
2378 3171 2541 3223 speciem
2551 3184 2572 3215 :3

1507 3230 1634 3259 motus
1654 3221 1755 3259 enim
1775 3222 1890 3259 habet
1908 3223 2074 3271 speciem
2090 3236 2112 3260 a
2126 3223 2303 3261 terminis.
2319 3224 2343 3251 έ-
2363 3224 2412 3261 Et
2429 3229 2576 3273 quam-⁴

1506 3275 1564 3312 vis
1593 3275 1703 3312 etiarn
1733 3275 1880 3312 bonitas
1900 3275 2056 3312 actionis
2084 3288 2163 3313 non
2192 3283 2365 3313 causetur
2388 3280 2434 3312 ex'
2453 3275 2574 3314 boni-.

1506 3334 1579 3364 tate
1596 3327 1762 3375 effectus,
1777 3335 1906 3364 tamen
1921 3340 1966 3364 ex
1980 3329 2054 3365 hoc
2070 3329 2202 3366 dicitur
2215 3329 2311 3366 actio
2327 3328 2439 3376 bona,
2457 3328 2560 3377 quod

1507 3381 1652 3417 bonum
1682 3381 1858 3417 effectum
1887 3380 2065 3418 inducere
2083 3389 2217 3430 potest.
2239 3383 2287 3418 Et
2305 3381 2355 3418 ita
2373 3381 2455 3430 ipsa
2473 3393 2560 3430 pro-

1506 3433 1629 3481 portio
1664 3433 1819 3470 actionis
1854 3433 1903 3470 ad
1936 3434 2134 3483 effectum,
2169 3441 2223 3472 est
2256 3433 2349 3471 ratio
2383 3433 2560 3471 bonitatis

1507 3498 1634 3534 1ps1us.

2591 1919 2600 1928 ·
2615 1916 2644 1939 D.
2658 1916 2706 1944 671.
