2852 4152
390 291 438 326 72

391 358 439 396 ad
458 358 589 405 finem,
620 366 888 408 comparantur
910 359 958 396 ad
986 360 1104 396 finem
1125 359 1219 396 sicut
1246 359 1372 396 media
1401 359 1449 396 ad

389 410 578 448 ultimum.
600 411 702 458 Ergo
723 411 825 448 idem
845 419 972 448 motus
986 413 1189 449 voluntatis
1211 419 1265 448 est
1284 423 1360 459 quo
1380 423 1448 448 vo—

389 463 512 500 luntas
527 464 642 500 fertur
657 464 694 500 in
708 464 838 510 finem,
857 471 892 500 et
910 464 948 501 in
969 477 1012 501 ea
1033 477 1129 512 quae
1145 471 1231 500 sunt
1250 464 1297 500 ad
1316 464 1446 500 finem.

445 517 518 552 SED
556 528 721 562 CONTRA,
760 524 864 553 actus
899 516 1199 553 diversificantur
1235 515 1446 552 secundum

391 568 550 605 obiecta.
582 570 658 605 Sed
688 569 858 606 diversae
887 569 1032 617 species
1061 569 1151 604 boni
1180 575 1266 604 sunt
1292 568 1390 614 finis,
1413 575 1449 604 et

390 620 429 658 id
458 621 563 668 quod
593 629 647 657 est
675 622 722 658 ad
749 622 889 668 finem,
919 621 1022 670 quod
1053 621 1185 657 dicitur
1213 620 1313 657 utile.
1345 621 1445 668 Ergo

390 686 468 710 non
498 674 636 710 eodem
665 682 750 710 actu
777 676 954 711 voluntas
982 674 1097 710 fertur
1124 673 1163 709 in
1190 680 1405 722 utrumque.

443 728 668 764 RESPONDEO
692 738 875 764 DICENDUM
895 727 1012 774 quod,
1034 737 1122 762 cum
1141 725 1228 763 finis
1247 726 1293 762 sit
1314 738 1447 763 secun-

391 779 484 818 dum
513 792 552 816 se
580 779 729 825 volitus,
751 779 788 816 id
808 786 934 816 autem
964 778 1069 826 quod
1099 785 1153 815 est
1175 780 1223 816 ad
1242 779 1372 825 finem,
1393 779 1447 815 in-

391 839 575 880 quantum
595 831 824 878 huiusmodi,
846 843 924 868 non
944 830 989 867 sit
1014 830 1176 867 volitum
1195 831 1265 867 nisi
1293 839 1448 880 propter

389 885 526 931 finem3
555 884 796 921 manifestum
819 891 872 920 est
892 884 996 931 quod
1015 885 1191 920 voluntas
1219 891 1343 932 potest
1362 884 1448 921 ferri

389 937 427 974 in
447 938 565 973 finem
586 942 614 985 α,
640 937 719 973 sine
745 938 819 973 hoc
839 936 943 984 quod
964 936 1104 973 feratur
1123 937 1161 973 in
1182 948 1225 972 ea
1245 949 1342 985 quae
1362 945 1448 973 sunt

389 990 438 1028 ad
458 990 594 1035 finem;
624 989 691 1026 sed
715 989 753 1026 in
774 1001 818 1026 ea
838 1001 934 1037 quae
956 997 1042 1026 sunt
1070 989 1118 1027 ad
1137 989 1268 1035 finem,
1289 990 1448 1038 inquan-

388 1050 468 1081 tum
495 1041 725 1088 huiusmodi,
755 1054 834 1082 non
861 1048 986 1090 potest
1013 1042 1114 1090 ferri,
1144 1041 1215 1079 nisi
1243 1042 1382 1079 feratur
1409 1042 1447 1078 in

387 1095 512 1143 ipsum
541 1095 671 1131 finem.
703 1094 765 1130 Sic
794 1106 882 1142 ergo
911 1095 1087 1131 voluntas
1115 1094 1155 1131 in
1182 1094 1307 1143 ipsum
1327 1095 1446 1131 finem

389 1147 583 1196 dupliciter
602 1148 716 1183 fertur
731 1145 761 1184 βε
782 1159 861 1184 uno
882 1147 1012 1195 modo,
1043 1148 1215 1184 absolute
1235 1148 1446 1184 secundum

387 1212 443 1245 se;
474 1200 545 1236 alio
575 1200 705 1248 modo,
736 1200 831 1237 sicut
849 1200 886 1236 in
906 1200 1091 1237 rationem
1111 1200 1265 1237 volendi
1287 1212 1331 1235 ea
1349 1211 1447 1248 quae

387 1260 474 1290 sunt
501 1252 555 1290 ad
577 1253 708 1291 finem.
739 1252 984 1290 Manifestum
1010 1260 1064 1290 est
1093 1264 1181 1299 ergo
1211 1252 1317 1300 quod
1344 1264 1444 1290 unus

388 1313 424 1343 et
451 1305 553 1343 idem
582 1313 709 1343 motus
729 1305 931 1343 voluntatis
952 1313 1006 1342 est
1026 1317 1102 1353 quo
1123 1305 1239 1342 fertur
1256 1305 1295 1341 in
1314 1305 1446 1352 finem,

387 1359 598 1395 secundum
628 1358 731 1407 quod
770 1366 823 1394 est
856 1358 948 1394 ratio
977 1357 1131 1395 volendi
1161 1370 1205 1394 ea
1234 1370 1332 1406 quae
1360 1365 1448 1395 sunt

387 1411 436 1448 ad
463 1412 603 1458 finem,
634 1418 669 1448 et
697 1411 735 1447 in
762 1410 842 1460 ipsa
870 1423 969 1459 quae
1003 1418 1090 1447 sunt
1123 1410 1172 1447 ad
1206 1411 1336 1448 finem.
1369 1411 1446 1448 Sed

387 1464 479 1500 alius
507 1471 611 1500 actus
641 1472 696 1500 est
719 1476 796 1512 quo
825 1464 941 1500 fertur
967 1463 1006 1501 in
1033 1463 1159 1512 ipsum
1189 1464 1308 1502 finem
1337 1464 1447 1501 abso-

385 1517 473 1555 lute.
497 1517 546 1554 Et
566 1517 797 1566 quandoque
815 1516 1007 1566 praecedit
1026 1524 1215 1565 tempore:
1245 1516 1340 1554 sicut
1359 1529 1446 1554 cum

386 1569 518 1618 aliquis
537 1570 662 1618 primo
681 1571 762 1608 vult
781 1570 992 1616 sanitatem,
1013 1577 1050 1607 et
1067 1577 1213 1618 postea,
1235 1569 1447 1606 deliberans

386 1623 584 1672 quomodo
613 1623 733 1671 possit
760 1623 895 1670 sanari,
915 1623 997 1659 vult
1017 1623 1230 1660 conducere
1251 1623 1443 1659 medicum

385 1683 427 1712 ut
454 1683 617 1712 sanetur.
649 1675 752 1713 Sicut
770 1681 785 1704 Υ
815 1676 927 1712 etiam
958 1683 994 1713 et
1022 1675 1120 1717 circa
1138 1676 1365 1712 intellectum
1386 1689 1447 1712 ac-

387 1728 494 1766 cidit:
525 1741 615 1767 nam
645 1728 770 1777 primo
800 1728 935 1777 aliquis
963 1728 1128 1777 intelligit
1155 1729 1236 1778 ipsa
1264 1729 1446 1778 principia

386 1781 597 1821 secundum
626 1793 688 1827 se;
717 1782 965 1830 postmodum
994 1790 1122 1819 autem
1151 1781 1317 1829 intelligit
1336 1795 1381 1819 ea
1408 1781 1447 1819 in

385 1834 476 1883 ipsis
497 1834 813 1882 conclusionibus,
830 1835 1044 1872 secundum
1064 1834 1169 1884 quod
1184 1835 1337 1871 assentit
1357 1847 1446 1872 con-

387 1887 616 1924 clusionibus
644 1895 798 1937 propter
826 1887 1019 1936 principia.

1077 281 1342 326 QUAESTIO
1372 281 1476 327 Vlll,
1506 281 1800 317 ARTICULUS
1831 282 1880 317 III

1556 361 1614 396 An
1644 371 1780 396 PRIMUM
1807 369 1906 396 ERGO
1933 370 2116 397 DtCENDUM
2145 359 2248 408 quod
2268 360 2361 397 ratio
2391 359 2451 397 illa
2475 372 2563 408 pro-

1505 412 1603 448 cedit
1631 411 1842 449 secundum
1871 411 1977 459 quod
2009 413 2186 450 voluntas
2214 413 2330 451 fertur
2357 412 2395 449 in
2422 413 2561 459 finem,

1503 471 1544 501 ut
1572 471 1627 501 est
1655 464 1748 501 ratio
1777 463 1932 500 volendi
1963 475 2007 501 ea
2035 477 2133 513 quae
2161 472 2247 503 sunt
2274 465 2323 504 ad
2349 466 2480 502 finem.

1556 518 1614 552 AD
1653 527 1841 552 SECUNDUM
1877 527 2060 553 mcunnum
2098 518 2201 566 quod
2239 518 2561 566 quandocumque

1502 568 1652 605 videtur
1679 569 1796 614 color,
1829 569 1966 605 eodem
1995 577 2080 606 actu
2107 570 2257 607 videtur
2285 571 2414 607 lumen
2429 570 2463 606 *z
2494 582 2562 618 po-

1502 628 1573 658 test
1601 628 1729 659 tamen
1747 620 1869 659 videri
1897 622 2027 659 lumen
2051 622 2131 659 sine
2160 623 2233 660 hoc
2266 623 2370 672 quod
2388 622 2563 660 videatur

1504 674 1608 709 color
1622 672 1651 709 ²¹⁶.
1682 673 1731 709 Et
1758 673 1927 711 similiter
1954 675 2276 726 quandocumque
2305 675 2389 726 quis
2416 675 2497 712 vult
2517 687 2561 712 ea

1503 737 1600 774 quae
1620 733 1706 762 sunt
1734 727 1782 765 ad
1802 726 1933 774 finem,
1952 727 2033 765 vult
2052 728 2190 766 eodem
2210 736 2297 765 actu
2323 728 2462 766 finem:
2483 740 2563 765 non

1502 786 1631 816 tamen
1660 791 1680 815 e
1711 790 1910 816 conversa

1554 833 1613 867 An
1641 843 1800 868 TERTIUM
1827 843 2011 868 mcENDuM
2031 833 2135 880 quod
2162 833 2202 869 in
2221 833 2443 870 executione
2471 845 2562 882 ope-

1502 884 1563 931 ris,
1586 896 1629 920 ea
1659 896 1755 933 quae
1785 891 1872 920 sunt
1895 884 1944 920 ad
1971 884 2088 921 finem
2117 897 2157 921 se
2185 886 2327 922 habent
2353 893 2396 923 ut
2422 885 2560 932 media,

1503 944 1539 973 et
1565 937 1652 973 finis
1671 945 1712 973 ut
1739 936 1933 974 terminus.
1967 937 2079 975 Unde
2107 936 2202 975 sicut
2229 945 2356 976 motus
2384 938 2561 976 naturalis

1501 989 1692 1026 interdum
1721 989 1814 1027 sistit
1831 989 1869 1026 in
1897 988 2039 1036 medio,
2062 996 2098 1026 et
2125 1002 2203 1028 non
2220 991 2395 1039 pertingit
2422 991 2470 1030 ad
2489 999 2562 1029 ter-

1501 1042 1671 1087 minum3
1700 1042 1750 1079 ita
1774 1042 2005 1090 quandoque
2035 1049 2213 1090 operatur
2231 1043 2363 1092 aliquis
2391 1044 2429 1081 id
2458 1044 2562 1092 quod

1503 1102 1557 1130 est
1585 1095 1633 1131 ad
1662 1094 1801 1141 finem,
1831 1102 1869 1131 et
1895 1101 2025 1132 tamen
2054 1107 2132 1131 non
2161 1095 2402 1143 consequitur
2429 1097 2559 1133 finem.

1503 1146 1579 1183 Sed
1608 1146 1645 1182 in
1681 1147 1849 1184 volendo
1888 1154 1943 1183 est
1971 1160 1991 1183 e
2021 1159 2228 1184 converso:
2263 1160 2353 1185 nam
2385 1149 2562 1186 voluntas

1500 1211 1569 1247 per
1595 1199 1714 1237 finem
1736 1199 1888 1236 devenit
1917 1200 1966 1238 ad
1983 1200 2194 1237 volendum
2223 1212 2268 1239 ea
2287 1212 2384 1249 quae
2408 1208 2496 1238 sunt
2514 1201 2562 1238 ad

1501 1252 1637 1298 finem;
1667 1251 1764 1290 sicut
1795 1259 1831 1290 et
1858 1252 2068 1290 intellectus
2104 1251 2258 1291 devenit
2284 1253 2323 1290 in
2351 1253 2561 1292 conclusio-

1501 1317 1569 1342 nes
1588 1317 1657 1353 per
1683 1305 1877 1354 principia,
1897 1317 1996 1354 quae
2016 1304 2139 1342 me'dia
2168 1306 2353 1343 dicuntur.
2374 1306 2485 1343 Unde
2504 1306 2559 1344 in·

1500 1358 1669 1394 tellectus
1707 1358 1910 1407 aliquando
1947 1358 2114 1406 intelligit
2141 1359 2334 1405 medium,
2366 1366 2402 1395 et
2429 1371 2476 1396 ex
2513 1371 2563 1396 eo

1501 1423 1580 1447 non
1607 1411 1778 1460 procedit
1810 1411 1858 1448 ad
1887 1411 2186 1449 conclusionem.
2221 1413 2271 1448 Et
2297 1411 2467 1448 similiter
2492 1424 2562 1449 vo-

1501 1465 1622 1502 luntas
1651 1463 1853 1512 aliquando
1879 1465 1960 1502 vult
1986 1465 2118 1511 finem,
2146 1472 2182 1501 et
2209 1472 2339 1503 tamen
2366 1477 2446 1502 non
2472 1477 2562 1515 pro-

1502 1515 1600 1555 cedit
1627 1517 1676 1554 ad
1703 1517 1914 1555 volendum
1942 1516 1982 1554 id
2015 1517 2119 1565 quod
2148 1524 2204 1554 est
2231 1517 2279 1555 ad
2306 1517 2436 1555 finem.

1554 1569 1617 1606 Ad
1645 1570 1736 1607 illud
1762 1582 1855 1607 vero
1884 1569 1989 1618 quod
2017 1570 2056 1607 in
2076 1570 2307 1607 contrarium
2336 1569 2510 1607 obiicitur
2527 1569 2558 1617 ²¹⁸,

1499 1630 1604 1671 patet
1622 1622 1758 1660 solutio
1778 1635 1847 1671 per
1866 1635 1910 1659 ea
1930 1635 2028 1670 quae
2048 1635 2163 1671 supra
2181 1622 2201 1644 '¹'
2220 1622 2320 1660 dicta
2339 1630 2436 1659 sunt.
2458 1623 2562 1660 Nam

1499 1676 1588 1712 utile
1618 1683 1654 1712 et
1680 1676 1885 1712 honestum
1918 1688 1996 1712 non
2026 1682 2111 1712 sunt
2139 1675 2284 1724 species
2313 1675 2404 1712 boni
2433 1687 2478 1712 ex
2501 1687 2562 1712 ae-

1500 1741 1578 1777 quo
1609 1728 1772 1775 divisae,
1811 1728 1878 1766 sed
1907 1740 1946 1766 se
1975 1728 2117 1766 habent
2148 1728 2243 1779 sicut
2269 1733 2425 1778 propter
2457 1740 2498 1764 se
2527 1735 2563 1767 et

1499 1789 1655 1830 propter
1683 1782 1855 1819 alterurn.
1876 1781 1988 1819 Unde
2016 1789 2120 1820 actus
2139 1781 2345 1820 voluntatis
2372 1780 2411 1819 in
2437 1793 2561 1819 unum

1499 1842 1624 1883 potest
1651 1834 1737 1871 ferri
1773 1834 1853 1871 sine
1886 1835 1960 1871 hoc
1998 1835 2103 1883 quod
2140 1834 2280 1871 feratur
2306 1834 2347 1871 in
2379 1834 2560 1881 alterum,

1501 1887 1567 1924 sed
1597 1899 1675 1924 non
1703 1900 1724 1923 e
1753 1899 1952 1924 converso.

440 2019 468 2049 α)
488 2019 514 2043 in
526 2019 621 2051 finem.
637 2032 658 2038 -
676 2019 831 2050 inquantum
851 2019 1002 2044 huiusmodi
1021 2019 1117 2045 addunt
1137 2020 1183 2044 Pa.

438 2053 463 2086 β)
476 2055 580 2087 fertur.
598 2067 616 2074 —-
633 2054 732 2079 scilicet
752 2054 820 2078 addit
838 2053 868 2080 P.

1556 2020 1582 2052 γ)
1602 2019 1685 2045 Sicut.
1704 2033 1722 2038 -
1741 2019 1787 2045 Sic
1805 2019 1873 2045 PFa.

1059 2141 1392 2174 Commentaria
1414 2141 1666 2174 Gardmalis
1689 2140 1893 2175 Caietam

451 2240 522 2261 mett
540 2230 670 2261 titulum
689 2229 770 2260 tertii
792 2229 913 2260 articuli
934 2230 1076 2261 eiusdem
1091 2237 1218 2261 octavae
1236 2230 1446 2270 quaestionis,

389 2240 587 2304 Cdubium
609 2273 760 2304 occurrit:
786 2283 826 2303 an
850 2273 965 2304 scilicet
984 2281 1151 2314 quaeratur
1166 2274 1217 2304 hic
1240 2275 1280 2304 de
1302 2274 1370 2314 ipsa
1392 2284 1448 2304 vo—

384 2318 510 2355 litione,
535 2324 589 2349 aut
611 2317 826 2348 universaliter
849 2318 887 2347 de
914 2325 984 2348 actu
1013 2317 1194 2349 voluntatis.
1216 2318 1248 2349 Si
1271 2318 1310 2348 de
1333 2318 1446 2348 volun-

384 2369 446 2394 tate
467 2362 551 2398 sola,
575 2371 657 2392 vana
685 2367 731 2392 est
754 2361 912 2402 quaestio:
935 2371 1010 2392 nam
1033 2361 1066 2392 in
1089 2361 1286 2401 praecedenti
1313 2361 1446 2392 articulo

385 2405 602 2437 determinavit
623 2407 745 2436 Auctor
760 2406 848 2446 quod
866 2405 977 2436 volitio
999 2412 1045 2436 est
1067 2404 1138 2435 finis
1153 2412 1287 2437 tantum.
1305 2405 1338 2436 Si
1361 2405 1447 2436 enim

384 2450 494 2482 volitio
516 2459 583 2480 non
608 2456 654 2480 est
669 2459 782 2481 eorum
805 2459 887 2490 quae
910 2456 984 2480 sunt
1000 2447 1039 2479 ad
1061 2449 1168 2486 finem,
1188 2449 1302 2481 frustra
1324 2450 1446 2490 quaeri-

384 2501 436 2525 tur
459 2495 498 2524 de
524 2493 593 2534 ipsa
619 2504 659 2523 an
682 2493 721 2523 sit
751 2504 814 2523 una
841 2493 891 2523 vel
914 2493 1019 2533 plures
1049 2500 1191 2534 respectu
1223 2503 1333 2524 eorum
1364 2503 1447 2534 quae

386 2545 459 2570 sunt
482 2538 522 2568 ad
544 2537 660 2574 finem,
685 2543 715 2568 et
738 2537 770 2568 in
793 2537 899 2568 finem.
924 2537 957 2568 Si
981 2538 1020 2568 de
1043 2537 1132 2568 omni
1161 2545 1232 2568 actu
1255 2537 1442 2574 voluntatis,

385 2589 468 2613 extra
490 2581 605 2612 limites
629 2581 784 2623 propositi
808 2588 868 2612 est:
894 2581 968 2622 quia
991 2581 1042 2612 hic
1066 2582 1103 2612 de
1127 2581 1279 2613 volitione
1303 2582 1445 2622 quaestio

385 2633 439 2663 est,
456 2633 486 2657 et
501 2625 562 2656 hoc
578 2625 758 2666 quaesitum
773 2625 922 2656 articulus
941 2625 1036 2656 huius
1052 2625 1246 2666 quaestionis
1262 2635 1329 2656 esse
1344 2626 1445 2657 debet.

438 2670 475 2701 11.
489 2669 541 2700 Ad
562 2669 624 2700 hoc
647 2669 780 2700 breviter
795 2669 908 2700 dicitur
931 2669 1105 2710 dupliciter.
1120 2669 1239 2707 Primo,
1255 2668 1344 2710 quod
1366 2669 1446 2700 voli-

385 2713 430 2745 tio
454 2721 484 2745 et
507 2713 601 2744 habet
618 2713 774 2745 rationem
792 2713 967 2749 volitionis;
990 2720 1020 2745 et
1042 2713 1136 2745 habet
1159 2714 1313 2745 rationem
1337 2720 1445 2744 motus

384 2758 556 2789 voluntatis
579 2757 612 2788 in
635 2757 741 2789 finem.
758 2758 799 2788 Et
821 2758 894 2789 licet
907 2757 1099 2798 inquantum
1117 2758 1228 2788 volitio
1248 2765 1304 2794 est,
1322 2757 1446 2789 exclusa

386 2802 425 2833 sit
440 2802 478 2832 ab
501 2801 549 2831 his
566 2811 647 2842 quae
671 2809 744 2832 sunt
760 2802 799 2831 ad
813 2800 926 2838 fiuem;
951 2802 1141 2842 inquantum
1157 2808 1263 2832 tamen
1277 2809 1324 2833 est
1337 2809 1445 2834 motus

384 2845 556 2876 voluntatis
579 2845 612 2876 in
635 2844 748 2882 finem,
777 2855 842 2877 non
873 2845 1048 2877 excluditur
1069 2846 1109 2876 ab
1132 2845 1181 2877 his
1205 2856 1287 2887 quae
1308 2852 1383 2877 sunt
1406 2846 1445 2875 ad

384 2889 491 2920 finem.
516 2890 556 2920 Et
578 2896 743 2931 propterea
767 2889 946 2931 quaesitum
976 2897 1022 2920 est
1043 2890 1094 2920 hic
1126 2897 1235 2921 utrum
1258 2897 1366 2921 motus
1390 2899 1445 2920 vo-

384 2934 512 2965 luntatis
533 2934 566 2963 in
589 2932 695 2970 finem,
713 2940 743 2964 et
765 2933 797 2963 in
814 2933 845 2963 id
869 2934 957 2974 quod
972 2940 1018 2964 est
1041 2934 1080 2964 ad
1103 2933 1210 2973 finem,
1227 2934 1266 2964 sit
1289 2944 1372 2964 unus
1386 2943 1444 2963 nu-

386 2988 474 3008 mero
497 2978 547 3008 vel
577 2987 651 3009 non.
675 2978 716 3008 Et
738 2977 809 3008 licet
833 2987 899 3008 esse
923 2984 1049 3008 motum
1080 2978 1252 3008 voluntatis
1274 2978 1307 3008 in
1331 2977 1443 3013 finem,

386 3022 425 3052 sit
449 3031 619 3052 commune
642 3022 788 3052 volitioni
804 3028 834 3052 et
857 3021 1000 3062 pluribus
1023 3021 1091 3052 aliis
1114 3022 1234 3052 actibus
1258 3021 1443 3057 voluntatis;

386 3066 461 3106 quia
484 3072 590 3095 tamen
612 3066 721 3096 volitio
746 3072 791 3096 est
813 3066 934 3105 primus
958 3072 1066 3096 motus
1090 3066 1261 3096 voluntatis
1281 3066 1313 3096 in
1337 3065 1443 3101 finem,

386 3109 502 3140 idcirco
522 3108 664 3150 quaestio
689 3110 727 3139 de
751 3110 863 3139 eodem
885 3110 934 3140 vel
958 3110 1080 3140 diverso
1101 3109 1134 3140 in
1158 3117 1249 3141 motu
1273 3109 1444 3142 voluntatis

386 3153 420 3183 in
443 3152 549 3189 finem,
567 3154 605 3183 ad
628 3153 846 3194 quaestionem
870 3154 907 3183 de
932 3154 1035 3193 primo
1060 3161 1151 3184 motu
1175 3160 1301 3194 spectat.

441 3196 596 3233 Secundo,
613 3203 643 3227 et
658 3196 748 3236 quasi
762 3196 793 3226 in
808 3197 892 3227 idem
908 3198 996 3234 redit,
1017 3197 1131 3229 dicitur
1154 3199 1252 3239 quod.
1267 3198 1342 3239 quia
1357 3207 1445 3238 prae-

387 3251 457 3271 sens
482 3241 629 3271 articulus
653 3250 718 3270 non
742 3247 788 3270 est
807 3241 845 3270 de
868 3241 974 3281 aliquo
999 3251 1065 3271 uno
1089 3249 1170 3278 actu,
1191 3243 1245 3272 sed
1265 3243 1304 3272 de
1327 3241 1445 3272 unitate

386 3285 436 3316 vel
457 3285 634 3325 pluralitate
657 3291 786 3316 actuum
805 3292 947 3324 respectu
965 3285 1082 3316 horum
1106 3286 1313 3321 obiectorum,
1329 3285 1446 3316 scilicet

386 3328 457 3359 finis
472 3335 502 3360 et
525 3328 592 3360 eius
608 3328 697 3369 quod
713 3335 758 3359 est
772 3329 812 3358 ad
829 3328 941 3365 finem;
963 3329 1076 3360 merito
1090 3330 1217 3361 locutus
1240 3336 1287 3360 est
1302 3330 1335 3360 in
1351 3339 1445 3370 quae-

387 3372 488 3403 stione
512 3373 550 3403 de
573 3372 677 3412 primo
702 3379 783 3408 actu,
810 3372 898 3402 cuius
923 3373 1089 3412 proprium
1113 3373 1272 3405 obiectum
1295 3379 1341 3404 est
1364 3372 1446 3409 finis,

390 3423 420 3446 et
442 3415 619 3456 potentiam
642 3416 746 3456 primo
771 3416 857 3446 ducit
880 3417 918 3446 ad
942 3415 1047 3447 finem.

441 3461 492 3491 ΙΙΙ.
509 3460 600 3491 Circa
622 3460 799 3491 doctrinam
822 3460 917 3490 huius
933 3460 1014 3491 tertii
1033 3460 1163 3497 articuli,
1181 3471 1240 3501 pro
1263 3467 1383 3501 quanto
1400 3460 1444 3490 di-

388 3504 467 3534 citur
490 3505 578 3545 quod
601 3505 730 3545 quando
754 3504 900 3534 voluntas
930 3511 1077 3534 movetur
1100 3505 1132 3534 in
1156 3505 1187 3534 id
1215 3505 1304 3545 quod
1330 3511 1376 3535 est
1406 3504 1445 3534 ad

387 3547 483 3578 finem
510 3549 702 3588 incluantum
723 3548 925 3584 huiusmodi,
949 3555 1095 3578 movetur
1118 3558 1247 3589 quoque
1270 3548 1444 3579 necessario

388 3592 502 3622 eodem
528 3599 620 3623 motu
643 3592 676 3623 in
703 3591 816 3628 finem,
848 3592 983 3623 occurrit
1013 3592 1147 3623 dubium
1170 3602 1207 3623 ex
1230 3592 1382 3632 Gregorio
1407 3592 1446 3622 de

1499 2230 1656 2267 Arimino,
1679 2230 1714 2261 in
1736 2230 1748 2260 1
1773 2230 1870 2268 Sent„
1888 2229 1958 2261 dist.
1981 2240 2000 2266 1,
2018 2240 2072 2270 qu.
2091 2240 2112 2266 1,
2136 2236 2193 2261 art.
2214 2239 2243 2261 2.
2260 2229 2307 2261 Ex
2330 2228 2443 2269 triplici
2465 2228 2564 2269 siqui-

1500 2274 1572 2304 dem
1592 2273 1692 2314 capite
1715 2274 1826 2313 arguit,
1842 2281 1873 2305 et
1896 2274 1971 2306 dicit
1993 2274 2190 2314 oppositum.
2212 2273 2331 2310 Primo,
2354 2283 2391 2307 ex
2414 2283 2453 2304 eo
2474 2273 2564 2314 quod

1499 2317 1610 2348 volitio
1633 2317 1704 2348 finis
1736 2325 1783 2348 est
1806 2328 1900 2349 causa
1921 2318 2083 2350 volitionis
2109 2317 2178 2348 eius
2201 2317 2290 2359 quod
2312 2324 2359 2349 est
2385 2317 2426 2349 ad
2453 2315 2564 2349 finem.

1499 2362 1587 2401 Idem
1602 2361 1689 2393 enim
1705 2371 1771 2392 non
1786 2369 1832 2392 est
1849 2372 1943 2393 causa
1958 2362 2009 2393 sui
2022 2361 2132 2402 ipsius.
2148 2378 2169 2387 -
2183 2362 2225 2393 Et
2247 2360 2461 2393 confirmatur.
2478 2360 2564 2398 Quin

1500 2415 1574 2437 cum
1598 2405 1711 2436 dicitur
1735 2406 1824 2446 quod
1847 2406 1922 2437 volo
1946 2405 2136 2437 medicinam
2158 2411 2288 2445 propter
2309 2404 2486 2440 sanitatem,
2507 2403 2562 2438 da-

1499 2449 1639 2489 signatur
1653 2450 1743 2490 quod
1765 2450 1841 2480 volo
1857 2449 2046 2480 medicinam
2060 2456 2190 2489 propter
2203 2449 2335 2481 volitatu
2354 2448 2528 2481 sanitatem.
2541 2465 2562 2474 ο·

1499 2494 1540 2525 Et
1561 2493 1776 2525 confirmatur.
1802 2493 1886 2531 Quia
1901 2493 1982 2525 sicut
2004 2493 2168 2525 conclusio
2182 2499 2259 2524 nota
2273 2499 2320 2525 est
2333 2499 2463 2533 propter
2477 2491 2562 2533 prin-

1499 2537 1589 2577 cipia,
1605 2537 1647 2568 ita
1661 2537 1693 2567 id
1716 2538 1805 2578 quod
1821 2544 1867 2568 est
1885 2538 1925 2567 ad
1941 2536 2048 2574 finem,
2072 2543 2118 2569 est
2132 2537 2269 2568 volitum
2292 2543 2422 2577 propter
2443 2535 2559 2568 finem:

1498 2581 1553 2612 sed
1575 2579 1619 2612 ibi
1635 2581 1748 2612 notitia
1766 2589 1812 2612 est
1833 2591 1928 2612 causa
1951 2581 2090 2618 notitiae,
2108 2588 2144 2612 ut
2162 2587 2248 2621 patet
2262 2581 2274 2613 1
2290 2582 2412 2613 Pas-ter.
2429 2580 2461 2611 *ε
2485 2589 2560 2620 ergo

1498 2625 1575 2657 haec
1597 2625 1708 2657 volitio
1732 2624 1768 2657 fit
1790 2635 1808 2655 a
1830 2625 1991 2656 volitione.

1552 2669 1716 2706 Secundo,
1750 2669 1897 2700 ducendo
1929 2669 1970 2699 ad
1996 2668 2230 2701 inconveniens.
2263 2668 2348 2705 Quia
2378 2674 2562 2709 sequeretur

1499 2714 1587 2754 quod
1606 2721 1757 2754 appetens
1772 2720 1901 2753 propter
1916 2712 2024 2750 finem,
2039 2723 2164 2754 semper
2178 2719 2250 2746 actu
2271 2718 2431 2752 appeteret
2453 2711 2562 2745 finem..

1499 2758 1596 2796 Quod
1616 2764 1700 2798 patet
1722 2767 1789 2788 esse
1805 2757 1931 2794 falsum,
1947 2764 2018 2789 tum
2037 2757 2166 2798 quando
2183 2763 2257 2788 sunt
2275 2756 2368 2787 multi
2390 2755 2469 2786 fines
2487 2756 2562 2788 sub-

1499 2801 1650 2839 ordinati,
1675 2801 1714 2831 de
1736 2801 1854 2842 quibus
1877 2801 2038 2833 actualiter
2065 2807 2216 2841 appetens
2239 2810 2306 2831 non
2334 2799 2466 2840 cogitat:
2490 2805 2562 2833 tum

1498 2845 1627 2886 quando
1643 2845 1773 2875 actualis
1789 2845 1827 2876 de
1843 2844 1905 2876 fine
1920 2845 2069 2885 cogitatio
2085 2845 2207 2881 desinit,
2223 2851 2260 2876 ut
2273 2844 2308 2875 in
2330 2850 2439 2875 orante
2454 2844 2561 2877 Deum

1497 2889 1530 2920 in
1553 2889 1709 2929 principio
1725 2889 1758 2919 in
1780 2889 1887 2939 ipsum
1911 2896 2011 2925 moto,
2029 2889 2142 2920 deinde
2158 2889 2364 2921 continuante
2382 2887 2561 2920 orationem

1498 2934 1617 2973 absque
1640 2933 1754 2964 actuali
1778 2933 1969 2973 cogitatione
1993 2933 2030 2963 de
2054 2933 2133 2964 Deo.

1551 2977 1670 3013 Tertio,
1689 2977 1834 3007 ducendo
1851 2987 1982 3018 quoque
2001 2977 2064 3007 ad
2055 2976 2290 3007 mconveniens.
2307 2975 2391 3012 Quia
2415 2984 2560 3015 sequere-

1497 3028 1549 3052 tur
1569 3021 1658 3062 quod
1680 3021 1766 3051 idem
1789 3027 1876 3051 actus
1899 3020 2071 3051 voluntatis
2094 3027 2174 3051 esset
2197 3019 2292 3050 simul
2314 3019 2425 3049 volitio
2449 3025 2479 3049 et
2502 3028 2560 3049 no-

1497 3064 1584 3096 litio:
1608 3071 1644 3095 ut
1666 3071 1752 3105 patet
1775 3075 1849 3095 cum
1872 3065 1943 3106 quis
1967 3065 2035 3095 odit
2057 3071 2221 3104 peccatum
2242 3069 2372 3103 propter
2393 3063 2509 3094 Deum.
2526 3062 2559 3093 Si

1498 3109 1583 3141 enim
1607 3115 1653 3140 est
1676 3119 1758 3140 unus
1783 3112 1885 3145 actus,
1910 3108 1967 3140 erit
1990 3108 2085 3140 simul
2107 3107 2188 3139 velle
2210 3108 2316 3139 Deum
2339 3114 2375 3139 ut
2397 3106 2504 3143 finem,
2529 3113 2559 3137 et

1498 3153 1583 3183 nolle
1607 3159 1771 3193 peccatum
1797 3159 1833 3183 ut
1854 3162 2033 3192 repugnans
2055 3150 2122 3182 fini.

1552 3198 1603 3228 IV.
1618 3197 1670 3228 Ad
1692 3197 1811 3228 horum
1826 3196 2024 3232 evidentiam,
2040 3195 2119 3226 scito
2142 3194 2246 3235 primo
2268 3194 2356 3235 quod
2379 3193 2451 3224 finis
2474 3200 2505 3224 et
2526 3193 2559 3224 id

1498 3242 1587 3282 quod
1615 3248 1661 3271 est
1683 3241 1722 3271 ad
1745 3240 1858 3277 finem,
1883 3246 1913 3270 et
1936 3239 2078 3270 similiter
2100 3238 2263 3269 conclusio
2297 3246 2327 3269 et
2349 3237 2557 3278 principium,

1498 3285 1664 3325 dupliciter
1681 3283 1780 3324 accipi
1803 3290 1947 3324 possunt.
1964 3283 2082 3319 Primo,
2099 3283 2276 3315 secundum
2299 3292 2342 3315 se.
2364 3282 2406 3313 Et
2428 3281 2473 3313 sic
2490 3290 2558 3314 non

1499 3336 1572 3360 sunt
1594 3329 1634 3359 ad
1657 3338 1803 3369 praesens
1819 3327 2036 3370 propositum:
2061 3326 2140 3358 nihil
2163 3327 2249 3358 enim
2264 3326 2357 3358 refert
2378 3325 2418 3356 ad
2439 3334 2558 3366 propo-

1499 3373 1604 3409 situm,
1621 3383 1662 3403 an
1683 3372 1764 3403 inter
1786 3381 1819 3402 se
1841 3371 1918 3403 haec
1941 3381 1974 3402 se
1996 3371 2131 3402 habeant
2154 3377 2190 3401 ut
2213 3380 2306 3403 causa
2329 3376 2360 3400 et
2381 3373 2556 3404 causamn,

1499 3427 1538 3447 an
1563 3427 1578 3447 e
1603 3426 1765 3448 converso.
1789 3415 1862 3446 Alio
1886 3424 1960 3455 ergo
1991 3415 2090 3445 modo
2121 3421 2292 3446 sumuntur
2317 3418 2354 3444 ut
2381 3411 2478 3443 volita
2507 3411 2558 3442 vel

1499 3461 1624 3500 cognita
1647 3471 1666 3491 a
1688 3459 1795 3490 nobis:
1813 3466 1843 3490 et
1866 3458 1910 3489 sic
1926 3459 1965 3489 de
1988 3459 2031 3490 eis
2055 3465 2101 3489 est
2119 3467 2265 3499 praesens
2288 3466 2403 3488 sermo,
2427 3456 2468 3486 Et
2489 3464 2558 3485 ver-

1499 3505 1574 3535 titur
1589 3505 1622 3535 in
1646 3504 1780 3535 dubium
1798 3513 1850 3539 an,
1874 3513 1948 3534 cum
1963 3503 2100 3533 volitum
2122 3509 2169 3534 est
2186 3501 2306 3552 aliquid
2318 3506 2449 3541 propter
2471 3499 2558 3531 aliud

1500 3555 1535 3580 ut
1557 3547 1670 3584 finem,
1694 3548 1804 3579 eadem
1826 3557 1960 3578 numero
1989 3547 2101 3579 volitio
2124 3547 2164 3578 sit
2194 3546 2273 3578 circa
2303 3551 2491 3584 utrumque:
2516 3553 2558 3574 an

1500 3592 1561 3624 sint
1584 3571 1670 3624 duae
1687 3591 1782 3622 simul
1805 3591 1983 3628 volitiones,
2003 3601 2140 3632 quarum
2163 3600 2228 3622 una
2250 3595 2296 3621 est
2318 3588 2397 3620 ratio
2421 3586 2558 3619 alterius.

2589 574 2599 584 *
2613 573 2642 595 D.
2658 573 2708 601 829.

2590 680 2599 688 ·
2614 677 2642 700 D·
2657 683 2706 706 745⁷
2721 684 2770 706 7⁵4·

2589 1575 2598 1584 ·
2605 1573 2631 1595 Ιιι
2638 1578 2680 1601 arg

2615 1615 2668 1648 A'rt.

2632 1658 2653 1674 2.

2588 2585 2671 2635 §.CT-t:

2680 1589 2687 1596 .
2692 1572 2805 1595 Seacon-

2685 1625 2805 1654 anwed„

2682 2590 2800 2614 n,n.5-

2684 2612 2778 2634 leet-m
