2852 4152
19 3891 31 3917 ι·
19 3863 30 3886 :.22
16 3778 31 3846 o.=..›5.
14 3714 31 3774 '‘az-5
18 3691 30 3709 «.·

9 4131 15 4152 ““’
11 4045 30 4123 ⁴2⁵4*
15 4034 19 4035 ¹
14 3959 30 4022 ,ιι-εν·
19 3925 35 3949 7-—

13 3619 27 3672 υ,
18 3551 29 3595 »2«
16 3507 27 3534 ω,

77 2290 88 2301 ·
101 2289 169 2312 vm.
183 2295 216 2318 ¹9·

76 2394 220 2422 ’ven-2⁴„

1044 217 1308 263 QUAESTIO
1340 219 1370 264 1,
1399 219 1693 256 ARTICULUS
1721 220 1756 256 v
2127 262 2133 265 χ
2441 222 2484 258 13

385 292 448 323 Sed
470 292 496 322 si
519 292 658 323 studiose
680 293 849 334 inquiritur
879 296 1045 334 quomodo
1069 295 1102 325 in
1126 295 1288 336 speciebus
1318 306 1375 326 nu-

319 346 492 372 merorum,
516 335 688 376 figurarum
711 344 742 367 et
764 339 1019 378 proportionum,
1041 340 1131 370 datur
1153 349 1318 380 processus
1340 340 1373 370 in

319 379 496 416 infinitum,
522 387 552 411 et
574 387 680 411 tamen
713 382 925 412 communiter
955 383 1067 414 dicitur
1095 384 1184 424 quod
1207 383 1239 413 in
1263 393 1319 423 per
1341 393 1374 413 se

318 423 470 454 ordinatis
493 424 616 455 entibus
640 435 706 455 non
725 426 818 456 datur
840 436 1005 466 processus
1023 427 1056 457 in
1071 426 1246 458 infinitum:
1271 427 1375 458 dicen-

319 467 398 498 dum
420 474 467 498 est
488 468 578 508 quod
606 468 686 499 illud
709 479 881 500 commune
910 470 1030 501 dictum
1059 471 1300 511 intelligendum
1330 478 1376 501 est

319 511 358 541 de
383 511 507 542 entibus
538 512 735 552 simpliciter,
765 523 830 544 non
858 514 897 544 de
927 514 1051 545 entibus
1081 515 1257 546 secundum
1286 515 1373 556 quid.

1427 297 1621 327 Huiusmodi
1645 304 1751 328 autem
1774 297 1902 338 species,
1927 308 2001 329 cum
2024 308 2090 329 non
2114 299 2175 330 sint
2201 309 2258 330 nec
2278 309 2344 329 esse
2361 299 2484 339 possint

1429 340 1461 370 in
1485 347 1573 377 actu,
1597 342 1652 371 sed
1681 351 1805 381 semper
1827 341 1889 373 sint
1911 342 1943 372 in
1967 349 2039 373 actu
2062 343 2218 382 permixto
2248 343 2424 382 potentiae,
2450 350 2485 374 ut

1428 391 1514 424 patet
1534 385 1567 415 in
1591 385 1634 415 IX
1652 386 1835 425 Metaphys.
1851 385 1882 422 *;
1903 395 1969 416 non
1993 393 2067 417 sunt
2088 386 2169 417 inter
2192 387 2274 417 entia
2297 386 2356 416 nisi
2375 397 2486 417 secun-

1428 429 1506 458 dum
1529 428 1625 469 quid,
1649 435 1685 459 ut
1706 435 1753 459 est
1773 428 1942 460 infinitum.
1967 430 2008 460 Et
2029 437 2195 470 propterea
2219 440 2285 460 non
2310 430 2348 459 de
2371 431 2415 460 eis
2437 430 2485 460 in-

1428 472 1586 512 telligitur,
1611 482 1685 503 cum
1714 472 1827 503 dicitur
1849 474 1936 513 quod
1960 474 1992 504 in
2016 474 2141 504 entibus
2163 473 2350 504 habentibus
2373 483 2429 513 per
2451 483 2484 504 se

1429 516 1583 552 ordinem,
1607 525 1673 546 non
1696 522 1743 547 est
1759 526 1926 557 processus
1948 517 1981 548 in
2004 517 2174 549 infinitum.

1101 650 1415 716 ARTICULUS
1445 649 1700 701 QUINTUS

732 737 887 768 UTRUM
910 737 1039 768 UN1US
1062 737 1242 768 HOMINIS
1263 737 1440 768 POSSINT
1463 737 1562 768 ESSE
1586 738 1748 769 PLURES
1772 739 1923 770 ULT1M1
1947 740 2068 770 FINES

344 834 411 874 1>oessss
435 840 502 874 fix<
528 831 551 855 D
571 831 732 862 QUINTUM
761 832 813 856 S1c
833 832 1070 858 PROCEDITUR.
1090 821 1249 857 Videtur
1272 819 1376 867 quod

345 860 505 930 531⁸}ss
529 872 706 920 possibile
735 873 779 909 sit
805 874 1040 910 voluntatem
1067 873 1179 910 unius
1211 872 1376 909 hominis

336 919 568 978 &hasim
599 925 708 973 plura
743 925 828 962 ferri
863 926 993 973 simul,
1024 926 1119 962 sicut
1151 926 1189 962 in
1222 925 1376 963 ultimos

336 980 338 982 ’
372 967 637 1014 Ἣῇηεε.
667 978 766 1015 Dicit
795 978 895 1015 enirn
924 978 1175 1026 Augustinus,
1206 979 1294 1015 XIX
1331 979 1377 1015 de

324 1029 404 1066 Civ.
426 1029 501 1065 Dei
518 1030 549 1077 *,
575 1031 680 1079 quod
700 1030 854 1078 quidam
875 1030 1052 1067 ultimum
1072 1031 1238 1068 hominis
1257 1031 1374 1068 finem

318 1090 529 1130 posuerunt
565 1083 603 1119 in
640 1091 822 1131 quatuor,
856 1083 994 1120 scilicet
1028 1084 1064 1120 in
1097 1084 1303 1131 voluptate,
1337 1084 1374 1120 in

319 1135 458 1183 quiete,
488 1135 525 1171 in
547 1136 683 1183 primis
709 1141 726 1157 α
754 1142 932 1182 naturae,
962 1142 998 1172 et
1024 1136 1061 1172 in
1089 1137 1234 1173 virtute.
1269 1137 1375 1173 Haec

319 1193 446 1224 autem
466 1188 663 1225 manifeste
682 1195 768 1225 sunt
786 1190 906 1237 plura.
931 1189 1032 1236 Ergo
1053 1201 1150 1225 unus
1168 1189 1287 1225 homo
1307 1201 1375 1237 po-

318 1246 389 1276 test
418 1240 643 1277 constituere
670 1241 845 1278 ultimum
864 1241 983 1277 finem
1003 1253 1095 1277 suae
1113 1241 1318 1278 voluntatis
1336 1242 1375 1278 in

319 1292 458 1328 multis.

373 1355 408 1380 2.
437 1344 669 1389 Pmamm,
692 1356 737 1379 ea
757 1356 855 1392 quae
883 1355 962 1379 non
986 1351 1234 1392 opponuntur
1252 1345 1301 1381 ad
1320 1345 1375 1381 in-

317 1394 464 1442 vicem,
503 1407 544 1432 se
578 1395 742 1432 invicem
780 1408 859 1432 non
893 1396 1108 1433 excludunt.
1145 1397 1222 1433 Sed
1258 1397 1375 1433 multa

283 1486 286 1487 ⁷
318 1446 563 1485 inveniuntur
589 1447 628 1484 in
652 1449 763 1484 rebus
791 1460 891 1497 quae
919 1448 988 1484 sibi
1016 1448 1179 1486 invicem
1204 1460 1284 1486 non
1309 1461 1376 1497 op-

315 1507 520 1548 ponuntur.
554 1501 655 1548 Ergo
690 1501 719 1537 si
751 1513 871 1537 unum
906 1508 1071 1549 ponatur
1104 1501 1256 1538 ultimus
1289 1501 1376 1538 finis

317 1552 534 1599 voluntatis,
564 1565 642 1589 non
669 1560 824 1602 propter
850 1554 925 1590 hoc
953 1553 1024 1590 alia
1052 1554 1312 1591 excluduntur.

373 1606 406 1642 3.
428 1606 664 1652 PRAETEREA,
684 1607 861 1643 voluntas
884 1618 952 1654 per
970 1606 1045 1642 hoc
1063 1606 1168 1655 quod
1189 1606 1376 1643 constituit

315 1657 491 1694 ultimum
520 1659 638 1695 finem
667 1658 704 1695 in
733 1659 879 1707 aliquo,
910 1671 1018 1698 suam
1051 1659 1210 1696 liberam
1242 1667 1374 1708 poten-

315 1709 406 1746 tiam
435 1723 514 1747 non
542 1710 687 1748 amittit.
718 1711 795 1748 Sed
823 1719 1027 1760 antequam
1057 1712 1299 1748 constitueret
1321 1713 1375 1749 ul-

314 1762 454 1800 timum
486 1764 605 1800 finem
637 1776 749 1800 suurn
781 1764 820 1800 in
851 1764 936 1811 illo,
970 1772 1061 1813 puta
1088 1764 1126 1801 in
1157 1766 1373 1813 voluptate,

314 1823 463 1864 poterat
492 1816 719 1853 constituere
746 1817 865 1853 finem
895 1829 1008 1854 suurn
1034 1817 1209 1854 ultimum
1229 1818 1267 1855 in
1286 1818 1372 1866 alio,

313 1876 408 1917 puta
434 1869 473 1906 in
501 1869 650 1907 divitiis.
680 1870 781 1917 Ergo
811 1869 925 1907 etiam
952 1878 1156 1919 postquam
1186 1871 1375 1907 constituit

317 1921 451 1970 aliquis
478 1922 654 1959 ultimum
689 1922 808 1959 finem
844 1935 934 1959 suae
967 1923 1172 1960 voluntatis
1199 1923 1238 1960 in
1264 1924 1374 1960 volu-

313 1981 429 2023 ptate,
457 1982 582 2024 potest
609 1975 720 2012 simul
749 1975 973 2012 constituere
1001 1975 1177 2012 ultimum
1196 1976 1315 2012 finem
1335 1976 1373 2013 in

317 2026 465 2066 divi-tiis.
495 2028 597 2076 Ergo
625 2028 806 2076 possibile
826 2035 881 2064 est
900 2028 1136 2064 voluntatem
1165 2029 1276 2065 unius
1304 2029 1373 2066 ho-

315 2078 429 2117 minis
446 2079 557 2118 simul
576 2081 663 2117 ferri
680 2080 719 2117 in
739 2080 899 2127 diversa,
921 2080 1015 2117 sicut
1033 2080 1070 2117 in
1089 2080 1244 2117 ultimos
1262 2081 1372 2119 fines.

369 2133 444 2170 SED
473 2145 639 2180 CONTRA,
669 2132 759 2170 illud
778 2132 816 2169 in
835 2145 913 2181 quo
934 2132 1091 2181 quiescit
1118 2133 1251 2181 aliquis
1279 2133 1374 2171 sicut

315 2184 355 2222 in
382 2185 516 2222 ultimo
544 2187 634 2233 fine,
654 2185 828 2222 hominis
856 2185 1007 2225 affectui
1027 2185 1257 2222 dominatur:
1284 2187 1372 2234 quia

315 2249 362 2274 ex
389 2249 437 2274 eo
465 2238 578 2275 totius
605 2238 705 2275 vitae
734 2250 825 2275 suae
853 2238 1001 2284 regulas
1029 2238 1173 2287 accipit.
1194 2238 1305 2275 Unde
1325 2239 1372 2276 de

313 2289 456 2337 gulosis
475 2290 608 2327 dicitur
619 2290 751 2338 Philip.
765 2290 845 2327 111*:
866 2291 1035 2332 Quorum
1051 2291 1140 2327 deus
1157 2296 1287 2327 venter
1304 2297 1373 2328 est:

314 2341 402 2391 quia
425 2342 564 2380 scilicet
588 2343 820 2379 constituunt
837 2343 1014 2381 ultimum
1034 2344 1152 2380 finem
1173 2343 1211 2380 in
1231 2343 1373 2381 deliciis

311 2395 466 2433 ventris.
493 2396 571 2433 Sed
599 2396 694 2432 sicut
721 2395 852 2432 dicitur
874 2396 981 2433 Matt.
1002 2395 1092 2443 V1*,
1122 2408 1232 2432 nemo
1253 2402 1376 2444 potest

312 2447 456 2485 duobus
483 2449 643 2486 dominis
669 2449 828 2494 servire,
858 2449 906 2485 ad
934 2448 1099 2486 invicem
1128 2448 1267 2485 scilicet
1294 2461 1373 2486 non

313 2501 502 2539 ordinatis.
523 2502 625 2549 Ergo
644 2501 877 2551 impossibile
897 2509 953 2538 est
972 2514 1054 2538 esse
1073 2502 1198 2550 plures
1219 2501 1373 2539 ultimos

312 2553 410 2591 fines
436 2554 547 2592 unius
573 2555 738 2592 hominis
765 2554 816 2591 ad
843 2554 1009 2591 invicem
1038 2567 1116 2591 non
1140 2554 1344 2592 ordinatos.

365 2608 591 2645 REsponmzo
611 2619 794 2644 mCENDUM
814 2607 919 2656 quod
938 2607 1172 2656 impossibile
1193 2615 1249 2644 est
1268 2607 1373 2656 quod

312 2661 490 2697 voluntas
524 2660 636 2697 unius
669 2659 834 2696 hominis
867 2660 978 2696 simul
995 2672 1047 2698 *se
1075 2660 1214 2697 habeat
1241 2661 1291 2697 ad
1319 2660 1373 2696 di-

311 2723 435 2760 versa,
465 2713 560 2749 sicut
579 2714 628 2750 ad
645 2712 800 2750 ultimos
819 2713 916 2749 fines
931 2712 962 2750 ³¹⁸.
989 2713 1107 2749 Cuius
1127 2712 1220 2749 ratio
1249 2720 1374 2761 potest

312 2765 444 2814 triplex
463 2765 653 2812 assignari.
679 2765 807 2802 Prima
826 2772 882 2802 est
900 2765 999 2814 quia,
1021 2777 1109 2802 cum
1127 2766 1373 2813 unumquod-

313 2830 387 2866 que
407 2825 559 2866 appetat
578 2829 687 2854 suam
715 2817 999 2866 perfectionem,
1029 2818 1120 2855 illud
1149 2818 1291 2867 appetit
1310 2818 1373 2855 ali-

313 2871 397 2919 quis
425 2878 466 2907 ut
491 2870 669 2921 ultimum
696 2870 827 2917 finem,
857 2871 961 2919 quod
989 2871 1131 2920 appetit
1156 2878 1198 2908 ut
1226 2872 1372 2908 bonum

312 2924 524 2973 perfectum
553 2930 590 2960 et
618 2923 890 2972 completivum
918 2923 975 2960 sui
1002 2924 1129 2971 ipsius.
1154 2924 1266 2961 Unde
1293 2926 1371 2960 Au-

313 2976 484 3025 gustinus
516 2976 623 3023 dicit,
658 2977 749 3012 XIX
776 2977 821 3012 de
853 2976 932 3013 Civ.
961 2977 1037 3012 Dei
1056 2976 1096 3012 *ε
1125 2977 1258 3013 Finem
1286 2977 1376 3013 boni

313 3041 414 3067 nunc
440 3029 608 3074 dicimus,
638 3041 713 3065 non
741 3029 842 3077 quod
867 3027 1140 3065 consumaturss
1159 3035 1199 3064 ut
1216 3041 1290 3065 non
1315 3029 1371 3074 sit,

312 3083 378 3120 sed
395 3083 496 3130 quod
515 3081 739 3130 perficiatur
757 3087 799 3118 ut
818 3081 972 3130 plenum
990 3081 1047 3118 sit.
1076 3082 1238 3129 Oportet
1265 3081 1375 3128 igitur

366 3199 393 3230 α)
407 3198 515 3230 primis.
527 3210 546 3216 -
563 3198 639 3222 bouis
657 3197 745 3226 PKsB,
760 3196 902 3228 principiis
921 3196 991 3220 LsH.

366 3232 390 3266 β)
410 3235 591 3259 consumatur.
602 3246 621 3252 -
638 3232 804 3257 consumitur
818 3233 862 3256 Pa.
873 3246 891 3251 -
906 3232 956 3256 Pro
970 3231 1134 3264 perficiatur,
1152 3230 1290 3263 perficitur
1308 3229 1371 3255 PBC

312 3269 440 3299 DEGHa;
459 3276 507 3301 pro
522 3269 640 3300 plenum,
656 3268 734 3299 pIene
754 3268 798 3292 Pa.

365 3305 391 3338 γ)
411 3305 569 3337 perfectum.
583 3317 599 3321 —
614 3303 791 3336 perfectivum
812 3302 840 3327 Ρ.

1430 820 1534 868 quod
1561 820 1715 858 ultimus
1734 821 1820 858 finis
1839 822 1889 858 ita
1907 822 2062 871 impleat
2089 830 2210 859 totum
2235 822 2399 859 hominis
2418 835 2484 872 ap-

1428 873 1598 920 petitum,
1625 874 1729 923 quod
1748 874 1838 910 nihil
1865 882 1966 911 extra
1993 874 2120 924 ipsum
2149 875 2408 924 appetendum
2428 887 2484 912 re-

1428 925 1626 974 linquatur.
1657 926 1773 973 Quod
1793 939 1875 964 esse
1894 940 1973 964 non
1990 935 2126 976 potest,
2157 928 2187 964 si
2207 928 2346 977 aliquid
2366 934 2484 965 extra-

1428 990 1544 1014 neum
1559 978 1607 1016 ad
1621 978 1736 1027 ipsius
1750 979 2022 1027 perfectionem
2042 980 2264 1029 requiratur.
2280 981 2390 1018 Unde
2406 993 2484 1018 non

1428 1038 1552 1079 potest
1579 1043 1662 1068 esse
1690 1031 1794 1079 quod
1814 1031 1852 1068 in
1872 1032 1948 1069 duo
1972 1032 2025 1069 sic
2052 1034 2180 1070 tendat
2211 1033 2411 1082 appetitus,
2439 1045 2484 1070 ac

1428 1083 1458 1119 si
1486 1091 1690 1132 utrumque
1718 1084 1764 1120 sit
1791 1085 1938 1121 bonum
1965 1085 2175 1133 perfectum
2198 1091 2214 1114 Υ
2242 1086 2369 1134 ipsius.

1483 1136 1659 1173 Secunda
1687 1136 1780 1173 ratio
1810 1144 1865 1173 est
1893 1137 2000 1185 quia,
2031 1137 2125 1174 sicut
2153 1138 2191 1174 in
2218 1150 2399 1186 processu
2427 1149 2484 1175 ra-

1427 1188 1539 1225 tionis
1566 1188 1794 1238 principium
1824 1196 1879 1226 est
1905 1189 1943 1226 id
1971 1190 2077 1237 quod
2104 1191 2321 1227 naturaliter
2345 1203 2484 1239 cogno-

1428 1241 1553 1288 scitur,
1582 1241 1632 1278 ita
1651 1239 1664 1263 ⁶
1691 1242 1730 1278 in
1757 1253 1939 1290 processu
1966 1242 2156 1279 rationalis
2183 1243 2389 1291 appetitus,
2419 1243 2483 1290 qui

1429 1300 1484 1329 est
1516 1294 1712 1340 voluntas,
1747 1301 1896 1342 oportet
1931 1306 2012 1332 esse
2044 1294 2270 1343 principium
2306 1295 2344 1332 id
2378 1295 2483 1344 quod

1428 1346 1641 1382 naturaliter
1676 1346 1918 1383 desideratur.
1949 1347 2035 1383 Hoc
2063 1354 2190 1384 autem
2225 1355 2375 1396 oportet
2402 1360 2483 1384 esse

1427 1409 1565 1433 unum:
1586 1398 1672 1446 quia
1691 1406 1824 1435 natura
1843 1411 1920 1435 non
1939 1399 2057 1436 tendit
2076 1399 2146 1436 nisi
2162 1400 2211 1436 ad
2229 1412 2362 1437 unum.
2379 1401 2484 1437 Prin-

1429 1449 1570 1498 cipium
1598 1457 1726 1486 autem
1746 1450 1785 1486 in
1803 1463 1985 1498 processu
2013 1452 2202 1488 rationalis
2222 1452 2409 1501 appetitus
2430 1461 2485 1490 est

1427 1501 1580 1538 ultimus
1607 1502 1704 1539 finis.
1731 1502 1842 1540 Unde
1871 1510 2020 1551 oportet
2038 1503 2076 1540 id
2094 1504 2132 1540 in
2151 1505 2256 1552 quod
2277 1505 2394 1542 tendit
2412 1518 2483 1543 vo-

1427 1554 1550 1591 luntas
1578 1555 1647 1590 sub
1677 1554 1819 1591 ratione
1848 1555 1969 1591 ultimi
1996 1555 2095 1602 finis,
2126 1569 2206 1592 esse
2233 1570 2366 1594 unum.

1481 1607 1609 1643 Tertia
1634 1607 1726 1643 ratio
1757 1615 1811 1643 est
1830 1607 1929 1656 quia,
1951 1620 2038 1644 curn
2067 1608 2231 1645 actiones
2250 1610 2483 1646 voluntariae

1429 1671 1474 1695 ex
1501 1660 1578 1696 fine
1598 1659 1765 1707 speciem
1788 1660 1999 1706 sortiantur,
2029 1660 2124 1697 sicut
2146 1673 2260 1709 supra
2277 1661 2297 1683 '¹‘
2315 1662 2483 1699 habitum
2510 1662 2521 1673 “

1429 1719 1494 1758 est,
1523 1719 1672 1760 oportet
1698 1712 1801 1760 quod
1827 1724 1849 1748 a
1867 1713 1943 1748 fine
1970 1712 2113 1759 ultimo,
2142 1714 2206 1760 qui
2231 1722 2287 1750 est
2313 1727 2484 1751 commu-

1427 1764 1495 1811 nis,
1517 1764 1738 1802 sortiantur⁵
1758 1764 1942 1802 rationem
1957 1765 2119 1812 generis:
2141 1766 2235 1802 sicut
2254 1774 2291 1803 et
2303 1767 2485 1804 naturalia

1425 1825 1619 1865 ponuntur
1637 1817 1676 1854 in
1694 1829 1831 1865 genere
1851 1817 2062 1854 secundum
2079 1818 2277 1856 formalem
2297 1819 2482 1856 rationem

1427 1882 1684 1907 communem.
1706 1870 1807 1906 Cum
1829 1870 1940 1917 igitur
1965 1870 2094 1909 omnia
2119 1871 2332 1919 appetibilia
2349 1873 2484 1910 volun-

1426 1922 1527 1970 tatis,
1556 1923 1780 1971 inquantum
1811 1922 2052 1970 huiusmodi,
2079 1923 2152 1960 sint
2175 1923 2288 1961 unius
2315 1924 2482 1972 generis,

1427 1982 1575 2024 oportet
1593 1975 1768 2012 ultimum
1795 1975 1915 2012 finem
1943 1987 2024 2012 esse
2054 1987 2184 2013 unum.
2206 1977 2255 2013 Et
2281 1977 2483 2025 praecipue

1427 2028 1515 2075 quia
1542 2028 1582 2064 in
1610 2028 1779 2076 quolibet
1801 2039 1939 2075 genere
1967 2035 2024 2064 est
2049 2040 2169 2065 unum
2195 2029 2363 2076 primum
2381 2030 2483 2078 prin-

1426 2080 1582 2129 cipium:
1602 2080 1754 2117 ultimus
1778 2087 1904 2116 autem
1924 2080 2010 2117 finis
2028 2081 2142 2118 habet
2165 2081 2352 2118 rationem
2370 2082 2483 2130 primi

1426 2133 1609 2181 principii,
1637 2140 1680 2170 ut
1708 2132 1851 2170 dictum
1879 2139 1945 2169 est.
2398 2168 2400 2170 ,

1480 2185 1584 2222 Sicut
1619 2192 1747 2222 autem
1784 2197 1824 2222 se
1858 2185 1974 2221 habet
2008 2184 2162 2222 ultimus
2199 2185 2286 2223 finis
2317 2186 2484 2224 hominis

1426 2237 1642 2286 simpliciter
1669 2237 1718 2274 ad
1745 2244 1867 2273 totum
1892 2238 2100 2274 humanum
2121 2249 2253 2285 genus,
2281 2238 2332 2274 ita
2358 2251 2399 2275 se
2418 2239 2484 2276 ha-

1426 2291 1490 2327 bet
1508 2290 1662 2327 ultimus
1676 2290 1762 2327 finis
1781 2290 1892 2326 huius
1911 2289 2077 2326 hominis
2092 2291 2141 2327 ad
2157 2291 2260 2327 hunc
2274 2291 2483 2329 hominem.

1427 2342 1538 2380 Unde
1564 2350 1713 2391 oportet
1732 2342 1850 2390 quod,
1878 2342 1972 2379 sieut
2000 2342 2173 2379 omnium
2201 2343 2402 2380 hominum
2431 2351 2486 2381 est

1427 2395 1642 2432 naturaliter
1668 2407 1767 2432 unus
1795 2395 1880 2432 finis
1907 2395 2073 2442 ultimus,
2102 2396 2152 2431 ita
2181 2396 2294 2432 huius
2320 2397 2484 2434 hominis

1426 2449 1601 2486 voluntas
1628 2447 1667 2485 in
1693 2460 1772 2485 uno
1799 2448 1933 2484 ultimo
1961 2448 2039 2485 fine
2067 2455 2259 2486 statuatur.

1479 2503 1538 2538 Ab
1558 2512 1695 2538 PRIMUM
1714 2512 1812 2539 ERGO
1831 2512 2015 2537 DICENDUM
2029 2501 2134 2549 quod
2149 2501 2278 2538 omnia
2295 2501 2358 2538 illa
2375 2502 2483 2550 plura

1427 2554 1708 2602 accipiebantur
1724 2553 1763 2590 in
1782 2553 1926 2590 ratione
1945 2553 2056 2590 unius
2076 2553 2168 2599 b,oni
2186 2554 2340 2602 perfecti
2360 2566 2405 2591 ex
2423 2554 2482 2592 his

1427 2606 1637 2654 constituti,
1667 2607 1715 2643 ab
1742 2605 1799 2643 his
1827 2606 1892 2653 qui
1918 2605 1958 2643 in
1986 2606 2038 2643 eis
2065 2605 2240 2643 ultimum
2268 2607 2387 2643 finem
2414 2619 2483 2655 po-

1427 2660 1578 2696 nebant.

1478 2713 1537 2749 An
1566 2723 1755 2749 SECUNDUM
1774 2722 1958 2748 DICENDUM
1977 2710 2093 2759 quod,
2115 2711 2183 2747 etsi
2205 2711 2313 2759 plura
2332 2710 2344 2737 ζ
2362 2712 2482 2761 accipi

1426 2764 1571 2812 possint
1603 2776 1702 2813 quae
1735 2764 1783 2801 ad
1808 2763 1974 2800 invicem
2003 2763 2283 2812 oppositionem
2311 2776 2389 2801 non
2405 2765 2481 2802 ha-

1427 2818 1560 2864 beant,
1588 2824 1717 2854 tamen
1745 2817 1848 2853 bono
1877 2816 2044 2864 perfecto
2073 2816 2276 2865 opponitur
2303 2817 2408 2864 quod
2435 2817 2482 2854 sit

1426 2869 1568 2918 aliquid
1596 2869 1644 2906 de
1671 2869 1900 2918 perfectione
1929 2868 1982 2905 rei
2011 2875 2112 2905 extra
2139 2868 2265 2917 ipsum
2281 2874 2311 2905 η.

1479 2924 1537 2959 AD
1565 2934 1724 2959 TERTIUM
1751 2933 1934 2959 DICENDUM
1961 2921 2067 2969 quod
2090 2928 2256 2969 potestas
2274 2921 2480 2959 voluntatis

1426 2987 1505 3012 non
1531 2975 1646 3012 habet
1677 2982 1718 3011 ut
1745 2974 1856 3011 faciat
1887 2973 2061 3022 opposita
2095 2985 2176 3011 esse
2208 2973 2331 3011 simul.
2365 2974 2482 3020 Quod

1427 3027 1674 3075 contingeret,
1703 3027 1733 3063 si
1761 3027 1930 3063 tenderet
1955 3026 1995 3065 in
2020 3026 2130 3074 plura
2163 3025 2352 3075 disparata
2385 3027 2480 3064 sicut

1425 3080 1464 3117 in
1491 3080 1781 3127 ultimosfines,
1809 3086 1851 3117 ut
1878 3091 1924 3116 ex
1951 3078 2057 3116 dictis
2075 3078 2096 3100 '¹‘
2122 3086 2235 3127 patet.

1476 3193 1501 3226 δ)
1522 3194 1569 3218 ita.
1582 3207 1601 3212 -
1619 3194 1658 3218 ita
1676 3196 1703 3218 et
1720 3194 1829 3218 codices.

1478 3230 1500 3261 ε)
1519 3229 1676 3254 sortiantur.
1689 3242 1708 3247 -
1725 3229 1857 3253 sortiatur
1875 3227 2073 3256 ACDFGHlLa‚
2093 3234 2183 3252 omnes
2201 3228 2351 3253 sortiantur
2369 3229 2401 3253 K.

1477 3264 1502 3296 ζ)
1518 3265 1633 3295 plura.-
1641 3265 1724 3296 plura
1733 3263 1824 3295 aliqua
1833 3263 2022 3287 codices.-Pro
2033 3263 2145 3295 possint,
2156 3266 2270 3295 possunt
2282 3262 2413 3296 PDGKpC
2421 3267 2481 3287 eta.

1479 3301 1505 3331 η)
1520 3300 1613 3331 ipsum.
1626 3313 1646 3318 -
1664 3299 1748 3330 ipsam
1769 3299 1820 3323 PK.

986 3362 1314 3395 Commentaria
1336 3361 1586 3394 cardinalis
1607 3360 1806 3392 Caietam

344 3445 363 3465 u
395 3435 527 3466 articulo
554 3434 667 3475 quinto
699 3433 841 3464 eiusdem
864 3433 983 3473 primae
1011 3432 1221 3473 quaestionis,
1245 3431 1370 3462 adverte

315 3448 449 3520 Iprimo
473 3479 612 3515 titulum,
637 3477 726 3519 quod
749 3477 889 3518 intelligo
912 3477 1018 3517 ipsum
1043 3477 1080 3506 de
1104 3476 1198 3506 simul
1221 3474 1287 3506 fieri
1305 3482 1371 3506 tam

313 3530 395 3560 actu,
421 3519 519 3564 quam
542 3522 652 3553 affectu
677 3531 732 3552 seu
756 3521 875 3552 habitu.
890 3539 911 3544 -
930 3521 1051 3551 Deinde
1075 3520 1140 3550 vim
1165 3519 1324 3550 rationum
1339 3519 1371 3549 in

1426 3441 1567 3471 corpore.
1591 3430 1771 3460 Procedunt
1786 3429 1871 3460 enim
1886 3440 1922 3460 ex
1938 3429 2065 3460 diversis
2085 3429 2254 3470 capitibus:
2278 3438 2352 3458 nam
2368 3428 2478 3468 prima,

1426 3485 1463 3505 ex
1486 3485 1524 3505 eo
1548 3474 1636 3515 quod
1660 3474 1790 3504 ultimus
1813 3473 1884 3504 finis
1906 3473 2000 3504 habet
2022 3473 2176 3503 rationem
2198 3471 2274 3502 boni
2289 3471 2417 3512 perfecti
2433 3481 2478 3502 re-

1428 3525 1535 3559 spectu
1560 3518 1659 3554 illius;
1685 3518 1830 3554 secunda,
1855 3527 1891 3547 ex
1914 3527 1952 3548 eo
1975 3517 2063 3558 quod
2086 3517 2179 3547 habet
2207 3516 2362 3547 rationem
2384 3515 2480 3556 primi

2511 390 2521 400 *
2537 390 2602 412 Lect-
2611 397 2634 412 v.
2646 403 2657 407 -
2670 391 2728 413 Did,

2512 416 2622 471 kb.⁵VIII‚
2633 423 2725 445 capsi,

2506 3065 2516 3074 ·
2535 3064 2560 3085 ln
2579 3070 2660 3092 corp„
2679 3069 2702 3086 et

2506 3096 2568 3118 resp.
2583 3090 2612 3112 ad
2625 3097 2647 3112 π.
