2852 4152
1027 273 1293 334 QUAEs'rio
1323 274 1426 320 xm,

346 351 487 401 aliquid
516 351 614 388 circa
649 351 910 399 operationem
945 351 1174 389 considerari
1199 359 1325 401 potest
1352 353 1403 389 fa-

347 405 523 442 cultatem
544 403 733 452 operantis
753 404 951 452 excedens,
971 412 1127 454 propter
1146 405 1250 453 quod
1270 405 1404 454 aliquis

347 457 480 505 refugit
499 457 700 494 actionem.
717 457 767 493 Et
785 458 994 496 secundum
1014 458 1100 505 hoc,
1116 457 1304 506 segnities,
1321 469 1403 494 eru-

346 509 539 548 bescentia
559 517 596 546 et
617 509 848 547 verecundia
862 518 1056 559 ponuntur
1080 510 1225 559 species
1245 510 1403 547 timoris.

400 565 459 599 An
487 574 647 599 TERTlUM
675 574 858 599 morannum
886 565 991 611 quod
1021 563 1067 600 de
1092 570 1176 600 actu
1203 563 1405 612 praeterito

347 623 473 664 potest
490 615 614 652 timeri
639 615 845 652 convitium
866 617 928 652 vel
954 616 1203 665 opprobrium
1223 615 1404 653 futurum.

349 669 398 705 Et
417 668 627 705 secundum
646 668 732 714 hoc,
752 669 983 706 verecundia
1012 676 1067 705 est
1086 668 1230 717 species
1249 668 1406 706 timoris.

403 722 462 757 An
491 732 663 763 QUARTUM
690 733 874 758 mcENDUM
902 722 1006 770 quod
1034 733 1112 758 non
1136 722 1325 770 quaelibet
1344 721 1408 758 ad-

350 773 497 810 miratio
518 780 554 810 et
572 780 705 821 stupor
723 781 810 810 sunt
828 774 974 822 species
996 774 1163 820 timoris3
1193 774 1260 812 sed
1289 774 1410 811 adrni-

350 825 444 862 ratio
472 838 570 874 quae
599 833 655 862 est
675 826 722 863 de
750 839 890 874 magno
911 827 1025 873 malo,
1047 834 1083 864 et
1110 835 1244 876 stupor
1271 827 1335 876 qui
1356 834 1411 863 est

351 877 399 915 de
418 879 521 915 malo
541 878 703 916 insolito.
725 901 748 906 -
763 880 834 916 Vel
852 887 976 929 potest
1003 879 1076 916 dici
1095 879 1211 929 quod,
1232 879 1328 916 sicut
1355 891 1412 915 se·

351 930 483 979 gnities
512 931 643 979 refugit
670 933 842 969 laborem
871 932 1062 970 exterioris
1091 931 1333 981 operationis,
1362 932 1412 968 ita

405 1060 429 1095 δ)
449 1065 486 1087 ut.
505 1077 522 1081 —
540 1066 566 1087 et
585 1063 706 1088 PEFHK.
723 1077 742 1082 —
761 1064 811 1088 Pro
830 1063 932 1093 habeat,
952 1063 1048 1088 habent
1067 1064 1142 1095 EFK,
1162 1064 1240 1089 habet
1252 1065 1285 1089 H.

1456 273 1750 311 ARTlcULus
1781 273 1831 310 ιν
2439 273 2512 319 275

1459 352 1658 390 admiratio
1687 359 1723 389 et
1751 359 1882 401 stupor
1916 352 2103 400 refugiunt
2138 352 2396 389 difficultatem
2427 365 2517 389 con-

1459 405 1695 443 siderationis
1714 405 1767 442 rei
1786 416 1947 452 magnae
1967 413 2004 442 et
2025 404 2210 451 insolitae,
2232 405 2312 442 sive
2341 405 2387 442 sit
2414 406 2517 442 bona

1459 458 1540 495 sive
1567 458 1687 495 mala:
1715 465 1758 494 ut
1784 455 1798 479 δ
1825 458 1900 494 hoc
1928 457 2046 495 modo
2075 469 2115 494 se
2143 458 2282 494 habeat
2318 458 2516 494 admiratio

1461 519 1497 548 et
1525 519 1656 559 stupor
1683 510 1732 547 ad
1756 517 1884 547 actum
1912 509 2133 557 intellectus,
2154 510 2248 547 sieut
2276 510 2450 557 segnities
2469 510 2518 547 ad

1462 563 1686 600 exteriorem
1714 571 1854 600 actum.

1514 618 1572 652 AD
1593 628 1754 658 Qum-rum
1782 627 1966 653 monimum
1985 615 2088 664 quod
2117 615 2308 652 admirans
2329 615 2462 663 refugit
2481 615 2519 652 in

1461 669 1651 718 praesenti
1679 669 1769 706 dare
1797 668 1978 706 iudicium
2007 668 2054 705 de
2084 681 2129 705 eo
2158 667 2263 716 quod
2291 668 2458 714 miratur,
2478 667 2521 704 ti-

1463 734 1571 758 mens
1600 722 1802 768 defectum,
1823 721 1891 758 sed
1914 721 1952 758 in
1980 722 2147 758 futurum
2173 721 2334 770 inquirit.
2357 721 2520 769 Stupens

1463 782 1591 810 autem
1618 774 1726 811 timet
1745 782 1780 811 et
1807 774 1846 811 in
1864 774 2052 822 praesenti
2080 773 2259 820 iudicare,
2281 782 2316 810 et
2334 773 2372 810 in
2395 774 2520 810 futuro

1464 827 1664 875 inquirere.
1693 827 1804 864 Unde
1833 827 2030 864 admiratio
2060 835 2116 864 est
2141 826 2368 875 principium
2400 826 2522 875 philo-

1465 879 1669 928 sophandi:
1700 880 1767 916 sed
1795 887 1928 928 stupor
1955 887 2010 917 est
2033 879 2320 929 philosophicae
2349 879 2522 916 conside-

1465 932 1618 968 rationis
1646 932 1974 980 impedimentum.
2149 942 2152 945 '

1023 1151 1354 1184 Commentaria
1377 1151 1630 1185 cardinalis
1651 1152 1851 1185 Caietam·

383 1247 404 1268 N
422 1243 490 1269 tota
510 1237 694 1278 quaestione
712 1238 1055 1279 quadragesimaprima
1076 1238 1155 1269 nihil
1177 1239 1255 1269 mihi
1278 1239 1413 1269 occurrit

357 1249 595 1318 Iscribendum,
619 1281 680 1312 nisi
703 1282 792 1321 quod
810 1282 951 1313 advertas
973 1282 1214 1313 admirationem
1238 1283 1276 1313 ab
1292 1283 1413 1313 Aristo-

115 1333 128 1344 ·
141 1332 200 1362 cap.
212 1338 246 1360 xx,
259 1338 326 1356 n.21.
353 1325 424 1362 tele,
445 1325 479 1355 in
500 1325 512 1355 1
531 1326 688 1356 Rhetoric.
708 1324 735 1361 θ’,
760 1325 838 1365 poni
854 1326 1152 1365 concupiscentiam,
1175 1336 1192 1356 a
1213 1326 1412 1356 Damasceno

354 1379 429 1400 vero
448 1369 614 1400 timorem:
631 1375 687 1399 aut
701 1369 777 1409 quia
793 1369 997 1399 communius
1013 1379 1049 1399 ea
1065 1379 1142 1399 usus
1158 1376 1204 1400 est
1218 1369 1411 1406 Aristoteles,

353 1413 513 1455 iste—§tero
530 1411 714 1452 specialiter,
731 1418 768 1442 ut
783 1418 829 1442 est
843 1419 988 1452 respectu
1004 1412 1138 1443 difficilis
1152 1412 1241 1448 mali;
1262 1419 1317 1443 aut
1339 1414 1414 1454 quia

348 1453 488 1496 Titi-aque
509 1455 615 1495 passio
638 1455 671 1485 in
694 1454 902 1486 admiratione
931 1455 1099 1492 clauditur,
1125 1456 1241 1486 scilicet
1265 1456 1414 1497 concupi-

355 1498 472 1530 scentia
500 1504 532 1530 et
557 1498 670 1535 timor,
695 1505 725 1529 et
747 1499 868 1530 ratione
895 1499 980 1530 illius
1008 1499 1152 1536 delectat,
1176 1500 1296 1530 ratione
1325 1500 1414 1531 istius

1466 1249 1542 1270 non.
1567 1239 1607 1270 Et
1630 1239 1784 1280 quoniam
1807 1239 1983 1279 experimur
2005 1239 2193 1270 admirantes
2216 1249 2275 1269 nos
2299 1239 2462 1275 delectari,
2487 1246 2525 1270 ut

1466 1283 1610 1323 superius
1620 1281 1635 1298 *
1648 1283 1768 1314 dictum
1781 1290 1835 1319 est,
1847 1283 2012 1314 admiratio
2026 1283 2125 1323 magis
2142 1283 2413 1323 concupiscentiae
2425 1293 2523 1324 quam

1466 1327 1588 1357 timoris
1611 1327 1713 1358 habet.
1738 1327 1871 1358 Videtur
1893 1334 1999 1358 tamen
2026 1327 2145 1368 aliquid
2173 1327 2295 1368 timoris
2323 1337 2447 1367 semper
2468 1327 2523 1358 ha-

1466 1371 1548 1406 bere,
1573 1371 1651 1400 dum
1674 1371 1764 1401 timet
1786 1371 1908 1401 malum
1927 1371 2126 1407 difficultatis,
2151 1378 2186 1402 ut
2209 1371 2241 1401 in
2265 1371 2469 1412 responsione
2484 1372 2524 1401 ad

1466 1421 1631 1454 quartum:
1655 1415 1705 1444 vel
1728 1415 1834 1455 potius
1857 1414 1975 1451 iudicii,
1999 1421 2036 1446 ut
2049 1415 2082 1446 in
2097 1415 2302 1455 responsione
2318 1416 2359 1446 ad
2373 1415 2523 1446 ultimum

1467 1457 1590 1488 dicitur.
1615 1458 1793 1498 Utrumque
1817 1458 1903 1489 enim
1925 1458 2048 1490 malum
2070 1466 2194 1500 praesto
2219 1467 2264 1491 est
2287 1459 2464 1496 admiranti,
2480 1459 2523 1489 la-

1467 1501 1552 1531 boris
1576 1501 1692 1532 scilicet
1707 1508 1737 1532 et
1760 1502 1889 1532 erroris:
1914 1503 1968 1532 sed
1991 1503 2052 1534 hoc
2075 1503 2277 1534 communius
2300 1503 2432 1535 videtur.

2551 1293 2559 1301 ι

2550 1319 2563 1340 8

2576 1292 2624 1319 Qu.
2634 1297 2706 1319 xxxxi,
2718 1295 2760 1314 art.
