2852 4152
88 945 100 956 '
113 931 167 967 Vid.
182 950 246 967 unm.
261 950 287 966 n.

88 1337 100 1349 ”
113 1332 150 1356 (Σ
163 1332 222 1355 ibid.

94 3094 151 3118 'De
158 3093 218 3118 Fue
227 3095 305 3123 orm„

94 3121 138 3144 ab.
141 3121 229 3150 meap-
234 3127 306 3144 xxvn.

95 3199 176 3223 ‘mm
184 3202 236 3229 οφ.
242 3206 307 3223 xxiv.

1033 245 1298 293 QUAESTIO
1326 245 1397 291 Vl,
1427 245 1721 282 ARTICULUS
1755 245 1786 281 ΙΙ

327 326 439 368 agendi
461 325 662 367 principium,
686 334 752 355 non
775 324 881 354 solum
904 332 949 355 est
968 324 1160 365 principium
1182 323 1304 364 agendi,
1329 324 1383 354 sed

327 370 439 412 agendi
457 376 586 411 propter
600 368 713 404 finem;
737 368 890 398 naturalia
906 368 999 405 enim,
1017 375 1053 399 ut
1067 369 1120 405 sic,
1144 375 1241 408 agunt
1256 374 1385 408 propter

326 414 432 445 finem.

384 453 434 488 ΠΙ.
456 454 546 488 Circa
562 456 649 486 illam
673 455 766 485 aliam
789 455 1041 495 propositionem
1055 456 1088 486 in
1104 455 1218 486 eodem
1242 465 1383 496 corpore,

328 501 460 533 scilieet:
488 500 716 540 Quodcumque
737 499 784 529 sic
805 500 876 540 agit
892 500 943 530 vel
956 505 1101 530 movetur
1123 509 1143 529 a
1160 500 1323 540 principio·
1337 500 1384 530 in—

327 547 483 582 trinseco,
507 544 591 585 quod
612 543 705 574 habet
727 543 868 583 aliquam
893 544 1035 573 notitiam
1047 544 1141 584 finis,
1165 543 1258 574 habet
1280 545 1312 574 in
1336 553 1384 574 se-

329 590 397 630 ipso
411 589 609 630 principium
632 588 683 618 sui
705 593 796 618 actus
820 597 882 617 non
905 588 1008 617 solum
1034 593 1069 617 ut
1091 593 1188 628 agat,
1212 587 1269 618 sed
1290 589 1384 618 etiam

329 638 365 665 ut
385 637 467 674 agat
482 637 617 672 propter
628 632 749 672 finem,
775 631 909 661 dubium
933 631 1080 667 occurrit,
1105 631 1180 671 quia
1203 631 1387 662 contradicit

329 675 582 708 determinationi
611 675 709 706 factae
737 675 769 705 in
795 684 812 704 2
833 681 888 706 art.
910 685 965 715 qu.
989 686 1014 710 1,
1043 674 1098 704 ubi
1125 675 1312 705 conclusum
1340 682 1387 706 est

329 729 395 751 esse
418 719 583 760 proprium
606 719 766 749 rationalis
794 725 922 749 naturae
945 728 1035 758 agere
1058 725 1186 758 propter
1207 717 1320 755 finem,
1344 719 1387 749 ita

328 768 365 795 ut
386 770 514 794 moveat
536 773 568 793 se
592 763 632 793 ad
653 761 761 793 finem.
797 762 858 793 Hic
881 762 965 793 enim
990 772 1131 802 expresse
1163 762 1276 793 dicitur
1298 762 1389 803 quod

327 807 526 843 huiusmodi,
538 813 576 837 ut
589 806 746 843 animalia,
762 813 892 837 movent
914 816 946 836 se
965 807 1004 836 ad
1019 805 1126 841 finem,
1150 806 1225 846 quia'
1247 806 1387 846 aliquam

329 851 545 892 cognitionem
567 850 638 880 finis
663 850 786 881 habent.
811 851 988 887 Quomodo
1012 856 1094 880 stant
1117 850 1193 880 haec
1216 848 1333 880 simul?

381 895 432 926 1v.
450 894 542 925 Circa
565 894 732 924 deductam
748 894 780 924 in
797 895 910 924 eodem
930 903 1062 934 corpore
1085 893 1337 933 propositionem
1352 904 1389 924 ex

327 939 484 979 praedicta
496 938 522 975 *‚
543 938 676 969 scilicet:
703 938 793 969 Unde
815 938 996 968 huiusmodi
1017 937 1169 967 dicuntur
1184 947 1245 968 non
1263 948 1389 969 movere

327 984 444 1023 seipsa,
462 981 518 1013 sed
539 983 579 1012 ab
597 983 671 1012 aliis
686 983 822 1019 moveri,
846 982 980 1012 dubium
1000 990 1130 1022 quoque
1146 981 1289 1018 occurrit,
1307 992 1387 1022 quo-

328 1027 416 1058 niam
442 1032 565 1057 constat
595 1027 684 1067 quod
706 1026 890 1066 vegetabilia
913 1031 1044 1056 movent
1074 1024 1175 1064 seipsa
1198 1032 1289 1056 motu
1314 1036 1387 1066 aug-

328 1070 427 1102 menti
457 1071 497 1100 ad
525 1079 637 1100 omnes
667 1069 853 1101 differentias
880 1069 1062 1109 positionis,
1093 1075 1123 1099 et
1151 1075 1255 1099 tamen
1285 1076 1389 1100 carent

328 1115 440 1145 notitia
467 1113 548 1144 finis.
579 1114 708 1144 Falsum
738 1123 813 1154 ergo
844 1120 890 1143 est
919 1114 1008 1154 quod
1038 1112 1240 1149 huiusmodi,
1273 1114 1389 1144 scilicet

329 1158 464 1190 carentia
490 1157 561 1188 finis
590 1157 717 1194 notitia,
746 1167 812 1188 non
841 1157 988 1187 dicuntur
1014 1165 1142 1187 movere
1169 1157 1280 1197 seipsa.
1304 1175 1325 1180 -
1347 1158 1389 1188 Et

328 1202 546 1233 confirmatur:
571 1202 646 1249 quia
668 1202 702 1231 in
724 1201 828 1231 Prima
851 1201 950 1237 Parte,
975 1211 1028 1241 qu.
1044 1209 1132 1235 xvm,
1158 1208 1212 1231 art.
1236 1212 1261 1237 1,
1285 1201 1318 1231 in
1341 1211 1388 1231 re-

328 1246 501 1297 sponsione
524 1246 563 1275 ad
588 1255 616 1282 2,
642 1255 784 1285 expresse
807 1244 884 1275 dixit
905 1247 1026 1275 Auctor
1048 1244 1137 1284 quod
1159 1244 1235 1274 haec
1258 1252 1389 1275 movent

329 1290 373 1320 sei
397 1300 440 1320 sa.

374 1300 420 1364 fil.
440 1333 492 1363 Ad
507 1332 627 1372 primae
642 1330 847 1361 dubitationis
860 1330 878 1349 *
901 1330 1100 1365 evidentiam,
1118 1329 1195 1360 scito
1216 1331 1304 1372 quod
1327 1331 1388 1361 hoc

350 1376 417 1410 uod
445 1382 492 1406 est
513 1384 604 1414 agere
631 1381 760 1414 propter
782 1373 898 1409 finem,
922 1380 1027 1413 potest
1053 1374 1167 1406 habere
1195 1374 1387 1413 principium

327 1387 394 1460 dap
394 1416 462 1450 licis
491 1417 626 1456 ordims:
650 1418 785 1448 alterum
813 1417 929 1447 scilicet
956 1419 1075 1457 proprii
1099 1416 1389 1453 ordinis3a1terum

277 1429 534 1501 subordinati.
562 1460 685 1502 Proprii
712 1461 844 1502 quidem
871 1460 990 1491 ordinis
1017 1460 1208 1501 principium
1232 1468 1279 1491 est
1301 1462 1390 1511 quod

326 1506 458 1548 propria
471 1505 585 1536 virtute
599 1505 662 1536 hoc
677 1505 768 1536 facit:
793 1504 988 1535 subordinati
1004 1516 1089 1543 vero,
1106 1505 1195 1545 quod
1214 1505 1390 1554 ‘superioris

326 1549 451 1586 virtutis
473 1548 713 1590 participatione
736 1549 842 1580 solum
865 1549 927 1579 hoc
951 1548 1034 1581 facit.
1063 1551 1104 1581 Et
1123 1548 1277 1589 quoniam
1299 1559 1389 1589 agere

328 1601 458 1636 propter
479 1593 578 1624 finem
601 1593 807 1624 collationem
833 1593 993 1633 quandam
1021 1594 1088 1625 eius
1111 1593 1199 1635 quod
1223 1599 1269 1623 est
1292 1593 1331 1623 ad
1354 1592 1389 1623 fi-

328 1648 413 1674 nem,
437 1637 478 1668 ad
499 1636 606 1678 ipsum
629 1635 736 1673 finem,
760 1637 926 1668 manifeste
943 1637 1110 1677 importat;
1135 1636 1268 1668 conferri
1283 1643 1390 1667 autem

328 1682 363 1713 in
377 1680 478 1713 finem
500 1682 619 1731 absque
642 1681 832 1721 cognitione,
857 1680 914 1712 etsi
933 1679 1071 1721 fingendi
1087 1682 1178 1712 detur
1193 1680 1327 1717 licentia,
1343 1681 1389 1711 in-

329 1725 426 1776 telligi
442 1725 568 1766 nequit:
590 1732 717 1767 oportet
732 1732 768 1755 ut
783 1725 821 1755 de
837 1725 956 1755 ratione
971 1726 1118 1766 principii
1134 1725 1262 1766 propria
1276 1725 1390 1755 virtute

330 1765 422 1801 activi
445 1776 574 1819 propter
596 1766 702 1805 finem,
728 1768 767 1799 sit
790 1769 938 1809 cognitio.
964 1772 1011 1800 Ac
1028 1780 1084 1810 per
1106 1770 1178 1806 hoc,
1198 1769 1391 1819 principium

329 1813 458 1855 propria
479 1813 593 1843 virtute
617 1823 711 1853 agens
734 1819 863 1853 propter
885 1812 992 1849 finem,
1017 1820 1140 1845 constat
1163 1813 1336 1843 necessario
1353 1823 1390 1843 ex

329 1858 429 1898 gradu
453 1857 679 1896 cognoscitivo.
704 1857 745 1887 Et
772 1863 1002 1897 consequenter
1025 1857 1050 1887 si
1073 1857 1151 1898 quid
1181 1867 1246 1887 non
1270 1867 1390 1897 cogno-

330 1901 475 1932 scitivum
501 1901 564 1940 agit
586 1908 715 1941 propter
737 1900 844 1937 finem,
865 1901 921 1931 etsi
937 1901 1049 1932 habeat
1068 1901 1259 1941 principium
1278 1901 1390 1941 agendi

331 1952 460 1986 propter
482 1944 594 1981 finem,
618 1955 684 1975 non
707 1944 801 1975 habet
823 1944 1015 1985 principium
1038 1945 1097 1975 nisi
1121 1945 1316 1975 subordinati
1340 1955 1388 1975 or-

331 1989 423 2026 dinis,
446 1989 536 2030 quod
558 1989 676 2020 scilicet
698 1999 735 2019 ex
759 1989 820 2019 hoc
843 1990 931 2029 quod
954 1996 1000 2020 est
1017 1989 1184 2029 impressio
1200 1989 1357 2029 quaedam
1373 1999 1390 2019 a

331 2032 558 2073 cognoscitivo,
582 2032 750 2073 principiat
771 2040 900 2073 propter
922 2032 1028 2064 finem.

385 2076 428 2108 Et
449 2075 512 2107 hoc
535 2077 633 2107 modo
656 2076 808 2107 naturalia
831 2083 929 2116 agunt
951 2083 1080 2118 propter
1102 2076 1209 2106 finem.
1234 2076 1278 2107 Ita
1301 2076 1390 2116 quod

332 2119 550 2161 aequivocatio
566 2126 612 2151 est
630 2120 680 2150 hic
698 2120 780 2150 inter
801 2120 936 2151 litteram
959 2120 1049 2156 hanc,
1067 2127 1097 2150 et
1115 2120 1291 2150 secundum
1304 2120 1389 2160 Phy-

329 2165 469 2195 sicorum
484 2174 520 2194 ac
534 2164 680 2195 rationes.
704 2166 825 2195 Auctor
847 2164 1004 2205 siquidem
1025 2164 1168 2205 loquitur
1183 2164 1222 2195 de
1237 2163 1391 2205 principio
1416 2153 1421 2206 Ι

2444 247 2488 293 57

1438 330 1547 363 agente
1564 329 1692 364 propter
1706 322 1802 353 finem
1818 322 1945 362 propria
1959 322 2082 354 virtute.
2107 323 2147 353 Et
2170 323 2208 353 de
2227 324 2281 354 tali
2293 325 2492 355 verissimum

1438 375 1484 398 est
1503 367 1603 398 dicere
1618 367 1707 408 quod
1725 367 1757 397 in
1774 367 1849 397 solis
1872 366 2092 406 cognoscitivis
2115 374 2161 397 est
2176 367 2365 407 principium
2381 369 2492 407 agendi

1438 418 1567 452 propter
1581 410 1692 442 finem:
1716 411 1800 451 quia,
1826 417 1861 441 ut
1876 410 1907 440 in
1923 410 2024 441 littera
2040 410 2162 446 dicitur,
2186 411 2225 440 ad
2243 411 2305 442 hoc
2328 413 2415 452 quod
2439 412 2492 442 ali-

1438 456 1516 496 quid
1539 454 1592 486 fiat
1614 462 1743 495 propter
1771 453 1887 490 finem,
1912 454 2080 495 requiritur
2109 454 2252 495 aliqualis
2275 455 2386 485 notitia
2411 455 2490 487 finis.

1438 498 1570 540 Propter
1585 499 1674 540 quod
1698 509 1715 529 a
1737 498 1937 539 philosophis
1953 498 2066 528 dicitur
2081 499 2169 538 quod
2192 507 2270 538 opus
2289 504 2424 529 naturae
2447 505 2493 530 est

1439 549 1517 583 opus
1540 543 1779 584 intelligentiae.
1805 542 1839 572 ln
1859 542 1886 572 11
1902 549 2008 572 autem
2023 542 2162 582 Physie„
2184 549 2214 572 et
2236 542 2313 578 aliis,
2329 549 2374 573 est
2389 553 2492 573 sermo

1439 587 1478 617 de
1494 587 1718 627 qualicumque
1732 586 1898 626 principio.
1915 586 1956 616 Et
1971 586 2014 616 sic
2029 586 2091 616 late
2105 586 2278 626 loquendo,
2291 586 2494 617 concedimus

1440 637 1470 661 et
1492 631 1580 671 quod
1603 630 1636 660 in
1659 630 1852 661 naturalibus
1880 636 1926 660 est
1953 630 2145 670 principium
2167 630 2294 669 agendi,
2324 637 2355 661 et
2382 631 2494 670 agendi

1439 681 1568 714 propter
1590 673 1696 705 finem.
1725 675 1844 704 Natura
1867 674 1966 710 enim,
1990 674 2028 704 ab
2051 673 2254 713 intelligentia
2281 674 2424 711 veniens,
2449 681 2495 705 est

1440 718 1630 758 principium
1659 718 1854 748 subordinari
1881 717 1999 748 ordinis
2027 717 2139 757 agendi
2166 724 2294 758 propter
2321 717 2435 748 finem:
2464 726 2494 748 et

1441 772 1507 792 non
1527 769 1573 792 est
1590 761 1782 802 principium
1805 761 1932 802 propria
1946 761 2059 792 virtute
2076 761 2260 792 directivum
2275 762 2307 792 in
2323 761 2430 793 finem.
2454 762 2495 793 Et

1441 806 1485 836 sic
1508 806 1616 836 omnia
1640 811 1824 836 consonant.

1493 849 1547 880 Vl.
1572 850 1621 880 Ad
1646 849 1817 880 secundam
1844 855 1950 879 autem
1973 848 2202 880 dubitationem
2216 849 2234 868 *
2257 849 2369 880 dicitur
2391 851 2494 891 quod,

1441 893 1516 933 quia
1532 893 1678 923 animalia
1689 893 1869 933 imperfecte
1882 899 2079 932 cognoscunt
2090 892 2197 929 finem,
2209 893 2290 923 utin
2302 903 2319 923 2
2333 901 2387 925 art.
2400 894 2499 924 huius¹

1441 937 1634 978 quaestionis
1651 937 1772 973 dicitur,
1788 937 1859 967 ideo
1876 937 1971 967 etiam
1993 937 2173 977 imperfecte
2195 944 2326 968 movent
2348 948 2380 968 se
2403 939 2442 968 ad
2460 937 2495 967 fi-

1442 991 1524 1012 nem.
1549 981 1590 1012 Et
1613 988 1658 1011 est
1680 987 1765 1011 tanta
1787 980 1983 1020 imperfectio
2007 980 2078 1016 ista,
2103 987 2138 1011 ut
2160 991 2226 1011 non
2250 981 2310 1012 nisi
2332 982 2495 1022 participa-

1441 1025 1527 1055 tione
1551 1025 1688 1065 quadam
1711 1031 1860 1055 moveant
1882 1034 1915 1054 se
1934 1025 1972 1054 ad
1995 1024 2102 1061 finem,
2126 1024 2206 1055 sicut
2227 1026 2393 1064 prudentia
2422 1033 2496 1056 sunt

1442 1076 1472 1100 et
1494 1069 1641 1099 ordinant
1658 1069 1690 1098 in
1709 1068 1815 1098 finem.
1839 1068 1971 1108 Propter
1994 1069 2082 1108 quod
2105 1068 2286 1109 simpliciter
2308 1070 2412 1110 negari
2436 1079 2495 1110 po-

1440 1120 1500 1144 test
1523 1113 1610 1153 quod
1634 1119 1765 1143 movent
1780 1122 1812 1142 se
1828 1112 1867 1142 ad
1881 1111 1987 1148 finem,
2011 1112 2091 1142 sicut
2109 1113 2198 1152 quod
2213 1113 2359 1144 ordinant
2377 1114 2496 1154 aliquid

1442 1157 1473 1187 in
1497 1156 1606 1193 finem;
1631 1156 1776 1196 quamvis
1796 1156 1984 1186 concedatur
2000 1155 2180 1196 simpliciter
2198 1157 2286 1196 quod
2305 1164 2435 1188 movent
2448 1168 2493 1188 se.

1442 1201 1482 1231 Et
1505 1207 1609 1240 potest
1632 1199 1838 1230 nihilominus
1861 1209 1935 1229 cum
1951 1199 2109 1229 additione
2128 1199 2189 1229 dici
2207 1201 2295 1250 quod
2314 1201 2497 1242 imperfecte

1442 1251 1573 1275 movent
1595 1254 1628 1274 se
1651 1250 1779 1284 propter
1797 1242 1904 1273 finem.
1927 1243 1968 1273 Et
1984 1243 2027 1273 sic
2043 1243 2075 1272 in
2090 1243 2255 1283 proposito
2272 1244 2397 1275 accidit:
2422 1255 2496 1275 nam

1442 1288 1586 1328 superius
1609 1287 1670 1318 fuit
1696 1297 1800 1317 sermo
1830 1287 2027 1326 simpliciter;
2051 1286 2102 1317 hic
2126 1294 2232 1318 autem
2255 1294 2302 1318 est
2324 1298 2427 1318 sermo
2451 1298 2495 1318 se-

1444 1332 1585 1362 cundum
1608 1327 1688 1371 quid
1708 1330 1944 1361 manifestatum
1966 1330 1999 1360 in
2025 1340 2041 1360 2
2066 1338 2122 1361 art.

1501 1375 1612 1404 Posset
1634 1385 1765 1415 quoque
1788 1374 1867 1410 dici,
1898 1381 1934 1405 ut
1961 1373 2112 1405 dicetur*
2134 1375 2174 1404 ad
2195 1375 2323 1406 tertium
2345 1375 2534 1414 dubium,-

1444 1419 1532 1458 quod
1563 1418 1638 1458 quia
1666 1418 1812 1448 habentia
1842 1418 2056 1457 cognitionem
2079 1418 2259 1449 sensttivam
2285 1419 2428 1450 medium
2450 1420 2497 1450 lo:

1444 1471 1518 1492 cum
1541 1468 1648 1492 tenent
1669 1461 1749 1491 inter
1771 1461 1937 1497 naturalia,
1962 1472 2043 1502 quae
2066 1462 2156 1492 nullo
2179 1463 2278 1492 modo
2301 1471 2499 1502 cognoscunt

1443 1505 1551 1556 finem,
1568 1513 1598 1536 et
1613 1505 1785 1540 rationalia,
1802 1514 1884 1545 quae
1903 1505 2035 1535 omnino
2051 1513 2247 1545 cognoscunt
2264 1505 2374 1543 finem;
2397 1508 2497 1538 modo

1443 1549 1476 1579 in
1499 1549 1571 1585 hoc,
1595 1549 1695 1579 modo
1710 1548 1743 1579 in
1758 1548 1838 1578 illud
1857 1555 2032 1579 extremum
2055 1549 2218 1580 declinant.
2244 1550 2279 1580 In
2295 1550 2395 1590 prima
2409 1561 2498 1581 nam-

1444 1603 1506 1634 que
1522 1592 1717 1633 quaestione,
1737 1592 1812 1632 quia
1835 1592 1873 1622 de
1896 1602 1986 1631 agere
2009 1599 2137 1632 propter
2153 1592 2248 1623 finem
2264 1594 2446 1634 simpliciter
2468 1602 2499 1626 et

1444 1646 1500 1677 per
1522 1646 1554 1667 se
1577 1643 1642 1667 erat
1665 1646 1783 1672 sermo,
1808 1645 1881 1666 curn
1908 1636 2101 1666 naturalibus
2130 1644 2311 1676 computata
2334 1646 2424 1669 sunt:
2447 1639 2499 1669 hic

1443 1690 1538 1717 vero,
1556 1680 1642 1721 ,quia
1670 1681 1709 1710 de
1731 1679 1912 1710 voluntario
1940 1680 2151 1710 communiter
2178 1687 2323 1720 sumpto,
2347 1689 2382 1712 ut
2405 1682 2499 1712 etiam

1444 1725 1484 1756 ad
1507 1725 1675 1755 brutorum
1697 1723 1970 1764 participationem
1986 1733 2018 1753 se
2034 1724 2179 1759 extendit,
2204 1724 2331 1756 inchoat
2347 1726 2498 1762 doctrina,

1445 1778 1518 1800 cum
1541 1768 1745 1799 rationalibus
1769 1774 1994 1799 connumerata
2017 1774 2100 1798 sunt.

1498 1813 1567 1843 V11.
1591 1813 1642 1842 Ad
1666 1812 1788 1842 tertiam
1811 1811 2041 1842 dubitationem
2056 1811 2074 1830 *
2096 1811 2209 1841 dicitur
2224 1813 2321 1852 quod,
2338 1813 2411 1853 quia
2434 1823 2499 1843 me-

1444 1857 1533 1886 dium
1561 1863 1732 1896 utrumque
1761 1855 1841 1895 sapit
1869 1862 2060 1891 extremum,
2090 1862 2120 1885 et
2148 1856 2245 1885 modo
2274 1856 2370 1892 illud,
2401 1857 2499 1887 modo

1422 1933 1425 1937 ,
1444 1900 1578 1931 alterum
1601 1899 1775 1936 subinduit;
1799 1899 1870 1929 ideo
1894 1899 2004 1930 accidit
2027 1906 2062 1930 ut
2079 1899 2272 1939 vegetabilia‚
2289 1910 2370 1940 quae
2394 1901 2498 1931 media

1445 1951 1518 1974 sunt
1534 1944 1614 1974 inter
1633 1953 1710 1984 pure
1734 1943 1896 1979 naturalia,
1912 1953 1993 1983 quae
2009 1953 2074 1973 non
2090 1950 2221 1974 movent
2239 1954 2281 1980 se,
2299 1950 2329 1974 et
2344 1944 2499 1981 animalia,

1445 1998 1527 2029 quae
1550 1994 1680 2018 movent
1703 1997 1745 2024 se,
1770 1987 1869 2017 modo
1894 1987 2037 2018 dicantur
2060 1997 2186 2017 movere
2210 1997 2256 2023 se,
2280 1994 2310 2018 et
2332 1989 2430 2018 modo
2454 1989 2500 2018 di-

1445 2039 1554 2063 cantur
1575 2041 1641 2061 non
1665 2041 1791 2061 movere
1815 2041 1858 2061 se.
1883 2031 2021 2068 Quando
2045 2031 2130 2061 enim
2153 2031 2389 2071 distinguuntur
2410 2042 2500 2072 vege-

1445 2075 1551 2107 tabilia
1573 2082 1681 2106 contra
1701 2075 1862 2111 naturalia,
1879 2081 1915 2105 ut
1930 2075 1973 2105 ibi
1988 2074 2032 2111 fit,
2057 2075 2169 2105 dicitur
2193 2075 2281 2115 quod
2299 2083 2430 2106 movent
2449 2085 2498 2106 se:

1446 2120 1575 2160 quando
1595 2126 1702 2150 autem
1726 2125 1834 2149 contra
1857 2118 2012 2155 animalia,
2037 2129 2118 2159 quae
2135 2119 2346 2159 cognoscitiva
2365 2127 2446 2156 sunt,
2464 2127 2500 2150 ut

1447 2164 1506 2200 hic,
1531 2163 1644 2194 dicitur
1666 2163 1754 2203 quod
1777 2172 1843 2194 non
1865 2169 1996 2194 movent
2017 2173 2061 2193 se.

1091 2289 1407 2331 ARTICULUS
1438 2289 1736 2331 SECUNDUS

761 2367 918 2402 UTRUM
939 2370 1259 2402 VOLUNTARIUM
1282 2368 1550 2404 INVENIATUR
1573 2372 1616 2402 IN
1639 2367 1901 2402 ANIMALIBUS
1922 2365 2076 2401 BRUT1s

804 2426 825 2455 11
845 2431 927 2460 Sent.⁷
947 2431 1006 2456 dist.
1023 2438 1079 2461 xxv,
1099 2437 1145 2456 art.
1164 2439 1186 2462 1,
1205 2432 1237 2456 ad
1256 2430 1288 2462 6;
1308 2432 1349 2457 De
1372 2432 1461 2462 Verit„
1482 2440 1527 2465 qu.
1546 2439 1614 2462 xxm,
1635 2437 1681 2457 art.
1711 2439 1736 2462 1;
1755 2431 1786 2455 111
1806 2431 1901 2460 Ethic„
1920 2431 1978 2456 lect.
1997 2438 2032 2456 ιν.

372 2521 375 2530 >
420 2532 428 2542 .
460 2530 487 2541 s
540 2515 565 2540 ι)
584 2512 774 2539 SECUNDUM
793 2513 847 2538 sic
860 2513 1098 2539 eROCEDlTUR.
1113 2502 1272 2540 Videtur
1286 2503 1390 2552 quod

366 2558 374 2571 '
398 2564 434 2594 ³.
542 2555 800 2593 voluntarium
815 2566 894 2591 non
908 2554 957 2591 sit
967 2554 1006 2591 in
1020 2555 1136 2592 brutis
1151 2556 1388 2592 animalibus.

520 2604 809 2646 voluntarium
839 2607 945 2644 enim
968 2619 990 2644 a
1016 2608 1212 2645 voluntate
1240 2609 1388 2645 dicitur.

393 2681 414 2693 2
435 2662 441 2670 '
470 2670 489 2690 2·
519 2662 733 2699 Voluntas
756 2667 898 2707 autem,
930 2671 1017 2696 cum
1037 2659 1084 2697 sit
1103 2660 1140 2697 in
1164 2661 1323 2708 ratione,
1348 2668 1390 2697 ut

278 2733 306 2744 ·-
333 2714 494 2752 dicitas
485 2726 527 2751 m
544 2715 597 2750 1111
614 2714 661 2750 de
677 2714 818 2750 Anima
831 2713 868 2760 ²¹³,
888 2724 966 2749 non
979 2720 1104 2761 potest
1123 2725 1204 2751 esse
1219 2714 1258 2750 in
1272 2713 1389 2750 brutis

298 2765 304 2771 “
333 2766 570 2804 animalibus.
604 2767 707 2814 Ergo
740 2778 864 2815 neque
898 2765 1158 2803 voluntarium
1188 2767 1226 2804 in
1255 2767 1308 2803 eis
1335 2767 1390 2803 in-

331 2820 494 2858 venitur.

388 2884 424 2910 2.
452 2873 688 2918 Ριωῑτειιιιιι,
718 2871 929 2908 secundnm
954 2872 1031 2908 hoc
1057 2871 1162 2920 quod
1189 2879 1294 2908 actus
1322 2872 1390 2908 hu-

331 2924 436 2962 mani
463 2932 551 2961 sunt
575 2923 790 2970 voluntarii,
815 2924 934 2960 homo
955 2923 1089 2960 dicitur
1108 2936 1189 2961 esse
1210 2924 1389 2962 dominus

333 2988 500 3015 suorum⁴
520 2984 686 3014 actuum.
717 2976 793 3013 Sed
822 2976 932 3013 bruta
955 2973 1137 3013 animalia
1153 2986 1234 3014 non·
1249 2977 1391 3014 habent

334 3029 548 3069 dominium
568 3029 626 3067 sui
644 3036 768 3066 actus:
797 3039 871 3065 non
899 3029 997 3065 enim
1017 3035 1147 3078 agunt,
1175 3030 1243 3066 sed
1266 3030 1398 3079 magis?

333 3088 522 3134 aguntur,-
546 3090 594 3120 utv
614 3083 878 3119 Damascenus
911 3081 998 3118 dicit
1015 3081 1052 3118 ³¹⁸.
1076 3082 1177 3129 Ergo
1205 3082 1244 3118 in
1272 3082 1389 3119 brutis

333 3135 558 3173 animalibus
586 3147 664 3172 non
692 3141 752 3171 estt
774 3133 1052 3171 voluntarium.

389 3189 423 3226 3.
452 3189 685 3235 paam-anm,
713 3188 977 3224 Damascenus
1004 3186 1092 3223 dicit
1108 3186 1128 3208 '¹‘
1155 3186 1259 3235 quod
1285 3193 1391 3231 actus·

332 3241 565 3279 voluntarios
591 3240 757 3288 sequitur
775 3239 861 3276 laus
885 3245 922 3276 et
944 3239 1179 3287 vituperium.
1205 3239 1283 3276 Sed
1302 3240 1390 3276 aeti-

333 3294 406 3331 bus
431 3294 630 3331 brutorum
649 3292 870 3330 animalium
889 3304 968 3329 non
987 3292 1145 3329 debetur
1164 3300 1288 3340 neque
1308 3293 1390 3329 laus

333 3357 460 3395 neque
487 3345 738 3395 vituperium..
759 3346 861 3393 Ergo
889 3345 927 3382 in
955 3344 1008 3381 eis
1035 3355 1113 3382 non·
1142 3351 1199 3381 est>
1217 3346 1390 3382 volunta-

334 3411 443 3436 rium.

1500 2504 1573 2540 SED
1603 2514 1748 2539 CONTRA
1775 2513 1840 2538 EST
1868 2501 1972 2550 quod
2001 2501 2088 2538 dicit
2107 2502 2370 2551 Philosophus,
2391 2504 2429 2541 in
2450 2505 2499 2540 III

1443 2556 1562 2592 Ethic.
1578 2555 1610 2603 *,
1640 2555 1745 2604 quod
1767 2555 1882 2603 pueri
1905 2559 1947 2590 et'
1958 2555 2067 2591 bruta
2091 2555 2271 2599 animalia
2295 2558 2499 2593 communi

1445 2614 1533 2645 cant
1559 2607 1780 2644 voluntario.
1807 2607 1856 2643 Et
1873 2607 1975 2644 idem
1996 2607 2124 2644 dicunt
2142 2608 2402 2646 Damascenus
2423 2610 2443 2630 *
2463 2617 2536 2646 et·

1446 2661 1650 2708 Gregorius
1678 2661 1877 2709 Nyssenus
1895 2659 1927 2696 ²¹⁸.

1497 2715 1722 2750 Respounsso
1749 2724 1932 2749 monimum
1960 2713 2075 2760 quod,
2106 2712 2200 2749 sicut
2228 2713 2369 2750 dictum
2392 2721 2447 2751 est
2463 2715 2495 2762 ²¹⁸,

1445 2766 1494 2803 ad
1513 2766 1697 2803 rationem
1715 2765 1915 2802 voluntarii
1934 2765 2133 2813 requiritur
2151 2767 2255 2814 quod
2273 2767 2498 2816 Ριιιιείριιιιιι

1445 2825 1549 2855 actus
1577 2819 1628 2856 sit'
1650 2818 1762 2866 intra,
1793 2830 1880 2855 cum
1909 2817 2033 2866 aliqua
2061 2818 2272 2866 cognitione
2298 2819 2395 2856 finis.
2431 2821 2499 2857 Est

1444 2879 1571 2909 autern
1601 2871 1739 2920 duplex
1768 2871 1930 2919 cognitio
1958 2870 2062 2907 finis:
2090 2871 2258 2919 perfecta
2283 2872 2431 2919 scilicet,
2462 2879 2499 2909 et

1444 2925 1674 2973 imperfecta.
1718 2924 1887 2960 Perfecta
1927 2923 2081 2972 quidem
2119 2923 2204 2960 finis
2245 2925 2403 2972 cognitio
2444 2933 2500 2962 est

1444 2977 1598 3026 quando
1634 2989 1712 3014 non
1745 2977 1869 3013 solum
1905 2976 2197 3024 apprehenditur
2225 2989 2283 3013 res
2316 2989 2413 3026 quae
2443 2984 2499 3015 est

1443 3029 1541 3078 finis,
1571 3029 1638 3066 sed
1658 3029 1770 3066 etiam
1791 3029 2027 3076 cognoscitur
2051 3028 2150 3065 ratio*
2163 3029 2266 3076 finis,
2287 3037 2323 3066 et
2340 3037 2498 3079 pr'opor-

1443 3082 1495 3118 tio
1519 3082 1600 3118 eius
1628 3082 1732 3130 quod
1761 3081 1954 3118 ordinatur
1979 3081 2017 3118 in
2041 3082 2231 3120 finemad·
2246 3082 2371 3131 ipsum
2392 3089 2420 3120 ².
2451 3083 2500 3120 Et

1443 3133 1532 3171 talis
1554 3134 1714 3182 cognitio
1742 3134 1834 3171 finis·
1856 3134 2038 3183 competit·
2054 3135 2124 3171 s'oli
2142 3135 2311 3172 rationali
2330 3143 2496 3173 naturae.

1445 3188 1667 3236 Imperfecta
1694 3192 1820 3224 autem
1849 3187 2017 3235 cognitio
2039 3187 2126 3224 finis
2150 3195 2205 3225 est
2228 3200 2325 3237 quae
2353 3189 2391 3225 in
2419 3189 2499 3225 sola

1444 3240 1530 3276 finis
1545 3239 1846 3289 apprehensione
1862 3240 2039 3286 consistit,
2056 3241 2134 3277 sine
2148 3242 2221 3278 hoc
2236 3241 2340 3289 quod
2357 3250 2495 3289 cogno-

1444 3300 1568 3329 scatur
1585 3291 1600 3322 β
1627 3292 1727 3329 ratio:
1749 3292 1845 3340 finis-⁴,
1877 3300 1912 3329 et
1938 3293 2135 3344 proportio
2163 3300 2274 3330 actus-
2291 3294 2342 3330 ad·
2367 3294 2494 3330 finem.

1443 3346 1493 3382 Et
1509 3345 1595 3382 talis·
1611 3345 1773 3393 cognitio
1792 3345 1878 3382 finis
1906 3346 2094 3383 invenitur
2125 3346 2162 3383 in
2189 3347 2306 3383 brutis
2331 3346 2502 3383 animali-⁷

1443 3398 1526 3446 bus,
1556 3409 1624 3447 per
1651 3405 1810 3435 sensum
1834 3405 1870 3435 et
1897 3399 2195 3436 aestimationem
2222 3400 2444 3436 naturalem.

387 3523 414 3556 α)
430 3523 456 3548 in
469 3523 551 3556 finem
565 3523 602 3547 ad
617 3522 711 3554 ipsum.
724 3535 743 3541 -·
757 3521 783 3546 in
795 3521 879 3554 finem
895 3524 921 3546 et
934 3521 971 3546 ad
985 3521 1069 3553 ipsum
1084 3521 1249 3553 CDGLpEH‚
1269 3521 1295 3546 in
1308 3522 1391 3555 finem

334 3559 372 3584 ad
389 3559 474 3591 ipsum
493 3558 591 3583 scilicet
602 3558 687 3590 finem
702 3557 732 3586 Κ,
753 3557 778 3581 in
792 3557 876 3589 finem
893 3557 977 3588 ipsum
992 3557 1060 3587 sBH,
1074 3557 1110 3581 ad
1121 3557 1204 3589 finem
1220 3557 1303 3588 ipsum
1324 3557 1391 3581 PFa.

476 3611 584 3635 Summa
603 3610 704 3634 Τιιεοι.
724 3609 754 3633 Ι).
769 3608 882 3633 'runnu
896 3608 927 3633 T.
946 3608 986 3633 ΙΙΙ.

1416 3520 1420 3586 Ι
1445 3557 1528 3582 tur-P

1499 3521 1523 3554 β)
1529 3525 1728 3582 acognoscatur.
1745 3537 1764 3542 -
1784 3526 1910 3548 noscatur
1928 3522 2127 3547 ABCDEFGIL.
2139 3536 2157 3541 -
2175 3522 2225 3546 Pro
2238 3521 2380 3552 invenitur,
2400 3522 2498 3554 reperi-

2338 3609 2354 3633 8

2521 853 2530 862 ·
2546 852 2582 874 Cf.
2598 858 2652 874 num
2667 858 2702 874 111.

2548 1381 2619 1403 Num.
2634 1387 2682 1409 seq.

2527 1823 2536 1832 ·
2551 1822 2587 1844 Cf.
2602 1828 2666 1844 num.
2681 1828 2711 1843 tv.

2528 2570 2536 2578 ·
2553 2568 2609 2590 Ca.
2622 2574 2647 2594 n,
2661 2575 2684 2590 n.
2694 2574 2714 2590 2.

2527 2594 2551 2616 S.
2566 2594 2611 2616 T.
2626 2595 2676 2616 lect.
2686 2601 2709 2616 ν.

2551 2621 2614 2642 Loco
2631 2621 2737 2648 proxime

2526 2647 2687 2699 citNemeeius,
2707 2672 2737 2694 de

2526 2699 2580 2721 Nat.
2596 2699 2673 2730 Hom„
2682 2690 2710 2721 'ca

2526 2732 2598 2752 xxxu,
2609 2727 2638 2747 al.
2654 2716 2695 2747 nb.

2527 2758 2721 2806 fagi-tinpneced.
