2852 4152
120 2467 127 2477 ”
143 2466 209 2488 Vers.
224 2472 259 2492 ιο,
275 2472 292 2487 ιι

365 191 435 226 166
1042 195 1307 240 QUAESTlO
1337 196 1441 241 XXI,
1470 195 1765 232 ARTICULUS
1795 197 1843 232 111

360 268 512 306 artificis
535 269 759 318 inquantum
785 271 926 318 artifex,
952 272 1019 309 sed
1046 273 1270 320 inquantum
1297 274 1416 308 homo

361 329 426 358 est.
448 321 558 359 Unde
588 335 633 360 ex
660 323 785 371 primo
814 332 970 372 peccato
1008 326 1178 373 culpatur
1205 324 1334 361 artifex
1362 324 1417 360 in-

360 381 544 422 quantum
564 375 710 412 artifex:
731 376 799 413 sed
818 374 830 397 ⁹
852 389 896 413 ex
915 377 1083 413 secundo
1105 378 1274 425 culpatur
1296 376 1415 412 homo

359 426 584 475 inquantum
598 428 730 465 homo.
747 450 771 455 —
787 429 864 466 Sed
883 429 922 465 in
937 429 1155 475 moralibus,
1172 427 1238 465 ubi
1259 428 1415 464 attendi-

360 486 419 516 tur
439 479 533 517 ordo
558 481 712 518 rationis
731 481 780 518 ad
808 481 924 518 finem
951 492 1197 518 communem
1223 481 1416 516 humanae

359 532 472 578 vitae,
493 545 643 581 semper
666 541 863 582 peccatum
895 541 930 569 et
958 534 1101 569 malum
1126 532 1326 575 attenditur
1347 545 1416 581 per

361 584 617 622 deviationem
637 586 684 622 ab
705 585 836 622 ordine
866 585 1018 621 rationis
1038 585 1085 621 ad
1105 584 1224 630 finem
1244 597 1416 622 commu-

360 649 450 674 nem
488 638 679 674 humanae
706 638 819 674 vitae.
854 638 902 673 Et
938 637 1025 673 ideo
1064 638 1235 686 culpatur
1271 649 1317 674 ex
1353 638 1416 675 tali

359 698 517 738 peccato
536 691 655 726 homo
679 698 714 726 et
731 690 956 737 inquantum
976 697 1031 726 est
1049 690 1181 737 homo,
1203 697 1240 727 et
1258 690 1416 739 inquan-

1473 280 1555 309 tum
1584 280 1639 309 est
1666 274 1832 311 moralis.
1865 275 1974 311 Unde
2003 276 2259 325 Philosophus
2288 278 2390 325 dicit,
2420 277 2460 315 in
2478 278 2528 315 VI

1471 325 1590 360 Ethic.
1611 324 1642 370 *‚
1663 326 1768 373 quod
1796 327 1833 363 in
1862 333 1944 363 arte
1970 328 2098 365 volens
2120 341 2283 377 peccans
2310 337 2364 368 est
2389 331 2531 380 eligibi-

1472 376 1565 420 lior;
1593 377 1694 414 circa
1716 379 1958 426 prudentiam
1986 386 2111 421 autem
2143 381 2284 428 minus,
2311 383 2406 420 sicut
2431 389 2466 420 et
2493 384 2530 420 in

1470 429 1666 466 virtutibus
1694 431 1919 478 moralibus,
1949 444 2110 481 quarum
2130 434 2330 483 prudentia
2356 442 2412 472 est
2436 435 2532 472 dire

1471 480 1581 518 ctiva.

1523 535 1582 570 Αι)
1610 545 1770 572 Tam-nm
1788 548 1971 574 DlCENDUM
1997 539 2100 587 quod
2125 539 2185 577 illa
2209 538 2407 576 infirmitas
2432 518 2531 587 quae

1472 593 1528 622 est
1561 585 1598 622 in
1631 587 1740 624 malis
1775 589 2019 638 voluntariis,
2054 591 2222 629 subiacet
2255 591 2431 641 potestati
2463 593 2532 628 ho-

1471 638 1596 728 milnis.
1627 640 1676 676 Et
1703 639 1790 677 ideo
1818 653 1890 678 nec
1917 643 2011 680 tollit
2037 656 2109 681 nec
2142 644 2315 686 diminuit
2346 644 2531 683 rationem

1473 703 1520 728 cu
1533 703 1618 740 pae.

413 819 438 855 θ)
457 821 575 854 artifex:
592 820 647 845 sed.
660 834 679 840 -
690 823 729 845 est
747 819 851 852 artifex
868 819 922 850 ΕΚ,
941 823 980 844 est
997 820 1102 853 artifex
1119 820 1166 845 sed
1185 820 1216 851 G,
1229 823 1269 846 est
1283 821 1389 855 artifex
1402 824 1428 846 et
1446 822 1532 847 ceteri.
1549 836 1568 841 -
1587 822 1637 847 Pro
1655 823 1733 848 homo
1752 824 1832 848 altero
1851 824 1916 855 loco,
1936 824 2014 849 homo
2032 828 2071 850 est
2089 826 2190 853 codices
2208 832 2234 852 et
2250 833 2276 852 a.

1161 941 1490 1007 ARTICULUS>
1506 967 1733 1009 TERTIUS

734 1055 890 1087 UTRUM
913 1056 1056 1088 ACTUS
1080 1057 1306 1095 HUMANUS,
1331 1058 1594 1094 INQUANTUM
1617 1059 1698 1089 EST
1720 1059 1862 1090 BONUS
1885 1060 1969 1091 VEL
1992 1059 2151 1098 MALUS,

974 1101 1150 1131 HABEAT
1174 1101 1402 1132 RATIONEM
1425 1102 1575 1132 MERITI
1600 1102 1683 1133 VEL
1706 1103 1916 1135 DEMERITI

477 1224 483 1234 ‚
494 1207 531 1232 [ἡ
570 1200 591 1224 D
619 1200 778 1225 TERTIUM
798 1200 850 1224 stc
879 1200 1116 1225 paoenm‘run.
1138 1189 1295 1225 Videtur
1314 1189 1419 1237 quod

385 1217 446 1299 ἦ»
434 1202 550 1299 Ati}
570 1248 674 1278 actus
711 1242 902 1277 humanus
939 1253 1017 1277 non
1056 1242 1195 1278 habeat
1231 1241 1417 1280 rationem

512 1281 691 1330 “meriti
721 1301 757 1330 et
785 1293 967 1341 demeriti,
987 1302 1143 1343 propter
1171 1307 1279 1332 suam
1309 1294 1416 1332 boni-

402 1299 524 1385 ὦ·
569 1354 684 1383 tatem
719 1347 782 1383 vel
811 1346 1007 1384 malitiam.-
1035 1347 1215 1384 Meritum
1245 1347 1347 1385 enim
1381 1355 1418 1385 et

359 1400 584 1437 demeritum
615 1399 747 1436 dicitur
764 1411 833 1448 per
852 1400 1025 1437 ordinem
1046 1400 1094 1437 ad
1118 1400 1415 1448 retributionem,

358 1465 456 1502 quae
484 1453 613 1489 locum
633 1453 757 1490 solum
781 1453 896 1493 habet
914 1453 952 1489 in
979 1453 1036 1491 his
1064 1465 1163 1501 quae
1189 1454 1238 1495 ad
1256 1455 1416 1492 alterum

358 1513 455 1543 sunt.
478 1506 554 1543 Sed
574 1518 653 1542 non
673 1517 809 1542 omnes
833 1513 937 1543 actus
956 1506 1114 1544 humani
1133 1507 1224 1544 boni
1241 1508 1303 1544 vel
1328 1508 1416 1544 mali

357 1560 520 1602 suntad
549 1559 727 1606 alterum,
757 1559 825 1595 sed
853 1559 1007 1608 quidam
1045 1567 1131 1596 sunt
1159 1560 1207 1597 ad
1234 1561 1415 1609 seipsum.

358 1612 459 1660 Ergo
488 1624 567 1648 non
596 1611 721 1649 omnis
749 1619 853 1648 actus
881 1612 1073 1650 humanus
1101 1613 1226 1650 bonus
1254 1614 1316 1651 vel
1336 1626 1417 1651 ma-

357 1665 415 1702 lus
446 1665 561 1702 habet
589 1665 775 1701 rationem
805 1664 925 1702 meriti
957 1666 1019 1702 vel
1047 1665 1229 1703 demeriti.

413 1729 449 1755 2.
469 1718 700 1764 PRAETEREA,
723 1718 846 1754 nullus
866 1725 1031 1755 meretur
1045 1731 1212 1767 poenam
1231 1719 1294 1756 vel
1308 1732 1416 1768 prae-

358 1770 479 1807 mium
502 1783 547 1807 ex
573 1771 648 1808 hoc
667 1771 771 1819 quod
801 1770 965 1819 disponit
991 1778 1032 1807 ut
1049 1772 1130 1809 vult
1159 1772 1206 1809 de
1236 1783 1281 1808 eo
1312 1772 1417 1809 cuius

359 1831 415 1865 est
442 1823 637 1861 dominus:
664 1824 759 1860 sicut
786 1824 816 1860 si
842 1825 962 1860 homo
993 1824 1158 1867 destruat
1185 1837 1267 1865 rern
1295 1837 1416 1872 suam,

358 1888 437 1913 non
463 1877 627 1924 punitur,
647 1876 743 1912 sicut
761 1876 792 1912 si
821 1877 1029 1914 destrueret
1047 1889 1129 1914 rem
1157 1877 1318 1915 alterius.
1341 1878 1417 1915 Sed

357 1929 476 1965 homo
497 1936 552 1965 est
575 1929 755 1966 dominus
781 1941 939 1966 suorum
968 1937 1134 1968 actuum.
1156 1930 1258 1977 Ergo
1280 1943 1323 1967 ex
1342 1931 1417 1968 hoc

358 1982 463 2030 quod
491 1982 589 2018 bene
617 1982 678 2018 vel
705 1982 805 2018 male
834 1981 999 2031 disponit
1027 1983 1073 2019 de
1101 1995 1172 2021 suo
1205 1990 1308 2030 actu,
1338 1996 1418 2021 non

357 2042 525 2071 meretur
550 2046 718 2083 poenam
751 2035 812 2071 vel
840 2034 1066 2083 praemium.

412 2088 446 2124 3.
466 2087 699 2135 PRAETEREA,
721 2099 765 2124 ex
789 2088 864 2124 hoc
892 2088 997 2136 quod
1018 2087 1150 2136 aliquis
1179 2088 1337 2138 sibiipsi
1356 2102 1417 2127 ac-

357 2140 469 2189 quirit
487 2141 647 2187 bonum,
663 2153 742 2178 non
762 2148 929 2178 meretur
942 2149 983 2177 ut
1003 2141 1036 2177 ei
1055 2141 1239 2183 benefiat
1258 2143 1306 2179 ab
1326 2143 1414 2180 alio:

358 2201 394 2230 et
422 2193 557 2230 eadem
586 2193 680 2230 ratio
710 2201 764 2230 est
793 2193 840 2230 de
870 2193 989 2231 malis.
1011 2193 1088 2231 Sed
1115 2193 1195 2242 ipse
1224 2202 1328 2232 aetus
1349 2196 1416 2233 bo-

357 2258 428 2283 nus
458 2253 512 2283 est
548 2245 745 2294 quoddam
782 2246 929 2283 bonum
967 2254 1004 2283 et
1036 2246 1217 2294 perfectio
1252 2248 1415 2295 agentis:

357 2306 461 2335 actus
498 2306 626 2335 autem
664 2298 899 2341 inordinatus
937 2306 992 2337 est
1033 2299 1241 2347 quoddam.
1271 2301 1416 2340 malum

356 2351 483 2400 ipsius.
505 2352 597 2388 Non
617 2363 705 2399 ergo
727 2364 772 2389 ex
790 2352 865 2388 hoc
889 2351 994 2399 quod
1017 2352 1136 2389 homo
1161 2352 1251 2394 facit.
1270 2354 1414 2391 malum

357 2412 483 2441 actum
502 2405 564 2441 vel
593 2405 750 2452 bonum,
772 2412 938 2442 meretur
956 2405 1017 2441 vel
1047 2405 1272 2443 demeretur.

410 2457 484 2494 SED
505 2469 650 2494 CONTRA
669 2469 734 2494 EST
753 2457 860 2506 quod
879 2457 1011 2494 dicitur
1030 2458 1149 2497 Isaiae
1169 2469 1204 2496 111
1224 2458 1264 2496 *ε
1294 2459 1416 2497 Dicite

357 2510 450 2546 iusto
466 2510 644 2558 quoniam
665 2515 682 2531 α
701 2511 814 2547 bene.-
842 2510 1021 2559 quoniam
1038 2511 1215 2559 fructum
1239 2512 1416 2549 adinven-

355 2563 497 2599 tionum
525 2575 682 2600 suarum
710 2564 885 2600 comedet.
922 2564 999 2601 Vae
1031 2563 1145 2623 impio
1174 2564 1211 2601 in
1249 2565 1414 2603 malum:

355 2616 545 2652 retributio
574 2616 672 2652 enim
701 2628 883 2653 manuum
913 2616 991 2652 eius
1007 2617 1082 2664 fiet
1108 2617 1153 2653 ei.

408 2670 631 2706 RESPONDEO
660 2681 844 2706 mcENDUM
875 2669 982 2718 quod
1015 2669 1193 2710 meritum
1222 2656 1258 2708 et
1285 2671 1415 2709 deme—

354 2721 467 2758 ritum
496 2721 669 2759 dicuntur
695 2721 734 2758 in
763 2721 895 2765 ordine
924 2721 972 2759 ad
1001 2722 1287 2764 retributionem
1312 2735 1414 2772 quae

353 2774 397 2811 fit
424 2774 634 2811 secundum
663 2774 852 2812 iustitiam.
884 2774 1102 2817 Retributio
1125 2783 1251 2813 autem
1282 2788 1414 2817 secun-

355 2827 447 2875 dum
476 2827 653 2870 iustitiam
682 2828 724 2864 fit
753 2827 862 2865 alicui
889 2840 1009 2870 exeo
1037 2829 1142 2876 quod
1162 2827 1236 2876 agit
1261 2828 1300 2866 in
1326 2840 1414 2876 pro-

354 2880 493 2924 fectum
521 2881 583 2925 vel
603 2888 878 2927 nocumentum
904 2880 1066 2924 alterius.
1088 2881 1156 2918 Est
1174 2889 1302 2919 autem
1322 2893 1412 2918 con-

355 2932 597 2970 siderandum
627 2934 731 2981 quod
755 2933 1015 2982 unusquisque
1035 2933 1073 2971 in
1092 2933 1216 2982 aliqua
1235 2933 1413 2973 societate.

355 2985 500 3032 vivens,
523 2994 578 3022 est
606 2986 732 3035 aliquo
752 2984 767 3015 β
786 2986 906 3030 modo
933 2999 1020 3035 pars
1050 2994 1086 3024 et
1114 2987 1332 3024 membrum
1357 2994 1414 3024 to—

354 3038 426 3074 tius
463 3038 660 3075 societatis.
691 3039 934 3088 Quicumque
964 3051 1053 3087 ergo
1091 3040 1164 3087 agit
1201 3039 1339 3088 aliquid
1375 3040 1414 3077 in

354 3091 500 3127 bonum
529 3092 591 3127 vel
619 3092 763 3128 malurn
792 3091 1015 3136 alicuiusin
1044 3092 1221 3134 societate
1255 3092 1414 3131 existen-

353 3143 506 3190 tis„hoc
534 3143 718 3181 redundat
744 3145 928 3188 intotam
956 3145 1195 3189 societatem:
1226 3145 1322 3183 sicut
1347 3145 1413 3193 qui

354 3195 672 3244 laeditmanum,
700 3209 768 3245 per
797 3209 1034 3246 consequens
1061 3198 1173 3236 laedit
1200 3198 1411 3241 hominem

407 3327 435 3359 α)
453 3327 588 3359 quoniam.
604 3341 623 3346 -
641 3327 704 3352 Οτι-ι.
718 3327 987 3361 ABCEFGHIKLpD.

407 3361 431 3394 β)
452 3363 549 3395 aliquo.
566 3377 585 3382 -
603 3363 716 3395 quodam
737 3363 847 3388 codices.

1474 1190 1573 1227 Cum
1602 1203 1690 1239 ergo
1719 1191 1851 1240 aliquis
1880 1193 1954 1241 agit
1981 1193 2019 1230 in
2048 1194 2193 1232 bonum
2221 1196 2283 1232 vel
2311 1196 2455 1232 malum
2481 1197 2531 1233 al-

1470 1243 1588 1280 terius
1601 1243 1797 1292 singularis
1815 1257 2014 1294 personae,
2031 1247 2130 1283 cadit
2148 1247 2198 1284 ibi
2219 1247 2417 1296 dupliciter
2437 1249 2530 1286 ratio

1471 1296 1594 1333 meriti
1621 1298 1683 1334 vel
1708 1297 1891 1335 demeriti.
1913 1299 1999 1336 Uno
2028 1299 2159 1347 mode,
2185 1301 2397 1339 secundum
2425 1302 2531 1350 quod

1471 1347 1629 1386 debetur
1661 1349 1695 1386 ei
1728 1350 1921 1388 retributio
1949 1364 1972 1388 a
2004 1351 2181 1400 singulari
2214 1366 2379 1403 persona
2412 1367 2530 1402 quam

1469 1400 1575 1439 iuvat
1601 1403 1662 1439 vel
1692 1403 1860 1441 offendit.
1890 1404 1975 1441 Alio
2004 1405 2145 1452 modo,
2181 1406 2395 1443 secundum
2424 1407 2530 1455 quod

1471 1454 1630 1492 debetur
1662 1456 1697 1493 ei
1730 1457 1922 1495 retributio
1956 1470 1978 1495 a
2010 1465 2090 1499 toto
2124 1459 2293 1509 collegio.
2313 1480 2338 1488 -
2363 1460 2530 1511 Quando

1469 1520 1563 1545 vero
1579 1508 1712 1558 aliquis
1731 1509 1881 1548 ordinat
1894 1518 2021 1547 actum
2040 1523 2153 1549 suum
2173 1511 2335 1553 directe'
2326 1524 2364 1548 in
2382 1507 2531 1555 bonum

1468 1561 1532 1598 vel
1560 1562 1704 1599 malum
1740 1562 1852 1600 totius
1881 1562 2044 1610 collegii,
2075 1563 2234 1605 debetur
2265 1564 2299 1604 ei
2336 1563 2530 1611 retributio

1470 1613 1604 1661 primo
1629 1614 1786 1662 quidem
1825 1622 1861 1651 et
1891 1615 2145 1664 principaliter
2177 1629 2199 1656 a
2233 1623 2317 1657 toto
2343 1606 2531 1665 collegio:-

1470 1666 1695 1704 secundario
1716 1679 1830 1714 vero,
1865 1668 1912 1704 ab
1947 1668 2125 1705 omnibus
2140 1668 2290 1717 collegii
2309 1669 2530 1718 partibus.-

1472 1719 1572 1756 Cum
1600 1731 1695 1756 vero
1715 1696 1848 1768 aliquis
1876 1720 1950 1768 agit
1967 1721 2106 1770 quod
2097 1733 2135 1758 in
2163 1721 2310 1760 bonum
2330 1722 2530 1771 proprium

1469 1772 1532 1808 vel
1561 1773 1705 1809 malum
1742 1772 1882 1821 vergit,
1913 1773 2215 1815 etiamffdebetur
2242 1774 2276 1812 ei
2311 1774 2529 1823 retributio,

1470 1825 1696 1873 inquantum
1717 1825 1831 1864 etiarn
1848 1826 1926 1867 hoc
1952 1826 2074 1875 vergit
2095 1826 2133 1864 in
2155 1839 2374 1874 commune,
2394 1839 2530 1869 secun-

1472 1877 1564 1914 dum
1592 1880 1698 1926 quod
1730 1877 1810 1927 ipse
1838 1886 1895 1916 est
1929 1891 2017 1928 pars
2046 1879 2212 1928 collegii:
2241 1880 2326 1918 licet
2356 1893 2436 1920 non
2464 1881 2529 1923 de.-

1470 1931 1604 1969 beatur
1629 1931 1668 1968 ei
1701 1931 1894 1969 retributio
1932 1932 2157 1983 inquantum
2194 1941 2250 1971 est
2283 1933 2430 1975 bonum
2447 1934 2529 1975 ..vel

1471 1983 1616 2020 malum
1632 1983 1829 2031 singularis
1842 1997 2046 2033 personae,
2060 1985 2157 2034 quae
2173 1993 2229 2023 est
2240 1986 2377 2027 eadem
2392 1986 2533 2034 agenti,

1471 2036 1540 2075 nisi
1568 2037 1663 2080 forte
1691 2050 1714 2075 a
1742 2037 1867 2086 seipso
1897 2039 2108 2077 secundum
2136 2038 2332 2089 quandam
2359 2036 2529 2081 similitu-

1471 2089 1611 2136 dinem,
1630 2097 1744 2138 prout
1771 2098 1828 2127 est
1853 2090 1990 2128 iustitia
2017 2091 2182 2132 hominis
2211 2092 2260 2129 ad
2293 2091 2474 2142 seipsum.
2527 2115 2531 2134 ι

1525 2142 1588 2183 Sic
1613 2142 1723 2190 igitur
1749 2151 1852 2192 patet
1883 2144 1988 2192 quod
2016 2151 2121 2183 actus
2154 2144 2281 2187 bonus
2307 2144 2370 2182 vel
2405 2145 2533 2187 malus,

1469 2195 1584 2235 habet
1611 2195 1796 2238 rationem
1816 2196 2012 2236 laudabilis
2043 2197 2106 2239 vel
2126 2195 2367 2246 culpabilis,
2331 2200 2356 2236 ·³.
2395 2210 2533 2241 secuna

1470 2248 1564 2285 dum
1591 2248 1698 2295 quod
1726 2256 1782 2285 est
1808 2248 1848 2289 in
1875 2257 2059 2296 potestate
2087 2250 2311 2297 voluntatis;
2341 2249 2532 2292 rationem

1469 2312 1562 2341 vero
1592 2300 1834 2342 rectitudinis
1849 2309 1885 2339 et
1910 2301 2075 2350 peccati,
2110 2303 2324 2361 secundum
2352 2302 2533 2345 ordinem

1469 2354 1519 2391 ad
1544 2353 1684 2399 finem;
1714 2353 1899 2390 rationem
1927 2365 2021 2392 vero
2050 2354 2175 2395 meriti
2202 2362 2239 2396 et
2266 2354 2450 2403 demeriti,
2470 2367 2529 2394 se-

1470 2406 1638 2446 cundum
1667 2405 1954 2444 retributionem
1971 2406 2141 2447 iustitiae
2169 2407 2217 2447 ad
2246 2407 2416 2449 alterum.

1521 2460 1580 2497 AD
1618 2470 1755 2496 ptumum
1791 2470 1889 2496 ERGO
1926 2471 2110 2502 mcsNDuM
2151 2460 2258 2508 quod
2293 2460 2531 2510 quandoque

1469 2519 1573 2555 actus
1601 2511 1766 2548 hominis
1795 2511 1886 2548 boni
1910 2512 1972 2548 vel
1993 2512 2092 2559 mali,
2115 2513 2182 2549 etsi
2209 2525 2286 2554 non
2306 2513 2528 2555 ordinantur

1468 2565 1517 2601 ad
1546 2565 1692 2602 bonum
1729 2564 1791 2600 vel
1819 2565 1963 2601 malurn
1992 2565 2143 2603 alterius
2176 2564 2369 2613 singularis
2397 2577 2528 2614 perso-

1467 2629 1555 2663 nae,
1584 2624 1714 2657 tamen
1733 2616 1956 2657 ordinantur
1974 2617 2024 2654 ad
2051 2618 2199 2658 bonum
2223 2617 2286 2655 vel
2313 2617 2362 2655 ad
2381 2619 2528 2659 malum

1468 2669 1619 2711 alterius
1631 2669 1752 2718 quod
1781 2676 1835 2708 est
1861 2669 1944 2718 ipsa
1972 2670 2236 2708 communitas.

1520 2724 1579 2765 AD
1606 2733 1796 2761 SECUNDUM
1825 2734 2008 2760 mcENDUM
2029 2723 2143 2782 quod
2169 2723 2301 2782 homo,
2322 2723 2387 2772 qui
2404 2724 2533 2766 habet

1468 2774 1682 2812 dominium
1719 2773 1777 2812 sui
1804 2782 1926 2822 actus,
1952 2775 2034 2824 ipse
2064 2776 2193 2822 etiam,
2220 2775 2446 2825 inquantum
2473 2783 2531 2819 est

1448 2843 1451 2869 j
1467 2827 1629 2874 alterius,
1651 2827 1789 2865 scilicet
1807 2827 2101 2875 communitatis,
2123 2828 2228 2866 cuius
2257 2836 2313 2866 est
2330 2841 2429 2877 pam,
2448 2840 2528 2869 me-

1467 2888 1569 2918 retur
1587 2880 1730 2928 aliquid
1743 2881 1804 2922 vel
1835 2880 2302 2930 demeretur-,inquantum
2318 2889 2533 2925 actussuos

1467 2934 1564 2971 bene
1592 2934 1655 2971 vel
1681 2933 1780 2973 male
1809 2933 1991 2982 disponit:
2021 2934 2115 2982 sicut
2142 2934 2259 2976 etiam
2286 2934 2316 2972 si
2345 2934 2418 2972 alia
2446 2947 2531 2983 sua,

1469 2986 1515 3024 de
1531 2986 1682 3035 quibus
1711 2986 1974 3027 communitati
2007 2986 2148 3026 servire
2173 2987 2309 3034 debet,
2339 2987 2436 3025 bene
2454 2987 2532 3029 vel

1468 3040 1568 3076 male
1597 3037 1816 3088 dispenset
1815 3037 1841 3076 δ.
1899 3064 1901 3070 ,
2499 3063 2533 3089 ,χ

1520 3094 1579 3129 Αι)
1608 3103 1767 3130 TERT1UM
1791 3079 1975 3132 mannhun
1999 3092 2105 3140 quod
2131 3092 2238 3134 hoc
2230 3104 2354 3141 ipsum
2361 3074 2534 3146 bonum

1467 3145 1529 3185 vel
1546 3145 1688 3182 malum
1709 3145 1814 3194 quod
1828 3145 1960 3194 aliquis
1980 3145 2050 3182 sibi
2065 3145 2152 3183 facit
2170 3158 2239 3194 per
2257 3158 2370 3198 suum
2383 3153 2530 3239 aetum,

1468 3197 1691 3236 redundat
1682 3210 1720 3235 m
1749 3197 2072 3245 communitatem,
2092 3206 2134 3235 ut
2161 3198 2302 3241 dictum
2331 3195 2387 3237 est
2413 3197 2443 3238 *.

1519 3329 1545 3361 γ)
1563 3326 1711 3361 culpabilis.
1725 3341 1747 3347 —
1765 3329 1858 3360 culpae
1869 3328 2053 3353 ABCDFIKL.
2102 3332 2107 3333 ⁷

1519 3363 1543 3398 δ)
1564 3365 1704 3396 dispenset.
1722 3378 1742 3383 -
1760 3364 1896 3395 dispensat
1915 3364 1960 3388 Pa.

1311 3467 1323 3471 »
1329 3466 1570 3473 Ὴ-ψΜκἍΛΛΑ

2558 338 2663 363 *Camv
2685 344 2771 366 n.7.-

2559 364 2639 387 s.T12.
2655 354 2707 386 sect.
2722 370 2754 386 ιν.

2649 3036 2663 3062 ὃ

2553 3206 2602 3228 'Iu
2589 3212 2724 3235 ucorpore.
