2846 4146
106 871 115 879 '¹
130 869 209 891 Aristo

210 872 227 890 t.
239 867 315 890 Eehic.

105 895 145 917 lib.
159 896 182 923 1,
196 901 223 917 ca
241 910 246 916 .
261 899 316 920 x‚n.

105 927 136 943 ιο.
152 933 163 938 -
177 922 202 944 S.

106 953 151 969 xvi.

231 921 254 942 h.
264 920 316 941 lect.

106 1084 116 1094 '
123 1082 177 1105 vid.
185 1088 224 1110 qu.
230 1087 267 1108 ιν,
273 1085 314 1103 art.

100 1113 190 1157 {hai-g.
199 1107 248 1130 Sed
260 1113 316 1130 con-

77 1782 80 1785 .
101 1765 241 1794 *Cap-xm,
252 1770 292 1786 ιι.ι

105 1797 147 1841 ξ.
151 1802 163 1808 -
171 1791 196 1814 S.
205 1791 251 1814 Th.
264 1791 316 1813 lect.

151 1923 156 1928 '
200 1926 218 1952 t

103 2246 114 2255 ⁶
137 2245 211 2266 Arist.

104 2270 146 2293 nb.
159 2270 205 2299 m,

103 2303 130 2319 ΙΙ.
143 2302 174 2320 21.

235 2244 316 2273 Topic-

219 2276 271 2299 οιρ.
285 2277 302 2293 ιι
308 2287 315 2298 ,

105 2455 115 2465 ·
138 2453 186 2482 Qu.
204 2459 250 2481 uv,
271 2457 313 2476 nrt.

102 2486 130 2507 ιη
140 2486 180 2509 qu.
188 2485 227 2508 ιι,
241 2483 284 2502 m.
297 2486 314 2502 ι.

113 3420 125 3462 ἶ
138 3419 209 3468 ξ’]ῗῑ,

213 3425 248 3446 iv,
269 3425 292 3442 n.
306 3426 323 3442 ι.

211 3461 218 3467 .
231 3446 282 3468 lect.
292 3452 325 3469 vi.

1010 212 1273 258 QUAESTIO
1303 211 1438 258 LXVI,
1468 211 1761 248 ARTICULUS
1792 213 1839 247 III

1138 346 1450 388 ARTICULUS
1478 345 1703 387 TERTIUS

709 439 863 469 UTRUM
886 439 1099 470 VIRTUTES
1123 438 1324 469 MORALEs
1347 438 1684 468 PRAEEMINEANT
1708 436 2133 467 INTELLECTUALlssUS

912 518 942 542 11·
963 517 1014 547 11⁰,
1034 525 1078 550 qu.
1093 525 1166 548 xxm,
1186 522 1231 541 art.
1247 516 1271 546 6,
1291 517 1322 541 ad
1346 524 1371 547 13
1391 517 1425 541 IV
1444 516 1526 545 Sent„
1546 517 1604 541 dist.
1622 523 1710 547 xxxin,
1730 523 1774 548 qu.
1793 523 1834 547 111,
1854 520 1900 540 art.
1915 515 1937 540 3.

375 621 435 643 ),ι

371 651 380 663 Ι

462 627 529 665 JK<
552 618 574 642 D
592 616 750 642 TERTIUM
770 617 822 642 s1c
847 617 1084 643 Paocnmwa.
1112 605 1271 643 Videtur
1289 604 1393 652 quod

368 649 527 718 &³25⁴
551 657 707 695 virtutes
740 659 902 695 morales
934 658 1218 707 praeemineant
1254 657 1395 693 intelle-

496 702 748 747 ctualibus.
779 711 894 757 Quod
923 711 1024 748 enirn
1054 710 1173 758 magis
1193 718 1248 746 est
1266 721 1394 746 neces-

512 754 705 810 Ksarium,
723 771 758 800 et
771 764 1068 811 permanenfius,
1086 770 1140 799 est
1154 762 1300 798 melius.
1318 761 1394 798 Sed

342 813 498 850 virtutes
525 816 688 851 morales
713 823 799 852 sunt
820 816 1141 864 permanentiores
1165 815 1275 851 etiam
1297 819 1314 835 α
1342 814 1395 850 di-

342 866 503 914 sciplinis
517 866 548 914 ²¹⁸,
565 879 662 915 quae
682 876 768 904 sunt
785 868 941 904 virtutes
960 867 1243 904 intellectuales:
1261 873 1296 902 et
1311 873 1397 902 sunt

344 919 455 956 etiam
476 919 595 966 magis
610 920 844 957 necessariae
860 920 908 957 ad
921 920 1039 956 vitam
1055 920 1276 955 humanam.
1294 919 1394 965 Ergo

343 978 430 1007 sunt
455 971 725 1019 praeferendae
752 973 950 1010 virtutibus
978 971 1298 1008 intellectualibus.

397 1035 432 1060 2.
454 1025 686 1073 PRAETEREA,
707 1025 754 1062 de
774 1025 916 1062 ratione
941 1024 1085 1061 virtutis
1115 1032 1169 1060 est
1197 1023 1301 1071 quod
1334 1024 1396 1060 bo-

344 1087 434 1113 num
438 1077 565 1125 faciat
577 1078 771 1114 habentem
781 1077 811 1114 *.
830 1077 906 1114 Sed
921 1077 1130 1114 secundum
1144 1076 1299 1113 virtutes
1316 1088 1396 1112 mo-

344 1129 440 1165 rales
469 1129 603 1166 dicitur
620 1130 739 1166 homo
768 1131 912 1166 bonus:
941 1142 1020 1166 non
1039 1137 1166 1166 autern
1187 1128 1396 1165 secundum

343 1182 499 1218 virtutes
526 1182 803 1229 intellectuales,
833 1182 903 1219 nisi
927 1182 1022 1219 forte
1045 1181 1255 1218 secundum
1275 1182 1394 1217 solam

342 1233 596 1282 prudentiam.
626 1235 728 1282 Ergo
746 1235 863 1271 virtus
882 1234 1035 1271 moralis
1056 1242 1110 1270 est
1129 1234 1262 1270 melior
1281 1246 1396 1281 quam

343 1286 612 1323 intellectualis.

398 1339 433 1375 3.
463 1339 699 1384 Pmmnnm,
719 1338 805 1375 finis
826 1346 881 1374 est
899 1338 1062 1374 nobilior
1080 1337 1095 1367 β
1113 1338 1170 1374 his
1189 1349 1287 1385 quae
1312 1346 1398 1374 sunt

304 1411 315 1416 -
341 1389 393 1426 *ad
419 1391 550 1441 finem.
581 1390 658 1427 Sed
686 1390 781 1426 sicut
809 1390 942 1427 dicitur
963 1390 1002 1426 in
1019 1391 1070 1426 VI
1089 1390 1208 1426 Ethic.
1224 1389 1255 1435 ²¹⁶,
1280 1390 1398 1426 virtus

343 1439 498 1479 mb‘r‘kzhk
513 1443 617 1490 facit
642 1447 782 1479 rectam
802 1442 1038 1479 intentionem
1060 1442 1151 1488 finis
1159 1455 1172 1486 ‚·
1194 1442 1396 1489 prudentia

343 1500 467 1533 autem
486 1495 592 1543 facit
616 1501 756 1531 rectam
785 1494 998 1531 electionem
1026 1506 1156 1530 eorum
1189 1505 1286 1541 quae
1312 1500 1399 1530 sunt

343 1547 395 1584 ad
411 1549 548 1595 finem.
577 1548 678 1595 Ergo
706 1547 824 1584 virtus
852 1547 1006 1583 moralis
1040 1554 1094 1582 est
1121 1546 1283 1582 nobilior
1309 1558 1397 1594 pru-

345 1600 483 1648 dentia,
503 1612 601 1648 quae
622 1608 676 1637 est
694 1600 812 1637 virtus
831 1599 1088 1636 intellectualis
1108 1599 1205 1635 circa
1224 1599 1394 1636 moralia.

391 1653 473 1690 SED
501 1664 662 1701 CONTRA,
690 1652 810 1689 virtus
834 1652 988 1689 moralis
1008 1659 1063 1688 est
1080 1651 1119 1688 in
1138 1651 1309 1688 rationali
1328 1664 1396 1700 per

343 1705 687 1755 participationem3
715 1705 834 1742 virtus
854 1713 981 1742 autem
1001 1704 1257 1747 intellectualis
1281 1704 1318 1740 in
1338 1717 1395 1741 ra—

293 1771 317 1792 9»
343 1758 473 1796 tionali
503 1770 573 1807 per
605 1758 823 1805 essentiam,
853 1758 948 1794 sicut
981 1757 1112 1795 dicitur
1139 1757 1178 1794 in
1203 1758 1216 1793 I
1239 1757 1359 1794 Ethic.
1375 1757 1395 1779 '¹‘

345 1811 423 1848 Sed
451 1811 630 1848 rationale
663 1823 732 1859 per
763 1810 964 1847 essentiam
996 1818 1052 1846 est
1082 1810 1246 1847 nobilius
1279 1822 1394 1858 quam

344 1862 524 1900 rationale
551 1875 620 1912 per
646 1863 981 1912 participationem.
1016 1863 1118 1911 Ergo
1145 1863 1263 1899 virtus
1291 1863 1395 1899 intel-

342 1916 510 1953 lectualis
538 1923 593 1953 est
619 1916 783 1953 nobilior
809 1916 944 1954 virtute
974 1916 1108 1952 morali
1126 1921 1153 1953 Υ.

396 1969 620 2006 RESPONDEO
649 1981 832 2006 montinum
865 1969 971 2016 quod
998 1969 1138 2017 aliquid
1165 1976 1289 2017 potest
1322 1969 1394 2005 dici

342 2021 466 2058 maius
493 2021 556 2059 vel
584 2021 721 2068 minus,
744 2021 957 2070 dupliciter:
986 2034 1063 2058 uno
1093 2022 1223 2068 modo,
1253 2021 1394 2070 simpli-

344 2074 453 2119 citer;
488 2074 561 2111 alio
595 2075 729 2122 modo,
764 2075 974 2111 secundum
1013 2074 1114 2123 quid.
1151 2074 1253 2111 Nihil
1291 2075 1392 2112 enirn

342 2126 518 2175 prohibet
545 2127 685 2176 aliquid
714 2139 796 2164 esse
824 2128 959 2164 melius
988 2127 1219 2176 simpliciter,
1247 2135 1289 2164 ut
1310 2128 1393 2177 phi-

342 2180 536 2228 losophari
560 2191 672 2228 quam
702 2180 832 2226 ditari,
862 2180 966 2229 quod
986 2187 1114 2217 tamen
1133 2193 1210 2217 non
1232 2188 1287 2217 est
1314 2193 1393 2217 me-

343 2231 414 2269 lius
442 2234 651 2270 secundum
680 2232 781 2281 quid,
808 2232 904 2269 idest
922 2234 1172 2270 necessitatem
1187 2228 1392 2283 patients&

343 2284 569 2332 Simpliciter
604 2292 730 2322 autem
772 2285 1028 2322 consideratur
1063 2286 1368 2334 unumquodque
1384 2314 1393 2332 ,

344 2338 496 2386 quando
525 2337 783 2374 consideratur
814 2339 1025 2374 secundum
1057 2338 1250 2386 propriam
1283 2338 1394 2375 ratio-

341 2401 429 2426 nem
451 2402 541 2426 suae
560 2389 711 2438 speciei.
736 2390 863 2427 Habet
880 2398 1008 2427 autem
1027 2391 1146 2427 virtus
1165 2391 1330 2439 speciem
1351 2403 1395 2427 ex

342 2442 504 2489 obiecto,
523 2449 565 2478 ut
585 2454 629 2479 ex
648 2442 753 2479 dictis
772 2442 792 2464 '¹‘
814 2450 927 2491 patet.
956 2443 1078 2490 Unde,
1100 2443 1316 2492 simpliciter
1343 2445 1396 2480 lo-

343 2495 509 2543 quendo,
525 2495 587 2531 illa
604 2495 723 2532 virtus
738 2495 899 2532 nobilior
914 2503 969 2532 est
984 2508 1081 2544 quae
1100 2497 1215 2532 habet
1234 2496 1396 2533 nobilius

342 2547 546 2584 obiectum.
576 2547 818 2584 Manifestum
847 2555 901 2584 est
924 2555 1051 2584 autern
1076 2550 1180 2597 quod
1205 2548 1396 2585 obiectum

343 2599 496 2637 rationis
529 2607 584 2636 est
617 2599 778 2636 nobilius
810 2611 927 2648 quam
965 2600 1156 2637 obiectum
1189 2601 1396 2649 appetitus:

345 2652 438 2688 ratio
467 2652 567 2688 enim
595 2652 844 2700 apprehendit
863 2652 1002 2700 aliquid
1023 2653 1060 2689 in
1079 2653 1298 2699 universali;
1333 2654 1399 2690 sed

346 2704 531 2753 appetitus
559 2705 675 2741 tendit
693 2704 731 2741 in
752 2716 821 2751 res,
843 2717 940 2753 quae
959 2706 1100 2742 habent
1128 2718 1209 2742 esse
1237 2706 1398 2754 particu-

343 2758 432 2794 lare.
462 2757 584 2805 Unde,
605 2756 822 2805 simpliciter
849 2758 1055 2806 loquendo,
1084 2758 1240 2795 virtutes
1259 2758 1399 2795 intelle-

1448 604 1598 651 ctuales,
1620 616 1716 652 quae
1745 603 1944 652 perficiunt
1970 603 2167 650 rationem,
2193 609 2278 639 sunt
2298 602 2501 639 nobiliores

1447 668 1564 704 quam
1591 657 1767 702 morales,
1788 668 1886 704 quae
1904 655 2104 704 perficiunt
2132 654 2353 703 appetitum.

1501 708 1578 745 Sed
1605 708 1635 744 si
1665 708 1921 745 consideretur
1946 709 2065 745 virtus
2083 707 2122 744 in
2142 707 2273 744 ordine
2294 708 2340 744 ad
2360 714 2499 754 actum,

1448 761 1500 797 sic
1519 761 1636 797 virtus
1665 761 1830 807 moralis,
1852 773 1948 809 quae
1970 760 2118 809 perficit
2144 759 2364 808 appetitum,
2395 759 2501 796 cuius

1449 821 1505 849 est
1527 815 1685 850 movere
1714 813 1804 849 alias
1831 813 2016 862 potentias
2045 813 2095 849 ad
2122 820 2261 859 actum,
2290 819 2331 848 ut
2350 824 2463 861 supra
2481 811 2502 833 '¹‘

1450 865 1590 902 dictum
1620 872 1690 912 est,
1720 865 1883 902 nobilior
1911 873 1976 902 est.
1996 887 2019 893 —
2042 866 2088 902 Et
2116 865 2204 914 quia
2230 865 2349 902 virtus
2369 864 2503 901 dicitur

1451 930 1494 954 ex
1524 929 1568 954 eo
1590 918 1695 965 quod
1715 926 1770 954 est
1787 918 2013 966 principium
2033 918 2193 954 alicuius.
2207 925 2323 964 actus,
2349 929 2436 954 curn
2456 916 2501 953 sit

1449 970 1628 1018 perfectio
1648 970 1853 1018 potentiae3
1875 971 2042 1018 sequitur
2061 970 2172 1007 etiarn
2193 970 2297 1019 quod
2316 970 2410 1006 ratio
2428 969 2502 1006 vir-

1450 1023 1536 1059 tutis
1565 1023 1681 1070 magis
1711 1031 1901 1071 competat
1926 1023 2125 1059 virtutibus
2153 1022 2361 1059 moralibus
2385 1034 2500 1071 quam

1449 1075 1648 1112 virtutibus
1675 1075 1999 1112 intellectualibus:
2029 1075 2202 1124 quamvis
2221 1075 2377 1112 virtutes
2396 1075 2500 1112 intel-

1450 1125 1626 1165 lectuales
1654 1128 1727 1165 sint
1754 1128 1958 1164 nobiliores
1985 1128 2135 1164 habitus
2164 1127 2389 1175 simpliciter.

1503 1183 1562 1217 AD
1590 1193 1726 1218 PRlMUM
1754 1192 1851 1218 ERGO
1880 1192 2062 1218 manDuM
2094 1181 2198 1228 quod
2230 1180 2384 1217 virtutes
2417 1193 2501 1217 mo-

1452 1234 1545 1270 rales
1565 1242 1651 1270 sunt
1669 1233 1786 1280 magis
1804 1241 2070 1281 permanentes
2086 1245 2202 1280 quarn
2222 1232 2499 1280 intellectuales,

1450 1294 1605 1334 propter
1633 1286 1848 1322 exercitium
1876 1298 2007 1322 earum
2035 1285 2071 1321 in
2099 1285 2156 1322 his
2188 1297 2286 1334 quae
2314 1286 2502 1333 pertinent

1450 1338 1498 1374 ad
1525 1338 1641 1375 vitam
1673 1350 1932 1375 communem.
1963 1338 2039 1374 Sed
2064 1338 2303 1374 manifestum
2324 1345 2379 1374 est
2396 1338 2501 1386 quod

1451 1390 1598 1427 obiecta
1631 1390 1932 1438 disciplinarum,
1967 1402 2063 1439 quae
2102 1398 2188 1427 sunt
2219 1391 2431 1427 necessaria
2467 1398 2502 1427 et

1450 1454 1601 1491 semper
1629 1443 1766 1480 eodem
1800 1443 1918 1479 modo
1948 1455 1987 1479 se
2015 1443 2210 1490 habentia,
2240 1451 2326 1480 sunt
2352 1455 2502 1491 perma—

1450 1495 1621 1531 nentiora
1649 1507 1765 1543 quarn
1794 1495 1942 1531 obiecta
1960 1495 2142 1532 virtutum
2163 1495 2378 1542 moralium,
2403 1508 2502 1543 quae

1450 1554 1536 1583 sunt
1559 1547 1749 1594 quaedam
1769 1547 2004 1595 particularia
2023 1547 2181 1595 agibilia.
2197 1569 2221 1575 -
2239 1549 2354 1594 Quod
2373 1556 2502 1584 autem

1449 1599 1604 1636 virtutes
1633 1601 1796 1635 morales
1821 1607 1908 1635 sunt
1927 1600 2046 1647 magis
2065 1600 2298 1636 necessariae
2318 1601 2367 1637 ad
2385 1601 2503 1637 vitam

1449 1652 1670 1699 humanam,
1699 1664 1778 1688 non
1807 1652 1968 1689 ostendit
1989 1664 2051 1688 eas
2072 1664 2153 1688 esse
2182 1652 2386 1689 nobiliores
2415 1653 2503 1689 sirn-

1448 1704 1603 1753 pliciter,
1633 1704 1700 1741 sed
1720 1705 1849 1752 quoad
1872 1705 1957 1741 hoc.
1983 1704 2204 1750 Quinimmo
2223 1704 2379 1741 virtutes
2398 1705 2503 1742 intel-

2527 816 2539 827 *
2554 816 2602 843 Qu.
2616 822 2646 843 ιι,
2662 821 2705 839 art.
2720 823 2739 838 1.

1448 1758 1624 1794 lectuales
1653 1757 1920 1806 speculativae,
1941 1769 1986 1793 ex
2008 1758 2083 1793 hoc
2106 1757 2188 1806 ipso
2213 1759 2318 1806 quod
2337 1770 2416 1794 non
2444 1770 2502 1794 or-
2524 1755 2526 1758 ’

1449 1811 1624 1847 dinantur
1651 1811 1699 1847 ad
1723 1810 1824 1847 aliud
1848 1810 1943 1846 sicut
1970 1810 2059 1846 utile
2079 1810 2274 1847 ordinatur
2293 1810 2341 1847 ad
2368 1811 2499 1858 finem,

1448 1871 1534 1900 sunt
1562 1863 1761 1910 digniores.
1792 1863 1877 1898 Hoc
1906 1863 2007 1899 enim
2037 1863 2216 1910 contingit
2252 1863 2341 1911 quia
2369 1876 2501 1900 secun-

1448 1917 1541 1953 dum
1570 1928 1633 1952 eas
1661 1916 1951 1964 quodammodo
1984 1915 2182 1952 inchoatur
2209 1915 2245 1952 in
2274 1916 2386 1952 nobis
2414 1916 2501 1953 bea-

1446 1969 1578 2015 titudo,
1599 1980 1697 2017 quae
1726 1968 1893 2005 consistit
1915 1968 1953 2005 in
1974 1969 2186 2016 cognitione
2210 1968 2386 2016 veritatis,
2407 1969 2502 2006 sicut

1447 2034 1561 2071 supra
1579 2021 1599 2043 '¹‘
1627 2021 1768 2058 dictum
1799 2029 1864 2058 est.

1499 2076 1557 2111 AD
1577 2085 1765 2111 SECUNDUM
1784 2085 1966 2110 DiCENDuM
1991 2074 2095 2122 quod
2115 2074 2324 2111 secundum
2345 2075 2500 2112 virtutes

1448 2128 1611 2164 morales
1640 2126 1773 2163 dicitur
1805 2127 1923 2163 homo
1953 2127 2077 2163 bonus
2101 2127 2329 2176 simpliciter,
2360 2136 2395 2164 et
2422 2140 2501 2165 non

1447 2181 1658 2217 secundum
1691 2179 1973 2226 intellectuales,
2005 2191 2048 2216 ea
2077 2180 2236 2226 ratione,
2266 2181 2354 2229 quia
2387 2193 2502 2230 appe-

1447 2233 1533 2269 titus
1566 2239 1696 2268 movet
1728 2232 1818 2268 alias
1849 2232 2035 2280 potentias
2069 2233 2118 2269 ad
2145 2245 2256 2270 suum
2285 2241 2431 2281 actum,
2460 2241 2503 2270 ut

1448 2297 1561 2333 supra
1575 2284 1595 2306 ’¹‘
1615 2284 1755 2321 dictum
1776 2292 1842 2321 est.
1867 2284 1978 2321 Unde
1998 2297 2066 2332 per
2088 2285 2163 2321 hoc
2187 2285 2299 2322 etiam
2319 2298 2398 2322 non
2416 2299 2503 2335 pro-

1448 2339 1558 2374 batur
1576 2337 1646 2374 nisi
1660 2337 1765 2385 quod
1778 2336 1896 2373 virtus
1912 2337 2064 2373 moralis
2080 2337 2125 2374 sit
2140 2338 2275 2374 melior
2294 2340 2504 2376 secundum

1449 2390 1552 2438 quid.

1503 2445 1560 2479 AD
1580 2454 1739 2479 TERTiUM
1754 2454 1937 2478 DICENDUM
1952 2444 2056 2489 quod
2071 2442 2271 2491 prudentia
2285 2456 2364 2480 non
2379 2445 2504 2481 solum

1452 2495 1573 2543 dirigit
1599 2495 1754 2531 virtutes
1782 2495 1946 2530 morales
1969 2495 2008 2531 in
2029 2495 2199 2543 eligendo
2230 2508 2274 2532 ea
2301 2509 2400 2544 quae
2419 2505 2506 2534 sunt

1452 2549 1499 2585 ad
1527 2548 1658 2594 finem,
1687 2547 1753 2583 sed
1778 2547 1890 2583 etiam
1915 2547 1952 2583 in
1970 2548 2252 2595 praestituendo
2279 2549 2408 2586 finem.
2438 2550 2506 2586 Est

1452 2608 1580 2637 autem
1607 2599 1693 2636 finis
1721 2599 2016 2647 uniuscuiusque
2043 2600 2189 2637 virtutis
2217 2602 2371 2638 moralis
2399 2602 2506 2638 attin-

1452 2665 1539 2701 gere
1568 2652 1738 2689 medium
1768 2652 1805 2688 in
1834 2652 1986 2700 propria
2014 2653 2186 2690 materia:
2216 2654 2321 2701 quod
2350 2654 2504 2703 quidem

1454 2705 1624 2742 medium
1645 2705 1916 2741 determinatur
1930 2706 2141 2742 secundum
2157 2714 2299 2743 rectam
2319 2707 2505 2744 rationem

1454 2757 1686 2807 prudentiae,
1716 2765 1757 2794 ut
1785 2757 1916 2795 dicitur
1943 2757 1982 2794 in
2002 2759 2033 2794 II
2054 2758 2073 2780 ³⁸
2093 2767 2129 2795 et
2146 2759 2197 2795 VI
2217 2759 2257 2781 ²¹⁶*
2275 2760 2392 2797 Ethic.

397 2870 424 2902 α)
444 2870 532 2894 etiam.
545 2883 564 2889 -
582 2870 608 2894 in
627 2870 658 2900 K,
676 2878 728 2895 om.
748 2871 833 2895 DEFI.

399 2903 423 2937 β)
444 2905 563 2930 nobilior.
577 2919 596 2924 —
614 2906 725 2931 nobilius
744 2906 919 2938 ACDILpBH.

1505 2871 1530 2905 ’γ)
1551 2873 1649 2897 virtute
1669 2871 1773 2896 morali.
1786 2885 1805 2889 -
1822 2879 1901 2903 quam
1921 2871 2006 2895 virtus
2025 2871 2134 2896 moralis
2153 2871 2254 2895 codices
2274 2877 2299 2896 et
2317 2879 2343 2897 a.

1006 2976 1336 3009 Commentariis.
1359 2976 1608 3009 Cardjnalis
1631 2977 1829 3009 Caietam

375 3074 396 3094 N
419 3064 549 3094 articulo
573 3065 664 3095 tertio
692 3065 832 3096 eiusdem
857 3065 1166 3105 sexagesimaesextae
1190 3065 1400 3106 quaestionis,

349 3076 511 3138 Idubiurn
533 3108 637 3148 primo
661 3109 796 3139 occurrit
819 3109 897 3139 circa
921 3109 1153 3140 distinctionem
1176 3109 1209 3139 in
1231 3109 1332 3140 littera
1355 3109 1400 3139 fa-

347 3158 429 3181 ctam
446 3151 483 3181 de
506 3151 629 3188 virtute,
650 3153 738 3193 quod
757 3152 892 3183 sumitur
908 3152 1081 3193 dupliciter,
1097 3153 1214 3183 scilicet
1228 3153 1403 3183 secundum

346 3195 499 3225 rationem
525 3195 637 3235 speciei
660 3196 693 3226 in
716 3196 826 3226 ordine
845 3196 884 3226 ad
900 3197 1069 3233 obiectum,
1085 3204 1115 3227 et
1131 3197 1306 3227 secundum
1320 3196 1403 3227 ordi-

347 3248 422 3269 nem
445 3239 484 3268 ad
508 3246 623 3270 actum.
648 3240 734 3270 Haec
758 3250 895 3281 namque
915 3240 1072 3271 distinctio
1089 3240 1296 3270 coincidentia
1309 3240 1404 3271 habet

348 3283 505 3312 membra:
531 3293 605 3313 nam
628 3283 725 3314 virtus
749 3284 924 3314 secundum
940 3284 1093 3314 rationem
1113 3284 1225 3324 speciei
1245 3283 1338 3314 habet
1353 3294 1402 3314 or-

348 3326 455 3356 dinem
479 3327 518 3356 ad
542 3333 657 3365 actum,
682 3334 712 3357 et
735 3337 751 3357 e
775 3336 943 3364 converso;
968 3328 1042 3368 quia
1058 3327 1217 3368 potentiae
1234 3334 1263 3358 et
1278 3327 1403 3358 habitus

349 3369 565 3410 specificantur
589 3381 625 3401 ex
649 3371 777 3408 actibus,
802 3377 832 3402 et
855 3378 941 3402 actus
964 3381 1000 3402 ex
1022 3371 1159 3408 obiectis,
1175 3379 1210 3402 ut
1225 3370 1356 3402 habetur
1371 3372 1403 3402 in

349 3413 376 3443 ΙΙ
400 3413 439 3444 de
461 3414 578 3444 Anima
593 3414 620 3444 *.
1390 3422 1392 3424 “

406 3457 442 3488 11.
457 3458 508 3488 Ad
523 3458 584 3488 hoc
599 3458 712 3489 dicitur
727 3459 815 3499 quod
831 3458 928 3489 virtus
952 3458 1117 3499 dupliciter
1138 3459 1262 3499 respicit
1283 3466 1403 3490 actum:

350 3500 464 3539 primo,
478 3508 514 3532 ut
528 3502 760 3542 specificantem
775 3502 892 3543 ipsam;
910 3503 1059 3538 secundo,
1080 3509 1115 3533 ut
1133 3502 1278 3533 effectum
1297 3503 1404 3543 ipsius.

1456 3066 1497 3096 Et
1519 3066 1756 3105 prim0*modo,
1773 3073 1859 3097 actus
1879 3067 1960 3097 cadit
1983 3067 2040 3096 sub
2060 3066 2163 3105 primo
2179 3068 2324 3098 membro
2348 3068 2508 3108 implicite,

1458 3116 1492 3140 ut
1516 3109 1650 3140 obiectio
1674 3111 1799 3150 probat:
1824 3110 1963 3140 secundo
1987 3116 2092 3140 autem
2117 3111 2230 3147 modo,
2254 3118 2373 3151 spectat
2400 3113 2439 3142 ad
2462 3122 2509 3142 se-

1456 3153 1598 3183 cundum
1617 3154 1805 3184 membrum.
1825 3154 1959 3184 Intendit
1982 3153 2067 3184 enim
2082 3156 2203 3185 Auctor
2224 3155 2313 3195 quod
2335 3156 2433 3186 virtus
2453 3166 2510 3196 po-

1456 3203 1515 3227 test
1534 3197 1722 3227 considerari
1739 3197 1922 3237 dupliciter:
1942 3197 2057 3238 primo,
2071 3199 2246 3229 secundum
2261 3199 2437 3239 specificam
2453 3199 2511 3230 dif-

1458 3241 1629 3276 ferentiam,
1647 3251 1701 3271 seu
1725 3241 1890 3278 rationem,
1913 3248 1948 3272 ut
1975 3241 2033 3278 sic;
2058 3243 2208 3278 secundo,
2233 3243 2407 3273 secundum
2431 3243 2511 3274 hanc

1458 3284 1690 3321 conditionem,
1718 3285 1834 3316 scilicet
1862 3295 1928 3315 esse
1951 3285 2142 3325 principium
2166 3293 2252 3316 actus
2275 3286 2359 3317 recti.
2381 3287 2421 3317 Et
2443 3287 2512 3318 vult

1457 3329 1546 3369 quod
1569 3328 1670 3368 prima
1694 3329 1901 3360 consideratio
1925 3329 2042 3360 iudicet
2055 3329 2204 3360 virtutem
2226 3330 2417 3370 simpliciter,
2437 3331 2513 3371 quia

1459 3372 1634 3402 secundum
1666 3373 1832 3412 proprium
1862 3373 2101 3404 constitutivum
2132 3373 2346 3410 essentialiter;
2375 3375 2512 3404 secunda

1459 3416 1574 3446 iudicet
1598 3426 1667 3446 eam
1700 3417 1875 3447 secundum
1899 3417 1992 3457 quid,
2016 3417 2090 3457 quia
2113 3417 2288 3448 secundum
2318 3418 2510 3449 communia.

1459 3460 1499 3490 Et
1523 3467 1750 3500 consequenter
1771 3461 1839 3491 vult
1863 3461 1952 3501 quod
1974 3460 2102 3491 virtutes
2123 3461 2347 3492 intellectuales
2371 3461 2432 3492 sint
2455 3472 2513 3492 no-

1460 3503 1585 3533 biliores
1609 3504 1792 3544 simpliciter
1821 3514 1919 3544 quam
1950 3505 2102 3535 morales:
2127 3505 2202 3545 quia
2233 3505 2348 3536 habent
2375 3506 2512 3536 nobilius

2529 2027 2615 2055 ·Qu.1

2619 2033 2644 2054 n,
2659 2030 2701 2049 art.
2716 2027 2739 2049 6.

2530 2302 2539 2311 ”
2549 2299 2596 2327 Qu.
2607 2305 2651 2327 cvi,
2665 2301 2709 2321 art.
2719 2304 2740 2326 3.

2533 2694 2613 2742 §.⁰⁸1

2534 2747 2616 2795 §.Cf-‘t

2620 2699 2649 2720 vi,
2664 2700 2742 2721 n.15.-

2629 2720 2680 2741 lect.
2695 2726 2734 2741 vn.

2621 2752 2670 2771 xm,
2678 2752 2725 2772 n.4.
2731 2756 2744 2761 -

2628 2773 2680 2794 lect.
2694 2779 2727 2794 xi.
