2852 4152
990 252 1256 300 QUAEsT1o
1283 253 1368 298 vn,
1399 253 1693 290 ARTmULus
1723 254 1768 299 11,
1799 254 1847 288 111
2461 256 2507 292 65

802 417 805 420 ῃ
1103 360 1422 404 ARTICULUS
1452 360 1750 403 SECUNDUS

469 454 627 485 UTRUM
651 453 1032 484 CIRCUMSTANTIAE
1056 453 1338 485 HUMANORUM
1362 453 1548 484 ACTUUM
1571 453 1668 484 smr
1692 453 2056 485 CONsmERANDAE
2079 456 2108 484 A
2131 454 2374 486 THEOLooo

369 556 427 597 μὴτ
450 558 518 599 «Ἢ
539 538 571 578 ’Β
591 552 779 579 SECUNDUM
793 553 846 578 Slc
862 553 1098 579 PROCEDITUR.
1118 541 1277 579 Videtur
1291 541 1395 589 quod

363 582 516 653 ’9ἱῦῗῇ
549 593 849 631 circumstantiae
867 594 1124 631 humanorum
1144 602 1297 632 actuum
1317 606 1395 632 non

354 637 402 693 >fs
414 662 473 700 ¹⁷5
488 638 535 692 ’ἦ
549 646 621 683 sint
636 646 932 683 considerandae
949 659 970 683 a
985 647 1174 695 theologo,
1187 648 1278 685 Non
1292 647 1395 685 enim

344 692 368 720 ’ᾖ
393 674 489 727 §3²⁸5
504 689 834 736 considerantur
857 711 879 736 a
899 699 1076 747 theologo
1100 708 1203 738 actus
1225 700 1395 746 humani,

337 750 408 791 nisi
436 752 647 789 secundum
676 751 780 800 quod
809 759 895 788 sunt
923 752 1102 801 aliquales
1123 759 1151 800 α,
1180 754 1277 790 idest
1304 753 1395 790 boni

336 804 399 841 vel
426 802 527 842 mali.
549 804 626 842 Sed
655 804 956 842 circumstantiae
984 818 1062 843 non
1089 806 1264 844 videntur
1282 818 1394 854 posse

335 856 458 894 facere
477 864 583 894 actus
606 857 806 906 aliquales:
836 857 924 905 quia
943 858 1033 895 nihil
1053 859 1301 907 qualificatur,
1322 859 1395 895 for-

336 908 484 948 maliter
509 910 724 958 loquendO,
753 911 802 947 ab
831 922 877 948 eo
906 911 1009 960 quod
1044 919 1099 948 est
1132 919 1233 949 extra
1256 911 1394 959 ipsum,

336 962 404 1003 sed
429 962 478 999 ab
499 975 545 999 eo
574 964 679 1011 quod
697 963 735 1000 in
754 963 836 1011 ipso
866 971 932 1000 est.
963 964 1064 1011 Ergo
1093 963 1394 1001 circumstantiae

335 1022 489 1052 actuum
518 1028 596 1052 non
626 1024 712 1052 sunt
740 1029 762 1052 a
789 1016 967 1063 theologo
997 1016 1307 1054 considerandae.

389 1079 425 1106 2.
455 1069 696 1115 PRAETEREA,
734 1068 1034 1107 circumstantiae
1069 1076 1156 1107 sunt
1189 1069 1395 1107 accidentia

335 1128 501 1160 actuum.
523 1121 601 1158 Sed
625 1121 692 1159 um·
717 1122 861 1169 infinita
886 1121 1075 1158 accidunt.-
1104 1129 1140 1159 et
1157 1122 1257 1168 ideo,
1281 1129 1322 1159 ut
1342 1122 1395 1160 di-

286 1194 309 1206 --
336 1174 430 1214 citur
448 1173 488 1211 in
506 1174 556 1211 VI
576 1174 837 1222 Metaphys.*,
858 1173 961 1211 nulla
989 1186 1054 1211 ars
1080 1175 1140 1211 vel
1163 1175 1316 1212 scientia
1344 1181 1398 1212 est

242 1253 249 1260 .
301 1226 308 1233 ’
336 1227 438 1267 circa
466 1238 530 1264 ens
551 1238 625 1275 per
647 1227 831 1272 accidens,
860 1227 933 1263 nisi
955 1227 1036 1264 sola
1054 1227 1262 1275 sophistica.
1292 1228 1394 1275 Ergo

335 1280 534 1327 theologus
570 1292 650 1317 non
676 1280 791 1316 habet
824 1278 1063 1317 considerare
1098 1280 1395 1318 circumstantias

335 1333 592 1372 humanorum
619 1339 787 1369 actuum.

391 1385 426 1423 3.
465 1385 704 1428 Paemani,
742 1382 1107 1420 circumstantiarum
1146 1384 1395 1422 consideratio

331 1435 498 1486 pertinet
528 1432 578 1473 ad
609 1436 812 1473 rhetorem.
843 1435 1046 1473 Rhetorica
1074 1443 1201 1472 autem
1235 1449 1314 1474 non
1343 1445 1398 1475 est

333 1499 421 1538 pars
448 1487 672 1535 theologiae.
693 1487 796 1535 Ergo
823 1487 1074 1525 consideratio
1103 1488 1397 1527 circumstantia-

335 1552 422 1581 rum
453 1552 532 1581 non
565 1540 726 1589 pertinet
754 1540 802 1578 ad
825 1540 1059 1587 theologum.

390 1594 467 1634 SED
485 1604 643 1640 CONTRA,
660 1592 870 1641 ignorantia
884 1592 1248 1631 circumstantiarum
1270 1603 1398 1632 causat

335 1646 645 1693 involuntarium,
661 1653 702 1684 ut
715 1647 977 1684 Damascenus
991 1645 1012 1667 ²³
1026 1653 1063 1683 et
1078 1646 1282 1694 Gregorius
1298 1648 1398 1696 Nys-

336 1712 450 1741 senus
463 1699 485 1723 ²⁸
498 1699 638 1736 dicunt.
654 1698 731 1737 Sed
746 1698 1042 1738 involuntarium
1063 1707 1215 1737 excusat
1234 1712 1256 1737 a
1275 1701 1396 1750 culpa,

337 1753 443 1793 cilius
480 1751 730 1791 consideratio
763 1751 924 1800 pertinet
957 1752 1007 1788 ad
1033 1752 1265 1800 theologum.
1295 1754 1396 1801 Ergo

337 1814 374 1847 et
409 1805 661 1844 consideratio
693 1804 1057 1843 circumstantiarum
1094 1805 1144 1843 ad
1176 1806 1396 1854 theologum

334 1859 506 1909 pertinet.

388 1913 614 1951 stpounno
633 1922 817 1949 Dtcssunuu
836 1909 941 1958 quod
961 1909 1262 1948 circumstantiae
1285 1911 1398 1960 perti-

335 1972 427 2002 nent
451 1964 500 2001 ad
528 1963 872 2000 considerationem
900 1961 1066 2010 theologi
1089 1962 1220 2011 triplici
1239 1964 1395 2002 ratione.

335 2017 463 2055 Primo
492 2016 670 2065 quidem,
699 2016 787 2063 quia
818 2016 1016 2062 theologus
1053 2015 1265 2052 considerat
1292 2024 1397 2053 actus

334 2064 527 2108 humanos
554 2068 766 2106 secundum
785 2067 891 2117 quod
918 2079 988 2116 per
1007 2079 1073 2104 eos
1099 2069 1219 2104 homo
1240 2068 1289 2105 ad
1308 2070 1396 2106 bea-

335 2121 534 2159 titudinem
554 2121 758 2158 ordinatur.
784 2121 913 2157 Omne
932 2127 1059 2156 autem
1078 2120 1183 2168 quod
1203 2120 1396 2158 ordinatur

335 2175 385 2213 ad
402 2175 533 2221 finem,
555 2181 705 2222 oportet
724 2185 806 2209 esse
829 2172 1159 2221 proportionatum
1178 2173 1257 2209 fini.
1278 2175 1396 2211 Actus

335 2235 463 2265 autem
496 2226 830 2275 proportionantur
858 2225 924 2262 fini
952 2225 1164 2262 secundum
1198 2238 1394 2263 commen-

334 2279 566 2317 surationem
586 2278 791 2327 quandam,
807 2290 905 2325 quae
924 2278 967 2313 fit
984 2290 1054 2325 per
1072 2277 1216 2315 debitas
1236 2278 1395 2315 circum-

333 2332 496 2370 stantias.
525 2331 637 2368 Unde
671 2330 923 2367 consideratio
957 2329 1317 2367 circumstantiarum
1345 2331 1394 2368 ad

332 2385 554 2432 theologum
589 2383 761 2432 pertinet.
790 2403 814 2411 -
843 2382 1043 2428 Secundo,
1072 2382 1162 2432 quia
1194 2383 1394 2431 theologus

333 2437 547 2475 considerat
573 2443 678 2473 actus
706 2436 897 2472 humanos
925 2435 1136 2472 secundum
1156 2436 1262 2483 quod
1283 2435 1321 2473 in
1342 2436 1394 2473 eis

331 2490 522 2528 invenitur
549 2490 696 2526 bonum
726 2496 762 2525 et
788 2488 948 2534 malum,
980 2495 1015 2524 et
1042 2487 1178 2524 melius
1207 2495 1242 2524 et
1267 2489 1392 2536 peius:

333 2550 369 2580 et
386 2544 461 2580 hoc
480 2542 756 2579 diversificatur
783 2540 995 2577 secundum
1026 2540 1334 2587 circumstantias,
1353 2549 1395 2578 ut

331 2595 426 2634 infra
445 2595 465 2617 '¹‘
482 2595 637 2644 patebit.
655 2616 678 2622 -
693 2593 836 2640 Tertio,
858 2593 947 2642 quia
965 2593 1164 2640 theologus
1184 2594 1396 2630 considerat

297 2651 305 2663 ¹
333 2655 437 2686 actus
461 2647 653 2686 humanos
673 2646 884 2684 secundum
904 2645 1009 2694 quod
1029 2653 1115 2682 sunt
1133 2646 1313 2683 meritorii
1332 2647 1394 2683 vel

387 2770 414 2802 α)
434 2770 570 2801 aliquates.
587 2783 607 2788 —
625 2770 714 2801 quales
732 2770 755 2793 A
774 2768 814 2794 hic
833 2773 858 2793 et
877 2776 944 2793 mox.
961 2782 980 2787 -
999 2768 1067 2794 idest
1085 2777 1138 2793 om.
1157 2769 1336 2801 ABGHleD.

387 2804 703 2838 ffl'circumstantiarum.
720 2818 740 2822 -
757 2804 966 2828 substantiarum
985 2803 1151 2835 ACDGpBl-l.

1451 541 1693 588 demeritorii‚
1723 542 1829 589 quod
1858 541 2037 579 convenit
2064 542 2207 579 actibus
2234 543 2433 590 humanis3
2463 546 2511 582 ad

1450 595 1556 642 quod
1574 594 1774 642 requiritur
1792 594 1896 642 quod
1916 594 1988 631 sint
2006 595 2220 632 voluntarii.
2246 597 2364 632 Actus
2383 604 2511 635 autem

1449 648 1642 684 humanus
1669 647 1855 685 iudicatur
1881 647 2116 685 voluntarius
2134 649 2197 684 vel
2224 648 2509 697 involuntarius,

1450 700 1661 736 secundum
1679 723 1681 725 -
1701 700 1956 747 cognitionem
1983 701 2045 737 vel
2074 701 2324 748 ignorantiam
2354 703 2512 740 circum-

1450 752 1670 790 stantiarum
1690 751 1717 799 β,
1737 761 1779 789 ut
1797 753 1940 790 dictum
1961 761 2016 790 est
2033 753 2064 790 ²⁸.
2088 754 2137 790 Et
2154 753 2240 790 ideo
2262 755 2510 792 consideratio
2537 784 2549 795 .
2588 789 2602 804 a
2637 749 2652 782 β

1451 805 1814 843 circumstantiarum
1842 805 2004 854 pertinet
2031 806 2081 843 ad
2109 807 2341 854 theologum.

1501 860 1561 895 AD
1581 870 1718 895 PRtMUM
1736 870 1834 895 ERGO
1855 870 2037 896 DICENDUM
2066 859 2169 907 quod
2194 860 2340 896 bonum
2361 860 2511 898 ordina-

1449 918 1530 948 tum
1559 912 1607 948 ad
1635 911 1754 948 finem
1783 911 1917 949 dicitur
1943 911 2052 957 utile,
2081 912 2184 960 quod
2211 912 2391 960 importat
2418 914 2511 950 rela-

1448 963 1591 1000 tionem
1626 964 1840 1011 quandam:
1877 964 1980 1001 unde
2008 963 2263 1013 Philosophus
2291 965 2398 1012 dicit⁷
2428 966 2466 1002 in
2495 968 2508 1003 I

1448 1016 1567 1054 Ethic.
1587 1015 1619 1063 ²⁸,
1644 1016 1749 1064 quod
1776 1017 1813 1053 in
1841 1017 1893 1053 ad
1917 1017 2060 1064 aliquid
2085 1018 2224 1054 honum
2252 1023 2306 1054 est
2336 1018 2432 1055 utile.
2467 1020 2509 1056 In

1449 1068 1507 1107 his
1535 1075 1664 1106 autern
1693 1081 1789 1117 quae
1810 1069 1858 1106 ad
1877 1069 2016 1118 aliquid
2037 1069 2221 1117 dicuntur,
2243 1071 2511 1109 denominatur

1449 1121 1591 1169 aliquid
1610 1133 1688 1159 non
1708 1122 1833 1159 solum
1853 1123 1900 1159 ab
1921 1134 1968 1158 eo
1988 1123 2090 1170 quod
2110 1123 2217 1170 inest,
2238 1123 2305 1160 sed
2329 1124 2442 1160 etiam
2461 1125 2509 1161 ab

1451 1186 1496 1210 eo
1516 1174 1621 1223 quod
1641 1174 1870 1212 extrinsecus
1890 1174 2035 1212 adiacet
2053 1180 2068 1203 Υ
2087 1175 2123 1212 *2
2142 1183 2184 1212 ut
2201 1183 2304 1224 patet
2321 1176 2358 1213 in
2378 1177 2509 1214 dextro
2537 1204 2546 1214 .

1450 1234 1486 1264 et
1513 1227 1673 1273 sinistro,
1703 1227 1851 1274 aequali
1880 1234 1916 1264 et
1943 1227 2142 1276 inaequali,
2173 1235 2209 1264 et
2237 1228 2432 1266 similibus.
2462 1231 2511 1266 Et

1450 1279 1548 1325 ideo,
1566 1292 1654 1317 cum
1669 1279 1817 1317 bonitas
1832 1287 1985 1317 actuum
2000 1280 2046 1317 sit
2059 1281 2283 1329 inquantum
2298 1289 2383 1318 sunt
2401 1282 2510 1319 utiles

1450 1332 1500 1369 ad
1527 1332 1659 1379 finem,
1684 1332 1774 1369 nihil
1792 1333 1969 1381 prohibet
1987 1346 2055 1370 eos
2074 1334 2197 1370 bonos
2215 1334 2277 1370 vel
2297 1335 2418 1371 malos
2438 1334 2510 1371 dici

1451 1385 1660 1422 secundum
1688 1385 1975 1433 proportionem
2004 1386 2052 1423 ad
2080 1385 2205 1434 aliqua
2232 1398 2330 1434 quae
2350 1387 2510 1424 exterius

1451 1436 1635 1474 adiacent.

1504 1490 1563 1525 Ab
1601 1501 1790 1527 SECUNDUM
1823 1501 2006 1527 DICENDUM
2040 1490 2145 1539 quod
2172 1491 2379 1528 accidentia
2411 1504 2510 1540 quae

1452 1541 1610 1579 omnino
1638 1553 1708 1590 per
1734 1541 1910 1579 accidens
1938 1554 1978 1579 se
2003 1543 2156 1590 habent,
2176 1543 2438 1591 relinquuntur
2461 1546 2510 1582 ab

1452 1594 1559 1631 omni
1578 1601 1668 1640 arte,
1684 1601 1839 1642 propter
1858 1606 1991 1631 eorum
2011 1594 2312 1633 incertitudinem
2333 1604 2370 1633 et
2387 1597 2510 1634 infini-

1452 1654 1578 1684 tatem.
1603 1647 1679 1684 Sed
1708 1647 1794 1684 talia
1822 1646 2028 1685 accidentia
2055 1660 2133 1685 non
2161 1648 2301 1685 habent
2324 1649 2509 1687 rationem

1453 1699 1774 1737 circumstantiae:
1803 1699 1903 1748 quia,
1932 1707 1973 1736 ut
1997 1699 2139 1737 dictum
2158 1708 2213 1737 est
2226 1700 2257 1747 ¹⁸,
2278 1701 2331 1738 sic
2350 1702 2510 1739 circum-

1453 1752 1609 1789 stantiae
1638 1760 1725 1791 sunt
1743 1759 1846 1789 extra
1865 1759 2003 1798 aetum,
2019 1753 2125 1801 quod
2152 1759 2280 1791 tamen
2300 1761 2426 1791 actum
2446 1755 2509 1791 ali-

1452 1817 1530 1853 quo
1549 1805 1669 1843 modo
1699 1804 1928 1852 contingunt.
1951 1805 2145 1843 ordinatae
2165 1805 2213 1842 ad
2241 1805 2381 1854 ipsum.
2403 1808 2511 1844 Acci-

1453 1857 1581 1895 dentia
1601 1866 1728 1895 autem
1756 1869 1826 1906 per
1852 1869 1892 1895 se
1921 1857 2061 1896 cadunt
2087 1859 2157 1895 sub
2185 1866 2275 1896 arte.

1503 1912 1562 1948 AD
1581 1919 1740 1949 ‘manum
1757 1922 1942 1948 menapum
1961 1910 2066 1958 quod
2085 1910 2333 1948 consideratio
2353 1911 2510 1949 circum-

1450 1963 1671 2001 stantiarum
1698 1962 1859 2011 pertinet
1885 1963 2153 2010 admoralem,
2182 1970 2219 2000 et
2243 1963 2453 2012 politicum,
2474 1973 2510 2001 et

1451 2015 1499 2052 ad
1526 2016 1728 2052 rhetorem.
1748 2016 1808 2052 Ad
1838 2016 2023 2052 moralem
2047 2015 2215 2063 quidem,
2234 2024 2350 2065 prout
2377 2030 2510 2054 secun-

1449 2068 1542 2104 dum
1563 2080 1626 2104 eas
1644 2067 1833 2104 invenitur
1845 2068 1907 2104 vel
1925 2064 2232 2116 praetermittitur
2248 2069 2416 2106 medium
2435 2070 2510 2106 vir-

1448 2120 1535 2157 tutis
1562 2120 1600 2156 in
1627 2120 1804 2157 humanis
1835 2120 1980 2157 actibus
2010 2128 2046 2157 et
2071 2120 2322 2169 passionibus.
2351 2122 2413 2159 Ad
2439 2135 2509 2171 po-

1448 2173 1589 2209 liticum
1622 2181 1750 2209 autem
1779 2181 1815 2209 et
1841 2173 2050 2220 rhetorem,
2080 2174 2291 2211 seeundum
2323 2175 2429 2222 quod
2464 2188 2509 2212 ex

1450 2225 1735 2262 circumstantiis
1763 2232 1868 2261 actus
1895 2225 2103 2262 redduntur
2129 2226 2334 2263 laudabiles
2362 2228 2423 2263 vel
2451 2228 2508 2263 vi-

1447 2277 1693 2326 tuperabiles,
1723 2277 1953 2314 excusabiles
1981 2279 2043 2314 vel
2071 2279 2313 2315 accusabiles.
2343 2280 2509 2316 Diversi-

1447 2330 1562 2366 mode
1591 2337 1740 2366 tamen:
1769 2342 1858 2366 nam
1887 2330 1993 2379 quod
2020 2331 2146 2367 rhetor
2173 2332 2386 2379 persuadet,
2414 2333 2509 2380 poli-

1447 2383 1541 2420 ticus
1569 2381 1758 2420 diiudicat.
1786 2383 1848 2420 Ad
1876 2383 2096 2431 theologum
2125 2391 2265 2430 autem,
2288 2384 2347 2420 cui
2373 2397 2508 2422 omnes

1447 2435 1543 2473 aliae
1570 2443 1668 2472 artes
1699 2435 1926 2482 deserviunt,
1954 2436 2140 2484 pertinent
2174 2437 2351 2474 omnibus
2384 2438 2508 2475 modis

1446 2487 1666 2536 praedictis:
1694 2500 1784 2524 nam
1812 2487 1893 2536 ipse
1920 2489 2035 2525 habet
2063 2489 2402 2526 considerationem
2423 2489 2437 2512 ὅ
2461 2491 2507 2527 de

1448 2541 1591 2578 actibus
1618 2540 1795 2577 virtuosis
1825 2548 1860 2576 et
1886 2541 2038 2588 vitiosis,
2061 2554 2147 2590 cum
2175 2543 2326 2588 morali;
2356 2551 2392 2579 et
2420 2556 2508 2580 con-

1447 2594 1585 2631 siderat
1619 2600 1724 2630 actus
1752 2593 1962 2630 secundum
1991 2594 2094 2642 quod
2122 2603 2315 2631 merentur
2340 2608 2506 2644 poenam

1446 2646 1509 2683 vel
1536 2646 1765 2694 praemium,
1796 2658 1883 2682 cum
1912 2647 2062 2683 rhetore
2090 2654 2126 2683 et
2153 2647 2315 2696 politico.

1501 2769 1527 2802 γ)
1547 2770 1663 2795 adiacet.
1681 2783 1699 2787 -
1717 2769 1786 2794 iacet
1803 2769 1960 2800 ADGILpl-l.

1500 2802 1524 2835 ὃ)
1545 2804 1792 2829 considerationem.
1810 2818 1829 2822 -
1846 2804 2070 2828 considerationes
2089 2805 2134 2829 Ρα.

1127 2956 1442 2999 ARTICULUS
1471 2956 1699 2998 TERTIUS

499 3040 655 3072 UTRUM
678 3038 1018 3071 CONVENIENTER
1039 3039 1368 3071 ENUMERENTUR
1390 3040 1780 3071 CIRCUMSTANTIAE
1806 3040 1848 3069 IN
1871 3039 2036 3070 TERTIO
2060 3041 2342 3074 ETHICORUM

741 3109 774 3133 1v
793 3109 876 3138 Sem„
896 3108 955 3133 dist.
972 3116 1022 3138 m,
1041 3116 1084 3141 qu.
1103 3115 1140 3138 m,
1159 3113 1206 3133 m.
1224 3116 1244 3138 1,
1264 3110 1313 3141 qu·
1329 3116 1352 3138 2,
1375 3108 1403 3140 3;
1424 3109 1466 3133 De
1485 3108 1567 3138 Malo,
1587 3091 1678 3141 qusn,
1697 3113 1745 3133 art.
1764 3107 1795 3139 6;
1815 3107 1845 3132 m
1866 3109 1959 3139 Etr-ie„
1979 3110 2037 3134 lect.
2056 3117 2093 3135 m.

420 3202 426 3217 ι
454 3226 455 3229 ,
470 3207 521 3252 ,ην
543 3202 565 3226 n
575 3201 734 3229 TERTruM
744 3201 797 3226 stc
807 3187 1210 3226 PROOEmTURNidetur
1219 3188 1323 3237 quod
1337 3187 1392 3225 in-

402 3236 409 3244 '
464 3230 516 3287 (ξῆ
545 3241 814 3278 convenienter
833 3241 1132 3278 circumstantiae
1146 3248 1394 3279 numerentur

456 3276 515 3332 ,³¹6
543 3295 582 3331 in
606 3295 655 3333 ΙΙΙ
674 3294 826 3332 Ennia*
845 3293 1134 3332 Circumstantia
1159 3293 1261 3331 enim
1286 3300 1390 3331 actus

391 3372 394 3375 κ
521 3363 529 3374 <
550 3347 678 3385 ·'citur
697 3348 802 3396 quod
821 3347 982 3385 exterius
996 3359 1037 3384 se
1055 3347 1169 3384 habet
1187 3346 1235 3383 ad
1250 3353 1388 3383 actum.

333 3400 566 3439 Huiusmodi
585 3408 715 3438 autem
733 3408 820 3439 sunt
842 3408 994 3449 tempus
1013 3407 1050 3436 et
1068 3400 1183 3437 locus.
1205 3399 1306 3446 Ergo
1327 3411 1390 3436 so-

333 3453 390 3490 lae
407 3453 505 3490 duae
521 3460 608 3490 sunt
622 3453 934 3500 circumstantiae,
947 3452 1085 3489 scilicet
1099 3452 1247 3499 quando
1264 3459 1299 3488 et
1315 3452 1386 3488 ubi.

387 3567 414 3599 α)
433 3567 637 3592 concluduntur.
655 3581 673 3585 -
692 3567 865 3592 includuntur
884 3566 931 3591 Pa.

477 3621 586 3646 Summae
605 3621 705 3645 Τιῑεοι.
725 3621 756 3644 D.
771 3620 884 3644 Tuosne
902 3619 935 3644 Τ.
954 3619 994 3644 llI.

1499 3200 1534 3226 2.
1563 3189 1794 3234 ΡΜΕΤΕΒΕΑ,
1823 3200 1868 3226 ex
1898 3188 2183 3226 circumstantiis
2210 3189 2390 3238 accipitur
2412 3190 2502 3238 quid

1444 3241 1540 3279 bene
1569 3241 1631 3277 vel
1658 3241 1756 3278 male
1784 3241 1861 3277 fiat.
1883 3241 1958 3279 Sed
1986 3241 2060 3279 hoc
2087 3241 2247 3290 pertinet
2274 3243 2322 3280 ad
2340 3243 2501 3280 modum

1445 3301 1560 3330 actus.
1581 3294 1681 3340 Ergo
1701 3305 1836 3331 omnes
1864 3293 2162 3332 circumstantiae
2190 3295 2464 3332 concluduntur
2485 3301 2501 3316 α

1444 3347 1514 3384 sub
1542 3358 1630 3393 una,
1660 3358 1757 3394 quae
1784 3353 1842 3384 est
1869 3347 2001 3384 modus
2027 3347 2176 3396 agendi.

1471 3400 1505 3435 3.
1536 3399 1766 3445 PRAETEREA,
1797 3399 2098 3437 circumstantiae
2127 3412 2204 3437 non
2232 3407 2318 3436 sunt
2344 3399 2391 3437 de
2413 3401 2500 3437 sub-

1443 3451 1575 3488 stantia
1604 3458 1719 3488 actus.
1750 3452 1827 3488 Sed
1847 3451 1895 3488 ad
1915 3452 2161 3488 substantiam
2182 3459 2286 3488 actus
2313 3452 2500 3500 pertinere

2343 3626 2359 3651 9

2537 1020 2726 1068 s.“÷²l3:}'.¹÷1¹.¹·v.³.·
2737 1030 2749 1035 ·

2537 1711 2546 1719 ”
2560 1709 2612 1731 Art.
2627 1709 2733 1736 praeced.
