2852 4152
364 230 411 264 28

418 307 611 352 Quantum
629 319 717 353 ergo
734 306 781 342 ad
797 306 898 342 illam
919 305 1187 342 beatitudinem
1203 306 1421 354 perfectam,

366 366 485 395 cessat
513 359 693 395 obiectio:
724 359 813 406 quia
839 371 916 394 una
945 366 980 394 et
1015 358 1192 394 continua
1221 365 1256 394 et
1283 357 1422 405 sempi-

365 419 470 447 terna
499 411 717 460 operatione
746 411 783 447 in
812 411 874 447 illo
905 410 1151 451 *beatitudinis
1180 417 1275 446 statu
1313 421 1422 445 mens

223 464 238 487 ⁷¹
364 464 527 500 hominis
546 465 631 500 Deo
652 463 899 510 coniungetur
918 468 947 499 η.
971 463 1048 499 Sed
1067 463 1105 498 in
1125 461 1313 510 praesenti
1333 461 1420 507 vita,

365 524 549 564 quantum
570 516 768 553 deficimus
788 516 835 553 ab
854 515 996 552 unitate
1017 523 1053 551 et
1077 513 1319 550 continuitate
1339 513 1422 550 talis

365 569 603 617 operationis,
625 576 769 605 tantum
796 567 992 604 deficimus
1021 580 1043 603 a
1071 566 1310 602 beatitudinis
1337 579 1421 614 per-

364 621 535 658 fectione.
566 622 634 657 Est
661 629 788 657 tamen
815 620 938 668 aliqua
966 618 1200 668 participatio
1226 619 1422 656 beatitudi-

364 673 442 709 nis:
473 681 509 710 et
536 681 638 710 tanto
663 673 797 719 maior,
818 680 959 720 quanto
989 671 1158 720 operatio
1187 679 1311 719 potest
1339 684 1421 708 esse

221 724 233 748 θ
362 726 480 773 magis
509 726 686 762 continua
714 734 750 762 et
776 737 853 761 una
872 723 897 761 θ.
927 725 976 760 Et
1002 724 1089 761 ideo
1118 723 1157 760 in
1186 723 1308 761 activa
1332 724 1420 770 vita,

361 790 459 825 quae
489 778 585 815 circa
603 779 720 814 multa
740 784 956 825 occupatur,
979 783 1035 813 est
1054 776 1180 813 minus
1209 776 1255 813 de
1276 776 1420 813 ratione

412 909 438 941 η)
458 909 641 941 coniungetur.
659 922 678 927 —
696 908 901 940 coniungeretur
920 909 950 938 A,
970 908 1143 940 coniungitur
1162 908 1231 932 PFa.

412 943 435 976 0)
455 947 481 968 et
503 947 577 968 tanto
598 943 728 968 maior...
742 943 869 968 continua
892 945 918 968 et
941 950 1003 968 una.
1021 957 1040 962 -
1057 943 1164 975 quando
1187 943 1308 974 operatio
1328 946 1418 974 potest

358 986 413 1004 esse
430 979 555 1004 continua
575 982 600 1003 et
619 985 672 1002 una
690 979 726 1008 L;
745 981 772 1002 et
790 981 889 1010 quanto
909 978 1030 1010 operatio
1044 981 1135 1010 potest
1153 985 1208 1003 esse
1226 978 1328 1010 (magis
1348 978 1418 1003 addit

1067 227 1332 273 QUAESTIO
1364 228 1430 272 III,
1461 227 1755 265 ARTICULUS
1786 229 1834 263 III

1479 305 1718 342 beatitudinis
1739 317 1853 353 quarn
1869 304 1907 341 in
1922 305 1999 342 vita
2015 307 2320 355 contemplativa,
2337 319 2434 355 quae
2454 319 2538 344 ver-

1478 365 1580 394 satur
1609 358 1707 394 circa
1729 369 1868 404 unum,
1888 357 1984 395 idest
2003 358 2101 395 circa
2118 359 2284 396 veritatis
2306 361 2536 408 contempla-

1477 409 1632 446 tionem.
1663 411 1712 446 Et
1735 410 1764 446 si
1791 409 1996 457 aliquando
2015 411 2135 448 homo
2155 420 2240 449 actu
2260 425 2338 449 non
2360 420 2537 461 operetur

1476 461 1696 498 huiusmodi
1727 462 2000 510 operationem,
2031 471 2158 501 tamen
2186 465 2273 512 quia
2297 465 2335 501 in
2354 473 2534 514 promptu

1477 514 1591 550 habet
1616 526 1700 550 eam
1721 526 1874 562 semper
1892 520 1899 535 ‘
1921 516 2085 564 operari;
2115 525 2152 554 et
2171 517 2259 566 quia
2279 517 2391 554 etiam
2411 517 2534 566 ipsam
2662 521 2668 536 ²

1477 566 1740 613 cessationem,
1769 574 1860 615 puta
1889 568 2014 604 somni
2042 570 2102 605 vel
2136 570 2394 618 occupationis
2423 570 2535 606 alicu-

1475 618 1532 654 ius
1552 619 1741 665 naturalis,
1767 619 1816 656 acl
1834 621 2097 668 operationem
2116 622 2348 670 praedictam
2368 622 2532 668 ordinat;

1478 671 1585 719 quasi
1614 671 1764 708 videtur
1793 673 1963 720 operatio
1992 674 2171 711 continua
2199 687 2293 712 esse.

1529 724 1578 760 Et
1604 735 1673 772 per
1708 725 1783 761 hoc
1810 732 1913 773 patet
1940 726 2076 763 solutio
2110 727 2159 764 ad
2196 727 2392 775 quintum,
2421 734 2458 764 et
2486 727 2533 764 ad

1476 784 1636 814 sextum.

1472 908 1518 940 sF)
1532 908 1658 933 continua
1673 911 1699 932 et
1711 915 1765 932 una
1777 908 1982 940 ABDFGHIpC;
1997 911 2024 933 et
2036 911 2135 941 quanto
2149 910 2272 941 operatio
2278 913 2369 942 potest
2382 917 2438 935 esse
2447 909 2534 943 magis

1471 943 1598 968 continua
1617 947 1644 967 et
1662 951 1722 972 una,
1743 946 1818 967 tanto
1832 944 1897 975 plus
1915 943 1992 968 habet
2011 943 2142 968 rationem
2161 945 2334 970 beatitudinis
2353 945 2411 970 Psc
2430 950 2455 970 et
2473 952 2498 970 a.

1525 979 1542 1010 ι)
1561 985 1673 1009 semper.
1690 992 1709 997 —
1727 979 1834 1003 videtur
1852 979 1910 1003 add.
1925 979 1967 1009 sB,
1983 981 2073 1010 potest
2091 979 2149 1003 add.
2164 979 2235 1005 PKa.
2247 993 2267 998 -
2284 980 2364 1005 etiam
2383 987 2437 1006 om.
2456 980 2497 1004 El.

1158 1120 1476 1162 ARTICULUS
1505 1120 1734 1162 TERTIUS

487 1215 641 1246 UTRUM
663 1214 916 1245 BEATITUDO
940 1213 1006 1244 srr
1030 1212 1250 1244 OPERATIO
1274 1212 1524 1243 SENsrTwAE
1547 1212 1708 1250 PARTIS,
1732 1213 1824 1245 Aur
1843 1214 2192 1245 INTELLECTIVAE
2215 1215 2402 1246 TANTUM

826 1292 857 1316 111
879 1292 955 1316 Cont.
972 1291 1059 1320 Gent„
1080 1298 1135 1323 cap.
1153 1298 1244 1322 xxx111;
1267 1290 1410 1322 compend.
1433 1290 1529 1320 Theoi„
1548 1296 1612 1323 part.
1632 1291 1661 1323 11,
1682 1299 1736 1324 cap.
1755 1300 1794 1324 1x3
1813 1292 1822 1316 1
1842 1292 1937 1321 Ethic„
1957 1293 2016 1318 lect.
2033 1301 2056 1320 x.

392 1405 433 1428 ’,κ
472 1400 534 1429 41»—
547 1400 552 1403 -
567 1392 588 1416 D
608 1391 767 1416 TERTIUM
795 1391 848 1415 stc
868 1390 1106 1416 PROCEDITUR.
1126 1378 1287 1416 Videtur
1310 1379 1414 1428 quod

404 1429 430 1451 ³
500 1452 544 1472 >
567 1432 759 1469 beatitudo
789 1432 967 1469 consistat
989 1431 1101 1468 etiam
1130 1431 1168 1468 in
1192 1432 1414 1482 operatione

523 1498 709 1529 1sensus.
741 1485 855 1522 Nulla
884 1485 985 1522 enim
1020 1484 1189 1533 operatio
1228 1485 1416 1523 invenitur

540 1538 604 1575 in
618 1537 775 1575 homine
795 1537 958 1575 nobilior
973 1538 1194 1586 operatione
1225 1537 1414 1585 sensitiva,

355 1589 425 1626 nisi
452 1589 689 1628 intellectiva.
721 1591 798 1628 Sed
827 1590 995 1639 operatio
1025 1590 1251 1628 intellectiva
1276 1591 1417 1640 depen-

356 1642 419 1679 det
446 1643 484 1679 in
517 1644 628 1680 nobis
657 1645 704 1681 ab
740 1644 961 1704 operatione
995 1643 1194 1681 sensitiva:
1223 1644 1312 1693 quia
1341 1656 1415 1681 non

348 1707 549 1743 possumus
578 1697 783 1747 intelligere
810 1698 889 1734 sine
910 1698 1186 1745 phantasmate,
1214 1705 1255 1733 ut
1284 1697 1417 1734 dicitur

116 1758 253 1806 cafhvu
268 1763 291 1779 n
306 1763 326 1785 3
354 1748 392 1785 in
413 1750 462 1785 111
483 1749 528 1786 de
546 1750 687 1787 Anima
701 1750 731 1786 ³¹⁸.
762 1750 865 1798 Ergo
894 1750 1086 1788 beatitudo
1108 1750 1275 1786 consistit
1304 1750 1415 1787 etiam

226 1785 326 1806 lenxn.
356 1801 363 1807 .

354 1813 392 1837 ln
421 1810 641 1850 operatlone
670 1810 860 1840 SCDSltlva.

117 1870 125 1878 ·
143 1869 222 1890 Prosa.
237 1874 261 1889 11.

409 1866 444 1891 2.
466 1856 698 1903 PRAETEREA,
727 1856 883 1892 Boetius
903 1855 1031 1903 dicit,
1022 1868 1061 1892 in
1082 1856 1132 1892 III
1152 1856 1198 1892 de
1221 1855 1368 1892 Consol.
1385 1855 1415 1900 ⁹¹²,

356 1907 460 1956 quod
490 1908 682 1945 beatitudo
713 1916 769 1945 est
795 1914 911 1945 status
939 1909 1108 1945 omnium
1137 1909 1323 1946 bonorum
1348 1920 1417 1958 ag—

353 1961 578 2010 gregatione
607 1963 808 2010 perfectus.
849 1961 927 1998 Sed
963 1961 1155 2009 quaedam
1190 1962 1294 1998 bona
1331 1970 1419 1998 sunt

214 2022 230 2038 α
356 2013 545 2050 sensibilia
565 2019 593 2061 α,
624 2026 722 2062 quae
743 2014 958 2061 attingimus
978 2026 1047 2062 per
1066 2026 1200 2050 sensus
1230 2014 1418 2062 operatio-

354 2078 456 2102 nem.
486 2067 588 2114 Ergo
617 2067 767 2104 videtur
800 2067 904 2115 quod
933 2066 1103 2116 operatio
1132 2079 1266 2103 sensus
1295 2067 1418 2116 requi-

354 2126 457 2155 ratur
484 2119 533 2155 ad
561 2119 843 2157 beatitudinem.

410 2172 444 2208 3.
465 2172 697 2219 PRAETEREA,
719 2172 913 2209 beatitudo
944 2179 999 2209 est
1029 2172 1169 2208 bonum
1192 2173 1415 2220 perfectum,

118 2237 198 2264 τερ.
213 2242 258 2262 vn,
274 2242 296 2258 n.
315 2242 327 2265 3
354 2231 396 2260 ut
422 2224 606 2272 probatur
632 2225 669 2262 in
699 2226 713 2261 Ι
741 2226 861 2262 Ethic.
885 2224 926 2261 *z
955 2225 1059 2274 quod
1088 2236 1167 2261 non
1200 2232 1317 2272 esset,
1347 2225 1418 2262 nisi

117 2269 187 2310 535³·
178 2263 280 2285 'Um
284 2267 327 2284 ω’
355 2277 474 2313 homo
503 2277 750 2326 perficeretur
780 2290 850 2327 per
877 2277 999 2326 ipsam
1039 2277 1249 2314 secundum
1281 2289 1418 2315 omnes

354 2336 480 2378 partes
508 2343 606 2367 suas.
637 2331 714 2367 Sed
732 2343 800 2379 per
825 2330 1065 2379 operationes
1086 2330 1284 2368 sensitivas
1304 2343 1417 2379 quae-

357 2382 445 2419 dam
474 2390 599 2431 partes
632 2384 783 2420 animae
810 2383 1070 2433 perficiuntur.
1107 2383 1209 2431 Ergo
1247 2383 1416 2432 operatio

356 2435 534 2473 sensitiva
561 2436 759 2485 requiritur
786 2437 836 2473 ad
864 2436 1147 2474 beatitudinem.

410 2489 484 2525 SED
513 2500 678 2536 CONTRA,
707 2490 746 2526 in
775 2490 997 2538 operatione
1032 2489 1210 2526 sensitiva
1243 2501 1416 2526 commu-

216 2546 230 2579 β
356 2540 482 2578 nicant
509 2542 710 2579 nobiscum
731 2541 746 2572 β
765 2543 875 2580 bruta
902 2542 1090 2580 animalia.
1111 2543 1204 2579 Non
1223 2549 1351 2579 autem
1380 2543 1418 2580 in

356 2593 598 2631 beatitudine.
629 2596 731 2643 Ergo
760 2595 954 2633 beatitudo
982 2607 1062 2632 non
1082 2594 1250 2632 consistit
1268 2595 1307 2631 in
1327 2608 1417 2645 ope-

357 2654 500 2683 ratlone
529 2656 719 2685 sensrtlva.

410 2700 634 2737 RESPONDEO
662 2713 846 2738 monimum
866 2701 970 2750 quod
990 2701 1038 2738 ad
1058 2700 1329 2738 beatitudinem
1348 2713 1417 2749 po-

356 2759 427 2789 test
455 2752 593 2802 aliquid
620 2754 808 2803 pertinere
841 2753 1052 2802 tripliciter:
1081 2766 1159 2790 uno
1188 2755 1329 2802 modo,
1361 2766 1416 2791 es-

357 2805 579 2852 sentialiter3
600 2807 673 2844 alio
693 2807 824 2853 modo,
845 2807 1130 2853 antecedenter;
1155 2806 1263 2843 tertio
1283 2807 1415 2855 modo,

358 2866 644 2907 consequenter.
687 2860 945 2910 Essentialiter
981 2860 1136 2908 quidem
1173 2872 1252 2897 non
1292 2866 1418 2908 potest

356 2911 541 2959 pertinere
571 2913 740 2961 operatio
769 2925 901 2950 sensus
930 2913 979 2950 ad
998 2912 1282 2950 beatitudinem.
1313 2913 1415 2950 Nam

357 2964 550 3012 beatitudo
567 2965 732 3003 hominis
753 2965 920 3003 consistit
940 2965 1183 3005 essentialiter
1202 2965 1240 3002 in
1261 2965 1416 3003 coniun-

359 3014 480 3054 ctione
509 3017 624 3067 ipsius
653 3019 700 3056 ad
729 3020 874 3063 bonum
904 3019 1124 3067 increatum,
1155 3018 1261 3067 quod
1290 3025 1344 3055 est
1362 3019 1417 3055 ul-

358 3069 471 3106 timus
503 3070 607 3118 finis,
636 3078 677 3108 ut
705 3071 851 3120 supra*
878 3079 1075 3110 ostensum
1105 3079 1179 3109 est:
1210 3072 1270 3108 cui
1296 3072 1415 3108 homo

359 3123 535 3171 coniungi
563 3136 641 3160 non
660 3131 784 3173 potest
810 3137 878 3172 per
898 3137 1029 3162 sensus
1054 3124 1329 3174 operationem.
1361 3124 1417 3162 Si-

121 3189 323 3218 “Qu.s11,art.5.
358 3175 494 3212 militer
523 3175 635 3213 etiam
664 3177 763 3226 quia,
794 3177 887 3214 sicut
915 3186 1109 3215 ostensum
1140 3185 1194 3214 est
1211 3177 1243 3226 ³¹⁸,
1273 3177 1312 3215 in
1335 3190 1416 3215 cor-

120 3082 130 3090 ’
144 3081 195 3103 Art.
210 3086 227 3102 ι.

412 3326 439 3357 α)
458 3326 599 3351 sensibilia.
617 3340 634 3344 —
653 3326 778 3350 sensitiva
798 3326 853 3351 Pla.

413 3360 436 3393 β)
458 3362 599 3386 nobiscum.
618 3375 635 3379 -
655 3361 728 3385 nobis
747 3361 836 3385 PBFa.

412 3397 437 3429 γ)
458 3398 523 3422 sola.
541 3411 559 3415 -
577 3398 633 3422 sola
653 3397 721 3420 bona
740 3397 849 3421 codices.

1469 1379 1664 1428 poralibus
1692 1379 1802 1416 bonis
1831 1380 2024 1417 beatitudo
2053 1380 2219 1418 hominis
2243 1393 2321 1418 non
2343 1381 2530 1418 consistit:

1470 1445 1568 1482 quae
1591 1440 1722 1469 tamen
1749 1434 1831 1470 sola
1849 1438 1865 1460 Υ
1891 1445 1961 1482 per
1980 1434 2243 1482 operationem
2263 1446 2395 1472 sensus
2423 1434 2531 1471 attin-
2657 1438 2675 1463 Υ

1470 1485 1604 1533 gimus.

1523 1538 1689 1574 Possunt
1707 1545 1834 1575 autem
1855 1538 2094 1587 operationes
2123 1551 2256 1575 sensus
2274 1539 2463 1588 pertinere
2481 1539 2531 1577 ad

1471 1591 1743 1628 beatitudinem
1763 1591 2030 1628 antecedenter
2051 1599 2086 1628 et
2107 1599 2393 1640 consequenter.
2415 1593 2531 1629 Ante-

1471 1644 1649 1681 cedenter
1667 1644 1835 1692 quidem,
1861 1644 2072 1681 secundum
2091 1644 2366 1681 beatitudinem
2394 1644 2532 1694 imper-

1470 1697 1629 1744 fectam,
1659 1697 1779 1745 qualis
1812 1697 1849 1733 in
1881 1697 2071 1745 praesenti
2103 1696 2181 1735 vita
2217 1697 2350 1734 haberi
2385 1705 2531 1746 potest:

1471 1762 1561 1786 nam
1590 1750 1761 1799 operatio
1795 1750 2004 1787 intellectus
2030 1750 2237 1799 praeexigit
2269 1750 2530 1800 operationem

1471 1815 1615 1840 sensus.
1632 1824 1655 1830 -
1673 1803 1961 1852 Consequenter
1975 1811 2115 1851 autem,
2132 1802 2171 1840 in
2185 1803 2246 1840 illa
2260 1803 2424 1852 perfecta
2443 1804 2532 1840 bea-

1470 1855 1628 1893 titudine
1658 1868 1755 1905 quae
1785 1863 2002 1904 expectatur
2023 1856 2063 1892 in
2091 1857 2217 1893 caelo:
2248 1855 2335 1905 quia
2361 1863 2449 1906 post
2476 1867 2532 1893 re-

1472 1908 1758 1956 surrectionem,
1779 1921 1828 1945 ex
1851 1921 1931 1957 zpsa
1959 1909 2184 1946 beatitudine
2210 1909 2373 1956 animae,
2393 1916 2436 1946 ut
2454 1910 2532 1946 Au—

1471 1961 1641 2009 gustinus
1679 1961 1765 1998 dicit
1795 1961 1834 1998 in
1862 1961 2033 2011 Epistola
2069 1962 2121 1998 ad
2149 1962 2377 1999 Dioscorum
2400 1961 2438 2010 *,
2460 1963 2568 2010 fiet

1472 2015 1657 2063 quaedam
1695 2014 1890 2075 refluentia
1923 2014 1959 2051 in
1994 2025 2130 2063 corpus
2157 2019 2194 2051 et
2219 2014 2255 2051 in
2293 2026 2422 2051 sensus
2450 2026 2532 2052 cor-

1466 2078 1626 2115 poreos,
1658 2072 1697 2103 ut
1723 2067 1759 2103 in
1787 2067 1863 2103 suis
1892 2067 2169 2115 operationibus
2194 2067 2466 2115 perficiantur;
2487 2075 2534 2104 ut

1471 2120 1567 2156 infra
1586 2119 1706 2167 magis
1720 2119 1875 2168 patebit,
1893 2131 1980 2156 cum
1996 2120 2042 2156 de
2062 2119 2337 2156 resurrectione
2357 2118 2532 2169 agetur*.
2560 2123 2772 2180 ffl'flssgwss

1471 2173 1564 2209 Non
1584 2179 1712 2211 autern
1736 2180 1826 2209 tunc
1845 2172 2016 2221 operatio
2037 2184 2112 2221 qua
2130 2183 2240 2209 mens
2259 2173 2429 2210 humana
2448 2172 2532 2210 Deo
2560 2184 2641 2200 “¹¹¹¹
2655 2183 2708 2206 κισ·

1473 2223 1760 2273 coniungetur⁶,
1792 2237 1814 2261 a
1841 2237 1955 2262 sensu
1985 2225 2226 2274 dependebit.
2659 2229 2673 2254 ὃ

1525 2279 1584 2314 An
1613 2289 1750 2314 PRIMUM
1778 2288 1876 2315 ERGO
1915 2289 2101 2315 mCENDUM
2138 2278 2243 2326 quod
2279 2277 2445 2317 obiectio
2473 2276 2534 2316 illa

1471 2331 1610 2379 probat
1642 2330 1748 2379 quod
1782 2330 1951 2379 operatio
1989 2341 2123 2368 sensus
2157 2329 2358 2380 requiritur
2385 2337 2536 2367 antece·-

1473 2383 1605 2420 denter
1632 2383 1680 2420 ad
1717 2382 1991 2420 beatitudinem
2025 2383 2307 2432 imperfectam,
2338 2382 2459 2440 qualis
2494 2383 2533 2420 in

1471 2437 1543 2473 hac
1571 2435 1649 2473 vita
1675 2435 1806 2474 haberi
1833 2443 1968 2485 potest.

1525 2490 1584 2526 An
1613 2500 1803 2526 SECUNDUM
1835 2500 2018 2526 DlCENDUM
2051 2488 2158 2536 quod
2190 2488 2384 2526 beatitudo
2407 2468 2533 2538 perfe-

1473 2549 1542 2589 cta,
1563 2542 1716 2602 qualem
1743 2542 1866 2590 angeli
1893 2542 2045 2588 habent,
2066 2541 2181 2578 habet
2200 2540 2532 2600 congregationem

1472 2594 1647 2632 omniurn
1680 2595 1872 2632 bonorum
1899 2606 1969 2644 per
1996 2594 2278 2632 conjuctionem
2306 2594 2355 2631 ad
2382 2594 2533 2631 univer-

1472 2648 1591 2685 salem
1623 2647 1768 2684 fontem
1805 2647 1919 2685 totius
1951 2647 2063 2693 boni3
2094 2659 2171 2684 non
2205 2646 2310 2696 quod
2338 2642 2533 2695 indigeat‘
2658 2653 2669 2670 ⁸
2716 2695 2718 2697 q

1472 2701 1624 2749 singulis
1652 2700 1941 2749 particularibus
1965 2700 2087 2737 bonis.
2119 2699 2196 2737 Sed
2224 2699 2263 2737 in
2281 2700 2354 2736 hac
2377 2699 2534 2736 beatitu-
2715 2690 2739 2706 ”

1472 2754 1559 2791 dine
1587 2753 1819 2803 imperfecta,
1842 2753 2043 2802 requiritur
2071 2752 2311 2802 congregatio
2341 2752 2532 2804 bonorum

1471 2806 1738 2844 sufficientium
1753 2806 1802 2843 ad
1815 2805 2127 2856 perfectissimam
2144 2805 2406 2855 operationem
2421 2805 2534 2844 huius

1469 2867 1581 2897 vitae.

1525 2914 1583 2950 An
1611 2923 1770 2949 ”rr-:Rrium
1797 2923 1980 2949 mcENnuM
2001 2911 2105 2961 quod
2124 2911 2163 2948 in
2181 2911 2349 2973 perfecta
2376 2909 2533 2948 beatitu-

1474 2965 1561 3003 dine
1589 2965 1782 3014 perficitur
1809 2972 1910 3002 totus
1938 2965 2068 3012 homo,
2090 2963 2186 3002 sed
2176 2972 2215 3001 ιιι
2234 2962 2398 3000 inferiori
2424 2970 2533 3013 parte

1471 3030 1542 3068 per
1569 3017 1857 3055 redundantiam
1878 3029 1899 3054 a
1919 3017 2113 3067 superiori.
2144 3017 2187 3054 In
2209 3015 2439 3054 beatitudine
2468 3029 2533 3056 au-

1473 3078 1549 3108 tem
1585 3071 1806 3121 imperfecta
1839 3070 2048 3120 praesentis
2081 3068 2204 3118 vitae,
2244 3082 2265 3106 e
2295 3078 2495 3107 converso
2511 3078 2533 3107 a
2756 3114 2761 3118 ,

1472 3124 1704 3173 perfectione
1731 3123 1914 3160 inferioris
1941 3123 2055 3173 partis
2088 3121 2308 3172 proceditur
2336 3121 2384 3159 ad
2411 3120 2532 3173 perfe-
2590 3126 2613 3129 ”
2660 3122 2671 3128 “
2718 3120 2736 3127 ”’

1473 3177 1636 3214 ctionem
1665 3175 1880 3227 superioris.

2587 1967 2623 1995 Ep
2624 1967 2662 1989 int.
2683 1972 2770 1993 cxvnx,

2559 1994 2590 2016 nl.
2602 1999 2653 2021 ιη,
2668 1999 2720 2021 cap.
2735 1999 2770 2015 ιιι.

1524 3326 1549 3359 ὃ)
1567 3327 1752 3360 coniungetur.
1770 3339 1790 3346 -
1805 3325 1979 3358 coniungitur
1997 3324 2087 3349 PFKa.

1527 3363 1547 3394 ε)
1569 3363 1695 3395 indigeat.
1714 3376 1732 3380 —-
1751 3361 1889 3394 indigeant
1908 3360 2131 3384 ABCDEFGIKL.
