2852 4152
125 1467 179 1489 'Ca
199 1464 336 1491 .1v,n.6.-

127 1493 150 1514 S.
161 1472 208 1515 Τῇ.
222 1493 275 1513 lect.
286 1496 336 1512 vm.

129 1836 137 1842 '
147 1833 171 1855 S.
178 1833 222 1855 Th.
230 1834 282 1854 lect.
292 1838 337 1855 xiv,

129 1859 337 1907 ³-K11)Ii·d.lib.1V‚cap.

131 2419 139 2427 ·
153 2417 210 2445 Cap.
224 2423 271 2439 xxi.

129 2527 336 2549 ·c0mment.xvu1.

362 227 434 264 312

1041 222 1305 270 QUAESTIO
1336 222 1476 266 XLIX,
1505 219 1800 255 ARTICULUS
1830 220 1879 254 III

363 305 447 351 tiae,
477 303 655 353 quamvis
685 314 754 351 per
781 302 956 339 accidens
968 301 1184 341 -.videantur
1212 312 1251 336 se
1278 300 1418 336 habere
1471 297 1626 334 stantiae
1660 297 1877 346 frequenter
1911 298 2144 347 accipiuntur
2177 300 2411 337 differentiae
2440 300 2535 337 acci-

363 357 413 394 ad
433 356 664 406 qualitatem,
686 355 881 403 designant
900 362 1027 391 tamen
1046 353 1217 402 proprias
1238 359 1272 387 et
1290 363 1359 399 per
1379 362 1418 386 se

1472 350 1641 386 dentales
1671 350 1757 386 loco
1787 350 2100 399 substantialium,
2130 352 2355 401 inquantum
2383 365 2452 402 per
2472 365 2535 390 eas

366 409 593 448 differentias
615 408 848 457 qualitatum.
871 407 974 443 Sicut
994 406 1103 442 etiam
1121 406 1158 441 in
1177 415 1314 451 genere
1335 403 1422 438 sub·
1474 402 1719 449 designantur
1745 401 1930 450 principia
1958 404 2180 442 essentialia.

1039 498 1368 533 Commentafia
1391 496 1639 529 Caii-danaus
1662 496 1860 530 Caietam

395 596 415 617 N
444 585 575 617 articulo
604 584 743 614 secundo
772 582 911 612 eiusdem
941 578 1146 620 quaestioniS,
1180 577 1303 606 adverte
1334 576 1422 616 quod

368 598 448 660 lilla
476 630 571 660 verba
597 628 630 658 in
655 635 801 667 corpore:
829 625 947 655 Modus
975 627 1079 653 autem
1107 622 1173 651 sive
1199 620 1421 651 determinatio

364 675 496 706 subiecti
518 672 691 704 secundum
711 680 778 701 esse
794 667 999 703 accidentale,
1010 670 1116 706 potest
1133 665 1235 703 accipi
1253 664 1303 694 vel
1318 665 1350 694 in
1370 674 1421 694 or-

364 718 438 748 dine
460 717 504 748 ad
526 721 688 751 naturam,
709 721 777 749 etc„
798 713 822 742 si
840 717 1005 741 sumantur
1026 707 1240 739 universaliter
1262 707 1420 744 absolute,

364 761 540 792 insolubilis
569 764 697 799 apparet
724 756 866 797 quaestio
897 753 1063 794 quomodo
1093 752 1140 782 sit·
1160 751 1317 782 sufficiens
1345 751 1421 782 haec

365 804 537 836 distinctio:
563 813 635 833 cum
659 800 816 841 quantitas
832 799 899 838 ipsa
915 796 1099 827 determinet
1118 795 1295 826 subiectum
1310 805 1420 826 secun-

365 850 443 879 dum
467 857 532 878 esse
556 844 757 880 accidentale,
783 853 839 873 nec
867 841 972 871 minus
995 840 1089 870 habet
1115 839 1271 871 rationem
1291 839 1418 873 modifi-

366 892 462 923 cantis
490 898 520 921 et
550 887 784 920 determinantis
813 895 911 926 quarn
939 884 1075 914 secunda
1104 884 1233 923 species*
1250 883 1417 924 qualitatis.

365 936 396 967 Si
426 945 499 965 vero
528 939 693 964 sumantur
720 929 933 961 universaliter
961 927 1100 968 quidem,
1130 928 1184 958 sed
1206 927 1337 958 limitate
1361 928 1419 958 sub

1475 576 1636 606 antedictis
1660 576 1770 612 verbis,
1789 577 1907 610 scilicet
1930 579 2019 619 quod
2043 580 2182 620 qualitas
2204 582 2354 620 importat
2376 581 2533 621 quendam

1475 620 1601 650 modum
1625 621 1836 658 substantiae,
1863 628 1894 652 et
1916 623 2076 663 quandam
2099 624 2393 655 determinationem
2421 633 2535 655 secun-

1473 664 1550 694 dum
1569 665 1711 704 aliquam
1729 674 1927 704 mensuram,
1952 674 2072 698 cessant
2095 668 2232 699 obiecta:
2257 668 2413 709 quoniam
2429 678 2534 699 sermo

1473 718 1539 737 non
1563 715 1608 738 est
1635 708 1696 738 nisi
1720 708 1758 738 de
1781 709 1920 749 quadam
1946 710 2206 743 determinatione
2228 712 2426 748 accidentali,
2451 722 2533 753 quae

1474 761 1646 782 commune
1669 762 1788 782 nomen
1813 753 2012 784 accidentalis
2036 754 2243 796 differentiae,
2267 757 2451 796 qualitatem
2476 755 2535 788 sci-

1473 796 1555 831 licet,
1580 795 1638 826 sibi
1663 796 1836 836 usurpavit.

1531 839 1568 870 ΙΙ.
1593 839 1629 870 In
1652 840 1859 880 responsione
1876 840 1916 870 ad
1931 840 2072 880 primum
2090 842 2123 872 in
2140 843 2254 873 eodem
2270 843 2412 880 articulo,
2437 844 2534 875 habes

1474 890 1630 934 quantum
1654 891 1801 924 operetur
1825 884 1857 925 ly
1874 884 1951 915 bene
1971 885 2020 916 vel
2043 886 2128 916 male
2149 886 2183 916 in
2210 886 2391 918 definitione
2410 888 2535 919 habitus

1473 934 1625 967 posnum.

1162 1065 1477 1108 ARTICULUS
1506 1065 1733 1107 TERTIUS

900 1158 1055 1188 UTRUM
1079 1157 1266 1188 HABrros
1290 1157 1514 1188 IMPORTET
1538 1157 1735 1188 ORDINEM
1758 1159 1816 1188 AD
1841 1158 1995 1189 ACTUM

410 1264 452 1280 .-2
490 1268 523 1287 ys.»
553 1257 595 1282 D
615 1255 773 1281 TERTmM
792 1254 845 1280 sm
874 1252 1113 1278 PROCEDITUR.
1134 1241 1291 1278 Videtur
1318 1241 1421 1290 quod

387 1284 488 1356 ἘΒΔ
500 1290 549 1318 ²³³
572 1297 722 1334 habitus
737 1308 815 1333 non
831 1295 1008 1343 importet
1023 1293 1198 1330 ordinem
1214 1295 1264 1331 ad
1279 1302 1418 1331 actum.

378 1356 382 1362 ·
409 1340 498 1397 '⁹³74
518 1347 882 1397 (Unumquodque
934 1346 1036 1383 enim
1088 1346 1163 1394 agit
1208 1348 1420 1384 secundum

528 1395 676 1451 quod
710 1409 765 1438 est
799 1408 895 1438 actu.
927 1398 1003 1436 Sed
1031 1399 1287 1448 Philosophus
1317 1400 1419 1448 dicit,

364 1458 402 1494 in
431 1458 479 1493 III
509 1457 553 1492 de
583 1455 723 1492 Anima
751 1454 788 1501 ²²⁶,
818 1452 923 1502 quod
956 1464 1041 1489 cum
1070 1452 1204 1501 aliquis
1225 1454 1274 1500 fit
1302 1454 1421 1490 sciens

363 1509 564 1547 secundum
601 1508 788 1553 habitum,
819 1512 873 1543 est
899 1506 1010 1542 etiam
1044 1510 1131 1542 tunc
1165 1506 1202 1542 in
1231 1506 1417 1554 potentia,

364 1563 471 1600 aliter
500 1568 621 1598 tamen
650 1572 764 1609 quam
792 1565 878 1596 ante
906 1559 1096 1595 addiscere
1124 1563 1153 1595 α.
1183 1559 1285 1606 Ergo
1313 1559 1420 1596 habi-

365 1624 424 1653 tus
444 1627 522 1652 non
541 1614 718 1663 importat
735 1612 997 1650 habitudinem
1015 1610 1188 1659 principii
1213 1611 1262 1648 ad
1278 1618 1416 1649 actum.

419 1680 454 1705 2.
476 1669 706 1714 PRAETEREA,
727 1666 818 1703 illud
838 1665 942 1713 quod
970 1663 1124 1713 ponitur
1141 1664 1180 1700 in
1201 1664 1419 1702 definitione

367 1721 533 1768 alicuius,
552 1733 621 1769 per
640 1732 680 1756 se
710 1719 886 1756 convenit
910 1717 970 1754 illi.
993 1717 1070 1754 Sed
1090 1729 1172 1754 esse
1190 1717 1420 1766 principium

366 1773 520 1811 actionis
548 1773 701 1822 ponitur
719 1772 757 1809 in
787 1771 1004 1809 definitione
1028 1770 1236 1818 potentiae;
1259 1778 1302 1807 ut
1318 1778 1421 1819 patet

364 1827 402 1864 in
420 1827 455 1867 V
480 1826 695 1874 Metaphys.
715 1825 735 1846 '¹‘
751 1826 851 1872 Ergo
872 1836 953 1860 esse
971 1822 1199 1872 principium
1228 1831 1332 1860 actus
1351 1836 1421 1872 per

365 1892 405 1916 se
434 1879 610 1916 convenit
638 1877 839 1926 potentiae.
871 1878 985 1924 Quod
1015 1883 1143 1912 autern
1178 1883 1233 1913 est
1261 1889 1329 1924 per
1357 1885 1418 1924 se,

366 1939 421 1970 est
439 1932 605 1980 primum
626 1929 640 1960 β
658 1931 697 1968 in
715 1942 949 1979 unoquoque
968 1941 1117 1977 genere.
1136 1929 1176 1966 Si
1196 1941 1285 1977 ergo
1306 1929 1418 1966 etiarn

363 1985 513 2022 habitus
545 1984 590 2021 sit
616 1983 843 2032 principium
881 1990 1005 2029 actus,
1035 1982 1204 2030 sequitur
1240 1982 1345 2031 quod
1374 1983 1420 2019 sit

364 2038 550 2087 posterior
582 2049 698 2086 quam
725 2036 905 2085 potentia.
935 2037 985 2072 Et
1012 2034 1064 2071 sic
1092 2047 1171 2072 non
1200 2035 1269 2072 erit
1295 2036 1418 2084 prima

366 2091 510 2140 species
539 2089 724 2138 qualitatis
752 2089 901 2126 habitus
929 2089 991 2126 vel
1020 2088 1227 2136 dispositio.

420 2145 453 2181 3.
474 2144 706 2190 PRAETEREA,
737 2142 874 2179 sanitas
903 2141 1135 2191 quandoque
1164 2149 1219 2178 est
1245 2141 1417 2189 habitus,

366 2203 401 2233 et
428 2196 595 2233 similiter
623 2195 764 2233 macies
793 2203 829 2232 et
855 2194 1106 2244 pulchritudo.
1138 2194 1215 2231 Sed
1243 2194 1313 2230 ista
1341 2206 1419 2231 non

366 2249 539 2286 dicuntur
571 2261 640 2297 per
672 2248 843 2285 ordinem
872 2248 920 2284 ad
948 2254 1086 2284 actum.
1116 2247 1208 2283 Non
1238 2258 1326 2293 ergo
1364 2254 1420 2284 est

367 2302 417 2339 de.
442 2302 584 2338 ratione
612 2301 761 2337 habitus
790 2300 896 2349 quod
924 2299 968 2336 sit
990 2299 1217 2348 principium
1247 2306 1363 2336 actus.

420 2355 493 2391 SED
513 2366 658 2391 CONTRA
677 2365 742 2390 EST
761 2353 866 2402 quod
884 2351 1117 2399 Augustinus
1142 2351 1241 2399 dicit,
1260 2351 1298 2388 in
1322 2351 1418 2388 libro

365 2407 410 2444 de
436 2409 544 2444 Bono
577 2406 779 2456 Coniugali
804 2406 841 2453 ²¹³,
871 2405 975 2454 quod
1002 2405 1147 2441 habitus
1175 2410 1229 2441 est
1250 2416 1322 2452 quo
1351 2404 1418 2441 ali—

365 2460 455 2508 quid
480 2460 608 2509 agitur
631 2471 716 2496 cum
744 2471 836 2507 opus
859 2465 922 2496 est.
942 2459 991 2494 Et
1012 2458 1300 2494 Commentator
1319 2457 1417 2504 dicit,

364 2513 403 2549 in
432 2514 481 2549 III
515 2513 560 2549 de
586 2512 726 2549 Anima
755 2512 795 2559 ²¹⁸,
826 2511 931 2560 quod
963 2511 1108 2548 habitus
1145 2516 1198 2547 est
1232 2522 1305 2558 quo
1338 2511 1419 2558 quis

363 2565 445 2615 agit
470 2577 555 2602 cum
582 2565 749 2602 voluerit.

417 2619 641 2655 RESPONm-:o
669 2628 852 2655 chENDUM
875 2615 980 2665 quod
1008 2615 1148 2652 habere
1177 2614 1350 2652 ordinem
1370 2616 1419 2653 ad

365 2678 491 2708 actum
517 2678 642 2719 potest
661 2677 875 2719 competere
898 2668 1041 2706 habitui
1069 2676 1105 2704 et
1132 2668 1343 2705 secundum
1362 2680 1418 2705 ra-

364 2724 507 2761 tionem
541 2723 706 2769 habitus;
737 2730 773 2759 et
799 2723 1010 2759 secundum
1045 2721 1231 2758 rationem
1260 2720 1417 2758 subiecti

364 2777 403 2814 in
431 2789 506 2825 quo
537 2784 590 2813 est
616 2776 776 2813 habitus.
799 2775 1019 2812 Secundum
1046 2773 1203 2823 quidem
1231 2774 1416 2812 rationem

364 2830 525 2876 habitus,
547 2830 725 2866 convenit
753 2828 859 2865 omni
881 2827 1024 2865 habitui
1053 2827 1177 2875 aliquo
1206 2828 1325 2864 modo
1353 2827 1418 2864 ha-

365 2883 454 2919 bere
492 2882 665 2920 ordinem
702 2882 750 2919 ad
787 2888 924 2918 actum.
952 2881 1020 2918 Est
1047 2880 1151 2918 enim
1190 2880 1237 2917 de
1273 2879 1417 2917 ratione

364 2935 514 2972 habitus
542 2943 582 2972 ut
601 2935 779 2984 importet
801 2933 1060 2972 habitudinem
1079 2932 1274 2981 quandam
1298 2933 1336 2970 in
1356 2944 1414 2969 or-

366 2988 452 3025 dine
481 2989 529 3026 acl
557 2996 730 3025 naturam
759 2987 831 3034 rei,
860 2986 1072 3024 secundum
1105 2986 1210 3035 quod
1239 2986 1418 3023 convenit

364 3042 426 3078 vel
453 3053 531 3078 non
555 3041 740 3079 convenit.
764 3040 839 3078 Sed
858 3045 873 3068 Υ
893 3047 1025 3077 natura
1045 3039 1110 3085 rei,
1132 3051 1229 3087 quae
1254 3046 1309 3076 est
1331 3038 1418 3076 finis

366 3094 634 3142 generationis,
664 3093 816 3131 ulterius
855 3093 967 3130 etiam
996 3092 1190 3130 ordinatur
1223 3093 1272 3129 ad
1300 3091 1417 3129 alium

365 3147 495 3193 finem,
517 3147 580 3195 qui
598 3147 661 3183 vel
680 3154 734 3183 est
754 3146 934 3194 operatio,
950 3146 1012 3183 vel
1032 3145 1187 3194 aliquod
1206 3152 1415 3193 operatum,

366 3201 413 3238 acl
450 3199 553 3249 quod
586 3199 668 3247 quis
705 3199 876 3247 pervenit
902 3211 972 3247 per
1005 3198 1277 3248 operationem.
1306 3197 1417 3235 Unde

393 1263 422 1293 Μ’

398 1381 514 1439 ·§3ffl)

419 3314 445 3345 α)
464 3312 610 3337 addixere.
627 3324 646 3331 -
663 3311 812 3336 addisceret
831 3311 861 3335 Ρ.

420 3346 443 3380 β)
460 3348 587 3379 primum.
605 3361 623 3365 -
636 3346 801 3379 principium
821 3346 901 3370 PlKa.

1473 1242 1621 1278 habitus
1650 1254 1728 1278 non
1756 1242 1881 1279 solum
1910 1241 2090 1290 importat
2127 1243 2302 1281 ordinem
2331 1245 2380 1282 ad
2411 1245 2534 1294 ipsam

1474 1301 1648 1331 naturam
1678 1294 1743 1341 rei,
1769 1296 1837 1332 sed
1866 1294 1979 1332 etiarn
2016 1304 2294 1344 consequenter
2323 1298 2372 1334 ad
2401 1310 2533 1346 opera-

1473 1347 1631 1395 tionem,
1652 1347 1878 1395 inquantum
1908 1355 1962 1385 est
1989 1348 2076 1385 finis
2104 1356 2278 1397 naturae,
2306 1351 2369 1387 vel
2395 1351 2535 1400 perdu-

1474 1413 1563 1438 cens
1582 1401 1631 1438 ad
1659 1401 1790 1438 finem.
1812 1401 1924 1438 Unde
1951 1408 1987 1438 et
2014 1400 2053 1438 in
2071 1402 2106 1438 V
2123 1403 2341 1451 Metaphys.
2362 1403 2382 1425 ’¹‘
2402 1404 2535 1441 dicitur

1473 1453 1512 1490 in
1540 1453 1758 1491 definitione
1786 1453 1948 1502 habitus,
1969 1454 2077 1502 quod
2105 1462 2161 1491 est
2188 1456 2375 1504 dispositio
2402 1468 2532 1495 secun-

1473 1507 1562 1543 dum
1600 1518 1714 1555 quam
1743 1507 1835 1543 bene
1865 1506 1926 1543 vel
1952 1506 2051 1543 male
2077 1507 2286 1555 disponitur
2312 1509 2534 1560 {dispositum

1473 1565 1539 1596 aut
1555 1560 1758 1596 secundum
1776 1571 1826 1605 se,
1847 1558 1944 1596 idest
1967 1559 2180 1596 secundum
2205 1573 2316 1598 suam
2335 1569 2529 1610 naturam,

1473 1618 1541 1648 aut
1565 1613 1617 1649 ad
1642 1612 1756 1658 aliud,
1776 1612 1872 1649 idest
1899 1612 1938 1648 in
1966 1611 2100 1648 ordine
2128 1613 2176 1649 ad
2203 1613 2335 1651 finem.

1528 1664 1604 1702 Sed
1634 1672 1720 1702 sunt
1747 1664 1903 1713 quidam
1931 1663 2081 1701 habitus
2114 1665 2179 1714 qui
2207 1665 2322 1702 etiam
2356 1678 2401 1703 ex
2427 1674 2534 1716 parte

1474 1717 1631 1754 subiecti
1658 1717 1696 1754 in
1724 1729 1801 1765 quo
1831 1724 1932 1764 sunt,
1962 1716 2087 1764 primo
2117 1725 2153 1754 et
2180 1718 2435 1767 principaliter
2461 1719 2531 1758 im-

1473 1777 1625 1819 portant
1652 1770 1827 1807 ordinem
1857 1769 1904 1806 ad
1925 1777 2062 1807 actum.
2094 1770 2205 1818 Quia,
2225 1779 2267 1808 ut
2291 1771 2432 1809 dictum
2453 1780 2532 1820 est,

1472 1823 1622 1860 habitus
1655 1823 1779 1871 primo
1819 1829 1854 1859 et
1880 1834 1948 1870 per
1976 1835 2016 1859 se
2053 1823 2234 1871 importat
2267 1824 2533 1863 habitudinem

1473 1876 1522 1913 ad
1551 1883 1725 1913 naturam
1754 1876 1818 1912 rei.
1850 1875 1890 1912 Si
1919 1875 2029 1923 igitur
2064 1883 2198 1914 natura
2226 1877 2279 1914 rei
2307 1877 2346 1914 in
2373 1890 2449 1926 qua
2478 1886 2534 1916 est

1473 1928 1634 1976 habitus,
1656 1928 1834 1966 consistat
1853 1928 1891 1965 in
1909 1928 1992 1977 ipso
2022 1929 2155 1966 ordine
2175 1929 2224 1966 ad
2247 1937 2387 1978 actum,
2408 1931 2534 1980 sequi-

1472 1989 1532 2018 tur
1559 1981 1665 2030 quod
1692 1982 1842 2018 habitus
1869 1981 2124 2030 principaliter
2151 1982 2331 2031 importet
2357 1983 2532 2021 ordinem

1473 2035 1522 2072 ad
1559 2042 1699 2071 actum.
1729 2034 1975 2071 Manifestum
2009 2041 2065 2071 est
2096 2034 2230 2072 'autem
2266 2036 2371 2084 quod
2399 2043 2534 2074 natura

1474 2095 1510 2124 et
1537 2087 1631 2124 ratio
1659 2087 1852 2136 potentiae
1881 2094 1936 2124 est
1966 2093 2008 2124 ut
2036 2087 2083 2124 sit
2109 2087 2339 2137 principium
2368 2095 2472 2127 actus
2497 2089 2533 2126 ³¹..

1472 2141 1584 2178 Unde
1612 2140 1737 2178 omnis
1765 2139 1914 2177 habitus
1933 2139 1999 2188 qui
2021 2147 2076 2177 est
2094 2140 2249 2178 alieuius
2275 2141 2468 2190 potentiae
2486 2149 2530 2179 ut

1473 2193 1642 2240 subiecti,
1657 2192 1909 2242 principaliter
1927 2192 2104 2243 importat
2123 2194 2298 2232 ordinem
2319 2193 2368 2232 ad
2387 2201 2529 2232 actum.

1525 2248 1584 2283 An
1617 2258 1754 2283 PRIMUM
1791 2257 1888 2282 ERGO
1926 2257 2110 2284 menapum
2145 2246 2252 2294 quod
2286 2247 2438 2285 habitus
2476 2255 2533 2286 est

1473 2306 1578 2336 actus
1596 2298 1765 2347 quidam,
1786 2298 2011 2346 inquantum
2040 2306 2096 2336 est
2123 2299 2304 2348 qualitas:
2333 2307 2370 2336 et
2397 2312 2531 2337 seeun-

1474 2352 1567 2389 dum
1594 2351 1669 2388 hoe
1691 2358 1816 2399 potest
1835 2363 1918 2387 esse
1940 2350 2167 2399 principium
2189 2350 2430 2400 operationis.
2452 2353 2530 2390 Sed

1473 2411 1529 2440 est
1555 2403 1594 2440 in
1626 2403 1794 2452 potentia
1826 2415 1895 2451 per
1931 2411 2144 2452 respectum
2173 2401 2221 2440 ad
2249 2404 2525 2452 operationem.

1472 2456 1583 2494 Unde
1611 2455 1760 2493 habitus
1793 2455 1927 2492 dicitur
1959 2461 2062 2492 actus
2084 2456 2253 2504 primus,
2285 2463 2321 2494 et
2357 2457 2528 2506 operatio

1473 2515 1576 2547 actus
1602 2509 1804 2552 secundus‚·
1826 2516 1868 2545 ut
1894 2515 1997 2557 patet
2024 2508 2062 2545 in
2091 2510 2123 2546 II
2151 2509 2197 2546 de
2223 2509 2364 2547 Anima
2387 2509 2418 2547 ²¹⁸.

1525 2564 1584 2599 AD
1603 2573 1794 2599 SECUNDUM
1813 2572 1996 2598 mcENDUM
2016 2562 2120 2610 quod
2139 2573 2218 2599 non
2237 2569 2294 2599 est
2315 2563 2363 2600 de
2381 2562 2528 2600 ratione

1472 2614 1621 2652 habitus
1647 2614 1752 2662 quod
1784 2613 1958 2662 respiciat
1983 2613 2214 2662 potentiam,
2244 2614 2313 2652 sed
2340 2614 2445 2663 quod
2473 2627 2529 2652 re-

1472 2667 1604 2716 spiciat
1630 2674 1816 2704 naturam.
1837 2667 1887 2702 Et
1913 2665 2002 2714 quia
2030 2673 2164 2703 natura
2190 2667 2384 2715 praecedit
2415 2667 2530 2705 actio-

1471 2733 1574 2767 nem,
1600 2732 1717 2769 quam
1750 2719 1900 2767 respicit
1926 2719 2114 2767 potentia3
2139 2719 2226 2756 ideo
2253 2719 2358 2768 prior
2384 2720 2530 2769 species

1473 2773 1657 2822 qualitatis
1683 2772 1834 2821 ponitur
1862 2771 2011 2809 habitus
2044 2784 2162 2820 quam
2188 2772 2368 2821 potentia.

1524 2828 1583 2863 An
1611 2837 1771 2863 TERTmM
1797 2836 1981 2862 morannum
2009 2825 2115 2873 quod
2134 2825 2272 2863 sanitas
2301 2825 2435 2863 dicitur
2461 2825 2529 2863 ha-

1471 2879 1582 2926 bitus,
1602 2879 1664 2916 vel
1683 2877 1882 2916 habitualis
1903 2877 2110 2927 dispositio,
2130 2877 2169 2916 in
2188 2877 2322 2916 ordine
2349 2877 2399 2916 ad
2422 2885 2534 2916 natu-

1472 2944 1574 2978 ram,
1602 2931 1698 2969 sicut
1725 2931 1868 2968 dictum
1897 2938 1953 2968 est
1980 2930 2010 2968 ²¹².
2042 2932 2271 2979 Inquantum
2307 2938 2436 2969 tamen
2463 2943 2531 2968 na-

1470 2993 1554 3022 tura
1583 2992 1638 3022 est
1655 2983 1882 3033 principium
1910 2991 2027 3030 actus,
2049 2996 2095 3020 ex
2113 2983 2361 3032 consequenti
2388 2984 2529 3033 impor-

1471 3045 1523 3075 tat
1551 3037 1727 3075 ordinem
1755 3037 1804 3074 ad
1832 3043 1973 3074 actum.
2002 3036 2114 3074 Unde
2141 3036 2396 3086 Philosophus
2425 3036 2530 3084 dicit,

1471 3091 1509 3127 in
1537 3092 1572 3127 X
1600 3091 1645 3127 de
1667 3090 1841 3127 Historia
1868 3089 2034 3127 Animal.
2063 3089 2094 3136 *,
2116 3090 2221 3138 quod
2247 3090 2367 3127 homo
2398 3089 2536 3128 dicitur*

1461 3146 1586 3181 'sanus
1604 3141 1630 3190 ὅ,
1651 3143 1712 3180 vel
1742 3143 1959 3180 membrum
1984 3141 2150 3190 aliquod,
2170 3142 2321 3190 quando
2334 3143 2530 3191 potestfa-

1471 3209 1555 3234 cere
1583 3195 1838 3244 operationem
1865 3195 1959 3232 sani.
1981 3195 2030 3232 Et
2057 3202 2113 3232 est
2141 3194 2261 3232 simile
2289 3195 2329 3232 in
2358 3195 2465 3233 aliis..
2491 3210 2494 3228 i
2518 3216 2522 3229 2

1523 3310 1550 3342 γ)
1570 3309 1633 3334 Sed.
1646 3323 1665 3328 -
1684 3309 1738 3334 sed
1755 3308 1819 3341 quia
1838 3307 2114 3340 ABCEFGHIKLpD;
2135 3316 2195 3334 mox
2214 3316 2261 3342 pro
2283 3308 2367 3339 Unde,
2387 3307 2446 3335 ideo
2463 3308 2493 3335 E.

1525 3344 1549 3377 δ)
1569 3351 1659 3370 sanus.
1677 3358 1695 3363 —
1713 3351 1768 3369 esse
1786 3351 1868 3368 sanus
1887 3344 1934 3368 Pa.

1035 3416 1364 3449 Commentaria
1387 3414 1636 3448 cardinalis
1659 3414 1859 3447 Caietam

370 3507 415 3569 IN
439 3497 568 3527 articulo
598 3496 688 3527 tertio
721 3496 862 3526 eiusdem
884 3495 1076 3536 quaestionis
1107 3494 1419 3537 quadragesimaeno-

397 3551 471 3577 nae,
495 3541 527 3570 in
552 3550 682 3580 corpore
705 3547 735 3570 et
756 3539 788 3570 in
813 3539 1017 3579 responsione
1045 3539 1083 3569 ad
1107 3538 1261 3578 primum,
1288 3538 1422 3569 dubium

1474 3494 1608 3525 occurrit
1631 3504 1667 3524 ex
1691 3493 1796 3529 Scoto‚
1813 3492 1846 3522 in
1866 3492 1984 3529 Primo,
2009 3492 2079 3523 dist.
2103 3502 2182 3530 xvn,
2203 3502 2258 3533 qu.
2281 3501 2322 3527 ιι,
2343 3490 2399 3522 ubi
2422 3491 2532 3522 nititur

1475 3538 1625 3569 sustinere
1649 3537 1737 3578 quod
1760 3536 1885 3567 habitus
1909 3536 2031 3567 nullam
2062 3535 2175 3568 habeat
2200 3535 2355 3567 rationem
2385 3535 2530 3576 principii

2563 1414 2572 1424 ¹
2582 1413 2608 1435 s.
2616 1413 2662 1436 τιι.
2671 1413 2724 1436 leet.
2733 1420 2775 1436 xx.

2561 1439 2775 1469 -υῑιιιῑωνμρ,

2561 1472 2600 1494 xx,
2614 1472 2639 1488 u.
2652 1472 2673 1488 π.

2559 2095 2570 2106 ·
2583 2094 2614 2117 D.
2627 2094 2683 2124 698.

2555 2519 2614 2568 ἐρ·
2629 2535 2638 2569 .’
2653 2525 2712 2569 ibc't'I
2723 2527 2745 2569 1⁵:
2756 2532 2768 2538 '

2557 2942 2633 2990 ;dA¹1·t.
2649 2942 2768 2971 praeced„

2557 3101 2567 3112 '¹
2581 3101 2640 3128 cap.
2654 3106 2671 3128 ι,
2685 3106 2710 3122 ῃ.
2725 3106 2742 3122 ι.

2657 3139 2671 3166 δ
