2852 4152
57 2854 60 2858 Δ
76 2868 160 2917 ‘'093¹-
170 2873 195 2896 n,
207 2874 232 2891 n.
242 2874 286 2890 u.-

81 2895 108 2919 S.
160 2909 167 2917 .
181 2895 234 2917 lect.
247 2900 280 2916 m.

81 3136 92 3147 ·
102 3135 140 3158 De
146 3134 206 3158 Fue
214 3135 292 3162 Orth„

75 3161 124 3184 ’tun
133 3161 164 3190 11,
173 3167 226 3190 cap.
234 3167 293 3184 un.

76 3293 94 3304 ⁴
106 3291 160 3315 Art.
173 3293 279 3320 praeced.

997 291 1261 336 QUAESTIO
1291 291 1414 338 XV11,
1444 292 1738 328 ARTICULUS
1767 294 1798 328 II

2407 305 2476 342 1¹9

990 404 1318 437 Commentario,
1341 403 1588 437 Cardinaljs
1610 404 1808 438 Caietam

380 504 450 524 mea
480 493 620 532 primum
648 491 815 522 articulum
843 491 1034 532 quaestionis
1061 491 1369 532 decimaeseptimae,

318 504 506 568 Cadverte
529 536 617 577 quod
636 535 676 565 ad
695 535 818 575 imperii
841 536 995 566 rationem
1014 535 1071 566 tria
1092 542 1296 566 concurrunt:
1321 546 1371 565 or-

315 581 434 612 dinatio
450 580 581 611 alicuius
601 579 641 609 ad
659 579 788 619 aliquid,
812 579 978 615 intimatio,
996 586 1026 609 et
1047 579 1161 610 motio.
1178 579 1263 610 Cum
1286 579 1370 609 enim

315 624 514 666 praecipitur,
530 623 641 664 Dilige
662 623 780 659 Deum,
804 623 967 653 ordinatur
989 623 1101 663 aliquis
1125 623 1164 653 ad
1197 624 1370 654 amandum

314 670 432 704 Deum,
447 675 478 699 et
489 667 652 698 intimatur
667 666 729 696 hoc
745 666 783 702 ei,
797 674 826 697 et
842 673 986 697 movetur
1001 667 1040 695 ad
1057 667 1117 697 hoc
1133 667 1170 696 ab
1186 666 1368 707 imperante.

317 710 482 744 Ordinatio
497 717 604 741 autem
628 717 658 740 et
679 710 837 740 intimatio
861 710 900 739 ad
923 710 1077 740 rationem
1101 717 1250 750 spectant,
1268 711 1369 741 motio

316 762 422 786 autem
437 755 476 785 ad
490 754 698 785 voluntatem.
714 753 806 784 Unde
819 759 906 784 actus
921 753 1045 794 imperii
1061 754 1264 794 componitur
1279 764 1315 784 ex
1332 756 1370 784 eo

316 799 406 840 quod
421 805 467 829 est
487 798 674 833 intellectus,
695 803 725 828 et
743 807 780 827 ex
803 807 842 828 eo
858 797 946 838 quod
964 805 1010 828 est
1024 798 1204 828 voluntatis.
1229 798 1270 828 Et
1285 798 1369 838 quia,

315 843 401 874 iuxta
415 842 591 873 doctrinam
614 841 754 872 habitam
777 842 920 881 superius
942 841 975 871 in
999 851 1053 882 qu.
1069 851 1138 877 xm,
1162 848 1217 872 art.
1239 851 1260 877 1,
1284 847 1371 872 actus

316 886 513 926 compositus
536 895 573 916 ex
596 886 722 915 duobus
746 885 957 925 spectantibus
981 886 1020 915 ad
1044 885 1178 915 diversas
1203 885 1370 925 potentias,

314 930 399 961 iuius
411 937 458 961 est
471 929 630 970 potentiae
649 929 851 960 essentialiter
867 936 896 959 et
911 929 1053 965 elicitive,
1065 929 1154 959 cuius
1170 935 1216 959 est
1229 929 1370 959 materia-

315 973 394 1010 liter,
411 983 466 1004 seu
483 979 640 1014 quantum
656 973 695 1002 ad
714 972 920 1003 substantiam
934 979 1031 1008 actus,
1052 978 1087 1002 ut
1103 979 1187 1012 patet
1202 971 1235 1002 in
1251 972 1370 1002 actibus

315 1017 482 1048 habituum
506 1015 602 1059 (mori
625 1016 710 1047 enim
733 1023 862 1056 propter
881 1015 1053 1051 Christum,
1070 1015 1142 1046 licet
1157 1016 1196 1047 sit
1215 1026 1232 1045 a
1248 1015 1371 1051 caritate

316 1068 347 1092 et
361 1061 554 1097 fortitudine,
569 1060 700 1091 elicitive
715 1067 761 1091 est
775 1059 976 1095 fortitudinis,
993 1059 1067 1099 quia
1083 1059 1181 1099 ipsius
1204 1066 1250 1090 est
1265 1060 1371 1100 quoad

315 1103 505 1147 materiale);
530 1115 605 1136 cum
627 1105 660 1134 in
683 1104 869 1144 imperando
892 1103 1039 1134 voluntas
1070 1110 1234 1134 concurrat
1265 1110 1301 1134 ut
1321 1113 1372 1133 su-

315 1159 424 1190 prema
446 1149 597 1189 potentia,
615 1148 690 1191 quia
712 1155 748 1179 ut
766 1147 906 1188 primum
925 1157 1057 1177 movens
1072 1147 1112 1176 ad
1128 1147 1325 1183 exercitium;
1344 1154 1373 1178 et

315 1193 405 1236 quod
427 1199 474 1224 est
496 1203 514 1223 a
536 1191 691 1234 superiori
714 1191 855 1232 potentia
872 1191 905 1222 in
924 1198 995 1222 actu
1012 1190 1201 1231 composito,
1225 1201 1258 1221 se
1279 1191 1374 1222 habet

315 1245 351 1268 ut
374 1237 525 1273 formale,
549 1235 638 1278 quod
660 1245 734 1266 vero
764 1235 802 1265 ab
832 1234 988 1270 inferiori,
1014 1241 1049 1264 ut
1068 1234 1225 1264 materiale
1250 1241 1279 1265 et
1303 1235 1373 1265 sub-

315 1281 427 1313 stant-ia
446 1288 549 1311 actus:
575 1288 770 1320 consequens
794 1286 840 1309 est
855 1286 891 1308 ut
906 1278 1062 1309 ordinatio
1078 1278 1252 1308 intimativa
1267 1278 1299 1308 in
1314 1278 1373 1308 im-

316 1325 407 1366 perio
421 1334 454 1355 se
469 1324 581 1355 habeat
597 1330 633 1354 ut
647 1323 786 1358 materia,
811 1329 841 1352 et
856 1322 957 1352 motio
973 1328 1008 1351 ut
1023 1321 1142 1356 forma;
1167 1331 1201 1351 ac
1224 1331 1279 1361 per
1301 1322 1372 1357 hoc,

315 1368 486 1409 imperium
509 1374 556 1398 est
577 1366 710 1398 elicitive
733 1373 764 1396 et
783 1365 985 1396 essentialiter
1003 1371 1090 1394 actus
1105 1364 1244 1400 rationis,
1258 1365 1374 1395 volun·

314 1412 386 1444 tatis
407 1409 756 1451 verojprimordialiter
785 1409 892 1449 quoad
921 1408 1066 1438 formam.
1095 1408 1242 1438 Testatur
1267 1415 1372 1438 autem

313 1449 486 1487 hoe-:settis
510 1453 656 1494 proprius
679 1451 874 1492 prudentiae,
895 1461 992 1492 quem
1009 1457 1130 1481 constat
1146 1458 1292 1490 oportere
1308 1461 1374 1482 esse

314 1505 422 1529 actum
444 1497 583 1532 rationis,
608 1502 639 1526 et
662 1501 708 1526 est
729 1501 810 1526 recte
833 1494 1025 1535 praecipere:
1049 1494 1186 1534 prudens
1202 1495 1286 1524 enim
1302 1501 1375 1534 post

314 1541 532 1573 inventionem
554 1547 585 1571 et
607 1539 771 1575 iudicium,
796 1548 877 1579 quae
901 1544 1042 1578 spectant
1055 1537 1094 1567 ad
1111 1538 1281 1575 eubuliam,
1298 1548 1374 1578 gno-

314 1595 390 1616 men
405 1591 437 1616 et
451 1584 587 1626 synesin,
611 1583 706 1614 habet
727 1582 895 1623 proprium
913 1589 1028 1618 actum,
1046 1581 1102 1622 qui
1119 1589 1165 1612 est
1183 1589 1264 1612 recte
1287 1592 1374 1622 prae-

315 1629 428 1670 cipere.
444 1628 501 1660 Est
522 1628 618 1667 igitur
635 1633 849 1668 praeceptum,
869 1636 925 1657 seu
944 1625 1126 1666 imperium,
1142 1633 1229 1656 actus
1244 1626 1373 1656 rationis

315 1669 529 1715 participantis
551 1671 748 1703 voluntatem
771 1677 807 1701 ut
829 1670 970 1711 primum
992 1680 1136 1700 movens.

370 1717 412 1748 Et
433 1716 495 1747 hoc
517 1715 552 1746 in
573 1715 646 1747 loco
670 1715 833 1754 diligenter
857 1714 1007 1746 attendito
1031 1715 1120 1755 quod
1143 1723 1208 1743 non
1231 1713 1374 1744 conside-

314 1770 382 1791 rare
404 1759 678 1800 participationem
695 1758 868 1789 voluntatis
891 1759 929 1788 ab
952 1757 1122 1794 intellectu,
1147 1764 1177 1788 et
1199 1757 1374 1787 intellectus

315 1815 334 1835 a
355 1804 532 1840 voluntate;
557 1813 614 1834 nec
635 1803 808 1833 discernere
830 1802 908 1843 quid
931 1802 978 1832 his
1002 1801 1151 1842 potentiis
1176 1800 1322 1832 convenit
1338 1811 1375 1831 ex

315 1848 434 1888 seipsis,
458 1854 489 1878 et
511 1847 589 1888 quid
612 1857 648 1877 ex
671 1846 798 1877 alterius
821 1845 1076 1886 parficipatione;
1101 1855 1194 1876 causa
1217 1852 1263 1875 est
1286 1854 1374 1875 exor-

314 1891 434 1924 bitandi
457 1901 475 1922 a
498 1890 723 1922 communibus
747 1890 844 1920 animi
868 1890 1139 1929 conceptionibus.

371 1935 408 1966 11.
425 1935 466 1966 Et
482 1935 636 1976 quamvis,
652 1934 789 1975 quolibet
803 1933 992 1975 proferente
1011 1934 1185 1970 contraria,
1201 1933 1372 1963 sollicitum

277 1996 288 2002 -
314 1988 383 2011 esse
399 1979 531 2011 stultum
549 1985 711 2010 censeatur
724 1975 749 2014 ³²,
771 1988 852 2018 quae
869 1985 976 2008 tamen
991 1978 1030 2008 ab
1046 1977 1220 2008 illustribus
1235 1976 1319 2012 viris,
1336 1976 1374 2006 de

314 2032 454 2064 quorum
477 2032 611 2053 numero
629 2021 690 2052 fuit
703 2021 826 2058 Scotus,
844 2021 999 2064 contraria
1015 2027 1205 2056 asseruntur,
1222 2030 1288 2050 non
1305 2029 1375 2060 pos-

1423 503 1495 523 sum
1518 493 1691 533 praeterire.
1718 493 1811 524 Putat
1834 494 1900 533 ipse
1928 494 2123 525 voluntatem
2147 506 2212 526 esse
2243 497 2420 527 collativam
2443 505 2474 529 et

1422 536 1640 573 ordinativam,
1657 547 1722 567 non
1738 544 1774 568 ut
1793 537 1874 578 sapit
1896 537 2106 574 intellectum;
2131 539 2185 569 sed
2200 539 2261 570 hoc
2276 541 2383 580 potius
2400 552 2476 571 con-

1422 580 1526 610 venire
1550 580 1720 611 intellectui
1744 588 1774 612 et
1796 581 1950 612 voluntati
1974 582 2149 612 secundum
2165 583 2303 623 aliquam
2323 584 2366 614 eis
2390 595 2475 615 com-

1422 634 1554 655 munem
1566 631 1720 660 naturam,
1734 632 1812 664 puta
1829 625 2138 662 immaterialitatem
2156 633 2191 657 ut
2200 634 2286 667 patet
2296 627 2328 658 in
2338 628 2364 658 II
2375 628 2476 666 Sent„

1424 667 1493 698 dist.
1510 678 1550 704 vr,
1574 678 1628 708 qu.
1645 679 1655 698 1
1670 668 1697 704 *,
1722 676 1751 699 et
1773 669 1806 699 in
1824 669 1960 707 Quolib„
1985 680 2038 710 qu.
2054 670 2151 700 XVII.

1476 711 1547 741 Hoc
1566 718 1671 742 autem
1688 722 1754 742 esse
1773 712 1898 749 falsum,
1922 723 1957 743 ex
1973 714 2137 751 communi
2153 714 2249 744 animi
2271 715 2476 755 conceptione

1422 764 1485 795 qua
1497 761 1641 785 tenemus
1656 756 1743 796 quod
1760 755 1903 787 ordinare
1915 756 2089 788 intellectus
2105 767 2160 788 seu
2173 758 2302 788 rationis
2315 765 2369 794 est,
2379 766 2474 798 patet.

1422 799 1519 835 Quod
1535 799 1620 828 enim
1637 799 1802 829 ordinandi
1818 807 1905 830 actus
1921 800 2100 840 sapientiae,
2114 801 2306 841 prudentiae,
2324 802 2390 838 arti,
2405 809 2473 839 etc.,

1423 842 1597 878 conveniat,
1618 842 1725 882 liquet.
1751 843 1849 879 Quod
1870 853 1945 874 vero
1972 845 2059 874 solus
2082 845 2257 875 intellectus
2283 846 2414 882 ordinet,
2440 856 2477 876 ex

1424 895 1462 916 eo
1490 893 1575 925 patet
1591 887 1678 926 quod
1701 887 1856 926 quidquid
1875 887 1994 918 ordinis
2016 889 2049 918 in
2072 889 2265 919 naturalibus
2281 896 2311 919 et
2333 890 2477 921 volunta-

1423 929 1475 959 riis
1496 937 1552 967 est,
1569 939 1587 959 a
1609 928 1729 960 ratione
1745 930 1961 970 proficiscitur,
1982 939 2012 962 et
2033 932 2066 962 in
2082 932 2170 962 illam
2187 933 2360 964 resolvitur.
2389 933 2477 974 Opus

1425 972 1509 1003 enim
1526 978 1662 1003 naturae
1685 979 1730 1004 est
1753 984 1832 1014 opus
1850 975 2096 1015 intelligentiae:
2114 983 2143 1007 et
2163 976 2340 1014 electiones,
2356 976 2388 1007 in
2407 977 2476 1017 qui-

1424 1017 1483 1046 bus
1499 1016 1634 1047 maxime
1651 1025 1779 1057 apparet
1800 1018 1889 1054 ordo,
1910 1018 1984 1058 quia
2007 1027 2081 1050 sunt
2104 1029 2214 1050 eorum
2239 1030 2320 1061 quae
2344 1027 2418 1051 sunt
2437 1021 2477 1051 ad

1425 1059 1521 1090 finem
1537 1067 1665 1100 propter
1678 1060 1784 1096 finem,
1800 1071 1818 1091 a
1833 1062 1964 1092 consilio
1981 1063 2222 1102 proficiscuntur
2235 1063 2399 1095 ordinante
2414 1065 2477 1095 hoc

1424 1104 1457 1134 in
1473 1104 1561 1134 illud.
1578 1104 1733 1135 Voluntas
1749 1105 1832 1134 enim
1848 1105 1963 1144 eligens
1980 1113 2010 1136 et
2022 1113 2122 1143 utens,
2140 1107 2239 1138 tendit
2253 1107 2286 1137 in
2304 1117 2352 1138 res
2367 1118 2477 1139 secun-

1425 1148 1503 1178 dum
1522 1148 1667 1178 ordinem
1686 1148 1942 1185 ratiocinationis,
1963 1159 2052 1180 verae
2067 1151 2117 1180 vel
2135 1150 2238 1187 falsae,
2262 1151 2412 1191 implicite
2427 1152 2477 1182 vel

1426 1191 1577 1231 explicite,
1601 1191 1773 1222 formaliter
1795 1193 1844 1222 vel
1866 1193 2052 1230 virtualiter,
2077 1194 2234 1233 dirigentis
2258 1195 2334 1225 haec
2356 1195 2389 1225 in
2412 1196 2476 1226 illa.

1426 1235 1533 1271 Unde,
1559 1245 1632 1265 cum
1646 1235 1806 1275 pluralitas
1830 1236 1896 1266 sine
1919 1237 2098 1268 necessitate
2123 1238 2313 1268 admittenda
2332 1249 2397 1268 non
2421 1239 2476 1275 sit;

1425 1286 1456 1309 et
1477 1279 1510 1308 in
1532 1279 1692 1319 principiis
1709 1286 1820 1309 natura
1842 1281 1964 1311 studeat
1978 1281 2136 1320 paucitati,
2154 1289 2184 1312 et
2198 1282 2302 1311 omnis
2318 1282 2396 1312 ordo
2421 1282 2477 1323 qui

1425 1329 1553 1362 apparet
1575 1322 1608 1352 in
1630 1323 1802 1359 voluntate,
1827 1323 1962 1354 salvatur
1985 1324 2104 1364 optime
2123 1325 2155 1355 in
2178 1325 2364 1355 resolvendo
2380 1325 2413 1355 in
2428 1326 2477 1356 in-

1425 1366 1602 1401 tellectum;
1627 1373 1657 1396 et
1680 1367 1843 1397 communi
1859 1368 1955 1397 animi
1979 1368 2194 1408 conceptione,
2219 1375 2256 1399 ut
2278 1369 2398 1399 dictum
2421 1376 2477 1405 est,

1426 1409 1575 1439 habeatur
1595 1410 1683 1449 quod
1705 1410 1844 1440 conferre
1860 1418 1891 1441 et
1913 1411 2056 1442 ordinare
2071 1412 2198 1442 rationis
2214 1413 2380 1452 proprium
2395 1423 2478 1453 opus

1425 1458 1486 1482 est:
1512 1452 1682 1482 abiicienda
1698 1461 1743 1483 est
1767 1454 1888 1485 Scotica
1901 1455 1978 1486 haec
1993 1456 2165 1495 phantasia,
2181 1456 2355 1495 procedens
2379 1467 2416 1487 ex
2428 1457 2478 1487 in-

1427 1495 1611 1525 discretione
1635 1496 1701 1526 eius
1725 1497 1812 1536 quod
1835 1498 1991 1528 voluntati
2014 1499 2159 1530 convenit
2178 1501 2354 1530 secundum
2369 1511 2411 1536 se,
2427 1501 2477 1531 vel

1428 1545 1463 1569 ut
1485 1539 1649 1579 participat
1671 1539 1874 1571 intellectum.

1479 1582 1531 1612 111.
1556 1583 1591 1612 In
1615 1583 1820 1622 responsione
1843 1584 1881 1613 ad
1906 1585 2089 1621 secundum,
2114 1593 2222 1617 notato
2246 1587 2478 1618 distinctionem

1427 1626 1466 1656 de
1488 1626 1590 1656 radice
1607 1626 1761 1658 ⁴libertatis
1781 1627 1960 1663 formaliter,
1979 1629 2029 1658 vel
2045 1630 2222 1660 causaliter:
2239 1637 2269 1660 et
2287 1632 2374 1671 quod
2393 1631 2478 1662 radix

1425 1669 1574 1700 libertatis
1597 1669 1769 1700 formaliter
1791 1677 1836 1700 est
1858 1671 2021 1707 voluntas,
2046 1673 2207 1703 causaliter
2233 1681 2279 1704 est
2301 1675 2390 1705 ratio.
2413 1675 2479 1705 Nec

1426 1713 1488 1743 hoc
1511 1713 1636 1749 dicitur,
1662 1714 1716 1744 sed
1739 1715 1907 1753 probatur:
1932 1715 2007 1755 quia
2031 1726 2067 1746 ex
2089 1716 2151 1746 hoc
2173 1717 2319 1748 voluntas
2348 1725 2393 1748 est
2417 1718 2478 1748 for-

1427 1756 1548 1787 maliter
1570 1757 1674 1793 libera,
1700 1757 1774 1798 quia
1797 1758 1875 1788 ratio
1899 1766 1945 1788 est
1969 1759 2200 1799 oppositorum.
2225 1761 2308 1798 Quia
2323 1761 2408 1791 enim
2423 1772 2479 1791 vo-

1426 1800 1530 1831 luntas
1547 1810 1564 1830 a
1583 1801 1669 1830 bono
1694 1801 1821 1840 cognito
1845 1801 1954 1838 oritur,
1978 1802 2072 1833 libera
2095 1803 2240 1834 voluntas
2264 1805 2302 1834 ab
2326 1805 2480 1844 oppositis

1426 1844 1518 1874 bonis
1542 1844 1676 1884 cognitis
1699 1845 1816 1885 absque
1837 1845 2095 1877 determinatione
2111 1848 2148 1877 ad
2172 1848 2314 1885 alterum,
2331 1849 2478 1879 nascitur.

1428 1889 1475 1918 Ex
1498 1888 1558 1918 hoc
1583 1888 1668 1918 enim
1690 1888 1767 1918 liber
1790 1895 1836 1919 est
1857 1890 1998 1932 medicus
2022 1891 2062 1920 ad
2084 1892 2293 1930 praebendam
2316 1892 2481 1932 potionem

1428 1932 1600 1962 sanativam
1614 1932 1665 1962 vel
1688 1932 1920 1972 aegrotativam,
1938 1934 2012 1974 quia
2026 1935 2181 1965 medicina
2197 1942 2243 1966 est
2262 1936 2328 1966 sani
2348 1943 2379 1966 et
2398 1937 2481 1976 aegri

1428 1975 1593 2012 ostensiva,
1611 1976 1730 2016 absque
1751 1976 2010 2008 determinatione
2025 1978 2194 2009 voluntatis
2209 1979 2247 2010 ad
2267 1980 2396 2010 alteram
2410 1990 2482 2020 par-

1427 2025 1492 2049 tem
1514 2020 1717 2060 sequendam.

1081 2161 1396 2204 ARTICULUS
1425 2161 1721 2203 SECUNDUS

827 2247 981 2278 UTRUM
1005 2247 1221 2277 IMPERARE
1245 2246 1490 2276 PERTINEAT
1513 2245 1570 2275 AD
1595 2246 1804 2275 ANIMALIA
1827 2246 1972 2277 BRUTA

351 2347 388 2385 ῃ·
403 2354 410 2374 ι
432 2352 503 2396 ‘sax'
526 2349 548 2374 D
564 2348 752 2373 SECUNDUM
767 2347 820 2371 SIC
836 2346 1073 2371 PROCEmTUR.
1094 2333 1253 2371 Videtur
1268 2333 1372 2381 quod

455 2386 505 2431 {d
526 2389 714 2437 imperare
753 2388 954 2424 conveniat
990 2386 1107 2422 brutis
1135 2386 1371 2423 animalibus.

283 2466 290 2474 ·
335 2431 380 2483 “v'‘
398 2456 455 2481 v,
468 2425 498 2480 '¹6
513 2437 629 2488 Quia
666 2440 878 2477 secundum
912 2439 1151 2476 Avicennam
1177 2438 1219 2485 ²¹⁸,
1256 2439 1374 2474 virtus

321 2497 363 2512 “’
376 2487 472 2523 ΨΨ)
488 2485 519 2526 N
535 2495 717 2542 ’mperans
740 2498 882 2530 motum
902 2498 957 2528 est
976 2491 1186 2540 appetitiva,
1207 2497 1242 2527 et
1257 2492 1375 2528 virtus

316 2559 504 2596 exequens
521 2552 663 2584 motum
682 2551 736 2583 est
762 2546 799 2582 in
828 2545 1004 2582 musculis
1030 2550 1067 2581 et
1083 2545 1120 2581 in
1141 2544 1275 2581 nervis.
1298 2545 1374 2581 Sed

315 2608 475 2649 utraque
502 2599 621 2637 virtus
649 2607 705 2635 est
724 2598 762 2635 in
782 2598 899 2635 brutis
919 2597 1156 2634 animalibus.
1186 2598 1288 2644 Ergo
1306 2597 1376 2634 im-

316 2653 466 2703 perium
494 2652 683 2689 invenitur
709 2651 748 2688 in
776 2650 894 2688 brutis
922 2650 1158 2687 animalibus.

372 2701 407 2742 2}
437 2706 677 2751 PRAETEREA,
709 2704 756 2740 de
793 2703 937 2740 ratione
975 2702 1074 2739 servi
1112 2710 1167 2739 est
1203 2702 1308 2751 quod
1342 2702 1376 2738 ei

318 2758 535 2807 imperetur.
572 2757 649 2794 Sed
677 2768 815 2805 corpus
850 2762 1092 2804 comparatur
1128 2755 1177 2792 ad
1211 2755 1376 2792 animam

319 2810 414 2848 sicut
441 2821 572 2847 servus
600 2809 648 2847 ad
668 2809 880 2856 dominum,
901 2808 996 2845 sicut
1014 2808 1103 2845 dicit
1120 2807 1376 2857 Philosophus

318 2863 358 2900 in
385 2863 399 2900 I
428 2862 535 2899 Polit.
560 2861 581 2884 '¹‘
608 2862 710 2909 Ergo
740 2861 888 2911 corpori
917 2861 1124 2910 imperatur
1151 2861 1199 2898 ab
1228 2861 1374 2908 anima,

320 2915 435 2953 etiam
463 2914 502 2952 in
529 2914 668 2961 brutis,
697 2926 795 2963 quae
823 2922 910 2951 sunt
938 2914 1148 2963 composita
1176 2926 1222 2950 ex
1249 2914 1377 2951 anima

322 2976 358 3006 et
386 2980 557 3016 corpore.

375 3022 409 3058 3.
426 3021 656 3067 PRAETEREA,
673 3031 741 3068 per
769 3019 971 3068 imperium
998 3019 1117 3055 homo
1146 3019 1231 3055 facit
1259 3019 1378 3068 impe-

320 3082 402 3111 tum
431 3072 479 3110 ad
507 3085 615 3122 opus.
655 3072 731 3109 Sed
759 3072 915 3120 impetus
942 3071 978 3108 in
1008 3083 1101 3120 opus
1128 3071 1314 3108 invenitur
1340 3072 1377 3108 in

320 3126 437 3164 brutis
462 3125 698 3171 animalibus,
718 3132 759 3162 ut
777 3124 1039 3161 Damascenus
1059 3123 1147 3161 dicit
1164 3124 1194 3161 '¹‘.
1216 3125 1317 3172 Ergo
1341 3124 1379 3161 in

321 3179 439 3217 brutis
467 3177 692 3215 animalibus
719 3177 910 3215 invenitur
936 3176 1151 3225 imperium;

375 3233 449 3269 SED
479 3241 635 3278 coum,
656 3230 857 3280 imperium
879 3237 934 3268 est
952 3237 1056 3267 actus
1080 3229 1244 3277 rationis,
1264 3237 1307 3266 ut
1326 3229 1379 3267 di-

321 3293 425 3322 ctum
443 3284 510 3333 'est
535 3283 566 3320 ²¹⁸.
589 3283 666 3320 Sed
683 3283 722 3320 in
741 3283 858 3320 brutis
887 3295 966 3320 non
989 3290 1045 3319 est
1064 3282 1169 3319 ratio.
1190 3282 1293 3330 Ergo
1313 3294 1378 3319 ne-

322 3349 398 3387 que
426 3335 642 3385 imperium.

374 3391 598 3427 REsPONDEo
622 3399 805 3426 DtcENDUM
825 3388 930 3438 quod
947 3387 1134 3437 imperare
1163 3386 1253 3424 nihil
1278 3387 1379 3425 aliud

323 3449 378 3480 est
397 3455 513 3492 quam
538 3441 711 3478 ordinare
740 3441 902 3490 aliquem
930 3440 980 3478 ad
1007 3440 1148 3489 aliquid
1175 3440 1377 3488 agendum,

323 3507 410 3533 cum
430 3494 598 3544 quadarn
618 3493 826 3531 intimativa
845 3493 1027 3530 motione.-
1044 3493 1229 3530 Ordinare
1250 3499 1378 3530 autem

324 3555 379 3585 est
402 3548 578 3597 proprius
606 3555 710 3584 actus
739 3546 903 3583 rationis.
932 3546 1044 3583 Unde
1068 3545 1300 3594 impossibile
1325 3553 1380 3582 est

1428 2332 1532 2380 quod
1551 2332 1589 2369 in
1609 2332 1726 2369 brutis
1745 2333 1980 2380 animalibus,
1996 2334 2034 2370 in
2049 2335 2186 2384 quibus
2205 2349 2283 2374 non
2303 2345 2358 2374 est
2376 2338 2480 2386 ratio,

1428 2385 1473 2421 sit
1501 2385 1626 2432 aliquo
1657 2386 1774 2422 modo
1803 2385 2004 2434 imperium
2023 2387 2054 2424 ²³.

1482 2440 1540 2474 An
1568 2449 1704 2474 PRIMUM
1733 2450 1830 2474 ERGO
1858 2450 2040 2476 DiCENDUM
2069 2441 2172 2488 quod
2198 2442 2256 2478 vis
2280 2442 2483 2490 appetitiva

1429 2490 1563 2527 dicitur
1590 2490 1774 2538 imperare
1800 2499 1962 2538 motum,
1982 2492 2204 2540 inquantum
2224 2503 2354 2531 movet
2373 2495 2483 2531 ratio-

1429 2554 1518 2579 nem
1546 2541 1808 2590 imperantem.
1831 2544 1907 2581 Sed
1933 2545 2008 2581 hoc
2037 2544 2240 2583 est'solum
2267 2547 2304 2583 in
2323 2548 2483 2584 homini-

1429 2595 1512 2632 bus.
1534 2597 1576 2632 In
1605 2596 1721 2632 brutis
1745 2604 1873 2633 autern
1893 2597 2115 2634 animalibus
2142 2599 2260 2636 virtus
2280 2600 2483 2648 appetitiva

1430 2660 1508 2685 non
1537 2655 1592 2685 est
1618 2649 1770 2697 proprie
1793 2649 2026 2698 imperativa,
2051 2651 2120 2687 nisi
2139 2652 2404 2700 imperativum
2424 2666 2483 2690 su-

1430 2708 1554 2737 matur
1580 2702 1680 2748 large
1708 2714 1778 2750 pro
1806 2702 1963 2739 motivo.

1483 2755 1542 2790 AD
1562 2765 1750 2791 SECUNDUM
1775 2766 1957 2792 DlCENDUM
1977 2756 2080 2804 quod
2109 2756 2146 2794 in
2174 2757 2291 2794 brutis
2319 2757 2485 2797 animali-

1431 2807 1502 2843 bus
1523 2819 1660 2855 corpus
1684 2806 1838 2855 quidem
1866 2808 1981 2844 habet
1998 2809 2100 2846 unde
2120 2810 2293 2846 obediat:
2323 2810 2388 2847 sed
2408 2811 2484 2847 ani-

1432 2871 1496 2895 ma
1529 2865 1607 2896 non
1634 2860 1749 2896 habet
1784 2860 1886 2897 unde
1919 2860 2097 2910 imperet,
2132 2862 2219 2910 quia
2255 2874 2333 2898 non
2370 2863 2484 2899 habet

1430 2912 1532 2949 unde
1553 2912 1710 2950 ordinet.
1742 2913 1790 2949 Et
1811 2912 1897 2949 ideo
1918 2926 1995 2950 non
2015 2922 2070 2950 est
2086 2914 2138 2950 ibi
2157 2914 2249 2951 ratio
2269 2915 2484 2963 imperantis

1432 2972 1468 3001 et
1495 2965 1688 3014 imperati3
1717 2967 1782 3003 sed
1811 2966 1934 3002 solum
1963 2967 2151 3003 moventis
2179 2975 2216 3003 et
2243 2968 2346 3004 moti.

1484 3020 1542 3055 AD
1570 3030 1729 3055 TERTIUM
1753 3030 1935 3055 DICENDUM
1964 3019 2067 3067 quod
2087 3019 2191 3056 aliter
2209 3019 2396 3056 invenitur
2414 3020 2484 3056 im-

1432 3079 1542 3120 petus
1562 3071 1610 3108 ad
1629 3068 1726 3119 opus
1740 3071 1779 3107 in
1799 3071 1914 3107 brutis
1934 3071 2170 3118 animalibus,
2188 3080 2224 3108 et
2238 3072 2342 3109 aliter
2360 3072 2398 3109 in
2416 3073 2486 3109 ho-

1433 3124 1610 3160 minibus.
1631 3123 1817 3160 Homines
1838 3123 1939 3160 enirn
1958 3123 2099 3163 faciunt
2116 3124 2301 3173 impetum
2322 3125 2369 3162 ad
2389 3137 2485 3174 opus

1433 3189 1501 3226 per
1529 3175 1807 3213 ordinationem
1836 3176 2004 3213 rationis:
2032 3177 2134 3214 unde
2154 3177 2267 3214 habet
2286 3178 2324 3214 in
2344 3177 2395 3215 eis
2415 3178 2485 3214 im-

1433 3237 1542 3278 petus
1562 3229 1746 3265 rationem
1775 3227 1934 3277 imperii.
1965 3230 2007 3266 In
2026 3229 2142 3266 brutis
2162 3238 2287 3266 autem
2308 3231 2349 3266 fit
2367 3230 2485 3278 impe-

1433 3289 1492 3319 tus
1512 3282 1561 3318 ad
1580 3293 1676 3330 opus
1704 3293 1772 3330 per
1799 3281 2014 3318 instinctum
2042 3290 2213 3319 naturae:
2243 3282 2330 3331 quia
2349 3282 2486 3318 scilicet

1434 3335 1620 3384 appetitus
1653 3346 1786 3370 eorum
1819 3334 1944 3371 statim
1977 3335 2214 3384 apprehenso
2248 3334 2486 3371 convenienti

1433 3389 1495 3424 vel
1514 3386 1803 3434 inconvenienti,
1825 3387 2038 3424 naturaliter
2057 3395 2233 3424 movetur
2246 3387 2294 3423 ad
2307 3398 2485 3434 prosecu-

1433 3440 1576 3477 tionem
1604 3440 1665 3476 vel
1697 3440 1836 3487 fugam.
1871 3440 1982 3477 Unde
2010 3440 2228 3477 ordinantur
2259 3439 2306 3475 ab
2334 3438 2407 3475 alio
2435 3439 2485 3476 ad

1434 3493 1640 3540 agendum:
1657 3504 1735 3529 non
1749 3499 1875 3528 autern
1892 3492 1971 3541 ipsa
1987 3492 2108 3540 seipsa
2124 3491 2296 3528 ordinant
2310 3491 2358 3527 ad
2373 3491 2486 3528 actio-

1435 3558 1535 3582 nem.
1553 3546 1601 3581 Et
1615 3545 1701 3582 ideo
1717 3545 1754 3581 in
1771 3545 1822 3581 eis
1839 3552 1893 3581 est
1907 3545 2080 3593 impetus,
2098 3544 2163 3580 sed
2179 3556 2256 3580 non
2270 3543 2485 3591 imperium.

2501 675 2512 685 ⁶
2526 675 2563 695 Ad
2578 680 2625 701 arg.
2641 680 2660 701 2,
2674 681 2697 702 3.
