2852 4152
0 2510 40 2562 tf*
7 2482 9 2486 “

2 2903 4 2906 ·
2 2818 17 2879 ,ιφ-,τ
5 2772 12 2809 «ω

3 3044 26 3160 w&

1022 218 1287 264 QUAESTIO
1317 220 1405 264 XX,
1436 220 1729 257 ARTICULUS
1759 222 1809 257 IV

335 295 424 336 quod
443 294 575 325 exterior
590 301 677 324 actus
693 294 789 330 addit,
806 301 836 324 et
859 294 932 325 facit
947 295 1112 326 hominem
1127 296 1278 336 peiorem.
1295 297 1391 333 Quod

334 338 467 380 qualiter
482 348 593 369 verum
609 338 657 379 sit,
670 337 702 368 in
717 339 860 378 sequenti
876 339 994 377 patebit
1009 340 1150 371 articulo.
1168 357 1186 362 -
1198 340 1302 370 Prima
1317 350 1391 371 vero

334 382 413 413 ratio
436 392 502 412 non
530 382 689 413 concludit
711 382 924 413 universaliter
951 385 1039 424 quod
1063 384 1166 414 omnis
1194 384 1317 415 bonitas
1345 395 1393 414 ex-

334 426 456 457 terioris
475 432 562 456 actus
586 426 624 456 sit
639 426 699 456 alia
714 426 752 456 ab
777 426 865 456 omni
881 427 1019 458 bonitate
1043 428 1197 459 interioris
1221 435 1316 465 actus,
1338 430 1392 459 sed

335 471 424 511 quod
446 470 567 511 aliqua:
591 471 680 510 quod
702 470 796 510 gratis
820 472 1034 502 concedimus.
1062 472 1160 509 Quod
1188 472 1213 503 si
1236 472 1275 503 de
1303 473 1391 503 omni

334 521 382 545 est
402 514 556 551 intentio,
580 521 707 555 oportet
736 515 879 554 probare.
901 515 1034 547 Constat
1056 517 1141 547 enim
1164 517 1253 557 quod
1282 517 1391 547 eadem

333 566 382 590 est
403 559 562 599 integritas
584 558 809 599 requisitorum
831 559 871 588 ad
895 560 1068 591 bonitatem
1088 571 1124 591 ex
1147 560 1209 591 fine
1232 567 1320 591 actus
1336 571 1390 591 vo-

333 603 462 634 luntatis
485 603 639 634 interioris
662 609 692 632 et
715 603 884 639 exterioris,
904 604 976 634 licet
995 605 1184 635 dissimiliter
1207 605 1247 635 ad
1270 613 1390 636 utrum-

334 657 399 688 que
413 657 446 677 se
469 647 581 678 habeat
595 646 754 687 integritas
770 647 835 677 illa:
859 655 895 678 ut
911 655 995 687 patet
1011 659 1083 679 cum
1108 649 1220 689 aliquis
1235 649 1303 679 vult
1317 660 1391 690 pro-

335 697 404 731 pter
418 690 515 721 finem
527 690 653 731 ‘aliquid
676 691 763 721 nulla
782 692 842 722 alia
864 692 984 723 ratione
1007 693 1166 724 moraliter
1189 693 1310 723 bonum
1333 693 1391 724 nisi

334 741 463 775 propter
485 734 591 765 finem.
614 735 656 766 Et
678 735 749 771 hoc,
765 736 928 776 loquendo
953 737 990 767 de
1013 737 1061 767 his
1081 737 1200 767 actibus
1223 737 1255 766 in
1278 747 1390 776 genere

335 778 446 814 moris;
465 778 537 809 licet
558 778 639 810 forte
661 779 858 819 impossibile
877 781 916 811 sit
938 781 971 810 in
994 791 1106 820 genere
1130 788 1258 811 naturae
1281 782 1391 811 eadem

335 821 460 863 utrique
484 823 660 853 convenire.
686 824 783 861 Quod
806 824 886 855 forte
909 825 1042 855 Scotum
1065 825 1195 864 decepit.
1212 843 1232 847 —
1247 825 1391 855 Secunda

334 872 442 897 autem
463 867 542 898 ratio
567 867 709 898 eiusdem
737 878 772 898 ex
796 869 881 899 malo
903 869 1062 900 intellectu
1084 869 1250 909 positionis
1267 876 1391 900 nostrae

333 910 484 951 procedit.
501 911 575 941 Non
599 912 684 942 enim
708 912 841 943 dicimus
865 914 953 954 quod
977 913 1086 943 eadem
1110 923 1244 943 numero
1269 913 1390 944 bonitas

335 953 374 985 sit
397 964 490 985 causa
512 962 543 986 et
565 963 689 987 causata
700 965 712 986 tv
733 958 787 987 sed
811 957 944 988 dicimus
963 957 1061 998 quod,
1086 957 1167 987 sicut
1189 956 1303 987 sanitas
1328 967 1390 988 una

334 1008 468 1030 numero
485 1009 550 1030 non
573 1000 795 1031 diversificatur
818 1001 849 1031 in
873 1001 1010 1037 animali,
1027 1001 1181 1031 medicina
1198 1007 1228 1031 et
1246 1001 1345 1038 urina,
1362 1008 1392 1032 et

333 1052 408 1074 cum
431 1043 503 1080 hoc,
521 1053 538 1074 a
561 1045 691 1076 sanitate
716 1045 859 1076 animalis
883 1045 1040 1076 derivatur
1055 1045 1169 1075 sanitas
1192 1044 1225 1074 in
1245 1045 1334 1076 urina
1362 1052 1392 1076 et

334 1087 505 1124 medicina;
540 1089 582 1119 ita
611 1089 744 1120 dicimus
776 1090 863 1130 quod
887 1090 997 1120 eadem
1025 1099 1158 1120 numero
1190 1096 1236 1120 est
1266 1090 1390 1121 bonitas

333 1131 498 1172 utriusque
522 1139 622 1169 actus,
648 1141 678 1164 et
707 1134 796 1175 quod
824 1144 860 1164 ex
883 1134 980 1165 altero
1012 1133 1045 1163 in
1073 1134 1207 1164 alterum
1235 1133 1392 1164 derivatur

333 1176 510 1207 secundum
533 1177 834 1209 denominationem.
853 1178 954 1214 Unde,
972 1178 1174 1208 concedendo
1195 1178 1283 1218 quod
1305 1178 1391 1208 idem

334 1230 400 1250 non
415 1227 461 1251 est
476 1230 569 1252 causa
584 1232 642 1252 nec
657 1222 736 1253 ratio
752 1222 910 1252 mediandi
922 1222 970 1252 sui
985 1221 1094 1261 ipsius,
1107 1228 1238 1260 negatur
1253 1222 1389 1262 sequela,

333 1263 426 1305 Ergo
447 1265 584 1296 alterius
605 1266 774 1296 bonitatis:
795 1265 869 1306 quia
893 1272 939 1295 est
962 1265 1124 1304 sophisma
1147 1264 1388 1305 Consequentis.

333 1308 470 1347 Oportet
485 1309 596 1345 dicere,
612 1310 704 1349 Ergo
719 1310 854 1339 alterius
875 1309 1023 1339 bonitatis
1039 1309 1090 1339 vel
1098 1309 1328 1348 proportionis,
1342 1310 1392 1339 vel

333 1352 548 1383 attributionis
569 1352 613 1382 ad
633 1362 676 1383 se.
698 1353 790 1382 Unde
804 1352 927 1382 bonitas
947 1359 1034 1382 actus
1050 1351 1205 1382 interioris
1229 1358 1275 1381 est
1297 1362 1391 1383 causa

333 1394 481 1425 bonitatis
503 1395 678 1434 exterioris,
700 1396 780 1426 idest
807 1395 1022 1435 proportionis
1053 1402 1140 1425 actus
1168 1395 1327 1425 exterioris
1351 1397 1390 1426 ad

274 1462 278 1463 γ
331 1436 505 1468 bonitatem
527 1438 718 1475 interiorem,
743 1445 774 1470 et
796 1449 813 1469 e
834 1448 997 1470 converso.
1022 1439 1063 1469 Et
1085 1438 1128 1469 sic
1152 1438 1191 1468 de
1214 1439 1282 1469 aliis
1306 1439 1390 1470 attri-

94 1838 104 1849 ·
113 1837 164 1866 Qu.
169 1841 249 1863 mvi,
259 1838 304 1858 art.

90 1863 173 1918 ff?
178 1868 303 1892 qiu-mxx,

91 2686 107 2697 ⁴
121 2685 208 2708 Homil-
224 2685 287 2708 xlx.

96 3317 108 3328 ·
122 3317 173 3339 Art.
188 3317 294 3345 praeced.

331 1481 526 1518 butionibus‚
551 1483 727 1513 secundum
750 1493 830 1524 quas
854 1482 1012 1513 derivatur
1035 1482 1262 1513 denominatio.

383 1525 435 1556 Ad
458 1525 490 1555 id
506 1527 594 1567 quod
617 1526 744 1558 affertur
765 1537 802 1557 ex
816 1527 980 1567 Gregorio,
998 1527 1022 1557 si
1046 1537 1112 1557 non
1128 1526 1183 1557 fiat
1198 1526 1244 1556 vis
1267 1526 1300 1556 in
1323 1536 1390 1557 ver-

330 1569 395 1606 bis,
417 1577 548 1609 negatur
571 1571 706 1611 sequela.
723 1572 796 1602 Non
821 1571 907 1602 enim
928 1571 1027 1607 valet,
1048 1571 1150 1601 Urina
1174 1576 1220 1601 est
1241 1579 1337 1608 sana,
1361 1576 1391 1601 et

330 1614 454 1644 animal
468 1620 514 1645 est
536 1623 672 1645 sanum:
695 1621 725 1646 et
749 1617 843 1646 urina
859 1625 940 1646 sana
964 1625 1026 1645 non
1051 1620 1097 1645 est
1119 1615 1241 1645 animal
1262 1624 1388 1652 sanum,

332 1667 432 1698 neque
450 1668 468 1689 e
486 1668 636 1689 converso
646 1667 657 1689 .·
679 1669 758 1700 ergo
773 1665 848 1690 sunt
870 1659 955 1690 duae
971 1660 1143 1690 sanitates:
1158 1658 1233 1699 quia
1256 1665 1316 1689 stat
1331 1669 1389 1689 nu-

331 1711 437 1731 merus
449 1702 633 1733 habentium
649 1703 868 1740 diversimode,
882 1714 956 1734 curn
971 1703 1090 1734 unitate
1103 1702 1257 1733 numerali
1274 1702 1317 1732 rei
1336 1702 1390 1732 ha-

331 1745 445 1776 bitae.-
455 1746 525 1776 Dixi
542 1753 657 1783 autem,
673 1748 702 1777 si
715 1758 777 1778 non
784 1748 852 1788 fiat
867 1748 914 1778 vis
930 1749 961 1777 in
978 1747 1100 1778 verbis:
1114 1747 1190 1787 quia
1209 1753 1313 1786 potest
1327 1746 1390 1776 for-

330 1789 409 1819 mari
421 1797 644 1829 argumentum
655 1791 687 1821 in
700 1791 859 1822 adiectivis
870 1798 900 1822 et
911 1791 1122 1822 substantivis.
1135 1791 1176 1821 Et
1189 1791 1214 1820 si
1227 1790 1259 1820 in
1275 1790 1322 1820 his
1337 1789 1391 1821 fiat

327 1832 387 1874 vis,
402 1833 466 1863 iam
482 1834 539 1864 scis
556 1844 593 1865 ex
606 1835 710 1865 Prima
724 1835 814 1866 Parte
825 1835 853 1872 ὓ,
865 1836 954 1876 quod
969 1835 1100 1866 nomina
1115 1834 1310 1865 substantiva
1324 1845 1389 1865 non

330 1876 547 1918 plurificantur
562 1878 629 1909 sine
648 1878 878 1919 plurificatione
901 1879 1032 1910 formae.
1053 1879 1113 1910 Sed
1135 1880 1173 1909 de
1197 1879 1289 1909 rebus
1306 1889 1390 1909 nunc

327 1921 377 1952 'est
391 1921 545 1962 quaestio.
563 1941 583 1946 -
598 1923 707 1953 Potest
725 1933 855 1964 quoque
872 1924 1020 1964 distingui
1036 1923 1149 1959 minor,
1168 1930 1198 1953 et
1214 1922 1274 1953 dici
1290 1923 1388 1963 quod,

331 1974 406 1996 cum
428 1965 550 2003 dicitur,
566 1966 677 1998 Ethoc
693 1967 812 1998 malum
834 1978 896 1998 non
921 1974 967 1998 est
987 1968 1078 2005 illud,
1099 1967 1299 1997 materialiter
1321 1966 1390 2007 qui-

331 2008 404 2040 dem
427 2016 473 2041 est
495 2020 616 2048 verum,
634 2011 806 2042 formaliter
826 2018 933 2042 autem
952 2011 1076 2042 falsum.
1098 2011 1183 2049 Quia
1205 2010 1276 2041 licet
1300 2017 1386 2040 actus

2431 226 2502 272 159

1444 297 1576 327 exterior
1590 297 1692 328 malus
1716 308 1781 328 non
1801 299 1840 329 sit
1862 300 1991 331 interior
2007 302 2118 338 malus,
2136 314 2192 334 nec
2212 314 2228 334 e
2244 314 2410 342 converso;
2435 316 2500 337 ma-

1442 340 1508 371 litia
1531 348 1637 371 tamen
1661 342 1755 372 unius
1775 350 1821 373 est
1843 344 1961 374 malitia
1977 345 2116 382 alterius,
2142 344 2222 378 sicut
2244 349 2357 379 sanitas
2380 350 2501 380 anima-

1443 384 1481 414 lis
1505 392 1551 415 est
1574 385 1687 416 sanitas
1711 386 1829 417 urinae.

1497 429 1564 460 VII.
1581 429 1616 459 ln
1631 430 1836 470 responsione
1861 432 1899 461 ad
1916 433 2091 462 secundum
2115 434 2255 464 eiusdem
2272 436 2351 466 tertii
2367 437 2498 473 articuli,

1443 473 1567 504 adverte
1588 474 1686 514 quod,
1703 474 1778 515 quia
1801 482 2022 515 argumentum
2047 477 2193 508 tendebat
2216 478 2255 508 ad
2279 479 2340 509 hoc
2364 487 2408 516 ut,
2425 481 2499 520 quia

1443 518 1524 547 duae
1539 517 1668 548 virtutes
1692 518 1858 558 exiguntur
1881 519 1920 549 ad
1944 520 2180 551 bonificandum
2208 522 2267 552 hos
2291 523 2372 553 duos
2395 531 2498 559 actus,

1443 561 1566 600 singula
1581 561 1711 601 singulis
1725 562 1900 599 referendo,
1913 563 1985 594 ideo
1998 565 2079 594 duae
2092 565 2186 596 etiam
2199 573 2301 596 essent
2316 576 2427 597 eorum
2443 568 2499 598 bo—

1443 605 1564 640 nitates,
1577 605 1734 646 quaelibet
1748 607 1834 637 enim
1847 607 1946 638 virtus
1961 608 2109 639 bonificat
2119 617 2224 640 actum
2241 619 2352 646 suum;
2369 621 2500 652 respon-

1443 649 1490 678 sio
1514 649 1618 688 primo
1639 650 1773 689 percutit
1795 651 1945 687 radicem,
1966 659 1996 682 et
2018 652 2153 683 intendit
2175 654 2263 694 quod
2287 664 2352 684 non
2371 662 2501 695 propter

1442 692 1652 723 diversitatem
1675 693 1756 724 inter
1774 701 1879 725 actum
1894 695 2074 726 interiorem
2091 704 2122 727 et
2143 698 2337 734 exteriorem,
2356 708 2438 739 opus
2455 706 2501 730 est

1443 736 1562 766 diversa
1587 737 1710 773 virtute,
1732 738 1848 769 scilicet
1871 739 1983 770 morali
2007 747 2038 770 et
2060 740 2276 777 intellectuali;
2301 743 2355 772 sed
2371 750 2500 782 propter

1442 779 1653 810 diversitatem
1667 780 1749 817 finis,
1767 789 1797 812 et
1811 782 1877 812 eius
1894 784 1982 823 quod
1998 791 2044 815 est
2059 785 2098 814 ad
2112 784 2222 822 finem;
2240 795 2315 816 nam
2327 787 2455 817 moralis
2467 787 2499 817 in

1442 823 1514 859 fine,
1531 824 1748 854 intellectualis
1760 835 1833 855 vero
1850 826 1881 856 in
1896 827 1944 857 his
1957 837 2037 868 quae
2052 835 2126 859 sunt
2144 829 2183 859 ad
2208 828 2314 866 finem,
2332 830 2462 870 perficit.
2478 848 2499 853 -

1442 867 1573 903 Deinde,
1591 868 1664 908 quia
1679 869 1719 898 ad
1730 870 1903 908 quemlibet
1921 878 2027 901 actum
2042 872 2164 903 virtutis
2179 874 2336 905 concurrit
2355 875 2439 904 bona
2452 885 2499 904 ra-

1442 911 1487 941 tio
1503 918 1533 941 et
1546 912 1650 942 bonus
1666 912 1832 952 appetitus,
1851 924 1989 954 quorum
2006 915 2146 955 primum
2163 924 2282 957 spectat
2297 919 2336 948 ad
2351 918 2500 949 virtutem

1442 955 1695 992 intellectualem,
1713 958 1888 988 secundum
1908 959 1946 988 ad
1969 960 2138 996 moralem;
2157 968 2186 991 et
2208 962 2270 992 hoc
2284 969 2348 992 erat
2371 962 2500 992 materia

1443 999 1637 1038 argumenti;
1658 1000 1730 1030 ideo
1747 1001 1853 1031 subdit
1873 1003 1960 1042 quod
1977 1003 2100 1034 bonitas
2115 1005 2242 1035 moralis
2252 1013 2352 1036 rectae
2368 1006 2497 1036 rationis

1442 1044 1482 1073 de
1505 1045 1571 1083 ipso
1584 1044 1658 1084 fine
1681 1045 1851 1083 virtutum,
1880 1046 1960 1076 idest
1983 1047 2021 1076 de
2044 1049 2158 1078 eodem
2184 1049 2221 1078 de
2245 1059 2310 1090 quo
2333 1057 2379 1080 est
2401 1050 2498 1081 virtus

1443 1087 1581 1123 moralis,
1598 1098 1664 1118 non
1688 1095 1734 1118 est
1747 1088 1807 1118 alia
1830 1099 1847 1119 a
1870 1090 2009 1120 bonitate
2026 1092 2138 1121 morali
2162 1092 2259 1132 ipsius
2283 1093 2406 1124 virtutis
2429 1104 2498 1124 mo-

1442 1131 1529 1168 ralis;
1554 1142 1590 1162 ac
1612 1142 1668 1172 per
1690 1131 1765 1166 hoc,
1790 1139 1877 1163 actus
1900 1134 2039 1173 pendens
2064 1145 2100 1165 ex
2122 1143 2205 1166 recta
2228 1137 2347 1167 ratione
2365 1145 2394 1167 et
2413 1145 2498 1169 recto

1443 1175 1601 1215 appetitu,
1631 1185 1696 1205 non
1725 1183 1890 1216 propterea
1919 1178 2012 1208 habet
2050 1179 2127 1208 duas
2163 1180 2317 1210 bonitates
2353 1182 2499 1212 morales.

1443 1220 1619 1256 Quomodo
1644 1226 1767 1256 autem,
1793 1227 1822 1251 et
1845 1231 1941 1261 quare
1965 1221 2026 1252 hoc
2050 1222 2103 1258 sit,
2119 1220 2326 1264 fsubiungitur
2349 1224 2497 1261 dicendo,

1442 1263 1615 1294 secundum
1640 1264 1724 1303 quod
1746 1264 1868 1295 bonitas
1898 1266 2033 1296 rationis
2056 1268 2274 1307 participatur
2302 1269 2333 1297 in
2363 1269 2500 1308 qualibet

1443 1308 1575 1337 virtute:
1597 1307 1686 1343 idest,
1710 1308 1782 1338 ideo
1798 1318 1863 1338 non
1888 1315 1934 1339 est
1957 1309 2101 1340 distincta
2124 1311 2248 1342 bonitas
2272 1312 2400 1341 moralis
2424 1312 2499 1342 utri-

1443 1360 1560 1390 usque,
1592 1351 1666 1390 quia
1693 1351 1726 1381 in
1756 1352 1894 1392 qualibet
1924 1353 2036 1384 virtute
2066 1354 2270 1394 participatur
2299 1355 2424 1386 bonitas
2452 1366 2499 1386 ra-

1442 1401 1547 1424 nonis.

1496 1437 1536 1467 Et
1559 1437 1636 1467 scito
1662 1439 1750 1477 quod
1780 1438 1812 1478 ly
1835 1439 1957 1470 bonitas
1987 1441 2196 1472 determinans
2224 1442 2398 1479 rationem,
2426 1453 2501 1473 cum

1443 1481 1572 1517 dicitur,
1603 1481 1726 1512 bonitas
1753 1483 1887 1512 rationis
1913 1485 2147 1524 participatur,
2172 1486 2338 1525 dupliciter
2369 1486 2500 1527 intelligi

1443 1531 1556 1564 potest.
1572 1524 1690 1560 Primo,
1706 1524 1739 1554 in
1763 1535 1795 1554 se
1818 1525 1885 1565 ipsa
1905 1526 2034 1562 ratione,
2055 1535 2091 1558 ut
2111 1535 2156 1558 est
2177 1539 2224 1558 res
2249 1529 2338 1560 cuius
2362 1540 2433 1570 pars
2450 1541 2499 1561 ca-

1442 1569 1538 1608 pitur.
1559 1568 1599 1599 Et
1622 1568 1666 1598 sic
1690 1578 1755 1598 non
1780 1569 1932 1608 significat
1948 1571 2121 1601 bonitatem
2145 1573 2298 1602 moralem
2318 1573 2499 1610 formaliter,

1443 1613 1498 1642 sed
1527 1612 1701 1642 bonitatem
1735 1612 1979 1643 intellectualem
2010 1614 2198 1645 formaliter:
2228 1617 2381 1647 rectitudo
2415 1618 2501 1648 enim

1442 1656 1581 1692 rationis,
1597 1666 1679 1696 quae
1695 1656 1762 1686 eius
1782 1663 1828 1686 est
1844 1657 1976 1693 bonitas,
1994 1667 2059 1687 non
2076 1660 2205 1695 morale,
2223 1661 2277 1689 sed
2292 1660 2501 1692 intellectuale

1442 1701 1565 1730 bonum
1589 1707 1635 1730 est
1667 1700 1855 1736 formaliter;
1880 1701 2123 1740 primordialiter
2155 1710 2262 1733 autem
2285 1711 2316 1734 et
2339 1705 2503 1736 causaliter

1442 1743 1566 1774 bonitas
1583 1750 1629 1774 est
1652 1744 1790 1774 moralis.
1808 1761 1828 1766 -
1844 1744 2001 1781 Secundo,
2018 1745 2049 1775 in
2074 1746 2150 1786 ipsis
2178 1747 2445 1787 participantibus,
2467 1755 2503 1779 ut

1443 1795 1489 1819 est
1503 1798 1574 1828 pars
1587 1794 1686 1827 capta.
1704 1788 1745 1818 Et
1757 1788 1800 1818 sic
1816 1795 1863 1818 est
1878 1789 2001 1819 bonitas
2018 1790 2160 1820 moralis:
2185 1790 2286 1821 immo
2310 1802 2381 1831 pars
2397 1792 2502 1822 omnis

1442 1831 1590 1863 bonitatis
1610 1832 1749 1870 moralis,
1766 1838 1796 1862 et
1811 1842 1904 1862 causa
1920 1833 1952 1863 in
1969 1834 2118 1864 omnibus
2134 1834 2301 1865 virtutibus
2318 1836 2501 1867 moralibus.

1443 1894 1462 1899 -
1479 1877 1694 1916 Quocumque
1724 1876 1823 1906 modo
1850 1876 2041 1916 intelligatur
2066 1878 2142 1908 haec
2165 1878 2275 1915 littera,
2304 1889 2369 1909 non
2398 1879 2499 1911 refert.

1443 1921 1574 1960 Semper
1591 1920 1676 1950 enim
1688 1929 1799 1950 verum
1815 1927 1861 1950 est
1877 1921 1964 1960 quod
1988 1931 2053 1951 non
2069 1928 2115 1952 est
2131 1922 2191 1952 alia
2214 1923 2337 1953 bonitas
2352 1924 2496 1960 moralis;

1442 1971 1473 1994 et
1495 1964 1585 2004 quod
1607 1963 1727 1994 ratione
1753 1964 1998 2004 participationis
2023 1965 2132 2005 ipsius,
2157 1966 2190 1996 in
2214 1966 2387 2006 quamlibet
2414 1968 2500 1998 coin-

1443 2008 1518 2038 cidit
1540 2007 1688 2038 virtutem
1711 2007 1876 2038 moralem.

1107 2187 1319 2230 ARTICU
1326 2187 1423 2229 LUS
1454 2187 1724 2238 QUARTUS

639 2290 794 2320 UTRUM
817 2289 960 2320 ACTUS
983 2288 1205 2319 EXTERIOR
1227 2288 1404 2324 ALIQUID
1429 2275 1579 2317 ADDAT
1603 2287 1660 2317 DE
1683 2287 1904 2318 BONITATE
1929 2288 1986 2318 ET
2009 2289 2191 2319 MALITIA

1112 2332 1249 2363 SUPRA
1272 2331 1427 2362 ACTUM
1451 2331 1721 2362 INTERIOREM

993 2423 1013 2447 11
1033 2423 1115 2453 Sent„
1135 2423 1194 2448 dist.
1212 2430 1254 2453 ιι,
1273 2428 1319 2447 art.
1340 2422 1354 2446 3
1361 2430 1368 2453 ;
1389 2422 1430 2447 De
1448 2422 1531 2452 Malo,
1551 2430 1596 2455 qu.
1615 2429 1642 2453 11,
1661 2427 1709 2447 art.
1730 2430 1752 2452 2,
1772 2422 1804 2446 ad
1823 2422 1848 2447 8.

396 2531 402 2535 ·
418 2538 430 2560 21
452 2539 520 2581 suas<
541 2534 564 2559 D
585 2533 756 2565 QUARTUM
776 2532 829 2557 su:
853 2532 1091 2557 paoenmrua.
1111 2520 1269 2557 Videtur
1287 2519 1391 2568 quod

383 2570 407 2590 '⁴
482 2570 521 2631 'gt
543 2574 706 2611 exterior
724 2581 829 2610 actus
848 2585 926 2609 non
951 2573 1065 2609 addat
1086 2572 1125 2609 in
1144 2572 1311 2609 bonitate
1329 2572 1392 2608 vel

492 2627 685 2664 malitia
721 2638 836 2674 supra
869 2632 994 2662 actum
1027 2625 1259 2662 interiorem.
1295 2624 1394 2662 Dicit

434 2679 479 2702 ”
503 2669 646 2716 enim
662 2679 971 2726 Chrysostomus,
990 2689 1104 2726 super
1115 2678 1252 2714 Matth.
1268 2677 1304 2714 *ε
1323 2678 1392 2714 Vo-

333 2731 456 2768 luntas
487 2736 541 2767 est
570 2743 666 2780 quae
698 2737 765 2768 aut
789 2736 1053 2767 remuneratur
1082 2742 1156 2778 pro
1184 2731 1300 2776 bono,
1329 2735 1396 2766 aut

333 2784 604 2821 condemnatur
624 2795 699 2831 pro
726 2783 839 2820 malo.
870 2783 999 2831 Opera
1028 2790 1154 2819 autem
1178 2782 1394 2819 testimonia

334 2844 421 2874 sunt
446 2836 664 2874 voluntatis.
703 2836 795 2873 Non
832 2848 920 2884 ergo
956 2835 1102 2884 quaerit
1137 2836 1241 2872 Deus
1277 2848 1394 2884 opera

334 2897 489 2939 propter
516 2902 574 2937 se,
601 2896 644 2926 ut
671 2889 762 2925 sciat
793 2888 992 2937 quomodo
1025 2888 1182 2934 iudicet3
1212 2888 1280 2925 sed
1307 2901 1394 2937 pro-

333 2949 418 2992 pter
453 2941 566 2989 alios,
595 2949 637 2978 ut
673 2953 807 2978 omnes
840 2940 1044 2988 intelligant
1072 2941 1161 2988 quia
1188 2941 1305 2977 iustus
1341 2947 1396 2977 est

335 2996 452 3032 Deus.
486 2995 563 3032 Sed
596 2995 740 3031 malum
774 2995 836 3031 vel
868 2994 1014 3030 bonum
1047 2993 1167 3041 magis
1200 3001 1255 3030 est
1287 2993 1396 3030 aesti-

335 3047 521 3084 mandum
550 3047 760 3084 secundum
789 3046 970 3083 iudicium
998 3045 1086 3093 Dei,
1117 3058 1233 3094 quarn
1261 3058 1394 3082 secun-

337 3100 428 3137 dum
448 3100 628 3137 iudicium
647 3099 862 3137 hominum.
883 3100 984 3147 Ergo
1001 3106 1106 3135 actus
1126 3098 1286 3135 exterior
1305 3098 1395 3135 nihil

335 3153 440 3190 addit
468 3153 516 3191 ad
543 3152 752 3190 bonitatem
775 3153 837 3189 vel
863 3151 1043 3189 malitiam
1063 3163 1177 3200 super
1196 3158 1322 3188 actum
1341 3151 1396 3188 in-

336 3205 525 3243 teriorem.

390 3270 425 3296 2.
454 3260 687 3305 PRAETEREA,
715 3270 792 3295 una
820 3265 856 3294 et
884 3257 1018 3294 eadem
1048 3265 1104 3294 est
1130 3256 1278 3294 bonitas
1302 3256 1395 3293 inte-

335 3311 444 3349 rioris
482 3319 518 3348 et
552 3311 744 3348 exterioris
777 3318 902 3358 actus,
930 3318 972 3347 ut
1000 3310 1141 3347 dictum
1179 3317 1235 3346 est
1255 3309 1286 3346 ³⁸.
1318 3310 1393 3346 Sed

336 3372 582 3413 augmentum
611 3364 654 3400 fit
679 3375 750 3412 per
772 3363 1004 3401 additionem
1024 3363 1135 3400 unius
1154 3363 1202 3399 ad
1222 3362 1392 3399 alterum.

389 3503 416 3537 α)
435 3503 589 3529 exterioris.
607 3517 626 3522 -
644 3504 705 3528 Om.
718 3502 941 3535 ABCDEGleH.

390 3538 415 3572 β)
435 3546 519 3564 omne.
536 3553 554 3558 —-
572 3539 658 3564 omnis
678 3539 871 3563 ABCDFGHL.

1445 2520 1545 2566 Ergo
1574 2526 1679 2555 actus
1700 2519 1859 2555 exterior
1878 2531 1955 2555 non
1975 2519 2079 2556 addit
2095 2520 2133 2565 jn
2163 2521 2328 2557 bonitate
2347 2523 2409 2558 vel
2426 2534 2506 2559 ma-

1443 2572 1519 2608 litia
1547 2584 1662 2620 super
1689 2579 1815 2608 actum
1844 2571 2072 2608 interiorem.

1500 2625 1534 2661 3.
1555 2625 1787 2671 PRAETEREA,
1814 2631 1892 2661 tota
1916 2624 2062 2661 bonitas
2083 2632 2275 2662 creaturae
2294 2626 2386 2663 nihil
2404 2627 2508 2664 addit

1445 2689 1559 2725 supra
1587 2677 1795 2713 bonitatem
1830 2676 2011 2724 divinam,
2042 2677 2131 2725 quia
2157 2685 2236 2714 tota
2264 2678 2456 2716 derivatur
2484 2693 2506 2717 a

1444 2729 1612 2766 bonitate
1649 2729 1788 2766 divina.
1829 2730 1905 2766 Sed
1943 2729 2092 2766 bonitas
2125 2738 2230 2767 actus
2268 2731 2458 2769 exterioris
2488 2738 2505 2754 α

1446 2782 1676 2830 quandoque
1704 2789 1783 2818 tota
1811 2782 2003 2819 derivatur
2031 2795 2076 2819 ex
2104 2783 2271 2819 bonitate
2291 2791 2395 2826 actus
2414 2785 2506 2822 inte-

1446 2835 1573 2881 rioris,
1603 2835 1834 2883 quandoque
1862 2842 1991 2871 autem
2021 2847 2040 2871 e
2070 2847 2269 2883 converso,
2299 2844 2340 2873 ut
2363 2836 2506 2874 dictum

1447 2895 1502 2924 est
1524 2887 1555 2924 ²⁸.
1586 2888 1679 2924 Non
1707 2899 1795 2935 ergo
1823 2899 1945 2924 unum
1975 2900 2109 2924 eorum
2137 2888 2242 2925 addit
2272 2889 2309 2925 in
2337 2889 2505 2927 bonitate

1445 2941 1509 2977 vel
1537 2940 1678 2976 malitia
1707 2952 1820 2988 super
1848 2941 2018 2976 alterum.

1501 2993 1575 3029 SED
1595 3004 1751 3039 CONTRA,
1773 2991 1914 3028 omne!³
1928 3005 2043 3040 agens
2063 2992 2220 3030 intendit
2239 2994 2421 3043 consequi
2439 2995 2507 3031 bo-

1447 3057 1540 3081 num
1570 3053 1606 3081 et
1633 3045 1752 3082 vitare
1781 3046 1936 3081 malurn.
1968 3045 2008 3081 Si
2037 3057 2125 3093 ergo
2154 3058 2224 3095 per
2252 3053 2379 3083 actum
2408 3054 2506 3084 exte-

1447 3097 1587 3134 riorem
1616 3097 1706 3134 nihil
1735 3097 1885 3134 additur
1908 3097 1956 3134 de
1984 3098 2150 3135 bonitate
2169 3099 2231 3135 vel
2257 3099 2411 3146 malitia,
2432 3100 2508 3136 fru-

1447 3158 1521 3187 stra
1556 3150 1620 3199 qui
1657 3150 1773 3186 habet
1808 3150 1951 3187 bonam
1986 3151 2225 3188 voluntatem
2252 3152 2315 3188 vel
2343 3153 2505 3199 malam,

1447 3203 1533 3240 facit
1548 3215 1644 3252 opus
1663 3203 1822 3249 bonum,
1838 3210 1902 3239 aut
1921 3202 2062 3240 desistit
2081 3216 2104 3240 a
2122 3204 2224 3240 malo
2245 3216 2372 3253 opere.
2390 3205 2507 3251 Quod

1449 3264 1504 3293 est
1531 3255 1815 3293 inconveniens.

1502 3310 1724 3346 REsPoNDEo
1752 3319 1935 3345 mcENDUM
1959 3308 2076 3356 quod,
2097 3309 2127 3346 si
2151 3309 2355 3358 loquamur
2373 3309 2420 3346 de
2440 3310 2507 3346 bo-

1448 3361 1562 3399 nitate
1591 3360 1782 3398 exterioris
1802 3369 1906 3398 actus
1925 3373 2042 3410 quam
2070 3362 2184 3399 habet
2209 3374 2254 3398 ex
2282 3362 2475 3399 voluntate
2490 3367 2506 3390 Υ

1502 3505 1528 3535 γ)
1550 3503 1693 3526 voluntate.
1711 3515 1729 3520 -
1748 3501 1864 3526 bonitate
1883 3501 1997 3526 PDlsBH
2019 3508 2042 3526 et
2061 3508 2088 3525 a.

2532 2896 2543 2905 ⁸
2558 2896 2607 2916 Art.
2623 2901 2639 2918 ι,
2655 2901 2675 2916 2.
