2852 4152
125 1603 136 1614 '¹
149 1601 218 1624 Ven-
232 1601 264 1623 18.

126 1650 137 1660 *
150 1649 252 1672 lutetia.

128 2288 138 2298 '
154 2286 202 2315 Qu.
211 2292 282 2314 xxm,
295 2289 336 2307 art.

0 2515 38 2599 ‘V'
4 2461 10 2486 ,,
0 2367 12 2423 „.

129 2653 139 2663 ”
153 2651 179 2684 8.,
188 2651 234 2674 Th.
243 2652 297 2674 leet.
306 2658 338 2679 rx,

1024 252 1288 300 QUAESTIO
1318 250 1492 297 XXVIII,
1522 249 1815 286 ARTICULUS
1845 251 1858 286 I

2458 259 2530 295 197

860 413 1268 528 QUAESTIO
1306 446 2040 505 VIGESIMAOCTAVA

1068 570 1151 611 DE
1184 567 1555 611 EFFECTIBUS
1588 566 1817 608 AMORIS

1195 677 1229 701 IN
1259 676 1324 701 SEX
1351 674 1551 700 ARTICULOS
1579 674 1695 699 DIVISA

366 783 553 865 Demi->E
583 770 900 808 considerandum
930 777 985 807 est
1014 770 1060 807 de
1090 769 1285 806 effectibus
1313 778 1419 804 amo-

152 827 182 850 cf
223 834 237 849 u
266 832 321 848 xxvi

126 853 204 876 lim-od

447 824 496 862 ris
514 823 546 861 *.

364 876 413 915 Et
440 877 537 914 circa
564 877 638 913 hoc
666 883 896 925 quaeruntur
919 887 1000 918 sex.

415 930 565 967 Primo:
593 936 720 965 utrum
748 929 838 965 unio
868 928 914 964 sit
941 927 1096 963 effectus
1125 925 1276 963 amoris.

417 982 616 1020 Secundo:
646 989 773 1018 utrum
802 987 934 1018 mutua
962 979 1144 1016 inhaesio.

1527 766 1678 803 Tertio:
1707 773 1834 802 utrum
1863 765 1996 802 extasis
2025 765 2071 802 sit
2099 764 2254 801 effectus
2283 764 2434 801 amoris.

1528 819 1694 865 Quarto:
1722 826 1849 855 utrum
1877 819 1989 855 zelus.

1527 871 1690 917 Quinto:
1714 878 1840 907 utrum
1860 883 1969 907 amor
1988 870 2033 907 sit
2050 869 2176 919 passio
2196 869 2337 907 laesiva
2356 868 2527 906 amantis.

1528 925 1664 961 Sexto:
1696 931 1823 960 utrum
1857 935 1966 960 amor
1988 923 2043 960 sit
2075 934 2188 959 causa
2221 922 2396 959 omniurn
2431 934 2528 970 quae

1581 988 1714 1013 amans
1743 976 1827 1023 agit.

1173 1085 1488 1129 ARTICULUS
1519 1084 1724 1126 PRIMUS

1049 1181 1204 1212 UTRUM
1227 1179 1332 1221 UNIO
1355 1179 1418 1210 sir
1441 1177 1663 1209 EFFECTus
1686 1177 1847 1208 AMORis
1885 1159 1888 1161 ’

734 1263 800 1298 Part.
819 1261 837 1292 1,
857 1269 901 1293 qu.
919 1268 962 1288 xx,
981 1264 1026 1284 art.
1046 1266 1067 1289 ι,
1086 1259 1117 1283 ad
1138 1257 1165 1289 3;
1185 1264 1274 1289 supra,
1294 1265 1339 1289 qu.
1357 1263 1412 1285 xxv,
1432 1261 1478 1281 art.
1499 1263 1525 1285 2.
1546 1255 1577 1280 ad
1598 1262 1625 1286 2;
1645 1255 1676 1279 111
1695 1255 1777 1284 Sent„
1799 1255 1858 1280 dist.
1877 1262 1950 1286 xxvix,
1971 1262 2014 1287 qu.
2030 1263 2046 1284 ι
2067 1260 2113 1279 art.
2127 1262 2157 1284 1;

1197 1292 1245 1316 ·De
1263 1291 1427 1322 Div.Nom.,
1447 1298 1554 1323 cap.1v,
1574 1291 1695 1315 lect.x11.

362 1391 365 1429 j
396 1403 457 1439 >a
455 1406 508 1449 ‘w‘
504 1409 549 1448 φ(
581 1401 591 1419 0
619 1395 755 1422 ΡιιιΜυΜ
784 1394 836 1419 sm
864 1391 1101 1418 Ριιοειῑιιι-ιυιι.
1130 1378 1290 1416 Videtur
1317 1379 1422 1426 quod

387 1448 477 1497 γ’)
494 1422 547 1497 κ”λ
573 1437 662 1473 unio
691 1447 770 1472 non
799 1434 844 1470 sit
873 1433 1028 1470 effectus
1057 1431 1210 1468 amoris.
1239 1431 1421 1481 Absentia

380 1491 414 1536 'A'
414 1476 539 1533 {2³1
521 1487 678 1528 renim
704 1486 836 1524 unioni
865 1492 1057 1534 repugnat.
1089 1484 1165 1520 Sed
1189 1495 1298 1520 amor
1318 1496 1422 1520 com-

384 1536 394 1545 *
420 1510 711 1590 ssfflpratitur
747 1551 878 1576 secum
916 1537 1151 1574 absentiam:
1196 1536 1283 1572 dicit
1320 1535 1420 1572 enirn

363 1594 586 1643 Apostolus,
616 1595 667 1630 ad
693 1592 814 1629 Galat.
836 1603 871 1627 1v
888 1591 925 1627 *z
949 1592 1100 1627 Bonum
1119 1588 1367 1626 aemulamini
1383 1589 1420 1625 in

364 1648 461 1684 bono
479 1658 626 1695 semper
645 1647 819 1694 (loquens
839 1644 885 1680 de
905 1643 1041 1692 seipso,
1061 1649 1103 1679 ut
1122 1642 1258 1679 Glossa
1271 1641 1292 1663 '¹‘
1307 1641 1420 1687 dicit),

365 1705 400 1737 et
426 1712 501 1736 non
529 1705 672 1736 tantum
692 1710 777 1734 cum
790 1708 972 1745 praesens
990 1707 1073 1732 sum
1093 1694 1195 1744 apud
1211 1706 1288 1731 vos.
1318 1694 1420 1741 Ergo

363 1753 456 1791 unio
485 1764 564 1789 non
592 1759 648 1788 est
675 1751 830 1787 effectus
860 1748 1010 1785 amoris.

386 1817 453 1845 ,2.
483 1806 719 1850 ΡιιΑΕτΕιιΕΑ,
750 1801 875 1840 omnis
907 1801 998 1838 unio
1028 1808 1091 1838 aut
1120 1808 1175 1838 est
1200 1813 1269 1849 per
1297 1812 1423 1837 essen-

362 1856 480 1905 tiam,
510 1857 607 1894 sicut
640 1857 764 1893 forma
795 1855 922 1892 unitur
953 1854 1155 1900 materiae,
1185 1860 1221 1889 et
1248 1852 1423 1890 accidens

360 1909 546 1958 subiecto,
575 1917 612 1947 et
637 1921 725 1961 pars
753 1907 819 1947 toti
846 1907 911 1946 vel
938 1906 1042 1944 alteri
1059 1906 1156 1956 parti
1177 1907 1225 1944 ad
1246 1906 1422 1942 constitu-

358 1962 507 2008 ,tionem
534 1961 668 1999 totius:
698 1968 763 1998 aut
791 1967 846 1997 est
872 1959 941 2010 per
969 1958 1250 1996 similitudinem
1269 1958 1332 1995 vel
1359 1970 1421 2006 ge-

362 2014 479 2062 neris,
508 2014 570 2052 vel
597 2013 753 2064 speciei,
777 2014 840 2050 vel
858 2007 1072 2052 accidentis
1103 2010 1179 2049 Sed
1208 2023 1317 2047 amor
1345 2023 1422 2048 non

365 2075 494 2105 causat
520 2067 703 2107 unionem
734 2063 932 2103 essentiae:
954 2059 1121 2113 alioquin
1139 2074 1338 2111 nunquam
1356 2064 1421 2100 ha-

364 2121 516 2163 beretur
543 2132 653 2157 amor
680 2119 730 2156 ad
757 2131 804 2155 ea
826 2130 925 2167 quae
953 2125 1040 2155 sunt
1057 2130 1125 2166 per
1145 2115 1347 2154 essentiam
1368 2115 1421 2153 di-

364 2173 458 2211 visa.
487 2173 679 2210 Unionem
699 2179 826 2209 autem
847 2183 944 2220 quae
965 2178 1019 2208 est
1038 2183 1107 2220 per
1128 2167 1419 2216 similitudinem,

365 2238 475 2263 3ιιιοι
502 2238 581 2262 ιιοιι
609 2232 748 2272 causat,
779 2224 848 2261 sed
874 2223 994 2271 magis
1022 2223 1070 2260 ab
1099 2235 1145 2260 ea
1173 2229 1357 2269 causatur,
1383 2229 1423 2258 ut

366 2279 509 2316 dictum
538 2277 637 2317 est*.
667 2277 770 2325 Ergo
799 2276 891 2313 unio
920 2289 999 2313 non
1019 2283 1076 2312 est
1094 2275 1249 2312 effectus
1268 2274 1420 2311 amoris.

420 2332 455 2368 3.
483 2331 720 2376 PRAETEREA,
750 2339 884 2381 sensus
921 2329 959 2366 in
991 2335 1076 2366 actu
1107 2327 1150 2365 fit
1182 2327 1355 2364 sensibile
1383 2327 1422 2363 in

365 2391 462 2432 actu,
492 2390 531 2420 et'
554 2382 762 2424 intellectus
789 2380 828 2418 in
848 2389 933 2418 actu
951 2382 996 2418 fit
1013 2381 1240 2417 intellectum
1266 2379 1304 2416 in
1323 2386 1420 2421 actu.

363 2437 457 2474 Non
489 2442 617 2472 autem
649 2447 782 2472 amans
809 2433 847 2471 in
875 2442 961 2471 actu
989 2434 1032 2470 fit
1058 2440 1226 2470 amatum
1253 2433 1291 2470 in
1324 2439 1421 2469 actu.

357 2488 466 2537 ⁶Ergo
500 2488 591 2525 unio
625 2485 745 2535 magis
774 2493 830 2524 est
858 2486 1014 2524 effectus
1047 2485 1271 2534 cognitionis
1305 2497 1422 2534 quam

365 2540 518 2580 amoris.

419 2595 494 2631 SED
515 2604 661 2629 CONTRA
679 2604 745 2629 EST
765 2592 870 2643 quod
890 2590 977 2628 dicit
991 2590 1208 2651 Dionysius,
1226 2603 1260 2628 ιν
1281 2604 1361 2650 cap.
1378 2591 1424 2627 de

364 2645 454 2684 Div.
469 2645 616 2682 Nom*
619 2674 628 2692 ,
641 2644 752 2695 quod
769 2656 879 2681 amor
893 2643 1049 2692 quilibet
1064 2650 1120 2679 est
1131 2644 1249 2680 virtus
1269 2643 1420 2680 unitiva.

420 2698 645 2735 Responnsso
674 2707 859 2733 montinum
886 2695 991 2744 quod
1019 2694 1157 2744 duplex
1185 2703 1240 2732 est
1266 2695 1377 2732 unio
1386 2707 1424 2732 a-

365 2749 520 2787 mantis
517 2747 575 2786 ad
594 2755 776 2787 amatum.
805 2747 892 2785 Una
920 2747 1075 2796 quidem
1095 2748 1306 2785 secundum
1326 2760 1422 2784 rem:

366 2810 459 2851 puta
483 2813 571 2838 cum
594 2807 766 2838 amatum
792 2800 1087 2848 praesentialiter
1106 2801 1212 2838 adest
1230 2801 1423 2838 amanti.-

366 2855 453 2892 Alia
469 2866 563 2891 vero
583 2853 794 2890 secundum
813 2851 1005 2890 affectum.
1031 2854 1140 2903 Quae
1160 2853 1315 2902 quidem
1334 2853 1423 2890 unio

369 2906 645 2944 consideranda
674 2912 730 2942 est
758 2917 802 2942 ex
830 2906 1132 2965 apprehensione
1151 2906 1424 2955 praecedente:

367 2972 458 2997 nam
487 2966 614 2996 motus
638 2955 864 3017 appetitivus
883 2958 1051 3007 sequitur
1070 2959 1424 3018 apprehensionem.

369 3013 471 3049 Cum
490 3018 619 3048 autem
638 3010 683 3048 sit
703 3011 841 3062 duplex
860 3023 980 3059 amor,
1001 3010 1140 3048 scilicet
1156 3011 1426 3060 concupiscen-

367 3065 439 3102 tiae
473 3071 509 3100 et
540 3062 744 3111 amicitiae,
780 3071 937 3111 uterque
973 3063 1144 3122 procedit
1177 3076 1222 3100 ex
1259 3064 1425 3113 quadam

369 3115 670 3176 apprehensione
694 3093 846 3153 uriitatis
875 3116 991 3152 amati
1017 3116 1066 3153 ad
1089 3123 1296 3153 amantem.
1326 3116 1426 3153 Cum

370 3170 472 3206 enim
509 3166 643 3218 aliquis
685 3177 788 3207 amat
826 3168 967 3217 aliquid
1008 3168 1116 3218 quasi
1155 3164 1426 3217 concupiscens

369 3221 471 3269 illud,
501 3218 768 3271 apprehendit.
777 3218 867 3272 illud
896 3221 1002 3270 quasi
1027 3221 1222 3271 pertinens
1247 3222 1297 3258 ad
1315 3233 1427 3258 suum

368 3275 466 3312 bene
496 3286 590 3311 esse.
630 3273 807 3311 Similiter
844 3286 934 3311 cum
969 3274 1100 3322 aliquis
1133 3281 1236 3322 amat
1262 3274 1426 3323 aliquem

369 3339 500 3364 amore
530 3325 728 3374 amicitiae,
756 3327 838 3363 vult
857 3326 891 3363 ei
911 3327 1057 3364 bonum
1086 3326 1180 3364 sicut
1200 3333 1235 3364 et
1258 3326 1328 3363 sibi
1346 3327 1428 3364 vult

423 3441 449 3473 α)
464 3441 540 3473 quasi
555 3441 620 3465 vita.
635 3455 653 3459 -
668 3444 694 3465 et
715 3441 804 3465 iuncta
823 3442 857 3469 A,
876 3444 902 3465 et
916 3438 986 3466 v't‘cta
1001 3441 1052 3473 (vel
1072 3442 1139 3466 vitta
1156 3447 1180 3466 et
1200 3442 1232 3465 ita
1247 3442 1353 3474 ubique)
1372 3442 1427 3471 BG,

368 3476 440 3508 quod
458 3477 528 3501 victa
546 3476 582 3504 D.
603 3476 641 3500 vis
660 3476 695 3506 E,
715 3476 787 3508 quod
811 3476 901 3500 iuncta
919 3477 939 3507 1,
959 3477 1035 3508 quasi
1053 3477 1194 3501 coniuncta
1213 3477 1248 3505 Κ,
1267 3476 1344 3508 quasi
1357 3476 1427 3501 victa

367 3511 435 3542 LaF,
453 3511 595 3536 coniuncta
612 3511 659 3543 pC,
678 3511 800 3543 convicta
818 3511 861 3540 sC,
875 3511 900 3536 ei
913 3511 983 3537 victa
997 3512 1044 3544 pF,
1059 3517 1125 3544 spat.
1138 3519 1193 3536 vac.
1207 3510 1256 3544 ΡΗ,
1273 3512 1350 3543 quasi
1369 3512 1427 3536 iun-

368 3549 447 3571 ctura
465 3546 532 3570 PsH.
552 3546 590 3571 Cf.
609 3547 676 3578 Aug.
694 3559 717 3577 Ns

1450 2829 1452 2844 ι
1481 2808 1536 2837 est
1553 2797 1645 2837 unio
1666 2795 1930 2847 similitudinis,
1950 2807 1992 2836 ut
2015 2799 2156 2836 dictum
2178 2808 2233 2836 est
2250 2800 2271 2821 ³²

1476 1378 1641 1414 bonum:
1661 1377 1765 1414 unde
1786 1377 2034 1426 apprehendit
2057 1389 2146 1414 eum
2165 1386 2207 1416 ut
2225 1379 2383 1416 alterum
2402 1391 2454 1426 se,
2475 1379 2531 1416 in-

1476 1437 1662 1479 quantum
1690 1430 1829 1468 scilicet
1855 1432 1936 1468 vult
1960 1431 1993 1467 ei
2019 1431 2164 1468 bonum
2189 1431 2284 1468 sicut
2303 1439 2339 1468 et
2358 1432 2428 1469 sibi
2446 1432 2529 1480 ipsi.

1476 1483 1525 1518 Et
1552 1483 1640 1519 inde
1670 1490 1724 1519 est
1743 1483 1848 1530 quod
1868 1483 2011 1520 amicus
2032 1484 2165 1520 dicitur
2185 1497 2265 1521 esse
2285 1484 2378 1521 alter
2397 1485 2474 1533 ipse
2493 1484 2528 1506 ²¹²·
2555 1490 2612 1512 Cf·
2620 1491 2660 1511 Ari
2663 1493 2725 1516 ⁵⁸³2·
2733 1490 2767 1511 Ε·

1478 1543 1514 1571 et
1540 1535 1773 1582 Augustinus
1803 1535 1899 1582 dicit,
1929 1536 1968 1572 in
1997 1537 2047 1572 IV
2071 1537 2237 1584 Confess.
2258 1536 2293 1573 *z
2322 1539 2425 1574 Bene
2453 1517 2590 1585 qui-12⁶
2569 1517 2659 1570 enhi’
2667 1506 2767 1569 Ισξῇ-’ἷῗζ

1476 1588 1564 1624 dam
1591 1587 1687 1624 dzlxit
1711 1588 1757 1624 de
1784 1588 1906 1624 amico
1933 1600 2013 1634 suo,
2043 1589 2236 1625 dimidium
2260 1590 2410 1626 animae
2427 1602 2529 1626 suae.
2557 1575 2661 1642 gazin·
2651 1568 2769 1647 -ἲὶζοξιέἷ

1529 1640 1698 1677 Primam
1733 1652 1820 1687 ergo
1853 1640 2034 1677 unionem
2071 1653 2181 1677 amor
2217 1641 2303 1677 facit
2338 1642 2530 1678 effective:
2559 1653 2689 1700 mgnum
2675 1653 2698 1668 n·
2709 1653 2737 1675 13
2762 1637 2768 1646 '

1476 1693 1566 1741 quia
1580 1701 1711 1730 movet
1727 1693 1775 1730 ad
1790 1693 2084 1730 desiderandum
2101 1701 2136 1730 et
2151 1695 2412 1741 quaerendum
2426 1707 2533 1742 prae-

1477 1745 1637 1783 sentiam
1667 1746 1802 1792 amati‚
1832 1746 1938 1794 quasi
1966 1746 2035 1782 sibi
2064 1746 2323 1782 convenientis
2353 1754 2389 1783 et
2416 1748 2464 1783 ad
2493 1759 2533 1783 se

1475 1799 1706 1847 pertinentis.
1737 1799 1955 1836 Secundam
1984 1806 2111 1835 autem
2140 1799 2322 1835 unionem
2348 1799 2435 1836 facit
2461 1799 2534 1835 for-

1476 1850 1637 1888 maliter:
1671 1851 1760 1900 quia
1791 1851 1873 1900 ipse
1906 1863 2015 1888 amor
2048 1859 2103 1888 est
2134 1851 2215 1888 talis
2246 1851 2338 1888 unio
2371 1852 2434 1889 vel
2466 1864 2533 1888 ne-

1474 1917 1544 1942 xus
1562 1904 1593 1942 ²¹³.
1618 1904 1730 1942 Unde
1757 1904 1989 1952 Augustinus
2010 1904 2108 1951 dicit,
2133 1903 2171 1940 in
2190 1905 2276 1941 VIII
2297 1905 2342 1941 de
2366 1906 2402 1941 T
2397 1906 2466 1941 rin.
2479 1904 2530 1951 *ἦ
2561 1908 2690 1961 I.¹³C·,¹p⁰,⁵·x‚

1477 1957 1582 2005 quod
1601 1970 1710 1994 amor
1739 1965 1795 1994 est
1821 1957 1929 2005 quasi
1955 1957 2031 1994 vita
2052 1962 2068 1977 ‘²
2091 1957 2276 2005 quaedam
2304 1957 2377 1994 duo
2405 1957 2531 2005 aliqua
2658 1970 2674 1985 α

1477 2009 1666 2058 copulans,
1693 2010 1754 2047 vel
1780 2010 1957 2058 copulare
1983 2016 2169 2058 appetens,
2189 2015 2378 2046 amantem
2397 2010 2535 2046 scilicet

1476 2068 1512 2099 et
1538 2063 1639 2111 quod
1663 2068 1825 2100 amatur.
1860 2062 1977 2109 Quod
2005 2062 2106 2100 enim
2135 2062 2223 2100 dicit
2249 2061 2446 2111 copulans,
2476 2074 2533 2098 re-

1475 2115 1592 2152 fertur
1628 2115 1676 2152 ad
1710 2114 1894 2152 unionem
1932 2114 2109 2162 affectus,
2139 2115 2219 2152 sine
2256 2128 2333 2163 qua
2368 2127 2447 2152 non
2480 2122 2535 2151 est

1477 2180 1607 2204 amor:
1637 2168 1740 2216 quod
1767 2180 1862 2204 vero
1891 2167 1978 2205 dicit
2011 2168 2187 2216 copulare
2214 2168 2422 2214 intendens,
2451 2179 2534 2216 per-

1477 2221 1568 2258 tinet
1595 2221 1643 2257 ad
1671 2221 1852 2257 unionem
1880 2221 2032 2257 realem.

1529 2275 1588 2309 AD
1617 2285 1754 2310 PRIMUM
1790 2284 1888 2310 ERGO
1925 2285 2109 2309 DICENDUM
2142 2272 2246 2321 quod
2283 2270 2446 2309 obiectio
2475 2272 2535 2309 illa

1475 2325 1649 2375 procedit
1677 2325 1723 2362 de
1748 2325 1888 2362 unione
1917 2325 2018 2362 reali.
2042 2325 2169 2372 Quam
2199 2324 2356 2373 quidem
2384 2323 2537 2373 requirit

1478 2376 1674 2416 delectatio
1694 2376 1709 2408 β
1732 2378 1828 2415 sicut
1855 2390 2028 2415 causam:
2056 2377 2286 2415 desiderium
2304 2390 2398 2415 vero
2424 2377 2535 2415 estin
2661 2377 2675 2409 β

1478 2431 1567 2468 reali
1595 2431 1766 2468 absentia
1793 2431 1924 2468 amati:
1946 2443 2055 2467 amor
2072 2442 2166 2468 vero
2196 2439 2232 2468 et
2250 2430 2290 2468 in
2313 2431 2482 2468 absentia
2501 2437 2537 2467 et

1477 2485 1515 2521 in
1542 2484 1767 2533 praesentia.

1529 2539 1588 2574 Αι)
1618 2549 1807 2574 SECUNDUM
1835 2548 2020 2573 mcENDUM
2047 2536 2151 2584 quod
2176 2536 2266 2573 unio
2286 2536 2476 2585 tripliciter
2495 2548 2536 2572 se

1477 2590 1592 2626 habet
1610 2589 1658 2627 ad
1679 2601 1864 2627 amorem.
1895 2589 2097 2635 Quaedam
2118 2584 2219 2625 enim
2238 2589 2329 2626 unio
2351 2597 2406 2625 est
2424 2601 2538 2625 causa

1479 2642 1631 2678 amoris.
1662 2643 1711 2678 Et
1737 2643 1832 2678 haec
1860 2641 2015 2689 quidem
2051 2649 2106 2678 est
2140 2641 2231 2678 unio
2264 2641 2535 2688 substantialis,

1480 2702 1664 2744 quantum
1696 2694 1747 2731 ad
1774 2706 1946 2730 amorem
1983 2706 2061 2742 quo
2097 2694 2180 2743 quis
2213 2702 2315 2731 amat
2347 2694 2535 2743 seipsum:

1480 2754 1666 2806 quantum
1694 2759 1787 2784 vero
1817 2744 1866 2790 ad
1893 2759 2066 2784 amorem
2095 2759 2172 2796 quo
2203 2747 2286 2795 quis
2315 2755 2418 2784 amat
2444 2748 2534 2789 alia,

2293 2800 2573 2847 „Quaedam'
2590 2805 2636 2832 Qu
2650 2811 2720 2832 xxvn
2732 2810 2774 2827 art.

1478 2865 1573 2889 ve‘ro
1601 2852 1692 2888 unio
1719 2859 1773 2889 est
1793 2850 2035 2889 essentialiter
2059 2852 2138 2901 ipse
2158 2865 2278 2890 arnor.
2301 2854 2350 2890 Et
2367 2853 2462 2890 haec
2483 2860 2537 2890 est
2564 2837 2583 2858 ³

1477 2906 1568 2943 unio
1585 2905 1797 2942 secundum
1814 2905 2094 2954 coaptationem
2111 2905 2279 2943 affectus.
2297 2906 2406 2964 Quae
2421 2910 2436 2933 Υ
2456 2904 2537 2953 qui-
2661 2914 2678 2938 Υ

1479 2958 1568 2996 dem
1598 2957 1823 2995 assimilatur
1858 2957 1990 2995 unioni
2027 2958 2281 3005 substantiali,
2310 2957 2536 3006 inquantum

1479 3023 1612 3048 amans
1641 3023 1681 3047 se
1708 3011 1824 3048 habet
1855 3011 1904 3048 ad
1938 3018 2124 3059 amatum,
2154 3010 2192 3047 in
2221 3023 2352 3048 amore
2381 3011 2536 3060 quidem

1479 3063 1678 3110 amicitiae,
1706 3071 1748 3100 ut
1775 3063 1824 3100 ad
1852 3063 2036 3112 seipsum3
2065 3063 2103 3100 in
2131 3076 2262 3100 amore
2291 3071 2418 3101 autem
2448 3076 2538 3100 con-

1480 3115 1743 3165 cupiscentiae,
1764 3123 1805 3152 ut
1838 3116 1886 3153 ad
1921 3115 2061 3165 aliquid
2089 3116 2156 3153 sui.
2173 3137 2197 3144 -
2215 3117 2415 3163 Quaedam
2442 3129 2536 3154 vero

1478 3169 1569 3205 unio
1599 3176 1654 3205 est
1681 3168 1836 3207 effectus
1865 3168 2016 3206 amoris.
2046 3169 2096 3205 Et
2117 3169 2212 3206 haec
2232 3166 2289 3206 est
2305 3169 2396 3206 unio
2417 3170 2536 3218 realis,

1479 3233 1596 3270 quam
1626 3233 1759 3258 amans
1787 3221 1932 3268 quaerit
1961 3221 2008 3258 de
2032 3234 2072 3258 re
2092 3229 2229 3259 amata.
2258 3223 2308 3259 Et
2334 3223 2430 3259 haec
2457 3223 2574 3273 qui·
2662 3229 2675 3254 δ

1481 3274 1570 3311 dem
1597 3274 1688 3311 unio
1719 3281 1775 3310 est
1802 3275 2012 3311 secundum
2042 3275 2345 3312 convenientiam
2375 3275 2535 3312 amoris:
2566 3263 2681 3290 &²¹
2696 3269 2718 3285 ‘¹'
2738 3263 2773 3288 ¹⁶²

2565 3290 2639 3310 S..Th
2654 3290 2674 3310 le
2676 3293 2705 3310 ct
2717 3295 2750 3310 ΙΙΙ.
2764 3301 2773 3305 -

1480 3334 1522 3364 ιιι
1549 3327 1649 3364 enirn
1673 3326 1928 3376 Philosophus
1951 3327 2063 3364 refert
2080 3325 2105 3375 ὅ,
2132 3329 2163 3364 ΙΙ
2183 3328 2323 3365 Politic.
2344 3327 2374 3375 ³¹⁸,
2394 3328 2538 3365 Aristo-
2564 3316 2667 3369 ῗξρρῐῖῑ,
2678 3315 2773 3364 33th.

1535 3441 1559 3474 β)
1580 3442 1727 3466 delectatio.
1747 3455 1765 3459 -
1784 3442 1889 3466 dilectio
1908 3441 1938 3467 Ρ.

1533 3477 1559 3510 γ)
1581 3477 1664 3507 Quae.
1682 3491 1699 3496 -
1720 3477 1772 3507 Qui
1790 3477 2016 3501 ABCDFGHIKL.

1533 3511 1557 3544 δ)
1578 3513 1668 3545 refert.
1687 3526 1705 3530 -
1723 3515 1838 3537 testatur
1856 3512 1887 3542 G,
1908 3513 1971 3537 dicit
1990 3513 2018 3537 P.
