2852 4152
403 214 474 248 114
1101 206 1366 252 QUAESTIO
1395 208 1498 254 XVI,
1527 209 1819 246 ARTICULUS
1850 210 1862 245 I

959 411 1365 487 QUAESTIO
1410 413 2006 470 DECIMASEXTA

578 546 661 586 DE
694 546 829 595 USU,
866 546 969 597 QUI
1003 546 1116 586 EST
1150 546 1351 587 ACTUS
1385 547 1777 589 VOLUNTATIS
1810 550 1871 589 IN
1905 550 2385 595 COMPARATIONE

1009 616 1093 655 AD
1129 617 1210 656 EA
1245 616 1415 668 QUAE
1448 617 1609 658 SUNT
1642 619 1727 658 AD
1762 619 1948 660 FINEM

1170 740 1204 764 IN
1234 739 1406 770 QUATUOR
1433 741 1634 766 ARTICULOS
1663 742 1782 768 DIVISA

151 850 313 898 ‘ngu-xm,
325 851 362 872 111-
474 853 579 877 EINDE
609 840 928 877 considerandum
957 848 1012 877 est
1040 841 1086 877 de
1115 853 1187 877 usu
1214 841 1245 878 ²⁸.

151 879 211 898 ‘m'
391 850 521 931 DEt
550 893 646 929 circa
673 894 747 930 hoc
776 900 1008 941 quaeruntur
1036 901 1208 941 quatuor.

442 945 592 982 Primo:
621 952 747 981 utrum
775 945 829 981 uti
857 945 903 981 sit
931 952 1034 982 actus
1061 946 1276 983 voluntatis.

443 997 640 1034 Secundo:
670 1004 798 1034 utrum
828 998 1028 1035 conveniat
1055 999 1171 1035 brutis
1205 999 1443 1036 animalibus.

1559 853 1709 889 Tertio:
1738 860 1864 890 utrum
1883 853 1929 890 sit
1946 861 2094 891 tantum
2123 867 2256 893 eorum
2284 869 2383 905 quae
2407 865 2492 895 sunt
2512 859 2559 895 ad

1609 923 1739 970 finem,
1768 924 1830 960 vel
1859 923 1971 960 etiam
1998 924 2096 961 finis.

1556 993 1724 1039 Quarto:
1755 994 1801 1030 de
1831 994 1962 1031 ordine
1990 1007 2080 1031 usus
2109 995 2157 1032 ad
2186 996 2421 1035 electionem.

1197 1107 1512 1148 ARTICULUS
1544 1107 1749 1150 PRIMUS

1067 1207 1221 1237 UTRUM
1245 1207 1319 1236 UTI
1343 1207 1410 1237 SIT
1434 1207 1576 1238 ACTUS
1599 1209 1878 1241 VOLUNTATIS

1255 1292 1263 1315 1
1284 1292 1365 1321 Sent„
1386 1292 1475 1322 dist.1,
1495 1301 1540 1325 qu.
1558 1300 1575 1322 ι,
1595 1298 1642 1318 art.
1662 1301 1686 1319 2.

470 1403 478 1417 ι
503 1414 555 1432 ,a
595 1400 617 1426 D·
645 1401 781 1426 PRIMUM
809 1400 861 1425 sm
889 1400 1127 1426 PRocssnrrua.
1157 1389 1316 1426 Videtur
1335 1390 1441 1438 quod

415 1400 470 1443 ³122„

405 1428 574 1499 *(ᾘΔἙᾈ
593 1441 646 1478 uti
673 1454 751 1478 non
779 1441 824 1478 sit
852 1449 957 1478 actus
984 1441 1199 1478 voluntatis.
1220 1441 1320 1478 Dicit
1339 1442 1441 1479 enim

385 1488 436 1573 ᾖ
504 1511 515 1541 ᾗ
537 1482 564 1534 ᾖ
578 1489 837 1542 Augustinus,
852 1494 891 1530 in
908 1496 922 1530 I
938 1495 984 1531 de
996 1495 1126 1531 Doctr.
1148 1494 1279 1531 Christ.
1291 1494 1322 1540 ³¹⁸,
1334 1496 1440 1543 quod

387 1554 420 1585 A
490 1565 525 1570 ν
552 1536 646 1583 xxuti
664 1553 718 1583 est
735 1547 774 1583 id
790 1547 891 1594 quod
908 1547 945 1583 in
967 1559 1075 1584 usum
1092 1547 1247 1590 venerit,
1268 1548 1319 1584 ad
1337 1548 1442 1584 aliud

382 1600 619 1636 obtinendum
644 1600 797 1647 referre.
829 1599 906 1636 Sed
934 1600 1072 1636 referre
1101 1599 1242 1648 aliquid
1266 1601 1314 1637 ad
1339 1600 1440 1637 aliud

383 1660 438 1689 est
466 1652 630 1699 rationis,
661 1652 766 1688 cuius
796 1659 850 1688 est
879 1652 1048 1688 conferre
1070 1661 1105 1689 et
1124 1652 1310 1689 ordinare.
1336 1654 1438 1701 Ergo

381 1705 434 1741 uti
463 1713 518 1742 est
545 1712 650 1741 actus
679 1704 843 1741 rationis.
865 1705 957 1741 Non
986 1717 1074 1752 ergo
1102 1705 1316 1742 voluntatis.

437 1770 471 1795 2.
501 1759 738 1803 PRAETEREA,
768 1758 1030 1794 Damascenus
1059 1757 1184 1794 dicit*
1203 1758 1308 1806 quod
1326 1759 1438 1795 homo

295 1799 354 1815 ω’
381 1811 556 1859 impetum
573 1810 676 1858 facit
696 1810 748 1846 ad
773 1810 1038 1856 operationem,
1059 1816 1095 1846 et
1111 1810 1245 1846 dicitur
1263 1811 1439 1859 impetus:

380 1863 511 1900 deinde
526 1863 649 1908 utitur,
670 1868 706 1898 et
722 1862 857 1898 dicitur
876 1875 974 1899 usus.
992 1862 1070 1899 Sed
1089 1862 1259 1911 operatio
1278 1863 1439 1912 pertinet

380 1916 429 1952 ad
453 1915 662 1963 potentiam
683 1915 930 1951 executivam.
951 1917 1069 1952 Actus
1089 1922 1216 1951 autem
1233 1916 1438 1953 voluntatis

379 1980 458 2005 non
477 1967 645 2016 sequitur
663 1974 789 2004 actum
810 1967 1028 2003 executivae
1047 1967 1250 2015 potentiae,
1266 1968 1335 2004 sed
1355 1981 1439 2005 exe-

380 2020 479 2056 cutio
510 2027 564 2056 est
591 2019 775 2056 ultimum.
805 2021 907 2066 Ergo
935 2032 1027 2056 usus
1055 2032 1134 2056 non
1163 2028 1219 2056 est
1245 2028 1350 2057 actus
1368 2033 1438 2058 vo-

379 2072 539 2109 luntatis.

435 2127 468 2162 3.
498 2126 733 2171 PRAETEREA,
763 2124 995 2172 Augustinus
1025 2124 1123 2170 dicit,
1143 2124 1181 2160 in
1209 2124 1303 2161 libro
1332 2125 1438 2162 Octo-

141 2185 151 2195 ·
166 2184 214 2211 Qu·
229 2190 282 2205 xxx·
378 2179 484 2228 ginta
503 2178 615 2214 trium
641 2178 787 2219 Quaest.
807 2176 844 2213 *ε
878 2177 1013 2214 Omnia
1033 2189 1129 2225 quae
1142 2180 1256 2224 facta
1283 2184 1379 2224 sunt,
1400 2179 1437 2215 in

381 2243 488 2267 usum
525 2230 684 2267 hominis
707 2231 821 2278 facta
857 2235 961 2266 sunt.-
995 2230 1082 2277 quia
1117 2230 1289 2266 omnihus
1326 2231 1439 2268 utitur

239 2285 256 2301 α
380 2283 577 2319 iudicando
606 2283 718 2327 ratio,
746 2294 843 2330 quae
869 2283 1080 2318 hominibus
1107 2282 1194 2318 data
1223 2288 1276 2319 est
1302 2288 1330 2318 α.
1362 2284 1438 2320 Sed

379 2335 545 2372 iudicare
575 2335 621 2371 de
650 2335 762 2371 rebus
790 2347 811 2371 a
838 2336 922 2371 Deo
958 2334 1090 2371 creatis
1116 2334 1277 2382 pertinet
1304 2335 1353 2372 ad
1381 2348 1438 2372 ra-

379 2388 523 2425 tionem
552 2388 843 2436 speculativam;
870 2399 968 2436 quae
997 2387 1155 2423 omnino
1185 2395 1356 2436 separata
1383 2388 1438 2426 vi—

381 2441 489 2477 detur
512 2453 534 2476 a
553 2441 758 2486 voluntate,
789 2452 886 2488 quae
916 2447 970 2476 est
997 2439 1225 2488 principium
1252 2441 1439 2478 humano-

380 2506 465 2530 rum
494 2500 659 2530 actuum.
689 2494 790 2540 Ergo
818 2493 872 2529 uti
900 2505 978 2529 non
1008 2500 1062 2529 est
1090 2500 1195 2529 actus
1221 2493 1437 2531 voluntatis.

434 2547 507 2582 SED
527 2557 673 2582 CONTRA
691 2557 756 2582 EST
775 2545 881 2593 quod
899 2545 1132 2592 Augustinus
1159 2545 1258 2591 dicit,
1279 2546 1317 2582 in
1341 2547 1376 2583 X
1394 2547 1440 2583 de

384 2600 419 2635 T
416 2599 486 2635 rin.
518 2599 559 2634 *ι
593 2598 655 2635 Uti
684 2604 738 2634 est
763 2610 955 2635 assumere
981 2598 1123 2646 aliquid
1149 2598 1186 2634 in
1218 2599 1438 2645 facultatem

379 2651 589 2688 voluntatis.

434 2705 657 2740 RESPONDEO
686 2715 869 2740 DICENDUM
889 2702 994 2750 quod
1014 2715 1105 2739 usus
1130 2702 1182 2739 rei
1202 2703 1356 2740 alicuius
1370 2703 1440 2740 im-

379 2764 504 2805 portat
531 2756 821 2805 applicationem
851 2755 904 2792 rei
932 2755 1028 2792 illius
1049 2756 1097 2792 ad
1116 2755 1282 2803 aliquam
1307 2768 1441 2805 opera-

380 2809 545 2845 tionem:
574 2810 676 2846 unde
705 2816 740 2844 et
768 2808 938 2856 operatio
972 2809 1021 2844 ad
1050 2820 1165 2856 quam
1201 2808 1437 2857 applicamus

382 2874 462 2898 rem
496 2861 683 2910 aliquam,
719 2860 851 2897 dicitur
884 2873 974 2897 usus
1009 2860 1109 2906 eius3
1144 2861 1238 2897 sicut
1272 2861 1438 2910 equitare

382 2922 436 2951 est
462 2927 553 2951 usus
582 2914 684 2962 equi,
715 2921 752 2950 et
778 2920 974 2962 percutere
1004 2921 1060 2950 est
1086 2926 1177 2950 usus
1205 2914 1341 2950 baculi.
1376 2915 1438 2952 Ad

382 2967 642 3015 operationem
672 2974 799 3003 autem
826 2966 1061 3015 applicamus
1082 2974 1117 3003 et
1135 2966 1317 3015 principia
1346 2966 1438 3003 inte-

381 3019 479 3055 riora
507 3019 660 3067 agendi,
691 3019 828 3056 scilicet
861 3019 960 3068 ipsas
987 3019 1175 3067 potentias
1204 3020 1354 3056 animae
1377 3020 1439 3056 vel

1496 1391 1670 1428 membra
1690 1392 1870 1440 corporis,
1887 1400 1928 1429 ut
1942 1393 2172 1431 intellectum
2192 1395 2241 1431 ad
2255 1395 2554 1444 intelligendum,

1496 1450 1532 1479 et
1550 1444 1706 1481 oculum
1725 1445 1775 1481 ad
1793 1444 2023 1492 videndum
2045 1454 2082 1483 et
2100 1447 2213 1483 etiam
2231 1445 2247 1476 β
2265 1460 2325 1484 res
2340 1449 2554 1498 exteriores,

1495 1495 1590 1532 sicut
1615 1497 1792 1533 baculum
1822 1498 1871 1534 ad
1890 1498 2190 1547 percutiendum.
2211 1497 2288 1537 Sed
2313 1501 2556 1539 manifestum

1495 1555 1550 1584 est
1565 1550 1668 1597 quod
1688 1561 1747 1586 res
1769 1550 1970 1587 exteriores
1985 1563 2063 1587 non
2079 1551 2311 1600 applicamus
2325 1553 2375 1590 ad
2390 1554 2556 1602 aliquam

1494 1601 1756 1648 operationem
1771 1602 1841 1639 nisi
1855 1615 1924 1651 per
1937 1603 2122 1652 principia
2136 1604 2346 1652 intrinseca,
2359 1617 2455 1654 quae
2471 1614 2558 1644 sunt

1493 1654 1684 1701 potentiae
1717 1654 1887 1702 animae,
1917 1663 1982 1692 aut
2008 1655 2158 1693 habitus
2186 1657 2462 1706 potentiarum,
2492 1666 2557 1696 aut

1494 1718 1647 1753 organa,
1677 1719 1775 1754 quae
1795 1712 1810 1735 Υ
1834 1715 1920 1744 sunt
1946 1709 2115 1757 corporis
2135 1710 2319 1750 membra.
2347 1710 2555 1749 ostensum

1494 1766 1549 1795 est
1577 1766 1705 1796 autem
1734 1771 1848 1808 supra
1866 1760 1886 1782 ²⁸
1906 1761 2011 1809 quod
2028 1762 2206 1798 voluntas
2226 1769 2282 1799 est
2304 1774 2403 1811 quae
2422 1771 2556 1801 movet

1492 1812 1679 1859 potentias
1707 1812 1857 1849 animae
1885 1813 1934 1850 ad
1963 1825 2052 1850 suos
2085 1821 2204 1860 actus3
2240 1822 2276 1851 et
2303 1815 2378 1852 hoc
2407 1823 2462 1852 est
2489 1828 2555 1866 ap-

1492 1863 1631 1912 plicare
1652 1876 1715 1901 eas
1735 1864 1784 1902 ad
1804 1865 2077 1914 operationem.
2102 1866 2215 1904 Unde
2235 1867 2478 1906 manifestum
2498 1876 2554 1907 est

1493 1916 1599 1964 quod
1617 1916 1671 1952 uti
1689 1917 1813 1965 primo
1834 1925 1871 1954 et
1887 1918 2142 1967 principaliter
2161 1927 2217 1956 est
2234 1920 2451 1968 voluntatis,
2470 1929 2554 1959 tan-

1492 1980 1608 2016 quam
1637 1968 1750 2016 primi
1768 1967 1782 1991 ⁶
1801 1971 2007 2017 moventis3
2037 1972 2188 2009 rationis
2213 1979 2341 2009 autem
2369 1980 2552 2021 tanquam

1493 2020 1698 2067 dirigentis;
1728 2020 1796 2059 sed
1813 2022 1973 2059 aliarum
1991 2024 2248 2071 potentiarum
2266 2031 2447 2073 tanquam
2467 2037 2554 2064 exe·

1493 2073 1709 2119 quentium,
1745 2086 1842 2122 quae
1876 2083 2145 2124 comparantur
2173 2077 2222 2114 ad
2247 2078 2501 2126 voluntatem,
2531 2090 2554 2115 a

1492 2137 1568 2173 qua
1594 2125 1829 2174 applicantur
1861 2129 1909 2165 ad
1937 2128 2149 2176 agendum,
2178 2129 2274 2166 sicut
2305 2129 2555 2169 instrumenta

1492 2179 1542 2215 ad
1573 2178 1779 2227 principale
1812 2191 1939 2228 agenS.
1977 2181 2087 2218 Actio
2125 2189 2252 2218 autem
2288 2183 2439 2231 proprie
2474 2195 2553 2222 non

1492 2231 1702 2267 attribuitur
1716 2231 1978 2279 instrumento,
1995 2235 2063 2271 sed
2078 2234 2274 2283 principali
2292 2235 2433 2282 agenti:
2455 2235 2552 2273 sicut

1492 2283 1706 2320 aedificatio
1735 2284 1985 2332 aedificatori,
2015 2298 2094 2323 non
2127 2294 2254 2323 autem
2283 2287 2550 2326 instrumentis.

1492 2336 1603 2373 Unde
1633 2335 1875 2373 manifestum
1905 2344 1960 2374 est
1987 2338 2091 2386 quod
2119 2339 2172 2375 uti
2199 2340 2352 2390 proprie
2372 2347 2428 2377 est
2447 2347 2551 2378 actus

1490 2388 1694 2425 voluntatis
1712 2387 1743 2424 ¹⁸.

1545 2443 1604 2478 An
1632 2453 1768 2478 PR1MUM
1796 2453 1894 2479 ERGO
1923 2453 2107 2480 DICENDUM
2139 2443 2244 2492 quod
2272 2444 2366 2481 ratio
2395 2444 2551 2494 quidem

1492 2493 1531 2530 in
1565 2493 1666 2530 aliud
1699 2493 1827 2530 refert:
1857 2495 1925 2531 sed
1951 2495 2128 2532 voluntas
2160 2496 2279 2534 tendit
2309 2497 2348 2534 in
2379 2497 2416 2535 id
2447 2498 2553 2547 quod

1494 2554 1550 2582 est
1575 2546 1614 2582 in
1641 2546 1741 2584 aliud
1770 2547 1929 2583 relatum
1956 2559 2025 2596 per
2047 2548 2245 2585 rationem.
2267 2550 2317 2586 Et
2339 2551 2551 2588 secundum

1493 2599 1567 2635 hoc
1587 2598 1720 2635 dicitur
1739 2598 1842 2647 quod
1861 2599 1915 2636 uti
1936 2607 1991 2636 est
2009 2601 2147 2638 referre
2167 2601 2308 2649 aliquid
2327 2601 2366 2639 in
2380 2603 2550 2640 alterum.

1547 2653 1606 2687 AD
1641 2663 1829 2688 SECUNDUM
1857 2663 2040 2690 DICENDUM
2073 2653 2177 2702 quod
2204 2654 2465 2692 Damascenus
2498 2656 2552 2693 lo-

1495 2704 1621 2753 quitur
1648 2704 1696 2741 de
1724 2716 1809 2751 usu,
1830 2705 2039 2742 secundum
2071 2707 2176 2754 quod
2203 2707 2364 2755 pertinet
2391 2708 2440 2745 ad
2470 2719 2552 2745 exe-

1496 2756 1639 2793 cutivas
1666 2757 1864 2804 potentias.

1545 2810 1603 2846 AD
1622 2821 1781 2846 TERTlUM
1800 2821 1984 2847 mel-:unum
2005 2811 2110 2858 quod
2129 2811 2243 2848 etiam
2263 2811 2345 2861 ipsa
2361 2812 2453 2849 ratio
2469 2825 2553 2861 spe-

1494 2861 1656 2898 culativa
1684 2862 1891 2911 applicatur
1919 2864 1966 2900 ad
1995 2875 2092 2911 opus
2120 2863 2348 2912 intelligendi
2374 2865 2436 2901 vel
2459 2865 2553 2902 iudi-

1494 2914 1615 2960 candi,
1637 2927 1658 2951 a
1671 2915 1878 2952 voluntate.
1900 2916 1949 2952 Et
1967 2915 2053 2953 ideo
2072 2916 2279 2954 intellectus
2299 2917 2553 2966 speculativus

1492 2967 1546 3003 uti
1574 2967 1705 3004 dicitur
1729 2975 1911 3016 tanquam
1931 2980 1953 3005 a
1970 2969 2165 3006 voluntate
2185 2977 2323 3017 motus,
2345 2970 2439 3007 sicut
2459 2970 2551 3008 aliae

1494 3019 1712 3056 executivae
1739 3020 1941 3069 potentiae.

435 3132 462 3164 α)
482 3132 632 3156 iudicando.
642 3149 649 3156 .
661 3149 667 3156 .
679 3135 718 3156 est
729 3145 748 3151 -
762 3132 832 3156 ratio
847 3133 991 3158 iudicando
1006 3141 1038 3158 ea
1052 3141 1119 3166 quae
1133 3134 1281 3159 hominibus
1298 3135 1364 3159 data
1376 3137 1438 3159 sunt

383 3167 434 3196 Pa;
453 3175 500 3198 pro
519 3167 674 3194 hominibus,
694 3167 814 3191 omnibus
832 3168 908 3192 EKL.

435 3200 460 3233 β)
480 3205 505 3242 et
523 3202 612 3226 etiam.
630 3215 648 3220 -
667 3202 727 3226 Om.
741 3203 770 3231 L,
790 3205 815 3226 et
834 3203 879 3227 Pa.

1545 3135 1572 3167 γ)
1590 3138 1639 3159 aut
1652 3142 1764 3168 organa,
1779 3142 1854 3167 quae.
1867 3149 1886 3154 —
1897 3138 1986 3160 autem
2000 3142 2104 3167 organa
2123 3135 2288 3165 ABDGHIL,
2303 3138 2351 3160 aut
2364 3143 2467 3168 organa
2479 3136 2551 3166 CEF,

1491 3172 1539 3194 aut
1557 3170 1663 3194 animae
1681 3170 1712 3194 K.

1545 3203 1569 3236 ὃ)
1585 3205 1679 3236 primi.
1696 3219 1715 3224 -
1729 3205 1820 3237 primo
1838 3204 1985 3236 BCDElpF.

2582 1774 2591 1783 ·
2608 1773 2657 1801 Qu.
2671 1779 2707 1801 nx,
2721 1777 2764 1797 m.
2776 1780 2795 1796 ι.

2577 2397 2588 2407 ·
2602 2395 2632 2419 D.
2645 2401 2702 2419 1210.
