2846 4146
100 578 290 600 ·S.Th.1ecr.1x.
298 589 308 594 -

99 605 153 627 Did.
160 605 200 626 lib.
208 604 248 630 tx,
257 610 308 632 cap.

99 637 138 658 vu,
154 637 178 653 n.
190 637 202 660 3
217 636 268 659 sqq.

196 937 211 970 β

98 997 109 1008 ⁸
123 996 180 1025 cap.
195 1002 224 1023 u,
242 1002 266 1018 n.
281 996 307 1022 6;

99 1028 125 1044 αι
144 1038 150 1044 .
171 1028 207 1049 ιιι,
224 1028 248 1044 n.
266 1028 281 1044 1.
297 1034 307 1039 -

98 1048 123 1071 S.
168 1050 309 1076 .lect.n‚m.

97 1074 180 1124 §.⁶481
190 1081 307 1124 3233?

92 2883 104 2892 ·
112 2881 160 2910 Qu.
168 2887 214 2904 uu
233 2885 275 2904 art.
284 2887 307 2910 5,

92 2898 305 2958 rsa-..nefasta-

988 233 1253 278 QUAESTIO
1284 235 1421 281 LXIV,
1450 235 1744 271 ARTICULUS
1776 236 1823 271 ΙΙΙ

335 312 445 360 igitur
471 310 590 347 virtus
613 309 870 347 intellectualis
898 310 1035 348 iterum
1056 311 1234 349 consistat
1253 312 1291 348 in
1310 324 1388 348 me-

336 363 412 411 dio,
442 370 591 412 oportet
618 362 722 411 quod
751 362 1021 400 determinetur
1039 364 1109 401 sibi
1128 364 1298 401 medium
1323 377 1391 413 per

336 416 502 465 aliquam
531 415 643 452 aliam
670 415 861 452 virtutem.
891 417 940 453 Et
967 417 1020 453 sic
1052 418 1279 466 procedetur
1307 423 1324 438 α
1352 417 1390 454 in

336 468 527 507 infinitum
555 468 594 505 in
619 467 832 504 virtutibus.

376 523 424 559 v3.
454 522 686 567 PRAETEREA,
715 521 885 557 medium
913 522 1065 570 proprie
1095 530 1150 559 est
1177 523 1274 559 inter
1301 535 1390 559 con-

336 574 464 620 traria;
483 581 525 610 ut
541 581 645 622 patet
662 585 731 621 per
746 573 1034 622 Philosophum,
1051 574 1088 611 in
1104 576 1138 611 X
1153 575 1391 624 Metaphys.*

337 626 414 664 Sed
440 626 478 663 in
506 626 695 663 intellectu
723 638 802 662 non
820 626 970 663 videtur
990 639 1072 664 esse
1092 627 1215 676 aliqua
1245 636 1390 665 contra-

336 679 463 717 rietas:
493 690 581 716 cum
601 678 714 715 etiarn
734 678 815 726 ipsa
835 680 1032 727 contraria,
1053 681 1264 717 secundum
1286 682 1390 729 quod

336 739 423 769 sunt
450 731 487 768 in
516 731 714 777 intellectu,
745 744 823 769 non
852 732 924 769 sint
952 733 1151 779 contraria,
1182 734 1249 770 sed
1278 734 1390 770 simul

335 784 592 831 intelligantur,
622 791 663 820 ut
690 784 818 820 album
847 792 884 821 et
911 785 1073 833 nigrum,
1104 798 1240 823 sanum
1270 794 1305 822 et
1329 799 1390 823 ae-

335 849 456 885 grum.
486 837 588 884 Ergo
617 836 655 873 in
678 837 984 875 intellectualibus
1002 838 1202 875 virtutibus
1230 851 1308 875 non
1337 847 1392 876 est

336 889 519 926 medium.

389 942 462 978 SED
482 953 628 979 CONTRA
646 953 712 978 EST
730 942 835 991 quod
854 954 914 979 ars
928 942 943 972 β
959 950 1014 980 est
1031 943 1148 980 virtus
1163 943 1390 981 intellectua-

335 994 391 1042 lis,
411 1003 453 1031 ut
473 994 605 1031 dicitur
624 995 662 1031 in
680 995 731 1031 VI
750 995 869 1031 Ethic.
885 995 923 1041 *ς
945 1003 980 1032 θῖ
998 1004 1127 1033 tamen
1146 996 1233 1033 artis
1253 1004 1308 1033 est
1327 997 1390 1033 ali-

338 1047 442 1096 quod
462 1047 644 1094 medium,
664 1055 706 1084 ut
725 1047 859 1084 dicitur
878 1048 916 1084 in
936 1049 967 1085 II
991 1050 1110 1086 Ethic.
1127 1048 1147 1070 '¹‘
1161 1050 1261 1097 Ergo
1279 1050 1390 1086 etiarn

335 1100 455 1138 virtus
483 1100 740 1137 intellectualis
769 1100 935 1138 consistit
961 1101 999 1138 in
1028 1101 1168 1139 medio.

390 1154 614 1190 RESPONDEO
643 1165 837 1200 DICENDUM,
859 1153 964 1201 quod
988 1154 1133 1191 bonum
1163 1154 1317 1191 alicuius
1338 1155 1390 1192 rei

337 1205 504 1243 consistit
531 1205 570 1242 in
598 1205 739 1252 medio,
760 1206 970 1243 secundum
998 1207 1103 1255 quod
1133 1208 1392 1245 conformatur

336 1259 486 1306 regulae
514 1258 576 1295 vel
610 1270 810 1295 mensurae
844 1270 959 1307 quarn
989 1259 1168 1307 contingit
1202 1266 1391 1297 transcen-

337 1311 426 1348 dere
452 1318 488 1347 et
515 1311 562 1347 ab
591 1322 637 1347 ea
656 1311 832 1357 deficere,
859 1311 954 1347 sicut
972 1311 1114 1348 dictum
1139 1319 1195 1348 est
1213 1312 1243 1349 ²¹⁶.
1264 1313 1391 1349 Virtus

336 1370 464 1400 autem
491 1362 747 1399 intellectualis
776 1362 969 1399 ordinatur
987 1364 1036 1400 ad
1055 1364 1213 1411 bonum,
1243 1364 1338 1401 sicut
1357 1373 1393 1402 et

303 1437 309 1444 -
336 1414 506 1461 moralis,
530 1417 587 1451 'ut'
602 1427 716 1463 supra
733 1414 754 1436 '¹‘
773 1414 915 1457 dictum
945 1422 1011 1452 est.
1040 1416 1151 1452 Unde
1179 1417 1391 1454 secundum

333 1468 440 1519 ,quod
476 1468 623 1504 bonum
658 1466 806 1504 virtutis
843 1467 1101 1505 intellectualis
1134 1481 1174 1504 se
1202 1469 1316 1505 habet
1343 1471 1392 1507 ad

335 1532 567 1568 mensuram,
597 1519 649 1556 sic
676 1532 716 1556 se
745 1520 859 1556 habet
886 1520 935 1557 ad
963 1520 1148 1557 rationem
1170 1521 1298 1558 medii.
1319 1523 1392 1558 Bo-

336 1585 430 1610 num
458 1579 587 1610 autem
613 1572 760 1609 virtutis
786 1572 1041 1609 intellectualis
1062 1580 1117 1610 est
1134 1585 1288 1611 verum:
1309 1587 1392 1623 spe-

337 1625 519 1663 culativae
548 1624 704 1674 quidem
731 1625 888 1672 virtutis,
909 1638 1045 1662 verum
1073 1627 1258 1674 absolute,
1286 1634 1328 1663 ut
1355 1627 1393 1664 in

280 1700 289 1733 '.
298 1695 308 1701 ·
334 1678 386 1716 VI
400 1679 520 1716 Ethic.
535 1677 556 1700 ¹*
571 1678 719 1724 dicitur3
739 1678 925 1727 practicae
941 1685 1067 1715 autem
1082 1679 1241 1726 virtutis,
1255 1692 1392 1717 verum

335 1732 548 1769 secundum
573 1731 878 1768 conformitatem
898 1731 947 1768 ad
966 1731 1174 1780 appetitum
1194 1740 1351 1770 rectum.

388 1784 533 1821 Verum
561 1791 690 1821 autem
718 1784 925 1821 intellectus
954 1784 1070 1821 nostri
1104 1785 1274 1822 absolute
1304 1798 1394 1823 con-

337 1835 555 1884 sideratum,
586 1844 641 1874 est
669 1836 764 1874 sicut
791 1845 1052 1874 mensuratum
1073 1850 1094 1874 a
1114 1849 1170 1874 re:
1200 1850 1258 1875 res
1288 1839 1389 1876 enim

337 1897 392 1927 est
406 1901 584 1927 mensura
598 1889 806 1927 intellectus
822 1890 938 1927 nostri
952 1889 983 1937 ³¹³,
999 1898 1042 1927 ut
1057 1890 1191 1927 dicitur
1204 1891 1241 1928 in
1257 1892 1292 1928 X
1306 1893 1392 1929 Me-

282 1959 310 1998 ‘.'
333 1942 526 1991 taphys.*;
542 1954 588 1979 ex
608 1955 654 1980 eo
675 1942 778 1980 enim
799 1943 903 1992 quod
923 1955 982 1979 res
1002 1951 1058 1980 est
1071 1945 1132 1980 vel
1153 1956 1231 1980 non
1247 1952 1312 1991 est,
1327 1957 1393 1982 ve-

334 1995 422 2032 ritas
449 2002 506 2032 est
532 1995 570 2032 in
598 1995 778 2044 opinione
799 2003 835 2032 et
853 1995 892 2033 in
912 1995 1093 2033 oratione.
1116 1996 1178 2033 Sic
1197 1997 1306 2044 igitur
1325 1998 1392 2034 bo-

333 2060 427 2085 num
445 2048 591 2086 virtutis
610 2048 868 2086 intellectualis
891 2049 1143 2097 speculativae
1169 2049 1335 2087 consistit
1353 2050 1390 2088 in

334 2102 501 2150 quodam
518 2101 658 2148 medio,
674 2114 743 2150 per
763 2101 1066 2139 conformitatem
1086 2102 1134 2139 ad
1154 2102 1276 2151 ipsam
1296 2115 1389 2152 rem,

334 2154 546 2191 secundum
566 2154 671 2203 quod
699 2154 787 2192 dicit
807 2167 888 2192 esse
909 2155 1014 2203 quod
1040 2162 1106 2202 est,
1126 2156 1188 2192 vel
1208 2167 1287 2193 non
1308 2168 1389 2193 esse

333 2207 438 2256 quod
454 2219 532 2244 non
548 2214 619 2254 est;
640 2207 678 2244 in
697 2219 775 2255 quo
795 2207 889 2244 ratio
907 2207 989 2244 veri
1008 2208 1186 2245 consistit.
1204 2209 1390 2246 Excessus

333 2267 459 2297 autem
488 2267 543 2297 est
570 2260 782 2297 secundum
820 2260 1114 2298 affirmationem
1148 2262 1292 2309 falsam,
1321 2275 1391 2311 per

384 2371 411 2404 α)
426 2373 597 2404 procedetur.
611 2387 629 2390 -
642 2372 801 2404 proceditur
819 2373 897 2404 PCla,
911 2374 1105 2405 procederetur
1123 2374 1154 2399 K.

385 2406 410 2440 β)
425 2415 480 2432 ars.
489 2408 639 2433 -consistit
652 2408 678 2432 in
695 2408 782 2433 medio
796 2415 864 2440 quae
877 2409 936 2433 add.
946 2409 1002 2440 EF;
1019 2413 1044 2434 et
1056 2417 1109 2434 om.
1124 2413 1150 2434 et
1164 2413 1290 2436 tamen...
1305 2410 1391 2436 Ethic.

2423 239 2499 284 415

1445 325 1561 361 quam
1591 313 1724 350 dicitur
1743 325 1823 350 esse
1845 315 1948 362 quod
1977 327 2054 351 non
2084 322 2154 352 est:
2176 315 2342 352 defectus
2371 323 2497 352 autern

1444 364 1623 414 accipitur
1638 365 1849 403 secundum
1869 367 2109 414 negationem
2129 368 2272 415 falsam,
2294 381 2362 416 per
2381 381 2498 416 quam

1445 418 1578 455 dicitur
1605 431 1682 455 non
1713 431 1794 455 esse
1824 419 1927 467 quod
1957 427 2022 456 est.

1496 471 1640 507 Verum
1669 479 1797 508 autern
1824 471 1970 508 virtutis
2003 472 2258 509 intellectualis
2292 473 2498 521 practicae,

1445 531 1705 572 comparatum
1721 524 1877 573 quidem
1893 524 1941 561 ad
1957 536 2050 571 rem,
2066 525 2182 573 babet
2197 525 2378 561 rationem
2395 538 2501 562 men-

1445 576 1570 612 surati.
1600 577 1649 612 Et
1667 576 1719 612 sic
1739 578 1877 614 eodem
1907 578 2024 614 modo
2046 577 2225 625 accipitur
2244 578 2413 614 medium
2434 590 2501 626 per

1446 629 1747 665 conformitatem
1781 629 1828 666 acl
1858 641 1950 676 rem,
1972 629 2010 666 in
2028 629 2228 666 virtutibus
2247 630 2502 666 intellectuali-

1446 682 1516 718 bus
1545 681 1727 730 practicis,
1749 682 1843 718 sicut
1862 682 1900 718 in
1924 682 2174 730 speculativis.
2190 704 2214 710 -
2232 683 2307 719 Sed
2328 691 2501 730 respectu

1445 735 1647 782 appetitus,
1677 735 1791 771 habet
1823 735 2008 771 rationem
2042 737 2193 783 regulae
2224 742 2259 771 et
2287 747 2499 771 mensurae.

1445 787 1556 823 Unde
1588 787 1691 823 idem
1725 787 1894 824 medium
1927 788 2031 836 quod
2066 796 2121 824 est
2147 788 2292 825 virtutis
2326 787 2499 834 moralis,

1445 839 1558 875 etiarn
1589 847 1643 876 est
1661 839 1777 888 ipsius
1805 840 2037 888 prudentiae,
2067 840 2207 877 scilicet
2234 840 2416 877 rectitudo
2445 852 2502 876 ra-

1443 892 1576 928 tionis:
1606 893 1673 929 sed
1700 892 1921 940 prudentiae
1949 893 2104 941 quidem
2133 901 2187 930 est
2205 893 2304 930 istud
2333 893 2502 930 medium

1444 952 1485 981 ut
1513 944 1714 992 regulantis
1743 952 1778 981 et
1806 946 2076 991 mensurantis3
2105 946 2251 983 virtutis
2272 952 2397 983 autern
2419 958 2501 982 mo-

1446 998 1542 1044 ralis,
1562 1005 1603 1033 ut
1624 1005 1860 1034 mensuratae
1891 1005 1926 1034 et
1949 999 2147 1046 regulatae.
2179 999 2356 1035 Similiter
2375 1011 2500 1035 exces-

1446 1063 1508 1087 sus
1538 1057 1574 1086 et
1603 1050 1770 1086 defectus
1798 1050 1977 1099 accipitur
2005 1051 2258 1088 diversimode
2286 1052 2498 1100 utrobique.

1498 1105 1556 1139 AD
1573 1114 1708 1139 1>R1MUM
1727 1114 1824 1139 ERGO
1844 1115 2026 1140 DICENDUM
2051 1105 2155 1152 quod
2175 1104 2287 1140 etiarn
2307 1104 2426 1141 virtus
2445 1104 2500 1141 in-

1445 1155 1659 1192 tellectualis
1674 1156 1788 1192 habet
1807 1168 1916 1192 suam
1938 1168 2168 1204 mensuram,
2185 1165 2226 1193 ut
2240 1157 2382 1194 dictum
2399 1156 2499 1194 est*:

1446 1216 1482 1244 et
1508 1220 1577 1256 per
1605 1208 1909 1245 conformitatem
1930 1210 1977 1246 ad
1997 1209 2131 1257 ipsam,
2152 1209 2331 1258 accipitur
2354 1210 2391 1246 in
2419 1209 2500 1258 ipsa

1445 1261 1626 1297 medium.

1498 1316 1556 1349 An
1586 1324 1774 1349 SECUNDUM
1803 1325 1986 1350 mCENDUM
2016 1314 2120 1362 quod
2153 1326 2230 1351 non
2264 1322 2319 1351 est
2347 1327 2500 1351 necesse

1445 1366 1482 1401 in
1499 1365 1687 1402 infinitum
1702 1366 1910 1413 procedere
1929 1366 1966 1403 in
1981 1366 2195 1403 virtutibus:
2217 1367 2304 1415 quia
2324 1379 2503 1404 mensura

1447 1425 1483 1454 et
1497 1419 1624 1465 regula
1639 1417 1897 1454 intellectualis
1912 1419 2057 1456 virtutis
2073 1432 2151 1456 non
2167 1427 2222 1456 est
2237 1419 2391 1468 aliquod
2401 1420 2503 1457 aliud

1446 1482 1567 1517 genus
1586 1470 1742 1517 virtutis,
1764 1471 1830 1507 sed
1850 1471 1931 1518 ipsa
1951 1484 2021 1508 res.
2040 1491 2044 1499 κ

1500 1524 1558 1559 Ao
1578 1534 1737 1559 TERTIUM
1756 1535 1939 1560 D1CENDUM
1963 1524 2067 1572 quod
2087 1525 2190 1573 ipsae
2211 1537 2270 1562 res
2294 1525 2502 1562 contrariae

1447 1587 1526 1612 non
1554 1575 1695 1611 habent
1723 1575 2023 1612 contrarietatem
2045 1577 2082 1613 in
2106 1577 2244 1624 anima,
2266 1577 2354 1625 quia
2381 1590 2502 1615 unum

1449 1635 1503 1664 est
1531 1627 1624 1664 ratio
1654 1628 1909 1675 cognoscendi
1928 1629 2104 1665 alterum:
2135 1637 2170 1665 et
2194 1638 2321 1666 tamen
2341 1630 2379 1666 in
2398 1630 2502 1667 intel-

1447 1681 1545 1717 lectu
1575 1687 1630 1716 est
1658 1680 1900 1718 contrarietas
1929 1681 2190 1718 affirmationis
2219 1690 2255 1719 et
2282 1683 2501 1731 negationis,

1448 1745 1545 1782 quae
1561 1741 1648 1770 sunt
1663 1733 1859 1780 contraria,
1880 1742 1921 1770 ut
1937 1734 2068 1771 dicitur
2087 1735 2125 1771 in
2145 1735 2221 1771 fine
2241 1736 2329 1771 Peri
2340 1736 2503 1772 Herme-

1448 1787 1551 1823 neias
1565 1786 1596 1823 ²¹².
1619 1786 1806 1833 Quamvis
1836 1786 1936 1823 enirn
1967 1799 2049 1824 esse
2070 1795 2106 1824 et
2125 1799 2203 1824 non
2231 1800 2313 1825 esse
2334 1800 2412 1825 non
2432 1789 2505 1826 sint

1448 1839 1645 1885 contraria,
1666 1841 1734 1877 sed
1763 1840 2049 1891 contradictorie
2075 1840 2260 1889 opposita,
2281 1840 2311 1877 si
2332 1841 2501 1891 conside-

2527 1164 2537 1173 ·
2553 1163 2577 1185 ln
2592 1168 2698 1191 corpore.

2532 1797 2740 1846 ἅτε-*ὲέῑεῗῑιὲᾱ

2566 1854 2660 1872 mment.
2666 1849 2740 1875 s.Th.,

2469 1894 2476 1901 ,
2528 1876 2568 1898 lib.
2579 1876 2607 1903 ΙΙ,
2623 1877 2675 1898 lect.
2689 1881 2738 1901 ¹111,

1447 1900 1576 1929 rentur
1602 1892 1684 1941 ipsa
1712 1892 1918 1940 significata
1944 1901 2058 1942 prout
2085 1901 2172 1930 sunt
2198 1894 2236 1930 in
2265 1894 2389 1941 rebus,
2414 1907 2503 1942 quia

1447 1946 1606 1982 alterum
1635 1952 1690 1981 est
1709 1958 1788 1992 ens,
1810 1953 1845 1982 et
1864 1946 2022 1982 alterum
2044 1954 2099 1983 est
2116 1958 2211 1995 pure
2236 1959 2314 1983 non
2343 1959 2429 1984 ens:
2450 1955 2502 1984 ta-

1447 2011 1537 2035 men
1566 1998 1596 2034 si
1629 1998 1836 2035 referantur
1868 1999 1916 2035 ad
1945 2006 2071 2036 actum
2100 1999 2267 2046 animae,
2297 2007 2502 2049 utrumque

1445 2051 1552 2100 ponit
1580 2051 1717 2100 aliquid
1736 2056 1762 2088 Υ.
1784 2051 1895 2088 Unde
1925 2064 2007 2088 esse
2033 2060 2068 2088 et
2095 2064 2174 2089 non
2203 2065 2284 2089 esse
2308 2061 2394 2090 sunt
2413 2066 2504 2090 con-

1444 2104 1676 2141 tradictoria:
1698 2104 1764 2141 sed
1785 2104 1913 2153 opinio
1934 2117 2009 2154 qua
2029 2105 2230 2154 opinamur
2244 2106 2347 2154 quod
2364 2107 2502 2143 honum

1445 2163 1499 2194 est
1525 2158 1676 2203 honum,
1703 2165 1757 2194 est
1785 2157 1969 2194 contraria
1999 2158 2168 2207 opinioni
2197 2171 2272 2207 qua
2301 2159 2504 2207 opinamur

1444 2210 1550 2259 quod
1579 2211 1718 2247 bonum
1746 2222 1820 2247 non
1849 2216 1903 2247 est
1928 2211 2078 2248 bonum.
2100 2212 2149 2248 Et
2172 2210 2268 2248 inter
2286 2212 2503 2249 huiusmodi

1446 2263 1633 2299 contraria
1653 2263 1824 2299 medium
1847 2271 1902 2300 est
1919 2263 2037 2300 virtus
2057 2263 2324 2301 intellectualis.

1498 2375 1524 2409 γ)
1543 2376 1656 2408 aliquid.
1669 2389 1687 2394 —-
1705 2383 1759 2401 esse
1778 2377 1874 2401 addunt
1892 2377 1937 2401 Pa.

1003 2487 1335 2522 Commentaria
1357 2489 1608 2522 Cardinalis
1631 2490 1831 2523 Caietam

2076 2557 2086 2569 Ι

334 2585 382 2647 ΙΝ
405 2574 536 2605 articulo
559 2574 651 2604 tertio
672 2574 813 2604 eiusdem
829 2574 1167 2615 sexagesimaequartae
1183 2575 1387 2616 quaestioniS‚
1442 2577 1571 2616 quando
1594 2577 1628 2607 in
1651 2577 1761 2607 ordine
1777 2578 1817 2607 ad
1833 2587 1899 2608 rem
1917 2578 2077 2617 cognitam
2100 2578 2250 2609 sumitur:
2276 2589 2312 2610 ex
2326 2587 2412 2621 parte
2428 2590 2502 2610 vero

362 2618 462 2649 multa
485 2618 580 2648 dubia
599 2618 694 2648 simul
710 2618 860 2648 solvenda
881 2626 1061 2649 occurrunt.
1077 2619 1221 2649 Primum
1236 2626 1292 2655 est,
1308 2629 1388 2660 quo-

331 2662 430 2693 modo
453 2662 551 2692 virtus
573 2662 791 2693 intellectualis
814 2672 896 2702 quae
918 2669 1049 2693 vocatur
1076 2663 1268 2699 intellectus,
1293 2663 1332 2694 sit
1355 2663 1388 2694 in

331 2706 455 2736 medio:
473 2716 548 2737 cum
559 2712 660 2736 careat
675 2706 840 2736 contrario.
853 2706 927 2736 Non
939 2706 1025 2736 enim
1037 2707 1190 2747 contingit
1202 2707 1389 2747 oppositum

331 2750 509 2790 primorum
533 2749 762 2790 principiorum
785 2750 917 2790 opinari,
942 2750 1127 2781 affirmando
1151 2758 1205 2782 aut
1231 2752 1387 2789 negando.

387 2794 569 2824 Secundum
598 2800 653 2830 est,
677 2794 844 2834 quomodo
868 2800 950 2825 stant
972 2794 1048 2825 haec
1072 2795 1137 2825 duo
1162 2795 1271 2826 simul:
1296 2795 1385 2836 quod

331 2847 442 2869 verum
464 2838 640 2868 intellectus
663 2837 790 2878 practici
817 2837 959 2868 consistit
981 2838 1012 2868 in
1041 2838 1185 2879 confesse
1216 2849 1250 2870 se
1273 2839 1389 2870 habere

331 2883 485 2922 appetitui
507 2887 604 2919 recto,
622 2888 658 2912 ut
671 2881 815 2922 superius
830 2881 849 2899 ‘¹‘
865 2891 902 2912 ex
924 2882 965 2912 Vl
982 2883 1084 2914 Ethic.
1102 2882 1230 2919 dicitur;
1248 2891 1278 2914 et
1301 2884 1389 2924 quod

331 2926 443 2957 veritas
459 2925 600 2956 eiusdem
619 2925 731 2957 habeat
745 2936 802 2965 pro
819 2935 966 2956 mensura
982 2936 1040 2963 res,
1057 2933 1087 2957 et
1110 2927 1150 2958 sit
1165 2937 1312 2958 mensura
1335 2937 1389 2967 ap-

331 2970 458 3010 petitus.
482 2970 528 3000 Ex
551 2969 656 3010 primo
679 2970 764 3000 enim
787 2970 919 3000 habetur
942 2970 1031 3010 quod
1054 2970 1209 3011 dependet
1232 2972 1271 3001 ab
1295 2981 1390 3011 appe-

332 3014 401 3050 titu,
426 3020 456 3044 et
479 3020 707 3054 consequenter
729 3021 929 3044 mensuratur
951 3014 990 3044 ab
1014 3024 1062 3045 eo.

386 3057 532 3088 Tertium
555 3064 610 3094 est,
627 3058 794 3098 quomodo
818 3057 868 3088 hic
885 3057 996 3088 dicitur
1016 3058 1104 3099 quod
1126 3058 1248 3089 virtutis
1271 3059 1390 3089 intelle-

331 3101 442 3132 ctualis
458 3111 605 3132 mensura
620 3111 686 3131 non
709 3108 755 3132 est
778 3100 907 3141 aliquod
931 3111 1030 3141 genus
1051 3101 1183 3138 virtutis,
1199 3109 1236 3133 ut
1258 3109 1343 3143 patet
1357 3103 1390 3133 in

332 3145 539 3186 responsione
561 3145 601 3175 ad
623 3146 814 3175 secundum:
836 3151 866 3175 et
888 3151 994 3176 tamen
1017 3146 1161 3186 superius
1180 3146 1213 3176 in
1236 3157 1290 3187 qu.
1306 3157 1389 3183 Lxm,

332 3197 389 3221 art.
404 3199 433 3226 2,
451 3189 571 3219 dictum
587 3195 633 3220 est
648 3189 737 3230 quod
760 3189 876 3228 duplex
899 3195 946 3219 est
968 3190 1075 3229 regula
1089 3190 1165 3220 boni
1184 3190 1333 3227 hominis
1350 3191 1391 3221 ad

331 3234 420 3275 quod
444 3233 606 3263 ordinatur
628 3233 736 3271 virtus,
752 3233 868 3263 scilicet
886 3233 1026 3263 humana
1048 3234 1127 3264 ratio
1151 3241 1181 3264 et
1201 3234 1252 3264 lex
1275 3234 1388 3266 divina.

388 3277 424 3308 11.
449 3277 500 3307 Ad
523 3277 713 3307 evidentiam
726 3277 844 3307 horum
867 3277 1023 3314 omnium,
1047 3278 1205 3318 distingue
1219 3279 1308 3319 quod
1330 3279 1390 3309 vir-

331 3327 414 3352 tutes
436 3331 548 3351 omnes
568 3320 735 3361 dupliciter
750 3328 884 3361 possunt
899 3321 1007 3361 accipi,
1024 3321 1139 3352 scilicet
1154 3322 1331 3352 secundum
1347 3333 1389 3359 se,

333 3371 364 3396 et
385 3375 422 3395 ex
445 3371 532 3405 parte
555 3365 667 3395 nostri:
686 3371 716 3395 et
731 3371 868 3406 utroque
884 3366 983 3395 modo
998 3365 1140 3405 regulam
1159 3366 1284 3397 habent.
1301 3367 1342 3398 Et
1356 3367 1390 3397 in

332 3408 433 3439 littera
451 3409 581 3450 quidem
605 3408 750 3449 quamvis
774 3409 813 3439 de
836 3409 911 3439 solis
930 3409 1116 3449 theologicis
1141 3409 1309 3441 virtutibus
1337 3410 1391 3441 fiat

333 3451 390 3482 ista
413 3453 580 3489 distinctio,
600 3453 633 3483 in
649 3453 780 3483 articulo
804 3453 963 3493 sequenti;
985 3453 1147 3484 veritatem
1169 3460 1274 3484 tamen
1298 3454 1392 3486 habet

334 3501 458 3527 extensa
469 3497 510 3527 ad
520 3507 632 3527 omnes
643 3497 783 3532 virtutes,
797 3497 1006 3527 diversimode
1020 3497 1183 3538 applicata.
1196 3498 1278 3527 Nam
1293 3498 1391 3529 virtus

333 3539 558 3578 intellectualis,
578 3541 685 3582 quoad
701 3550 898 3580 cognoscere,
915 3542 1089 3572 secundum
1111 3552 1143 3572 se
1167 3542 1390 3579 consideratur,

1411 2858 1417 2901 1

1442 2620 1550 2656 nostri,
1575 2631 1649 2651 cum
1672 2622 1847 2652 secundum
1870 2622 2005 2652 modum
2035 2632 2100 2663 quo
2123 2623 2155 2653 in
2186 2623 2276 2654 nobis
2299 2623 2335 2654 fit
2367 2631 2421 2655 aut
2446 2632 2501 2661 est,

1441 2664 1601 2704 accipitur.
1619 2665 1735 2701 Quoad
1752 2665 1882 2705 dirigere
1897 2676 1980 2702 vero,
1998 2667 2086 2707 quod
2101 2667 2222 2698 addunt
2241 2668 2393 2707 practicae
2409 2679 2504 2708 supra

1442 2709 1658 2748 speculativa5‚
1683 2710 1858 2739 secundum
1878 2720 1910 2740 se
1927 2717 2000 2741 sunt
2022 2710 2107 2750 ipsae
2131 2712 2266 2751 regulae,
2283 2719 2313 2742 et
2331 2712 2503 2752 respiciunt

1442 2752 1624 2791 regulabilia
1647 2763 1702 2793 per
1726 2762 1791 2783 eas:
1814 2754 1898 2784 unde
1921 2764 1958 2784 ex
1981 2761 2068 2794 parte
2091 2761 2215 2785 tantum
2239 2756 2337 2786 nostri
2360 2757 2502 2796 regulam

1443 2796 1556 2826 habere
1579 2804 1724 2837 possunt,
1746 2797 1923 2828 secundum
1945 2808 2043 2838 quam
2067 2798 2099 2828 in
2123 2799 2214 2829 nobis
2237 2799 2318 2830 fiunt
2340 2807 2395 2830 aut
2417 2807 2501 2832 sunt.

1443 2840 1582 2879 Virtutes
1608 2850 1739 2881 quoque
1758 2841 1893 2872 morales
1913 2842 2088 2872 secundum
2113 2853 2145 2872 se
2169 2843 2290 2874 obiecta
2317 2844 2501 2884 respiciunt:

1443 2894 1480 2914 ex
1503 2892 1590 2924 parte
1613 2892 1720 2915 autem
1743 2885 1851 2922 nostri,
1876 2886 2029 2926 principia
2059 2887 2175 2927 quibus
2198 2887 2230 2917 in
2258 2888 2349 2918 nobis
2372 2888 2454 2919 fiunt
2473 2895 2503 2919 et

1444 2935 1526 2959 sunt.
1550 2929 1591 2959 Et
1614 2929 1689 2969 quia
1712 2931 1833 2960 Auctor
1856 2930 1899 2960 sic
1923 2930 1960 2960 de
1983 2930 2137 2961 virtutum
2160 2941 2307 2962 mensura
2336 2939 2366 2963 et
2395 2933 2502 2964 medio

1444 2973 1620 3003 secundum
1637 2983 1669 3003 se
1685 2973 1837 3014 loquitur,
1853 2981 1888 3004 ut
1901 2974 1935 3004 in
1956 2981 2011 3005 art.
2029 2984 2050 3014 4
2073 2975 2303 3012 manifestatur3
2320 2976 2391 3006 ideo
2416 2977 2502 3007 obie-

1443 3023 1492 3047 cta
1507 3017 1625 3053 omnia,
1637 3027 1717 3058 quae
1734 3027 1770 3047 ex
1785 3024 1871 3057 parte
1887 3019 1986 3049 nostri
2002 3028 2034 3048 se
2050 3025 2166 3055 tenent,
2182 3019 2260 3050 nihil
2275 3019 2418 3051 officiunt
2432 3031 2503 3061 pro-

1444 3067 1561 3100 posno.

1501 3105 1552 3135 111.
1578 3104 1618 3134 Et
1644 3111 1679 3135 ut
1703 3105 1742 3134 ad
1765 3105 1888 3144 singula
1911 3106 2148 3143 descendamus,
2176 3107 2313 3147 cognitio
2337 3108 2370 3138 in
2393 3108 2503 3148 primis

1444 3148 1672 3188 principiorum
1696 3149 1872 3180 secundum
1889 3159 1921 3180 se
1937 3156 1983 3180 est
1997 3150 2030 3180 in
2046 3151 2152 3181 medio
2168 3151 2308 3182 duorum
2332 3153 2502 3182 contrario-

1445 3199 1532 3222 rum:
1557 3192 1643 3222 verbi
1665 3193 1772 3232 gratia,
1794 3193 1867 3224 huic
1891 3194 2081 3234 acceptioni,
2110 3196 2221 3226 Totum
2246 3201 2292 3226 est
2316 3198 2420 3227 maius
2441 3206 2502 3227 sua

1438 3242 1546 3276 parte,
1564 3236 1769 3267 contrariatur
1792 3238 1968 3268 secundum
1985 3248 2027 3275 se,
2045 3245 2081 3269 ut
2100 3239 2307 3279 superfluum,
2329 3241 2439 3270 Totum
2457 3245 2503 3270 est

1444 3281 1551 3310 minus
1565 3290 1625 3310 sua
1634 3285 1742 3320 parte,
1761 3287 1791 3311 et
1810 3288 1845 3312 ut
1860 3281 2016 3319 deficiens,
2038 3283 2149 3313 Totum
2173 3293 2234 3314 non
2251 3289 2297 3314 est
2319 3285 2424 3314 maius
2442 3294 2502 3314 sua

1438 3330 1553 3364 parte:
1575 3324 1720 3364 quamvis
1739 3335 1776 3355 ex
1803 3326 1902 3356 modo
1923 3336 1989 3367 quo
2014 3326 2090 3357 haec
2113 3327 2251 3366 cognitio
2276 3334 2321 3358 est
2343 3328 2375 3357 in
2400 3328 2501 3364 nobis,

1444 3367 1519 3408 quia
1542 3368 1659 3398 scilicet
1681 3369 1862 3400 naturaliter
1885 3377 1930 3401 est
1953 3370 1986 3400 in
2009 3371 2111 3409 nobis,
2129 3371 2282 3402 contraria
2300 3372 2367 3402 loca
2389 3372 2503 3402 habere

1444 3422 1510 3442 non
1534 3419 1678 3452 possunt.

1499 3456 1619 3486 Verum
1642 3466 1773 3497 quoque
1788 3457 1963 3488 intellectus
1983 3459 2110 3498 practici
2129 3459 2304 3489 secundum
2322 3470 2354 3490 se
2373 3459 2503 3500 quidem

1444 3510 1462 3529 a
1484 3501 1577 3530 rebus
1601 3501 1726 3540 pendet,
1750 3502 1858 3542 quoad
1881 3511 2086 3542 cognoscere:
2113 3513 2148 3533 ex
2166 3510 2252 3543 parte
2271 3510 2378 3534 autem
2394 3503 2502 3539 nostri,

1445 3544 1483 3574 ab
1507 3544 1649 3584 appetitu
1673 3551 1775 3581 recto,
1799 3546 1854 3586 qui
1881 3545 1953 3576 facit
1977 3546 2067 3577 nobis
2096 3557 2245 3587 apparere
2271 3547 2369 3578 finem
2392 3557 2504 3578 secun-

2529 1909 2577 1924 xlv.
