2852 4152
98 2082 106 2091 ·
118 2081 217 2109 Cap.v1,
228 2086 251 2102 n.
260 2087 309 2109 3,7.

98 2388 109 2398 ⁸
124 2387 263 2410 &Th-lect.
274 2393 308 2409 ut.

100 2426 110 2430 -
118 2413 309 2441 Did.lib.X1‚cap.

99 2447 130 2467 xv,
145 2447 168 2462 n.
182 2447 205 2468 4,
221 2446 241 2468 5.

352 187 428 233 314

349 267 493 307 partiales
519 267 681 303 univocae,
699 273 735 298 ut
750 267 906 298 trahentes
930 276 1059 303 navem;
1085 277 1187 307 neque
1205 267 1285 297 sicut
1303 266 1409 295 remis-

349 322 420 341 sum
444 318 475 342 et
489 311 659 347 intensum,
677 317 712 342 ut
734 311 837 342 maius
861 318 891 342 et
907 311 1012 341 minus
1035 311 1145 341 lumen
1160 311 1192 340 in
1212 311 1326 340 eodem
1342 319 1407 339 me-

349 356 417 392 dio;
442 365 545 395 neque
569 355 649 385 sicut
672 355 816 395 superius
841 362 870 386 et
892 355 1032 391 inferius,
1049 362 1084 385 ut
1107 354 1155 384 sol
1179 361 1209 384 et
1230 354 1331 383 homo
1355 362 1406 392 ge-

349 407 458 430 nerant
488 399 669 430 hominem:
696 399 751 429 sed
775 399 854 429 sicut
886 399 1107 438 imperfectum
1138 397 1238 427 differt
1261 407 1279 426 a
1302 396 1406 435 seipso

348 444 497 483 perfecto.
514 443 658 474 Potentia
681 443 766 473 enim
794 443 916 473 animae
941 442 1099 481 operativa
1130 451 1195 470 non
1219 447 1265 470 est
1288 440 1331 470 ita
1354 440 1406 470 de-

348 488 513 519 terminata
536 487 575 517 ad
608 487 797 517 eliciendum
828 486 1045 526 operationem
1069 484 1137 515 talis
1162 483 1293 523 speciei,
1318 484 1406 523 quod

348 539 436 572 egeat
464 532 573 562 habitu
607 531 832 561 determinante
861 530 978 570 ipsam:
1003 528 1157 569 quoniam
1188 528 1255 567 ipsa
1287 527 1405 568 absque

347 576 466 612 habitu,
482 586 556 606 cum
569 575 703 611 obiecto,
717 575 756 604 ad
772 581 877 604 actum
893 572 1144 613 praevenientem
1160 571 1304 602 habitum
1320 571 1405 602 suffi-

348 620 398 651 cit.
425 620 485 650 Sed
510 618 726 649 determinatio
759 627 856 658 quam
884 623 955 646 ante
986 615 1128 646 habiturn
1158 615 1270 651 habet,
1295 622 1341 646 est
1362 615 1406 646 ita

347 671 468 695 remota
492 659 522 693 et
544 662 739 702 imperfecta,
765 668 800 691 ut
823 667 910 700 egeat
932 659 1041 690 habitu
1066 659 1105 689 ad
1127 659 1189 689 hoc
1220 659 1308 699 quod
1331 669 1404 700 pro-

346 708 466 748 pinqua
490 714 520 737 et
542 706 678 746 perfecta
701 705 740 735 sit
764 705 803 735 ad
827 704 1025 743 operandum
1044 703 1179 743 perfecte
1202 703 1234 733 in
1258 703 1312 734 tali
1335 714 1403 744 spe-

347 752 402 783 cie.
420 752 524 782 Habet
546 759 684 789 namque
708 759 740 778 se
764 747 903 788 potentia
926 747 966 777 ad
990 747 1134 777 habitum
1161 754 1304 787 respectu
1329 757 1404 788 ope-

346 795 489 831 rationis,
515 794 594 824 sicut
616 793 715 823 homo
739 791 772 821 in
795 791 950 831 principio
983 791 1211 822 adolescentiae
1235 791 1274 821 ad
1301 791 1404 822 homi-

346 850 419 870 nem
435 838 609 879 perfectum
625 842 766 876 respectu
782 835 1001 874 generationis.
1018 835 1302 872 Quemadmodum
1318 836 1403 866 enim

346 884 526 913 adolescens
550 887 653 920 potest
683 879 813 920 quidem
835 889 999 919 generare,
1023 879 1079 910 sed
1106 879 1304 919 imperfecte;
1330 890 1403 910 cum

346 934 451 957 autem
467 925 622 964 perfectus
638 923 685 953 vir
708 923 809 959 fuerit,
825 933 972 962 generare
989 930 1094 963 potest
1112 923 1261 963 perfecte:
1279 923 1322 954 ita
1345 934 1403 964 po-

345 971 440 1001 tentia
463 969 529 998 sine
544 968 652 998 habitu
673 974 778 1007 potest
800 968 973 1007 producere
989 967 1189 1007 operationes
1208 968 1240 997 in
1264 968 1318 998 tali
1334 978 1403 1007 spe-

345 1015 399 1050 cie,
413 1013 528 1044 scilicet
541 1011 753 1051 imperfectas;
774 1011 910 1051 perfecta
926 1018 1034 1042 autem
1048 1021 1102 1051 per
1118 1011 1272 1047 habitum,
1286 1011 1403 1042 similes

343 1059 374 1088 in
399 1057 501 1097 specie
524 1055 674 1095 perfectas
702 1062 807 1095 potest
838 1055 957 1086 elicere.
980 1056 1045 1086 Nec
1069 1065 1200 1095 quaeras
1223 1055 1304 1085 inter
1326 1055 1402 1086 haec

343 1100 615 1142 proportionalem
631 1099 871 1130 similitudinem
887 1099 919 1130 in
937 1099 1103 1130 omnibus:
1122 1100 1176 1129 sed
1199 1106 1245 1129 sat
1262 1106 1307 1129 est
1330 1109 1402 1139 pro-

343 1146 448 1186 posito
472 1144 561 1184 quod
591 1143 712 1174 dictum
736 1150 791 1174 est.
814 1144 854 1174 Et
877 1144 966 1183 quod
990 1154 1055 1174 non
1079 1150 1205 1183 oportet
1237 1150 1403 1183 propterea

342 1189 518 1229 potentiam
541 1187 698 1228 suscipere
722 1187 821 1228 magis
841 1193 871 1218 et
894 1187 1015 1218 minus:
1041 1197 1097 1217 nec
1122 1194 1168 1217 est
1190 1187 1277 1218 idem
1300 1187 1402 1218 dicere

343 1233 559 1274 operationem
590 1231 760 1271 perfectam
784 1238 814 1263 et
836 1231 1054 1271 imperfectam
1082 1231 1115 1261 in
1139 1231 1251 1261 eadem
1281 1231 1401 1271 specie,

342 1284 372 1308 et
396 1277 497 1308 dicere
520 1276 684 1306 remissam
701 1282 731 1306 et
753 1275 924 1311 intensam;
949 1275 1031 1306 sicut
1046 1285 1111 1305 non
1128 1281 1174 1305 est
1188 1275 1274 1306 idem
1289 1275 1400 1312 dicere,

341 1322 440 1352 homo
465 1319 620 1360 perfectus
645 1326 674 1350 et
697 1319 899 1359 imperfectus
922 1319 954 1350 in
979 1319 1089 1350 eadem
1112 1319 1225 1359 specie,
1241 1326 1272 1350 et
1294 1320 1402 1350 remis-

341 1376 393 1397 sus
417 1372 448 1395 et
469 1371 621 1394 intensus.

394 1409 461 1440 VII.
479 1409 519 1439 Et
542 1418 578 1438 ex
601 1408 662 1438 hoc
685 1414 771 1448 patet
794 1407 959 1448 responsio
983 1407 1023 1438 ad
1046 1407 1196 1447 primum.
1220 1408 1400 1448 Propositio

342 1454 426 1484 enim
443 1453 508 1488 illa,
524 1453 750 1492 Quaecumque
759 1453 921 1492 principia
938 1453 1117 1492 exiguntur
1127 1452 1171 1483 ad
1185 1453 1399 1492 operationem

334 1494 513 1538 perfectam
530 1498 562 1527 in
587 1496 694 1536 aliqua
713 1497 826 1536 specie,
845 1497 1056 1536 requiruntur
1070 1496 1114 1527 ad
1129 1497 1300 1536 quamlibet
1313 1497 1401 1528 illius

339 1543 463 1582 speciei,
485 1541 558 1571 dato
582 1541 672 1580 quod
695 1540 734 1570 sit
756 1550 828 1570 vera
847 1541 886 1570 de
908 1540 957 1570 his
981 1540 1142 1580 principiis
1165 1550 1246 1581 quae
1270 1550 1400 1571 concur-

339 1593 413 1616 runt
435 1592 471 1615 ut
494 1585 614 1615 diversa
637 1584 800 1624 principia,
817 1591 853 1615 ut
876 1591 964 1624 pater
986 1591 1017 1615 et
1039 1591 1139 1615 mater
1166 1591 1310 1624 respectu
1333 1584 1399 1621 filii,

340 1637 371 1660 et
386 1629 435 1660 sol
454 1636 484 1660 et
498 1629 598 1659 homo
615 1634 756 1667 respectu
773 1627 922 1664 hominis,
939 1635 969 1659 et
985 1628 1187 1666 huiusmodi;
1211 1638 1278 1659 non
1293 1635 1399 1660 tamen

341 1681 386 1704 est
408 1683 481 1704 vera
505 1673 543 1703 de
566 1672 614 1702 his
637 1672 798 1712 principiis
822 1682 903 1713 quae
926 1679 1119 1704 concurrunt
1146 1679 1182 1703 ut
1205 1683 1306 1703 unum
1330 1683 1398 1713 per-

340 1716 458 1748 fectum
481 1716 682 1757 principium,
698 1716 741 1747 ita
764 1717 852 1757 quod
875 1717 970 1747 ambo
990 1717 1085 1747 simul
1109 1726 1174 1746 non
1198 1716 1345 1748 differunt
1360 1718 1398 1747 ab

340 1772 406 1792 uno
430 1761 489 1791 nisi
513 1761 593 1791 sicut
615 1760 836 1800 imperfectum
859 1770 877 1790 a
900 1760 1048 1800 perfecto.
1075 1760 1116 1792 Et
1138 1760 1240 1790 simile
1264 1761 1398 1791 omnino

340 1812 429 1841 esset,
446 1805 472 1835 si
486 1805 676 1835 «adolescens
700 1803 786 1834 fieret
809 1804 964 1844 perfectus
987 1804 1034 1834 vir
1056 1814 1112 1844 per
1135 1804 1267 1844 aliquod
1291 1804 1400 1835 distin-

339 1857 427 1880 ctum
450 1848 698 1888 superadditum.
875 1881 877 1883 ¹

394 1894 434 1924 Et
458 1903 530 1923 cum
555 1892 668 1922 dicitur
693 1892 781 1932 quod
804 1892 1028 1931 operationum
1058 1891 1269 1922 differentium
1292 1892 1400 1922 solum

339 1937 515 1968 secundum
545 1935 645 1975 magis
675 1942 706 1966 et
729 1935 835 1966 minus
866 1936 1042 1976 perfectum
1073 1935 1107 1965 in
1137 1936 1248 1966 eadem
1275 1936 1398 1976 specie,

338 1981 491 2022 principia
514 1990 580 2010 non
604 1986 730 2020 oportet
752 1979 853 2019 magis
877 1979 1011 2011 differre:
1037 1979 1203 2019 dupliciter
1226 1986 1330 2019 potest
1353 1990 1399 2010 re-

338 2025 497 2066 sponderi.
516 2024 633 2060 Primo,
651 2023 854 2054 concedendo
871 2024 959 2064 quod
975 2023 1118 2063 potentia
1130 2029 1160 2054 et
1175 2023 1311 2060 habitus,
1327 2023 1400 2055 licet

338 2070 481 2100 absolute
501 2068 733 2108 distinguantur
749 2068 863 2107 specie,
877 2075 913 2099 ut
927 2074 1013 2108 patet
1029 2077 1066 2098 ex
1081 2068 1354 2099 Praedicamentis
1364 2068 1397 2104 *;

338 2121 374 2144 ut
396 2121 502 2144 tamen
526 2119 600 2143 sunt
623 2112 775 2152 principia
798 2112 869 2143 talis
891 2119 988 2148 actus,
1011 2121 1078 2143 non
1102 2111 1249 2143 differunt
1271 2111 1331 2142 nisi
1355 2122 1400 2142 se-

338 2158 480 2188 cundum
503 2157 603 2196 magis
627 2163 657 2187 et
679 2156 787 2186 minus
803 2156 978 2196 perfectum
993 2156 1027 2186 in
1046 2156 1157 2186 eadem
1179 2155 1299 2196 specie:
1324 2156 1399 2196 quia

338 2209 411 2232 sunt
434 2201 576 2232 eiusdem
600 2200 714 2240 speciei
737 2210 812 2231 cum
835 2207 923 2236 actu,
946 2207 976 2230 et
1000 2207 1228 2240 consequenter
1250 2199 1331 2231 inter
1354 2210 1397 2231 se.

338 2246 425 2277 Sicut
440 2245 525 2276 enim
549 2243 691 2285 potentia
706 2244 813 2280 visiva,
830 2251 867 2275 ut
885 2244 938 2280 sic,
955 2243 1114 2274 reducitur
1137 2243 1177 2274 ad
1192 2254 1292 2283 genus
1312 2243 1398 2274 obie-

338 2290 388 2326 cti,
409 2296 486 2330 puta
509 2289 637 2324 coloris;
661 2288 704 2318 ita
726 2288 837 2318 eadem
860 2295 896 2319 ut
917 2287 1151 2324 videt'albuin,
1175 2287 1336 2318 reducitur
1358 2288 1398 2318 ad

338 2334 475 2374 speciem
498 2333 574 2368 albi;
598 2339 634 2362 ut
656 2332 815 2372 potentiae
845 2331 1127 2372 proportionentur
1149 2331 1289 2367 actibus,
1313 2331 1399 2362 iuxta

338 2377 515 2408 doctrinam
544 2377 601 2407 XII
631 2376 814 2416 Metaphys.
837 2375 855 2395 *
875 2393 895 2398 —
917 2375 1064 2407 Secundo
1086 2381 1192 2415 potest
1219 2375 1280 2406 dici
1309 2375 1399 2416 quod

337 2422 390 2452 illa
412 2421 590 2462 propositio
606 2430 672 2450 non
696 2426 780 2450 tenet
800 2419 832 2450 in
856 2419 1018 2460 principiis
1040 2429 1181 2460 quorum
1204 2429 1307 2450 unum
1325 2419 1399 2450 sub-

338 2467 507 2497 alternatur
529 2464 662 2505 reliquo.
688 2463 852 2501 Quoniam
876 2463 1036 2503 principiis
1066 2463 1110 2494 sic
1139 2473 1172 2495 se
1195 2463 1397 2500 habentibus,

338 2517 398 2541 stat
420 2510 459 2540 ad
474 2515 581 2540 actum
603 2507 777 2548 perfectum
803 2514 975 2548 utrumque
995 2507 1122 2547 requiri,
1140 2513 1171 2537 et
1194 2507 1233 2537 ad
1251 2507 1398 2547 imperfe-

338 2561 425 2585 ctum
448 2553 582 2584 alterum
604 2558 744 2583 tantum:
769 2551 844 2591 quia
867 2551 940 2585 talia
963 2561 1029 2582 non
1053 2557 1126 2582 sunt
1150 2551 1216 2581 duo
1244 2551 1400 2590 disparata

338 2597 500 2638 principia,
517 2597 571 2627 sed
587 2597 783 2636 subsequens
807 2602 853 2626 est
871 2595 1023 2635 perfectio
1046 2594 1150 2635 primi.
1168 2594 1219 2626 Sic
1242 2601 1398 2627 autemse

337 2643 451 2673 habere
483 2647 606 2672 constat
636 2640 813 2680 potentiam
842 2647 873 2671 et
902 2639 1060 2671 habitum:
1089 2638 1244 2679 quoniam
1273 2638 1400 2670 habitus

338 2686 567 2717 subalternatur
597 2684 840 2725 quodammodo
871 2683 1050 2724 potentiae,
1078 2683 1162 2713 dum·
1188 2683 1331 2723 potentia
1360 2683 1400 2713 ad

338 2731 512 2761 multarum
536 2729 712 2770 specierum
736 2735 823 2759 actus
846 2738 879 2759 se
902 2727 1082 2763 extendens,
1103 2737 1159 2767 per
1181 2726 1327 2759 habitum
1350 2727 1401 2757 de-

338 2773 523 2805 terminatur
551 2780 587 2804 ut
610 2773 650 2804 sit
671 2772 705 2802 in
728 2772 782 2803 tali
813 2771 915 2812 specie
939 2770 1068 2812 perfecti
1092 2770 1196 2811 operis
1225 2770 1400 2811 perfectum

339 2818 540 2859 principium.

394 2862 476 2893 VIII.
492 2862 543 2892 Ad
567 2861 688 2892 obiecta
710 2870 785 2891 vero
810 2860 899 2900 quod
919 2859 1044 2890 habitus
1068 2868 1134 2889 non
1154 2858 1194 2890 sit
1208 2858 1401 2899 principium

339 2913 426 2937 actus
449 2906 557 2946 quoad
581 2904 876 2936 determinationem
898 2903 930 2934 in
955 2913 1021 2934 esse
1045 2909 1188 2939 naturae,
1213 2902 1302 2934 facile
1326 2902 1400 2933 dici-

339 2957 399 2986 tur,
411 2950 525 2990 primo,
539 2950 627 2990 quod
643 2956 689 2982 est
703 2948 747 2979 ibi
763 2948 925 2988 sophisma
939 2946 1182 2987 Consequentis.
1195 2946 1300 2978 Causa
1316 2946 1402 2977 enim

341 2993 551 3024 determinans
575 2993 721 3024 effectum
744 2992 920 3023 secundum
940 3001 1007 3022 esse
1030 2998 1169 3027 naturae,
1185 3001 1250 3022 non
1275 2997 1402 3031 oportet

340 3039 428 3078 quod
452 3038 596 3078 respiciat
625 3036 872 3076 singularitatem
902 3042 938 3067 ut
970 3035 1137 3076 proprium
1159 3034 1322 3066 effectum:
1347 3034 1403 3065 sed

341 3088 389 3112 sat
411 3089 458 3112 est
483 3082 573 3122 quod
605 3087 710 3111 causet
731 3080 811 3117 illud
834 3080 866 3110 in
891 3090 958 3111 esse
982 3086 1110 3110 naturae
1141 3079 1319 3110 secundum
1346 3078 1401 3113 ali·

341 3126 428 3166 quid.
445 3126 538 3156 Unde
561 3125 696 3160 habitus,
717 3125 773 3164 qui
787 3124 1015 3164 perfectionem
1038 3123 1072 3154 in
1089 3123 1273 3163 operatione
1297 3129 1405 3154 causat

341 3170 374 3200 in
398 3180 465 3200 esse
481 3176 618 3206 naturae,
635 3168 822 3199 determinat
837 3168 1057 3208 operationem
1072 3167 1113 3198 ad
1128 3176 1195 3202 esse
1209 3166 1402 3207 perfectum:

342 3221 372 3245 et
386 3214 448 3244 hoc
465 3213 588 3245 sufficit.
606 3231 626 3235 —
641 3212 763 3244 Dicitur
778 3212 918 3242 secundo
938 3212 1037 3252 quod,
1054 3211 1130 3252 quia
1145 3211 1341 3251 singularitas
1356 3217 1405 3242 est

342 3257 468 3289 effectus
492 3257 681 3293 communis,
699 3255 955 3296 etfpraeveniens
979 3255 1093 3287 multas
1118 3263 1244 3291 causas:
1269 3254 1342 3289 ideo
1358 3264 1404 3285 re-

342 3309 388 3332 cte
413 3301 612 3333 concluditur
635 3300 724 3342 quod
747 3310 812 3330 non
836 3307 882 3331 est
898 3301 1054 3340 proprius
1078 3299 1209 3340 effectus
1237 3298 1333 3330 huius
1354 3298 1404 3329 vel

341 3346 424 3376 illius
448 3354 575 3377 causae:
593 3345 648 3376 sed
670 3345 753 3375 male
777 3344 985 3380 concluditur,
1004 3344 1089 3384 Ergo
1118 3353 1183 3374 non
1207 3349 1254 3374 est
1277 3342 1405 3375 effectus

1017 188 1282 234 QUAESTIO
1313 189 1451 234 XLIX,
1481 187 1771 224 ARTICULUS
1801 189 1850 225 111

1462 265 1557 295 huius
1581 276 1702 296 causae.
1718 265 1815 296 Aliud
1831 273 1877 297 est
1891 267 1976 298 enim
1999 267 2079 299 effici
2102 270 2141 300 ab
2155 272 2200 300 A:
2219 276 2249 301 et
2265 270 2350 302 aliud
2367 281 2433 302 esse
2449 270 2522 312 pro-

1462 309 1568 348 prium
1593 309 1738 340 effectum
1761 312 1800 340 A.
1815 310 1907 340 Unde
1931 310 2011 342 sicut
2025 312 2126 343 horno
2149 321 2276 353 generat
2299 315 2474 352 hominem,
2492 322 2523 347 et

1461 352 1511 382 hic
1534 353 1634 383 homo
1658 353 1743 383 hunc
1774 353 1956 391 hominem
1980 355 2022 386 ita
2052 356 2176 388 habitus
2201 357 2274 388 facit
2304 359 2522 398 operationem

1462 396 1642 435 perfectam,
1661 403 1691 427 et
1713 397 1764 427 hic
1787 396 1912 428 habitus
1935 398 2016 430 hanc
2040 401 2258 440 operationem
2282 402 2462 442 perfectam.

1517 440 1569 471 IX.
1587 441 1638 471 Ad
1661 440 1784 471 obiecta
1806 451 1881 471 vero
1904 443 1992 482 quod
2010 442 2134 475 habitus
2157 455 2223 475 non
2247 445 2286 476 sit
2306 456 2361 485 per
2384 457 2416 477 se
2435 447 2523 487 prin·

1462 484 1581 523 cipium
1605 494 1671 514 esse
1695 484 1823 514 moralis
1846 484 1879 516 in
1903 492 1985 524 actu,
2002 487 2076 527 quia
2099 488 2179 518 illud
2202 496 2247 519 est
2263 489 2444 520 relativum:
2468 491 2520 521 tri-

1461 528 1582 567 pliciter
1604 528 1725 558 dicitur.
1750 528 1867 565 Primo,
1891 531 2035 569 negando
2058 531 2138 563 illud
2161 542 2237 568 esse,
2260 532 2294 562 in
2317 540 2388 563 actu
2405 533 2519 571 elicito,

1462 581 1527 601 esse
1559 571 1741 602 relativum:
1768 572 1914 612 quamvis
1936 574 2102 606 relativum
2132 575 2172 606 sit
2195 576 2227 606 in
2251 583 2322 607 actu
2353 577 2518 617 imperato.

1460 615 1623 652 Quoniam
1646 615 1921 656 quemadmodum
1939 617 2020 649 inter
2042 618 2167 650 habitus
2182 621 2318 651 morales
2336 628 2382 651 est
2398 628 2519 652 contra-

1459 659 1550 690 rietas
1573 660 1749 690 secundum
1773 669 1840 690 esse
1863 661 2060 698 absolutum,
2082 670 2118 694 ut
2139 663 2219 694 inter
2247 664 2466 695 fortitudinem
2488 672 2520 696 et

1459 703 1668 740 timiditatem,
1683 703 1900 734 liberalitatem
1916 712 1947 735 et
1961 705 2132 743 avaritiam,
2153 714 2222 744 etc.;
2241 708 2285 739 ita
2302 708 2382 739 inter
2398 709 2518 740 elicitos

1459 754 1555 778 actus.
1577 748 1667 784 Quae
1692 754 1737 778 est
1760 747 1845 777 enim
1869 748 1971 778 maior
1994 747 2092 779 ratio?
2132 775 2135 778 ,

1514 791 1660 822 Secundo
1685 791 1798 822 dicitur
1820 792 1908 832 quod
1932 802 1998 822 esse
2021 792 2186 824 relativum
2212 804 2314 826 carere
2337 797 2439 827 activo
2462 807 2518 837 per

1458 845 1500 871 se,
1517 835 1560 866 sic
1583 835 1780 875 intelligitur,
1804 835 1879 875 quia
1901 845 1968 867 non
1991 835 2084 867 habet
2106 846 2201 876 agens
2223 838 2340 870 faciens
2361 850 2516 878 seorsum,

1458 889 1524 909 non
1547 879 1691 910 faciendo
1715 879 1785 910 alia.
1810 879 1895 910 Cum
1918 890 1985 920 quo
2005 887 2111 910 tamen
2135 887 2195 912 stat
2217 883 2304 922 quod
2326 883 2440 915 habeat
2462 895 2518 925 per

1458 933 1491 953 se
1514 923 1676 963 propriam
1700 933 1828 954 causam
1851 923 2000 954 activam:
2025 931 2060 954 ut
2083 925 2261 963 experimur
2276 936 2350 957 cum
2373 928 2518 959 ordinem

1458 967 1598 1007 aliquem
1616 967 1850 1007 imponendum
1869 968 1961 998 rebus
1981 968 2196 1007 excogitamus
2212 975 2242 999 et
2263 969 2470 1010 imponimus,
2487 979 2518 1004 et

1458 1011 1497 1041 ad
1526 1011 1559 1040 id
1590 1011 1784 1041 intendimus
1809 1018 1839 1042 et
1867 1011 2000 1042 facimus
2027 1011 2250 1051 praecipiendo
2279 1021 2311 1045 et
2331 1017 2516 1056 exequendo

1457 1064 1513 1094 per
1534 1064 1595 1089 nos
1617 1054 1668 1084 vel
1690 1054 1779 1085 alios
1795 1055 1861 1085 Nec
1884 1055 1991 1085 minus
2013 1055 2076 1086 hoc
2097 1065 2156 1086 nos
2179 1066 2235 1096 per
2257 1066 2290 1087 se
2309 1057 2470 1090 intendere
2486 1067 2517 1091 et

1458 1108 1585 1128 causare
1609 1098 1795 1138 experimur,
1817 1108 1915 1139 quam
1938 1098 2080 1130 medicus
2103 1099 2245 1131 intendat
2269 1107 2299 1131 et
2321 1101 2412 1133 faciat
2434 1103 2517 1134 sani-

1456 1149 1565 1173 tatem.
1582 1143 1693 1173 Testes
1713 1149 1786 1173 sunt
1806 1143 1901 1173 duces
1925 1142 2087 1179 exercitus,
2104 1150 2303 1185 rectoresque
2319 1145 2465 1183 aliorum,
2481 1157 2517 1178 ac

1457 1185 1665 1218 artifices.rEt
1688 1186 1714 1216 si
1735 1186 1805 1227 quis
1829 1193 1956 1226 negaret
1978 1197 2107 1218 sensum
2130 1194 2259 1228 propter
2283 1189 2440 1220 rationem
2462 1197 2518 1222 aut

1458 1230 1685 1266 auctoritatem,
1701 1237 1778 1270 puta
1792 1230 1867 1271 quia
1886 1230 1927 1260 ad
1949 1230 2135 1262 relationem
2153 1241 2220 1262 non
2243 1238 2290 1263 est
2307 1239 2424 1270 motus,
2441 1239 2515 1265 etc.:

1457 1284 1523 1304 non
1546 1274 1653 1305 solum
1676 1274 1861 1310 ineruditus,
1877 1274 1931 1304 sed
1953 1274 2149 1306 inerudibilis
2172 1282 2261 1307 esset.
2462 1308 2465 1309 γ
2490 1283 2511 1309 ᾖ

1510 1318 1619 1349 Tertio
1643 1318 1756 1349 dicitur
1783 1318 1872 1359 quod
1905 1318 2030 1350 habitus
2054 1325 2160 1350 causat
2192 1320 2400 1351 substantiam
2427 1326 2517 1352 actus

1456 1362 1594 1402 perfecti,
1610 1371 1710 1403 quam
1725 1362 1929 1403 consequitur
1945 1372 2011 1393 esse
2025 1363 2207 1395 relativum:
2225 1371 2256 1394 et
2270 1364 2315 1394 sic
2337 1371 2442 1404 potest
2461 1375 2518 1406 per

1456 1417 1498 1438 sev
1513 1417 1639 1437 causare
1663 1416 1729 1438 esse
1752 1406 1929 1438 relativum.
1948 1407 1989 1437 Et
2008 1416 2082 1438 cum
2105 1407 2217 1438 dicitur
2246 1408 2322 1448 quia
2344 1409 2517 1440 substantia

1456 1457 1543 1482 actus
1571 1457 1676 1491 potest
1705 1450 1825 1481 causari
1854 1457 1926 1481 ante
1953 1450 2110 1482 habitum:
2135 1452 2343 1492 respondetur
2370 1453 2460 1493 quod
2481 1453 2516 1484 in

1454 1494 1516 1525 hoc
1530 1494 1677 1525 videntur
1690 1494 1740 1525 isti
1757 1504 1856 1525 errare
1871 1494 2092 1533 fundamento,
2107 1495 2198 1535 quasi
2214 1495 2432 1527 determinatio
2448 1506 2515 1527 uno

1455 1539 1555 1569 modo
1579 1545 1703 1569 tantum
1724 1538 1926 1569 inveniretur.
1944 1538 2110 1569 Falluntur
2126 1539 2211 1572 enim
2226 1539 2259 1570 in
2279 1539 2355 1570 hoe:
2371 1540 2516 1572 Potentia

1454 1583 1578 1613 animae
1601 1582 1762 1622 operativa
1786 1592 1850 1612 non
1868 1589 1937 1621 eget
1959 1581 2068 1612 habitu
2092 1582 2319 1613 determinante
2334 1584 2374 1614 ad
2396 1583 2515 1623 produ-

1454 1627 1591 1657 cendum
1613 1633 1729 1662 actum,
1746 1626 1831 1666 Ergo
1854 1636 1891 1656 ex
1915 1635 1947 1656 se
1971 1632 2017 1656 est
2037 1625 2226 1656 sufficienter
2248 1627 2454 1658 determinata
2475 1628 2516 1659 ad

1454 1670 1697 1710 producendum
1720 1677 1827 1700 actum
1850 1669 2026 1709 perfectum
2049 1669 2191 1700 eiusdem
2214 1670 2339 1710 speciei.
2360 1670 2515 1703 Determi-

1453 1714 1581 1744 natione
1604 1713 1762 1754 siquidem
1784 1723 1874 1753 egere
1893 1723 2021 1744 causam
2044 1712 2190 1754 aliquam,
2203 1713 2337 1745 activam
2359 1715 2400 1744 ad
2422 1724 2516 1755 agen-

1453 1759 1542 1794 dum,
1557 1757 1772 1798 multipliciter
1786 1756 1955 1796 contingit:
1980 1757 2034 1788 sed
2050 1757 2090 1787 ad
2106 1757 2308 1797 propositum
2323 1757 2438 1791 suffieit
2455 1759 2515 1790 du-

1453 1802 1582 1842 pliciter.
1598 1802 1716 1838 Primo,
1733 1807 1769 1831 ut
1785 1801 1987 1832 contrahatur
1999 1801 2040 1832 ad
2054 1801 2193 1841 speciem
2208 1801 2319 1832 talem:
2335 1802 2418 1833 sicut
2432 1802 2515 1834 actio

1453 1846 1528 1876 solis
1543 1845 1767 1876 determinatur
1777 1845 1815 1876 ad
1829 1845 2072 1885 producendum
2086 1845 2253 1877 hominem
2267 1855 2323 1887 per
2337 1846 2515 1883 hominem,-

1454 1897 1484 1920 et
1507 1890 1623 1920 bovem
1646 1899 1702 1930 per
1725 1890 1851 1920 bovem.
1880 1889 1921 1920 Et
1951 1889 1995 1920 sic
2022 1889 2164 1930 potentia
2193 1899 2260 1920 non
2278 1896 2358 1929 -eget
2377 1890 2514 1924 habitu:

1453 1933 1527 1974 quia
1542 1940 1614 1964 ante
1629 1933 1784 1970 habitum,
1797 1939 1903 1973 potest
1913 1933 1946 1963 in
1962 1940 2070 1964 actum
2084 1933 2169 1964 illius
2181 1933 2305 1973 speciei.
2318 1933 2393 1965 Alio
2402 1934 2513 1971 modo,

1453 1984 1489 2008 ut
1511 1977 1558 2007 vis
1580 1987 1639 2007 sua
1662 1977 1702 2007 ad
1723 1977 1820 2009 talem
1850 1977 1988 2017 speciem
2011 1974 2205 2018 perficiatur,
2230 1984 2266 2008 ut
2289 1977 2353 2007 iam
2375 1987 2443 2008 non
2465 1986 2524 2008 so-'

1453 2022 1522 2051 lum
1538 2021 1638 2061 possit
1659 2021 1690 2050 in
1708 2027 1815 2052 actum
1838 2020 1922 2051 illius
1938 2020 2062 2060 speciei,
2079 2021 2134 2052 sed
2157 2027 2245 2052 actus
2268 2020 2397 2061 perfecti
2409 2021 2445 2053 in
2459 2020 2515 2055 illa

1453 2065 1556 2106 specie
1586 2064 1752 2105 proprium
1783 2064 1976 2105 principium
2003 2064 2052 2096 sit.
2082 2065 2123 2095 Et
2150 2065 2212 2096 hoc
2241 2065 2342 2097 modo
2372 2065 2514 2105 potentia

1453 2116 1523 2149 eget
1544 2109 1653 2140 habitu
1683 2108 1910 2140 determinante
1938 2108 2052 2148 ipsam.
2068 2125 2089 2131 -
2104 2108 2146 2139 Et
2169 2115 2205 2139 ut
2227 2108 2441 2141 cavillationes
2461 2119 2523 2141 ex·-

1454 2153 1560 2184 eludas
1584 2152 1798 2184 dubitantium
1813 2162 1854 2183 an
1877 2152 2019 2191 potentia
2041 2152 2108 2184 sine
2131 2150 2241 2183 habitu
2255 2152 2365 2193 possit,
2390 2162 2428 2187 ex
2444 2159 2524 2189 toto„

1453 2204 1579 2234 conatu,
1595 2197 1629 2228 in
1644 2204 1750 2228 actum
1772 2196 1966 2237 perfectum:
1988 2203 2151 2227 memento
2167 2196 2257 2237 quod
2275 2196 2326 2227 de,
2337 2194 2515 2231 actionibus

1453 2251 1559 2273 rerum
1581 2240 1782 2277 naturalium,
1800 2247 1830 2271 et
1853 2250 1963 2271 earum
1985 2240 2146 2280 principiis
2161 2240 2308 2281 propriis,
2325 2247 2372 2272 est
2393 2248 2513 2278 sermoss

1453 2296 1488 2316 ac
1511 2295 1567 2325 per
1589 2285 1667 2320 hoc,
1693 2283 1862 2315 attenditur
1884 2283 1935 2314 hic
1960 2284 2038 2324 quid
2067 2291 2103 2315 ut
2129 2284 2163 2314 in
2185 2284 2330 2324 pluribus
2359 2283 2515 2320 fit-secun

1454 2330 1532 2360 dum
1554 2334 1684 2359 naturae
1710 2337 1847 2365 cursum,
1865 2328 1976 2368 Neque
2000 2327 2086 2358 enim
2101 2327 2127 2358 si
2149 2328 2331 2362 adolescens
2345 2331 2431 2359 unus
2442 2336 2514 2367 per-

1453 2373 1572 2405 fectum
1587 2371 1795 2412 generationis
1812 2381 1894 2411 opus
1910 2377 2264 2412 perageren'propterea
2279 2370 2356 2402 falsa
2374 2371 2521 2403 redditur

1453 2417 1506 2448 illa
1529 2415 1723 2454 universalis,
1738 2415 1932 2447 Adolescens
1954 2425 2018 2446 non
2028 2420 2135 2455 potest
2156 2416 2190 2445 in
2212 2413 2394 2455 perfectum
2416 2424 2513 2456 gene-

1453 2461 1588 2491 rationis
1611 2468 1709 2500 opus:
1731 2459 1886 2500 quoniam
1908 2459 2038 2500 physica
2067 2465 2128 2495 est,
2153 2459 2191 2490 et'
2206 2459 2344 2490 hirundo
2376 2469 2438 2490 non
2453 2458 2514 2499 fa-

1453 2505 1496 2535 cit
1518 2514 1575 2535 ver
1595 2503 1622 2534 *.
1645 2514 1666 2526 -’
1690 2503 1871 2534 Dicendum
1897 2509 1943 2533 est
1966 2512 2041 2542 ergo
2068 2502 2157 2543 quod
2179 2502 2305 2534 habitus
2328 2502 2515 2537 determinat

1453 2547 1630 2588 potentiam
1653 2547 1693 2577 ad
1715 2547 1778 2578 hoc
1804 2553 1839 2578 ut
1861 2546 1946 2586 ipsa,
1969 2546 2080 2577 habitu
2110 2545 2262 2586 perfecta,
2286 2545 2326 2576 sit
2347 2546 2515 2586 proprium

1453 2591 1646 2633 principium
1669 2590 1798 2631 perfecti
1821 2590 1937 2630 operis,
1955 2589 1989 2620 in
2011 2599 2078 2630 quo
2101 2599 2158 2620 sua
2181 2596 2516 2630 consummaturpera-

1454 2636 1558 2667 sectio.
1585 2636 1627 2666 Et
1659 2634 1814 2675 quoniam
1843 2633 1969 2665 habitus
1997 2640 2043 2664 est
2065 2643 2127 2674 quo
2159 2634 2230 2674 quis
2256 2639 2412 2675 operatur
2441 2643 2522 2668 cum-

1455 2680 1523 2711 vult
1541 2679 1569 2718 *,
1586 2686 1616 2710 et
1639 2689 1706 2711 non
1722 2688 1796 2711 cum
1807 2678 1928 2716 ⁴hal>et3
1949 2684 1980 2709 et
2002 2684 2171 2718 propterea
2192 2683 2239 2709 est
2261 2687 2329 2719 quo
2345 2677 2417 2718 quis
2439 2687 2525 2719 open,
2542 2688 2553 2698 ·
2566 2687 2760 2743 magnum-354·

1454 2731 1549 2760 ratur,
1565 2722 1645 2754 infra
1669 2722 1736 2754 eius
1766 2728 1964 2762 potestatem,
1988 2728 2147 2762 quantum
2164 2721 2244 2760 vult,
2265 2731 2333 2753 non
2358 2728 2525 2762 quantums

1455 2774 1569 2808 potest,
1598 2774 1634 2798 ut
1655 2773 1741 2807 patet
1763 2766 1796 2796 in
1825 2764 2010 2797 artificibus:
2034 2765 2107 2796 ideo
2137 2775 2203 2797 non
2227 2765 2348 2797 mireris
2380 2765 2406 2796 si
2428 2772 2516 2800 actus,

1442 2810 1614 2861 Xpotentiae
1637 2810 1816 2842 habituatae
1840 2819 1906 2840 non
1929 2797 2004 2842 lunt
2025 2819 2150 2850 semper
2173 2808 2373 2850 perfectiores
2396 2809 2517 2841 actibus

1456 2848 1615 2896 potentiae
1638 2864 1705 2885 non
1728 2854 1919 2886 habituatae.
2500 2887 2502 2889 Ι

1510 2900 1549 2931 X.
1566 2899 1607 2930 Et
1630 2898 1674 2929 sic
1705 2904 1790 2938 patet
1811 2898 1902 2939 quod
1931 2897 2056 2929 habitus
2084 2904 2131 2929 est
2158 2906 2253 2928 causa
2275 2897 2374 2929 activa
2405 2907 2462 2937 per
2484 2907 2519 2929 se

1456 2943 1648 2975 substantiae
1676 2949 1706 2975 et
1734 2942 1822 2972 modi
1850 2948 1940 2976 actus
1973 2941 2119 2982 triplicis,
2153 2941 2271 2972 scilicet
2300 2941 2525 2982 perfectionis,;

1457 2986 1725 3019 determinationis
1743 2986 1777 3017 in
1796 2996 1862 3018 esse
1885 2980 2026 3024 naturae,
2050 2991 2080 3016 et
2103 2984 2372 3017 determinationis
2394 2985 2428 3016 in
2451 2994 2526 3029 εεερ,

1457 3031 1579 3062 morali.
1595 3030 1750 3068 Quamvis
1766 3029 1948 3063 facilitatem
1963 3039 2001 3061 ex
2012 3035 2099 3070 parte
2114 3029 2274 3070 operantis
2290 3035 2416 3060 tantum
2428 3037 2521 3070 prae?

1457 3077 1529 3107 bere
1551 3075 1710 3106 videatur:
1734 3080 1765 3105 et
1788 3074 1814 3105 si
1837 3080 1925 3106 actus
1943 3073 2107 3106 habituato
2131 3073 2270 3104 redditus
2295 3073 2334 3104 sit
2349 3072 2457 3110 facilis,
2480 3081 2519 3107 α

1457 3119 1665 3152 redundantia
1687 3118 1843 3152 facilitatis
1866 3117 2035 3158 operantis,
2057 3117 2121 3149 hoc
2144 3117 2300 3158 provenit.
2323 3134 2346 3141 ·-
2367 3116 2525 3157 Haecde

1458 3171 1560 3196 tertio.
2441 3192 2448 3197 ,
2468 3182 2502 3197 -Μ
2522 3190 2525 3195 ,

1513 3208 1567 3239 XI.
1584 3206 1619 3238 In
1637 3206 1842 3247 responsione
1857 3206 1898 3236 ad
1920 3205 2062 3246 primum
2077 3205 2110 3236 in
2126 3205 2219 3236 tertio
2234 3204 2378 3244 articulo,
2393 3203 2526 3241 adverte,

1458 3252 1547 3292 quod
1571 3250 1723 3282 sententia
1749 3250 1896 3282 Auctoris
1919 3256 1967 3280 est
1995 3250 2085 3290 quod
2116 3259 2183 3280 non
2205 3249 2312 3286 solum
2327 3248 2517 3286 ,subiectum

1458 3296 1583 3326 habitus
1601 3302 1646 3326 est
1668 3294 1700 3325 in
1725 3293 1865 3335 potentia
1889 3294 1928 3324 ad
1959 3293 2196 3334 operationem;
2225 3293 2279 3324 sed
2302 3291 2426 3333 habitus
2442 3290 2515 3334 vipsa

1459 3347 1504 3371 est
1520 3347 1608 3372 actus
1629 3338 1803 3379 permixtus
1825 3338 1985 3379 potentiae
2001 3338 2041 3368 ad
2064 3347 2156 3378 opus,
2172 3337 2254 3368 sicut
2274 3342 2361 3374 actus
2383 3333 2514 3377 primus.

1273 3481 1591 3490 mm

2557 2510 2656 2534 Amc-

2557 2537 2647 2560 bde-

2665 2511 2752 2540 Mu

2541 2554 2622 2587 κεί-ἑ.
2678 2543 2710 2560 m
2727 2543 2743 2560 n

2661 2552 2752 2589 Σιοείιζ

2542 2714 2616 2736 senti·

2543 2742 2635 2762 contra.
