2852 4152
126 559 135 568 *
150 558 200 580 Art.
217 564 233 579 1.

123 716 133 726 ⁸
145 716 192 743 Qu.
204 722 251 743 vm,
261 719 303 738 art.
314 722 334 737 2.

124 985 131 992 ·
148 983 175 1005 D·
190 989 237 1010 757·

114 2561 125 2572 ⁸
141 2561 188 2589 Qu.
198 2567 230 2587 vr,
245 2565 287 2583 art.
302 2569 325 2588 4.

116 2610 127 2621 ⁸
136 2609 235 2631 Aristot.
241 2610 325 2636 ΕἱΙιιί·Ἴ

115 2636 154 2658 lib.
165 2636 204 2661 111,
216 2642 241 2658 ca

116 2668 144 2684 12.
152 2662 238 2684 -S.·rh.
277 2666 292 2684 t.
300 2652 326 2684 ni

114 2983 123 2991 '¹
138 2982 188 3003 Art.
204 2987 221 3003 1.

359 266 408 312 78
1058 267 1323 312 QUAEsrio
1354 268 1423 313 ix,
1453 267 1748 303 ARTicuLus
1778 267 1828 303 iv

415 343 488 379 SED
517 353 660 380 CONTRA
679 355 744 380 EsT
763 343 851 391 quia
871 342 885 373 β
911 345 1087 381 voluntas
1108 344 1260 380 domina
1281 351 1335 379 est
1358 343 1414 380 sui

361 403 485 442 actus,
517 403 551 432 et
578 396 616 433 in
645 395 725 444 ipsa
759 405 813 433 est
844 397 941 433 velle
978 404 1014 433 et
1046 409 1123 433 non
1159 397 1268 433 velle.
1299 396 1415 441 Quod

361 460 439 484 non
469 456 585 497 esset,
616 449 645 486 si
674 461 752 486 non
780 450 937 486 haberet
969 450 1006 486 in
1035 456 1218 497 potestate
1257 460 1415 484 movere

360 501 524 550 seipsam
545 503 591 539 ad
618 502 840 539 volendum.
862 503 962 549 Ergo
984 502 1064 550 ipsa
1083 509 1214 537 movet
1237 500 1414 548 seipsam.

415 555 638 591 RESPONDEO
658 567 840 591 DICENDUM
860 554 975 603 quod,
992 554 1087 590 sicut
1105 565 1219 601 supra
1233 552 1253 574 ⁹¹⁴
1273 553 1415 589 dictum

362 614 428 653 est,
449 607 498 643 ad
526 608 761 644 voluntatem
789 607 950 655 pertinet
981 617 1137 642 movere
1166 605 1256 641 alias
1284 613 1416 654 poten-

360 659 429 696 tias
459 671 503 696 ex
531 660 674 696 ratione
702 659 800 706 finis,
821 659 885 707 qui
914 666 968 695 est
986 658 1189 695 voluntatis
1210 657 1413 696 obiectum.

363 712 440 749 Sed
467 712 562 749 sicut
590 713 730 749 dictum
761 720 815 748 est
828 711 858 758 ³²,
889 713 962 747 hoc
990 711 1108 748 modo
1128 723 1167 748 se
1187 711 1302 748 habet
1329 711 1416 748 finis

360 765 400 804 in
428 765 711 814 appetibilibus,
740 764 834 801 sicut
861 763 1087 812 principium
1116 763 1153 800 in
1186 763 1417 811 intelligibili-

361 818 443 854 bus.
465 818 708 854 Manifestum
738 824 791 853 est
819 824 946 853 autem
975 817 1079 865 quod
1112 816 1320 853 intellectus
1348 830 1416 865 per

360 870 435 906 hoc
468 871 572 918 quod
601 870 792 917 cognoscit
814 869 1055 917 principium,
1076 869 1220 906 reducit
1247 869 1415 918 seipsum

362 922 408 959 de
437 922 603 971 potentia
630 923 668 958 in
697 929 838 968 actum,
870 930 1054 970 quantum
1084 922 1132 959 ad
1161 922 1415 970 cognitionem

361 975 668 1012 conclusionum:
699 982 735 1011 et
762 976 836 1011 hoc
872 975 991 1012 modo
1029 983 1160 1012 movet
1189 975 1355 1024 seipsum
1383 975 1414 1012 ²¹².

360 1029 408 1064 Et
436 1027 602 1064 similiter
636 1028 812 1064 voluntas
841 1039 909 1076 per
935 1028 1010 1064 hoe
1047 1028 1151 1076 quod
1178 1029 1259 1065 vult
1285 1029 1415 1072 finem,

359 1087 491 1119 movet
527 1080 689 1128 seipsam
717 1080 765 1118 ad
793 1081 1003 1118 volendum
1043 1093 1088 1117 ea
1125 1093 1221 1129 quae
1255 1088 1341 1117 sunt
1369 1080 1417 1116 ad

357 1133 488 1169 finem.

1521 346 1580 380 AD
1609 356 1744 380 Palmum
1773 355 1874 391 ERGO<
1898 356 2082 383 orcENDUM
2110 348 2214 396 quod
2245 349 2421 386 voluntas
2450 362 2528 386 non

1469 396 1681 432 secundum
1701 396 1803 433 idem
1827 405 1960 434 movet
1979 406 2015 435 et
2032 408 2219 438 movetur.
2249 402 2361 439 Unde
2380 414 2451 439 nec
2471 415 2527 439 se-

1470 449 1638 485 cundum
1667 449 1767 485 idem
1789 457 1844 486 est
1870 449 1909 486 in
1937 459 2022 487 actu
2043 459 2078 488 et
2105 453 2142 489 in
2166 453 2344 502 potentia.
2376 455 2453 492 Sed
2472 455 2526 492 in-,

1469 508 1652 549 quantum
1682 509 1766 537 actu
1790 502 1871 538 vult
1897 502 2027 551 finem,
2049 506 2192 543 reducit
2220 519 2260 543 se
2285 508 2332 544 de
2358 508 2527 556 potentia

1469 552 1506 589 in
1535 561 1660 589 actum
1695 562 1870 602 respectu
1897 567 2031 594 eorum
2069 570 2167 607 quae
2196 567 2282 596 sunt
2309 560 2358 597 ad
2385 561 2525 608 finem,

1469 612 1510 641 ut
1537 605 1676 642 scilicet
1702 614 1787 642 actu
1816 619 1862 644 ea
1887 608 1990 646 velit.

1521 660 1580 694 AD
1600 669 1788 696 SECUNDUM
1807 671 1991 698 DICENDUM
2018 663 2123 711 quod
2141 665 2309 712 potentia
2322 665 2526 702 voluntatis

1470 722 1622 758 semper
1639 718 1727 748 actu
1745 719 1800 748 est
1818 712 1889 749 sibi
1907 726 2110 764 praesens:v
2134 716 2203 753 sed
2221 724 2326 754 actus
2353 719 2528 756 volunta-

1469 762 1526 810 tis,
1549 776 1625 812 quo
1649 764 1730 800 vult
1748 764 1868 803 finem
1887 766 2052 814 aliquem
2072 773 2098 815 Υ,
2129 781 2207 806 non
2235 782 2387 819 semper
2415 778 2470 808 est
2488 771 2527 809 in

1470 816 1551 864 ipsa
1577 817 1783 854 voluntate.
1805 818 1878 854 Per
1895 819 1998 856 hunc
2017 828 2145 859 autem
2164 820 2177 844 ὅ
2197 830 2330 860 movet
2348 823 2525 872 seipsam.

1470 869 1580 906 Unde
1600 882 1678 906 non
1698 869 1866 919 sequitur
1886 873 1989 918 quod
2008 884 2159 922 semper
2176 874 2340 923 seipsam
2353 884 2527 921 moveat.

1523 924 1581 959 Ar>
1610 934 1768 960 TERTmM
1797 935 1980 961 DmENDUM
2007 925 2114 972 quod
2137 939 2216 965 non
2243 928 2382 966 eodem
2410 930 2528 966 modo

1469 976 1646 1012 voluntas
1674 983 1851 1013 movetur
1877 977 1926 1013 ab
1954 977 2155 1026 intellectu,
2176 987 2212 1016 et
2238 992 2261 1016 a
2288 981 2423 1030 seipsa.
2453 982 2531 1020 Sed

1471 1029 1519 1064 ab
1548 1028 1735 1065 intellectu
1772 1029 1927 1077 quidem
1960 1038 2138 1068 movetur
2170 1035 2381 1072 secundum
2420 1035 2531 1072 ratio-

1472 1092 1561 1116 nem
1590 1080 1748 1117 obiecti:
1778 1093 1800 1117 a
1828 1082 1952 1130 seipsa
1975 1095 2081 1129 vero,
2102 1092 2287 1132 quantum
2315 1087 2364 1124 ad
2393 1087 2531 1125 exerci-

1471 1133 1565 1169 tium
1595 1140 1710 1179 actus,
1731 1135 1941 1172 secundum
1972 1135 2157 1174 rationem
2184 1137 2282 1175 finis.

411 1245 436 1279 β)
456 1247 526 1279 quia.
545 1262 563 1266 -
580 1248 652 1280 quod
670 1248 744 1272 EFK.

411 1282 436 1315 γ)
456 1282 580 1315 aliquem.
597 1296 615 1301 -
634 1283 779 1315 aliquando
798 1283 845 1308 Ρα.

1526 1245 1550 1279 ὃ)
1570 1249 1667 1272 autem.
1685 1261 1704 1266 -
1722 1248 1829 1273 modum
1849 1249 1946 1274 addunt
1964 1248 2045 1274 PKsD
2065 1255 2090 1287 et
2108 1258 2134 1276 a.

1030 1361 1362 1394 Conmentaria
1383 1361 1635 1395 Cardinalis
1656 1363 1856 1396 Caietam

388 1461 407 1481 N
431 1451 523 1481 titulo
547 1450 670 1481 articuli
693 1450 774 1481 tertii
797 1450 939 1481 eiusdem
959 1450 1163 1491 quaestionis,
1183 1450 1307 1481 adverte
1331 1450 1420 1490 quod

345 1463 473 1525 -Ialiud
504 1501 549 1525 est
577 1504 726 1535 quaerere
759 1501 867 1525 utrum
894 1494 1041 1525 voluntas
1070 1501 1196 1525 moveat
1228 1494 1364 1534 seipsam
1386 1493 1419 1524 in

357 1539 500 1578 quolibet
524 1549 582 1569 suo
607 1545 694 1575 actu;
719 1545 750 1569 et
773 1538 858 1569 aliud
882 1548 1031 1579 quaerere
1055 1545 1164 1569 utrum
1178 1538 1326 1568 voluntas
1349 1548 1418 1568 mo-

355 1589 426 1613 veat
442 1583 587 1623 seipsam.
605 1583 671 1614 Stat
686 1583 771 1613 enim
786 1593 857 1623 pars
875 1582 1059 1613 affirmativa
1073 1582 1164 1613 istius
1181 1582 1323 1622 quaesiti,
1345 1592 1418 1612 cum

357 1627 499 1667 negativa
521 1627 615 1658 illius.
639 1627 705 1658 Stat
728 1626 814 1657 enim
842 1627 929 1667 quod
953 1626 1101 1657 voluntas
1133 1633 1260 1656 moveat
1283 1626 1418 1666 seipsam

357 1671 465 1711 quoad
489 1671 626 1712 aliquem
659 1681 755 1702 suum
779 1678 899 1707 actum,
927 1677 958 1701 et
981 1677 1210 1711 consequenter
1238 1680 1348 1700 verum
1380 1670 1419 1701 sit

1473 1450 1574 1481 dicere
1591 1451 1680 1492 quod
1699 1458 1808 1482 movet
1823 1452 1975 1492 seipsam:
2000 1460 2031 1484 et
2046 1460 2152 1484 tamen
2166 1464 2232 1485 non
2255 1461 2382 1486 moveat
2397 1455 2533 1497 seipsam

1473 1494 1580 1535 quoad
1603 1505 1735 1526 omnem
1758 1506 1854 1527 suum
1877 1503 1992 1528 actum.

1524 1539 1575 1569 Ad
1599 1546 1795 1579 praesentem
1819 1550 1892 1580 ergo
1916 1541 2135 1582 quaestionem
2166 1552 2231 1573 non
2254 1542 2388 1583 pertinet
2409 1543 2469 1574 nisi
2491 1554 2533 1574 an
2552 1562 2557 1566 ι

1472 1582 1619 1613 voluntas
1643 1583 1772 1614 reducat
1795 1584 1930 1624 seipsam
1955 1585 1992 1615 de
2016 1586 2157 1624 potentia
2180 1587 2219 1616 ad
2243 1593 2359 1617 actum.
2381 1587 2452 1618 Sive
2471 1587 2533 1618 hoc

1471 1626 1519 1700 {ir
1534 1628 1642 1667 quoad
1669 1628 1824 1668 aliquem,
1860 1628 1924 1659 sive
1951 1630 2059 1670 quoad
2083 1639 2214 1660 omnem
2242 1630 2291 1660 sui
2319 1637 2442 1667 actum,
2467 1631 2533 1662 suf-

1494 1677 1544 1701 clt.

1133 1823 1448 1866 ARTICULUS
1479 1824 1750 1876 QUARTUS

720 1916 874 1946 UTRUM
898 1914 1131 1946 VOLUNTAS
1154 1914 1399 1945 MOVEATUR
1422 1914 1477 1945 AB
1500 1914 1666 1952 ALIQuo
1690 1915 1925 1947 EXTERIORI
1949 1916 2163 1948 PRINCIPIO

441 1995 507 2020 Part.
527 1995 544 2026 Ι,
564 2002 608 2027 qu.
628 2001 668 2025 cv,
688 1998 734 2018 art.
747 2001 778 2025 4;
799 2001 843 2025 qu.
862 2000 912 2021 cvr,
932 1997 979 2017 art.
1000 1999 1028 2022 2;
1048 2000 1092 2025 qu.
1112 1999 1161 2021 cx1,
1181 1996 1227 2016 art.
1244 1999 1271 2023 2;
1291 1991 1365 2022 Infra,
1386 1999 1430 2024 qu.
1449 1999 1520 2022 Lxxx,
1540 1996 1587 2018 art.
1611 2000 1637 2023 15
1656 2000 1701 2025 qu.
1721 2000 1775 2024 crx,
1795 1998 1841 2018 art.
1862 2001 1885 2024 2,
1905 1995 1937 2019 ad
1960 2002 1986 2025 13
2006 1995 2036 2020 111
2061 1996 2138 2021 Cont.
2154 1997 2240 2026 Gent„
2262 2004 2319 2030 cap.
2338 2004 2443 2029 mnu

895 2028 937 2053 De
952 2027 1042 2057 Ver-it„
1062 2035 1106 2060 qu.
1120 2035 1179 2056 xxn,
1199 2032 1245 2052 art.
1264 2034 1295 2060 9;
1316 2027 1357 2052 De
1375 2027 1458 2056 Malo,
1477 2035 1522 2060 qu.
1540 2035 1580 2059 V13
1601 2027 1724 2058 Quodlib.
1738 2028 1756 2059 1,
1775 2036 1820 2061 qu.
1839 2036 1873 2060 iv,
1892 2034 1939 2055 art.
1959 2037 1984 2055 2.

384 2142 445 2183 ks(
471 2149 524 2173 st<
547 2138 585 2162 D
606 2137 777 2168 QUARTUM
798 2136 850 2161 s1c
870 2135 1109 2161 PRocEDrrUR.
1129 2123 1288 2160 Videtur
1307 2124 1411 2172 quod

377 2159 538 2246 ’ςῇΞέ
562 2179 739 2216 voluntas
767 2190 846 2214 non
879 2184 1080 2214 moveatur
1108 2177 1156 2213 ab
1195 2176 1320 2225 aliquo
1351 2188 1413 2213 ex-

370 2234 373 2240 '
401 2231 410 2242 ”
429 2248 483 2268 ην
535 2230 701 2268 ,teriori
732 2231 862 2267 Motus
901 2229 1002 2266 enim
1028 2229 1234 2267 voluntatis
1264 2237 1319 2266 est
1345 2242 1414 2266 vo-

369 2236 756 2321 Affissffe’sikluntarius.
790 2283 867 2320 Sed
887 2283 933 2319 de
959 2282 1103 2319 ratione
1127 2281 1330 2319 voluntarii
1359 2289 1414 2318 est

354 2338 459 2386 quod
479 2337 525 2374 sit
543 2350 566 2374 a
585 2335 770 2385 principio
794 2334 1008 2382 intrinseco,
1030 2335 1125 2372 sicut
1144 2342 1180 2371 et
1199 2335 1246 2372 de
1270 2334 1413 2372 ratione

354 2390 542 2427 naturalis.
563 2390 655 2426 Non
685 2401 773 2437 ergo
803 2395 931 2425 motus
958 2387 1161 2426 voluntatis
1190 2394 1246 2424 est
1273 2388 1321 2424 ab
1351 2387 1414 2424 ali-

356 2455 432 2492 quo
461 2442 682 2479 extrinseco.

408 2508 443 2533 2.
464 2497 695 2541 PRAETEREA,
715 2494 892 2531 voluntas
911 2493 1132 2530 violentiam
1151 2493 1228 2542 pati
1248 2505 1326 2530 non
1345 2505 1413 2542 po-

354 2556 435 2595 test,
455 2556 497 2585 ut
525 2560 639 2596 supra
657 2547 677 2569 '¹‘
697 2554 892 2584 ostensum
917 2554 982 2583 est.
1013 2547 1090 2583 Sed
1117 2546 1328 2584 violentum
1359 2553 1414 2583 est

354 2602 458 2638 cuius
478 2601 708 2649 principium
737 2606 791 2636 est
816 2605 924 2636 extra
939 2599 969 2636 ³¹⁸.
999 2600 1101 2647 Ergo
1130 2600 1306 2636 voluntas
1335 2611 1413 2636 non

353 2661 477 2703 potest
505 2655 552 2690 ab
581 2653 706 2702 aliquo
737 2652 909 2689 exteriori
938 2651 1097 2689 moveri.

410 2709 443 2745 3.
464 2708 695 2753 PRAETEREA‚
712 2706 817 2755 quod
832 2705 1063 2742 sufficienter
1078 2712 1256 2742 movetur
1270 2705 1318 2741 ab
1333 2717 1411 2741 uno

353 2768 513 2803 motore,
534 2772 612 2796 non
641 2759 781 2807 indiget
809 2758 957 2795 moveri
982 2758 1029 2794 ab
1058 2757 1143 2794 alio.
1174 2758 1251 2795 Sed
1278 2758 1414 2794 volun-

352 2821 408 2850 tas
437 2813 666 2850 sufficienter
694 2819 826 2849 movet
845 2811 1022 2860 seipsam.
1044 2812 1135 2847 Non
1165 2823 1253 2859 ergo
1278 2822 1411 2847 move-

353 2874 412 2903 tur
440 2867 486 2902 ab
516 2866 643 2914 aliquo
673 2864 855 2902 exteriori.

407 2920 480 2956 SED
509 2930 664 2964 CONTRA,
684 2918 861 2955 voluntas
890 2923 1067 2953 movetur
1099 2916 1146 2953 ab
1176 2915 1338 2963 obiecto,
1371 2923 1413 2952 ut

354 2972 493 3008 dictum
515 2979 570 3008 est
582 2971 613 3008 ²¹².
636 2971 712 3008 Sed
733 2971 926 3007 obiectum
943 2969 1149 3006 voluntatis
1177 2976 1301 3018 potest
1329 2981 1411 3005 esse

353 3024 478 3072 aliqua
499 3024 659 3061 exterior
686 3037 745 3060 res
774 3023 900 3060 sensui
918 3022 1124 3072 proposita.
1146 3023 1248 3070 Ergo
1273 3022 1409 3060 volun-

352 3084 408 3113 tas
436 3084 559 3125 potest
586 3077 633 3113 ab
663 3077 788 3126 aliquo
818 3075 992 3113 exteriori
1021 3074 1181 3113 moveri.

407 3130 630 3166 RESPONDEO
650 3141 833 3166 DICENDUM
853 3129 968 3177 quod,
986 3128 1198 3165 secundum
1218 3128 1323 3176 quod
1341 3141 1412 3165 vo-

353 3182 476 3219 luntas
504 3190 683 3219 movetur
701 3182 748 3218 ab
769 3182 931 3228 obiecto,
952 3182 1195 3218 manifestum
1220 3188 1274 3218 est
1307 3181 1412 3230 quod

353 3235 503 3272 moveri
530 3242 654 3284 potest
682 3235 728 3270 ab
749 3235 874 3283 aliquo
905 3234 1087 3271 exteriori.
1123 3234 1199 3271 Sed
1225 3246 1271 3270 eo
1290 3234 1408 3271 modo

353 3300 429 3337 quo
450 3295 628 3324 movetur
646 3295 829 3336 quantum
848 3287 896 3324 ad
917 3287 1133 3323 exercitium
1154 3294 1269 3334 actus,
1286 3286 1411 3324 adhuc

352 3353 507 3378 necesse
537 3348 592 3377 est
618 3352 760 3389 ponere
780 3341 1016 3376 voluntatem
1045 3340 1092 3376 ab
1122 3339 1247 3388 aliquo
1275 3338 1410 3387 princi-

351 3393 415 3442 pio
447 3393 619 3430 exteriori
642 3392 802 3430 moveri.
829 3393 956 3429 Omne
986 3392 1086 3428 enim
1108 3393 1211 3441 quod
1240 3392 1410 3441 quando-

405 3524 431 3555 α)
451 3532 508 3549 cum
529 3525 584 3549 hoc.
603 3539 621 3543 -
639 3532 693 3549 esse
711 3524 782 3556 quod
800 3524 818 3552 Ι,
837 3531 895 3548 cum
916 3523 1000 3547 ceteri.

405 3558 429 3591 ¹3)
449 3560 560 3588 reducit,
579 3574 597 3578 -
616 3560 722 3585 deducit
742 3560 850 3584 codices.
865 3572 883 3577 -
907 3558 956 3582 Pro
975 3559 1033 3582 Hoc
1052 3562 1149 3588 autem,
1172 3559 1207 3583 Et
1234 3559 1281 3583 hoc
1300 3559 1327 3589 F,
1348 3559 1406 3583 Hoc

352 3593 550 3626 ACEGHILpB.

1469 2135 1543 2172 que
1563 2130 1619 2160 est
1647 2135 1762 2172 agens
1782 2124 1820 2162 in
1850 2133 1935 2162 actu
1969 2133 2005 2162 et
2033 2127 2267 2176 quandoque
2286 2128 2326 2165 in
2347 2130 2532 2178 potentia,

1467 2175 1609 2224 indiget
1636 2176 1786 2214 moveri
1819 2177 1867 2214 ab
1896 2177 2023 2227 aliquo
2058 2187 2254 2218 movente.
2284 2181 2532 2220 Manifestum

1467 2236 1524 2266 est
1559 2237 1688 2267 autem
1723 2230 1829 2278 quod
1857 2231 2035 2268 voluntas
2072 2232 2201 2282 incipit
2233 2234 2331 2271 velle
2367 2234 2529 2283 aliquid,

1469 2294 1557 2318 cum
1592 2283 1667 2318 hoc
1696 2287 1712 2303 ²
1740 2283 1844 2331 prius
1873 2296 1953 2321 non
1985 2285 2110 2322 vellet.
2141 2286 2311 2323 Necesse
2348 2295 2404 2324 est
2440 2299 2530 2335 ergo

1468 2335 1573 2382 quod
1602 2335 1649 2371 ab
1670 2334 1796 2383 aliquo
1826 2343 2028 2373 moveatur
2055 2338 2104 2374 ad
2127 2338 2351 2376 volendum.
2373 2340 2423 2376 Et
2450 2340 2530 2389 qui-

1469 2387 1570 2434 dem,
1591 2387 1686 2424 sicut
1714 2388 1855 2425 dictum
1886 2395 1941 2425 est
1954 2388 1987 2436 *‚
2007 2389 2090 2438 ipsa
2117 2398 2250 2428 movet
2277 2391 2456 2441 seipsam,
2475 2393 2532 2431 in·
2557 2409 2568 2418 ·
2582 2409 2635 2431 An.
2650 2409 2759 2438 prumea.

1468 2446 1652 2489 quantum
1671 2453 1740 2489 per
1767 2441 1842 2477 hoc
1874 2441 1980 2489 quod
1999 2443 2081 2479 vult
2107 2443 2238 2491 finem,
2261 2444 2406 2490 reducit
2434 2444 2449 2475 β
2471 2458 2528 2483 se-

1467 2492 1590 2541 ipsam
1619 2493 1668 2530 ad
1686 2493 1896 2531 volendum
1924 2506 1969 2532 ea
1988 2506 2088 2543 quae
2116 2503 2204 2533 sunt
2223 2497 2271 2534 ad
2290 2497 2422 2535 finem.
2443 2499 2531 2536 Hoc

1469 2553 1597 2582 autern
1626 2558 1704 2583 non
1732 2553 1857 2595 potest
1884 2547 2007 2584 facere
2036 2548 2107 2585 nisi
2135 2549 2293 2587 consilio
2313 2550 2528 2588 mediante:

1469 2611 1556 2636 curn
1595 2599 1696 2636 enim
1730 2599 1865 2647 aliquis
1899 2601 1980 2637 vult
2017 2601 2156 2650 sanari,
2191 2602 2322 2652 incipit
2363 2603 2528 2652 cogitare

1467 2651 1666 2700 quomodo
1695 2652 1770 2688 hoc
1798 2653 1980 2702 consequi
2006 2654 2136 2702 possit,
2163 2662 2199 2692 et
2225 2667 2295 2704 per
2321 2656 2436 2693 talem
2466 2669 2528 2694 co-

1467 2704 1686 2752 gitationem
1720 2705 1894 2753 pervenit
1930 2706 1980 2743 ad
2007 2707 2082 2743 hoc
2110 2708 2214 2756 quod
2241 2715 2367 2757 potest
2403 2709 2528 2747 sanari

1466 2770 1535 2806 per
1571 2757 1782 2806 medicum,
1813 2766 1849 2795 et
1876 2759 1950 2795 hoc
1977 2760 2069 2796 vult.
2101 2760 2177 2798 Sed
2207 2761 2295 2810 quia
2323 2773 2402 2798 non
2430 2774 2529 2799 sem-

1466 2822 1535 2859 per
1563 2810 1761 2847 sanitatem
1795 2818 1880 2848 actu
1907 2812 2037 2860 voluit,
2068 2825 2224 2850 necesse
2258 2821 2314 2851 est
2341 2815 2446 2863 quod
2474 2815 2529 2852 in-

1468 2863 1609 2912 ciperet
1643 2868 1659 2891 Υ
1693 2864 1789 2901 velle
1827 2864 1974 2911 sanari,
2014 2865 2140 2913 aliquo
2176 2874 2369 2904 movente.
2404 2868 2454 2904 Et
2494 2867 2526 2905 si

1466 2916 1621 2965 quidem
1654 2916 1735 2965 ipsa
1770 2925 1944 2954 moveret
1981 2917 2146 2967 seipsam
2174 2917 2188 2941 ὅ
2216 2920 2265 2956 ad
2291 2920 2524 2967 volendum,

1466 2969 1693 3017 oportuisset
1725 2970 1830 3017 quod
1867 2970 2059 3007 mediante
2095 2971 2251 3008 consilio
2285 2973 2360 3009 hoc
2388 2981 2525 3021 ageret,

1467 3034 1511 3058 ex
1547 3022 1672 3071 aliqua
1708 3023 1903 3059 voluntate
1940 3024 2239 3074 praesupposita.
2277 3025 2363 3061 Hoc
2397 3033 2526 3063 autem

1466 3086 1544 3111 non
1573 3083 1628 3112 est
1646 3075 1854 3123 procedere
1882 3075 1921 3113 in
1939 3076 2140 3114 infinitum.
2161 3077 2272 3114 Unde
2294 3089 2451 3115 necesse
2471 3085 2527 3116 est

1465 3140 1607 3176 ponere
1642 3128 1746 3177 quod
1774 3128 1813 3166 in
1840 3128 2008 3178 primum
2041 3136 2190 3166 motum
2218 3130 2424 3168 voluntatis
2455 3143 2525 3169 vo-

1465 3181 1586 3218 luntas
1623 3181 1784 3230 prodeat
1810 3186 1822 3203 ⁸
1851 3193 1896 3218 ex
1927 3181 2102 3219 instinctu
2139 3182 2295 3220 alicuius
2333 3182 2525 3221 exterioris

1464 3234 1666 3281 moventis,
1685 3241 1728 3271 ut
1750 3233 1969 3271 Aristoteles
1998 3235 2188 3273 concludit
2208 3235 2247 3272 in
2266 3236 2436 3285 quodam
2465 3247 2524 3273 ca-

1463 3286 1582 3335 pitulo
1610 3287 1766 3324 Ethicae
1791 3286 2020 3323 Eudemicae
2038 3286 2068 3324 ²¹⁵.

1517 3341 1575 3376 Ao
1604 3351 1740 3377 ramum
1768 3351 1866 3376 ERGO
1885 3350 2070 3377 DICENDUM
2098 3341 2202 3389 quod
2223 3340 2270 3378 de
2289 3341 2435 3379 ratione
2453 3353 2522 3379 vo-

1463 3391 1612 3429 luntarii
1641 3399 1696 3429 est
1731 3391 1836 3440 quod
1863 3392 2092 3442 principium
2129 3393 2209 3431 eius
2237 3394 2283 3431 sit
2310 3393 2427 3431 intra:
2456 3394 2524 3432 sed

1514 3524 1539 3557 γ)
1556 3524 1690 3555 inciperet.
1699 3538 1718 3542 -
1730 3523 1822 3554 incipit
1833 3524 1861 3553 B,
1882 3523 1993 3555 incipiat
2004 3524 2034 3548 K.
2047 3538 2066 3542 —
2080 3525 2130 3549 Pro
2139 3524 2236 3557 aliquo,
2251 3524 2284 3549 ab
2299 3525 2388 3557 aliquo
2398 3525 2454 3549 Psss
2465 3530 2523 3550 eta.

1514 3558 1538 3590 ὃ)
1559 3562 1675 3583 moveret
1692 3559 1815 3589 seipsam.
1834 3572 1852 3576 -
1870 3565 1897 3583 se
1918 3562 2034 3584 moveret
2052 3560 2081 3589 E,
2100 3566 2128 3584 se
2143 3562 2228 3584 movet
2247 3560 2332 3584 ceteri.

1513 3596 1534 3626 ε)
1552 3594 1676 3625 prodeat.
1695 3608 1712 3612 —
1726 3594 1858 3625 procedat
1876 3594 1929 3618 ΕΚ.

2551 3298 2563 3310 ⁵
2577 3297 2628 3320 Lib.
2643 3297 2696 3326 vu,
2711 3304 2771 3327 cape

2552 3330 2600 3352 ιη,
2615 3330 2640 3348 n.
2653 3330 2682 3348 ιο
2696 3330 2749 3354 eqo
