2852 4152
345 221 393 256 62

977 226 1241 272 QUAEST1o
1270 226 1339 272 v1‚
1368 206 1662 262 ARTICULus
1690 226 1772 271 vn,
1800 225 1885 261 v111

1125 360 1440 402 ARTICULUS
1471 351 1736 401 SEPTIMUS

865 453 1020 483 UTRUM
1045 451 1419 483 CONCUPISCENTIA
1446 451 1615 482 CAUSET
1640 450 2001 481 INVOLUNTARIUM

1271 529 1302 553 111
1323 528 1416 558 Ethic„
1437 529 1494 553 lect.
1512 536 1539 559 11,
1557 535 1592 553 zv.

383 632 446 675 χρὴ»
468 636 525 669 &sa
562 630 584 656 D
605 630 783 655 SEP‘erUM
801 629 854 654 stc
873 628 1110 654 paoeemrua.
1126 615 1282 652 Videtur
1300 615 1405 663 quod

378 651 542 738 fsffssffi
563 670 866 719 concupiscentia
915 677 1043 705 causet
1095 668 1403 704 involuntarium.

369 726 373 732 '
400 722 405 730 ’
429 739 483 758 *r
547 721 554 728 ¹
592 724 650 759 icu
695 723 754 759 eni
824 729 947 758 metus
968 729 1023 758 est
1072 721 1236 758 uaedam
1293 721 1392 757 assio

356 727 612 814 dfi‘igbrzKla
641 731 676 812 ett
703 734 1016 823 cortirciupiscentia.
1039 734 1115 810 {led
1134 733 1407 810 metuspcausai

348 827 638 876 quodammodo
666 827 973 864 involuntarium.
1003 827 1105 874 Ergo
1135 827 1247 863 etiam
1267 838 1405 862 concu—

347 880 538 930 piscentia.
914 893 916 895 ¹

403 945 438 970 2.
467 934 704 979 PRAETEREA,
734 931 830 967 sicut
855 944 924 980 per
950 931 1128 968 timorem
1155 931 1308 968 timidus
1332 931 1406 979 agit

349 993 478 1022 contra
505 985 543 1022 id
571 985 675 1032 quod
701 985 953 1032 proponebat,
983 984 1033 1021 ita
1059 984 1295 1021 incontinens
1318 996 1406 1032 pro-

345 1046 430 1086 pter
462 1037 820 1085 concupiscentiam.
858 1037 935 1073 Sed
971 1037 1084 1073 timor
1120 1037 1246 1084 aliquo
1285 1037 1404 1073 modo

347 1097 476 1127 causat
501 1090 810 1127 involuntarium.
840 1091 941 1138 Ergo
970 1097 1007 1126 et
1034 1090 1350 1138 concupiscentia.

402 1144 435 1179 3.
456 1144 694 1190 PRAETEREA,
715 1143 763 1179 ad
781 1142 1041 1180 voluntarium
1061 1142 1259 1190 requiritur
1279 1142 1404 1190 cogni-

344 1195 408 1232 tio.
445 1195 522 1232 Sed
556 1195 859 1244 concupiscentia
893 1196 1100 1243 corrumpit
1129 1195 1403 1242 cognitionem:

109 1256 259 1303 'sfgffigcq-
274 1256 318 1303 1⁶4-
347 1249 434 1285 dicit
462 1249 563 1286 enim
583 1249 850 1297 Philosophus,
871 1249 909 1285 in
928 1249 978 1285 VI
998 1248 1117 1284 Ethic.
1133 1247 1165 1294 ²¹⁶,
1186 1247 1290 1295 quod
1310 1248 1405 1284 dele-

253 1298 258 1304 ’
299 1298 304 1303 '
346 1302 468 1347 ctatio,
485 1302 564 1339 sive
585 1301 890 1351 concupiscentia
910 1300 1179 1347 delectationis,
1200 1302 1408 1349 corrumpit

344 1355 636 1392 aestimationem
676 1355 910 1402 prudentiae.
954 1355 1056 1402 Ergo
1099 1354 1405 1403 concupiscentia

346 1415 474 1444 causat
500 1407 809 1444 involuntarium.

399 1461 473 1497 SED
502 1467 647 1497 CONTR'A
674 1472 740 1497 EST
767 1459 872 1509 quod
895 1461 1159 1497 Damascenus
1179 1460 1265 1497 dicit
1283 1460 1320 1497 *z
1340 1462 1405 1497 In-

343 1513 597 1550 voluntarium
630 1519 682 1550 est
713 1513 970 1550 misericordia
1001 1513 1062 1550 vel
1093 1513 1323 1563 indulgentia
1351 1515 1405 1550 di-

342 1578 475 1616 gnum,
496 1572 532 1603 et
547 1578 633 1603 cum
652 1566 797 1604 tristitia
816 1566 955 1616 agitur.
974 1566 1050 1604 Sed
1070 1574 1247 1604 neutrum
1263 1567 1402 1604 horum

344 1620 526 1668 competit
539 1619 573 1656 ei
588 1619 692 1668 quod
706 1631 774 1668 per
789 1619 1134 1669 concupiscentiam
1150 1620 1280 1667 agitur.
1302 1621 1403 1668 Ergo

345 1673 650 1722 concupiscentia
677 1685 755 1710 non
784 1681 913 1710 causat
939 1673 1247 1710 involuntarium.

397 1727 621 1763 RESPONDEO
650 1737 834 1763 DlCENDUM
862 1726 968 1774 quod
996 1725 1300 1776 concupiscentia
1325 1738 1404 1763 non

345 1786 473 1816 causat
500 1779 808 1826 involuntarium,
838 1779 905 1817 sed
925 1779 1045 1827 magis
1070 1779 1157 1816 facit
1175 1779 1317 1827 aliquid
1335 1792 1405 1817 vo-

343 1832 558 1869 luntarium.
596 1832 742 1869 Dicitur
774 1832 875 1869 enim
904 1832 1044 1882 aliquid
1071 1832 1329 1870 voluntarium
1358 1845 1403 1869 ex

345 1896 390 1922 eo
407 1886 511 1933 quod
526 1886 703 1922 voluntas
716 1885 755 1922 in
769 1885 807 1922 id
825 1886 951 1923 fertur.
968 1887 1042 1923 Per
1057 1886 1404 1934 concupiscentiam

345 1946 472 1975 autem
500 1939 677 1975 voluntas
704 1938 904 1975 inclinatur
927 1939 976 1976 ad
993 1939 1204 1976 volendum
1234 1938 1271 1975 id
1301 1939 1404 1988 quod

345 1991 621 2040 concupiscitur
640 1996 668 2028 ⁴².
685 1992 734 2027 Et
751 1991 838 2028 ideo
858 1991 1163 2040 concupiscentia
1181 1991 1300 2039 magis
1320 1992 1406 2028 facit

344 2045 392 2082 ad
412 2045 486 2081 hoc
506 2044 610 2092 quod
630 2044 772 2093 aliquid
800 2044 846 2080 sit
871 2044 1142 2091 voluntarium,
1163 2056 1280 2092 quam
1301 2044 1405 2093 quod

345 2097 390 2135 sit
416 2097 726 2134 involuntarium.

397 2152 455 2187 AD
484 2162 621 2187 prunum
649 2161 747 2187 ERGO
780 2161 964 2187 DICENDUM
993 2149 1099 2198 quod
1132 2149 1247 2186 timor
1275 2157 1330 2186 est
1358 2149 1406 2186 de

345 2204 459 2251 malo,
490 2203 794 2252 concupiscentia
822 2210 950 2239 autem
970 2202 1119 2251 respicit
1137 2203 1296 2240 bonum.
1324 2203 1407 2239 Ma-

345 2257 424 2294 lum
452 2264 580 2293 autem
609 2256 822 2293 secundum
841 2268 892 2292 ,se
921 2255 1169 2292 contrariatur
1198 2255 1405 2302 voluntati,

204 1993 221 2009 α

1458 615 1526 652 sed
1555 616 1700 651 bonurn
1721 623 1776 652 est
1793 616 1977 665 voluntati
2005 628 2231 653 consonum.
2260 616 2372 653 Unde
2397 618 2517 666 magis

1458 679 1499 703 se
1513 668 1629 704 habet
1641 667 1755 704 timor
1769 668 1819 705 ad
1830 669 2064 706 causandum
2083 668 2379 706 involuntarium
2399 682 2516 718 quam

1458 719 1774 768 concupiscentia.

1511 774 1570 809 AD
1612 784 1801 810 SECUNDUM
1839 785 2022 811 meramnum
2057 775 2161 823 quod
2197 774 2236 812 in
2273 787 2320 812 eo
2353 774 2416 823 qui
2448 787 2517 823 per

1459 833 1603 862 metum
1633 825 1771 873 aliquid
1798 825 1883 873 agit,
1904 834 2033 863 manet
2051 827 2296 876 repugnantia
2314 827 2517 865 voluntatis

1459 879 1507 915 ad
1535 878 1574 915 id
1602 878 1707 927 quod
1735 878 1865 926 agitur,
1895 879 2106 916 secundum
2135 880 2240 928 quod
2267 880 2306 917 in
2334 893 2374 918 se
2395 880 2516 917 consi-

1459 931 1621 968 deratur.
1653 931 1729 968 Sed
1748 931 1786 967 in
1807 943 1852 967 eo
1881 931 1947 979 qui
1973 931 2048 978 agit
2076 932 2217 980 aliquid
2244 945 2312 981 per
2340 933 2518 981 concupi-

1458 984 1653 1031 scentiam,
1683 984 1778 1020 sicut
1806 991 1860 1021 est
1879 984 2128 1032 incontinens,
2157 997 2236 1022 non
2263 994 2392 1022 manet
2414 986 2518 1034 prior

1457 1038 1647 1083 voluntas,
1668 1048 1743 1085 qua
1762 1036 1986 1084 repudiabat
2004 1036 2094 1074 illud
2108 1037 2215 1084 quod
2230 1038 2516 1087 concupiscitur,

1459 1090 1527 1126 sed
1555 1097 1723 1125 mutatur
1740 1089 1789 1125 ad
1808 1089 2019 1126 volendum
2039 1089 2078 1126 id
2098 1091 2202 1138 quod
2221 1090 2325 1139 prius
2344 1091 2518 1140 repudia-

1459 1143 1533 1179 bat.
1554 1143 1603 1178 Et
1616 1142 1704 1178 ideo
1719 1141 1825 1190 quod
1839 1153 1908 1190 per
1922 1149 2068 1178 metum
2082 1142 2213 1189 agitur,
2229 1143 2517 1192 quodammodo

1459 1203 1515 1231 est
1539 1195 1853 1231 involuntarium:
1875 1195 1943 1231 sed
1961 1195 2066 1243 quod
2085 1207 2153 1243 per
2172 1196 2518 1244 concupiscentiam

1458 1248 1597 1296 agitur,
1627 1248 1730 1285 nullo
1763 1247 1894 1285 modo.
1929 1249 2033 1284 Nam
2070 1247 2308 1285 incontinens
2341 1248 2521 1296 concupi-

1458 1301 1622 1338 scentiae
1659 1301 1734 1349 agit
1766 1309 1897 1337 contra
1924 1301 1960 1338 id
1990 1298 2094 1349 quod
2128 1301 2231 1350 prius
2258 1302 2518 1350 proponebat,

1458 1367 1537 1391 non
1556 1361 1684 1391 autem
1710 1362 1840 1390 contra
1859 1354 1897 1390 id
1917 1354 2022 1402 quod
2041 1367 2143 1391 nunc
2161 1354 2258 1391 vult:
2278 1354 2345 1391 sed
2365 1353 2519 1391 timidus

1459 1408 1533 1456 agit
1552 1415 1682 1444 contra
1701 1407 1738 1444 id
1757 1407 1863 1455 quod
1884 1407 1996 1444 etiam
2015 1419 2117 1444 nune
2132 1407 2346 1444 secundum
2366 1419 2406 1443 se
2425 1408 2516 1444 vult.

1510 1463 1569 1498 AD
1588 1472 1748 1498 TERTmM
1762 1472 1946 1497 memnon
1965 1462 2082 1508 quod,
2098 1460 2129 1497 si
2143 1459 2450 1509 concupiscentia
2462 1467 2519 1496 to-

1457 1514 1578 1551 taliter
1597 1513 1852 1561 cognitionem
1872 1514 2044 1560 auferret,
2075 1513 2169 1550 sicut
2194 1512 2374 1560 contingit
2390 1513 2430 1549 in
2447 1512 2518 1549 illis

1458 1567 1522 1615 qui
1549 1575 1705 1615 propter
1733 1565 2080 1615 concupiscentiam
2113 1567 2211 1603 fiunt
2237 1573 2426 1612 amentes,
2460 1577 2518 1602 se-

1457 1627 1635 1668 queretur
1662 1620 1766 1668 quod
1794 1619 2099 1667 concupiscentia
2128 1618 2387 1655 voluntarium
2413 1619 2519 1654 tolle-

1457 1680 1523 1710 ret.
1553 1674 1637 1709 Nec
1665 1680 1792 1709 tamen
1819 1672 1971 1720 proprie
1991 1679 2090 1708 esset
2117 1671 2169 1708 ibi
2197 1670 2516 1708 involuntarium:

1457 1726 1546 1774 quia
1565 1726 1603 1762 in
1622 1725 1679 1762 his
1698 1737 1797 1774 quae
1817 1737 1930 1761 usum
1950 1724 2105 1771 rationis
2124 1736 2203 1761 non
2219 1725 2374 1771 habent,
2391 1735 2518 1771 neque

1457 1779 1712 1816 voluntarium
1737 1786 1793 1815 est
1812 1790 1937 1826 neque
1965 1777 2272 1814 involuntarium.
2303 1777 2380 1814 Sed
2401 1788 2519 1826 quan-

1457 1832 1584 1881 doque
1612 1832 1651 1868 in
1678 1830 1735 1868 his
1755 1843 1852 1880 quae
1871 1843 1939 1879 per
1967 1829 2313 1879 concupiscentiam
2345 1837 2518 1878 aguntur,

1457 1898 1535 1922 non
1554 1884 1715 1921 totaliter
1733 1884 1871 1921 tollitur
1890 1884 2065 1931 cognitio,
2086 1883 2177 1931 quia
2195 1895 2274 1920 non
2293 1882 2432 1920 tollitur
2450 1894 2519 1931 po-

1457 1945 1570 1975 testas
1586 1937 1858 1985 cognoscendi3
1874 1937 1942 1973 sed
1958 1937 2082 1973 solum
2097 1936 2350 1973 consideratio
2364 1935 2520 1973 actualis

1457 1991 1496 2028 in
1523 1990 1736 2039 particulari
1764 1989 1902 2037 agibili.
1923 1990 1971 2026 Et
1990 1997 2118 2027 tamen
2137 1990 2211 2026 hoc
2230 1989 2358 2038 ipsum
2378 1996 2434 2025 est
2450 2001 2521 2026 vo-

1458 2043 1681 2090 luntarium,
1719 2042 1930 2079 seeundum
1964 2042 2070 2090 quod
2095 2041 2354 2079 voluntarium
2387 2041 2522 2078 dicitur

1459 2095 1563 2145 quod
1592 2103 1648 2132 est
1666 2095 1705 2132 in
1723 2102 1908 2144 potestate
1934 2094 2152 2141 voluntatis,
2181 2102 2223 2131 ut
2247 2105 2327 2131 non
2352 2105 2464 2142 agere
2482 2101 2522 2130 et

1458 2161 1537 2186 non
1567 2149 1687 2194 velle,
1721 2147 1890 2184 similiter
1921 2154 2049 2184 autem
2078 2154 2115 2183 et
2143 2158 2222 2184 non
2257 2146 2519 2184 considerare:

1457 2209 1582 2250 potest
1611 2201 1712 2238 enim
1741 2194 1918 2239 volun'tas
1936 2199 2104 2249 passioni
2124 2199 2306 2247 resistere,
2326 2207 2368 2236 ut
2386 2198 2521 2237 infra*

1460 2254 1615 2291 dicetur.

401 2372 428 2404 α)
447 2371 651 2403 concupiscitur.
668 2385 688 2390 -
705 2370 866 2403 concupiscit
883 2371 930 2395 Pa.

1275 2429 1369 2436 mm

1121 2496 1437 2539 ARTICULUS
1467 2493 1739 2539 OCTAVUS

918 2582 1074 2613 UTRUM
1097 2581 1367 2613 IGNORANTIA
1386 2579 1556 2611 CAUSET
1580 2577 1944 2610 INVOLUNTARIUM

765 2652 838 2683 Infra,
858 2660 903 2685 qu.
922 2659 1003 2683 Lxxvt,
1023 2657 1069 2676 art.
1091 2651 1117 2683 3;
1137 2652 1157 2676 11
1177 2651 1260 2680 sent„
1280 2651 1339 2675 dist.
1357 2657 1438 2680 unx,
1457 2657 1502 2682 qu.
1519 2657 1536 2679 1,
1556 2653 1602 2674 art.
1620 2656 1638 2678 ι,
1657 2649 1689 2673 ad
1707 2656 1737 2680 4;
1757 2648 1815 2673 dist.
1834 2655 1903 2678 me,
1923 2652 1969 2672 art.
1987 2655 2004 2677 1,
2024 2647 2056 2672 ad
2077 2646 2103 2678 33

1071 2687 1113 2712 De
1130 2686 1222 2715 Malo„
1243 2693 1287 2719 qu.
1304 2693 1343 2716 m,
1362 2690 1410 2712 art.
1428 2684 1457 2715 8;
1477 2685 1508 2710 111
1527 2684 1622 2714 Ethtc„
1641 2684 1699 2709 lect.
1718 2691 1735 2713 1,
1754 2691 1792 2709 m.

385 2800 406 2829 „3
431 2796 443 2822 ν(
465 2807 516 2824 ,Ιχ
557 2791 580 2815 n
600 2789 771 2815 οοτΑνυΜ
791 2789 844 2814 sm
863 2787 1102 2814 PROCEDtTUR.
1122 2774 1281 2812 Videtur
1300 2773 1406 2822 quod

475 2821 535 2892 ῑῇη
558 2831 766 2879 ignorantla
781 2842 859 2867 non
875 2836 1004 2866 causet
1017 2827 1327 2866 involuntarium.
1342 2827 1406 2864 In-

364 2886 386 2930 '1
422 2875 811 2922 vsvoluntarium
844 2883 945 2920 enim
978 2883 1128 2919 veniam
1157 2886 1337 2926 meretur,
1365 2886 1407 2917 ut

400 2912 498 2972 (⁷433)
512 2926 546 2973 K
557 2939 821 2974 Damascenus
841 2935 929 2973 dicit
947 2935 978 2972 ²¹².
995 2936 1074 2972 Sed
1091 2933 1282 2971 interdurn
1302 2931 1407 2982 quod

129 2946 231 2968 DeFide
242 2947 301 2968 Orth

110 2973 318 3001 ¹b'¹¹’⁰⁸¹''¹¹¹v'
346 3002 414 3038 per
450 2990 700 3038 ignorantiam
738 2989 878 3038 agitur,
911 2988 1065 3042 veniam
1104 2999 1183 3024 non
1219 2993 1406 3031 meretur;

135 3052 182 3074 Ver
197 3068 202 3073 -
217 3052 252 3081 38-
348 3043 558 3080 secundum
586 3043 677 3081 illud
697 3044 711 3079 I
731 3043 782 3079 ad
804 3043 890 3079 Cor.
914 3054 975 3078 xiv
994 3041 1035 3078 *z
1064 3041 1107 3077 Si
1127 3040 1209 3088 quis
1236 3040 1406 3088 ignorat,

348 3096 596 3145 ignorabitur.
634 3097 736 3143 Ergo
773 3095 983 3143 ignorantia
1019 3106 1098 3131 non
1136 3100 1264 3130 causat
1299 3092 1407 3130 invo-

347 3148 563 3186 luntarium.

403 3213 437 3238 2.
468 3202 704 3247 PRAETEREA‚
735 3212 851 3237 omne
878 3207 1079 3248 peccatum
1108 3205 1163 3236 est
1191 3210 1278 3236 curn
1302 3197 1408 3245 igno—

111 3263 250 3285 ·Vers·22·
350 3253 486 3300 rantia;
521 3252 851 3290 secundum'illud
878 3254 992 3290 Prov.
1018 3265 1078 3289 xw
1101 3252 1136 3289 *z
1164 3253 1311 3289 Errant
1342 3250 1408 3298 qui

348 3312 551 3355 operantur
578 3306 732 3343 malum.
763 3305 802 3342 Si
829 3305 939 3352 igitur
962 3305 1171 3353 ignorantia
1195 3304 1407 3341 involunta-

349 3359 445 3396 rium
480 3367 623 3406 causet,
663 3365 882 3407 sequeretur
914 3359 1018 3407 quod
1056 3370 1171 3394 omne
1208 3364 1407 3406 peccatum

349 3420 447 3449 esset
477 3412 784 3449 involuntarium.
821 3411 937 3458 Quod
976 3417 1031 3447 est
1067 3418 1197 3447 contra
1233 3409 1408 3458 Augusti-

404 3543 431 3577 α)
452 3551 512 3575 qua.
530 3557 548 3562 -
566 3543 628 3576 quia
647 3542 817 3575 ADEFIpBC.

1459 2785 1554 2810 num
1581 2772 1771 2810 dicentem
1785 2771 1805 2794 ²⁸
1825 2772 1929 2820 quod
1956 2783 2068 2809 omne
2087 2776 2287 2819 peccatum
2314 2777 2369 2810 est
2389 2771 2521 2810 volun-

1459 2826 1610 2862 tarium.

1515 2879 1550 2916 3.
1571 2879 1804 2925 PRAETEREA,
1824 2876 2118 2914 involuntarium
2133 2888 2218 2914 cum
2238 2877 2383 2915 tristitia
2401 2882 2465 2923 est,
2474 2884 2523 2915 ut

1461 2932 1724 2968 Damascenus
1739 2931 1825 2968 dicit
1833 2930 1864 2966 ²⁸.
1878 2930 1956 2967 Sed
1970 2929 2161 2979 quaedam
2175 2929 2392 2978 ignoranter
2405 2941 2521 2977 agun-

1460 2991 1532 3031 tur,
1553 2991 1589 3021 et
1607 2983 1689 3020 sine
1708 2983 1867 3020 tristitia:
1896 2990 1988 3031 puta
2006 2982 2038 3020 si
2055 2982 2188 3031 aliquis
2211 2981 2350 3020 occidit
2367 2982 2519 3019 hostem

1461 3049 1578 3086 quem
1606 3036 1752 3085 quaerit
1780 3035 1964 3082 occidere,
1990 3043 2126 3084 putans
2154 3034 2327 3073 occidere
2348 3046 2519 3072 cervum.

1461 3091 1562 3138 Ergo
1591 3089 1801 3138 ignorantia
1828 3101 1907 3126 non
1935 3095 2064 3126 causat
2090 3087 2438 3125 involuntatarium.
2476 3118 2478 3122 ,
2520 3119 2522 3121 .

1516 3144 1590 3180 SED
1619 3153 1764 3180 CONTRA
1792 3153 1858 3179 EST
1885 3141 1992 3189 quod
2015 3141 2279 3178 Damascenus
2298 3139 2318 3162 *
2338 3147 2374 3177 et
2392 3139 2520 3178 Philo·-

1461 3196 1605 3244 sophus
1622 3196 1642 3216 *
1663 3195 1801 3241 dicunt,
1821 3194 1929 3242 quod
1946 3193 2240 3231 involuntarium
2260 3193 2450 3241 quoddam
2467 3197 2521 3230 est

1455 3260 1528 3297 per
1555 3247 1822 3298 ignorantiam.

1515 3303 1739 3338 RESPONDEO
1758 3310 1943 3337 memnon
1962 3298 2067 3347 quod
2080 3297 2290 3346 ignorantia
2302 3298 2419 3335 habet
2433 3309 2519 3334 cau-

1460 3367 1542 3392 sare
1557 3352 1853 3391 involuntarium
1869 3363 1915 3388 ea
1929 3351 2073 3388 ratione
2088 3363 2164 3400 qua
2175 3356 2192 3373 ‘²
2201 3351 2326 3400 privat
2339 3350 2519 3398 cognitio-

1461 3420 1562 3454 nem,
1579 3419 1677 3455 quae
1695 3404 1944 3455 praeexigitur
1962 3405 2011 3442 ad
2029 3403 2298 3452 voluntarium,
2312 3410 2354 3440 ut
2371 3415 2486 3452 supra
2500 3403 2521 3424 *

2546 2788 2558 2799 ’
2565 2787 2601 2809 De
2608 2786 2668 2810 Vera
2673 2787 2765 2816 Reliew

2547 2820 2599 2842 cap.
2613 2819 2660 2836 xiv.

2547 2945 2627 2968 ·Loc.

2546 3155 2555 3165 ·
2569 3153 2629 3176 lbid.

2545 3206 2554 3215 '
2569 3205 2644 3228 Euaic.
2658 3205 2699 3227 lib.
2710 3205 2760 3232 111„

2546 3238 2597 3260 cap.
2607 3238 2624 3259 1,
2639 3237 2703 3254 num.
2714 3237 2735 3260 3.
2745 3243 2766 3249 ν

2545 3258 2571 3281 8.
2580 3258 2626 3281 Th.

2640 2945 2680 2967 dt.

2640 3258 2692 3281 lect.
2707 3264 2724 3280 ι.

2546 3418 2555 3427 ”
2569 3418 2623 3439 Art.
2637 3423 2654 3438 1.
