2852 4152
373 229 420 255 20
1077 220 1341 266 QUAESTIO
1371 221 1421 266 II,
1451 222 1745 259 ARTICULUS
1776 222 1827 258 IV

1140 365 1457 422 ARTICULUS
1487 381 1757 432 QUARTUS

827 471 981 502 UTRUM
1004 470 1256 501 BEATITUDO
1281 470 1460 502 HOMINIS
1484 471 1724 503 CONSISTAT
1749 472 1792 502 ΙΝ
1815 472 2072 505 POTESTATE

557 558 588 582 111
609 559 684 583 Cont.
701 560 786 588 Gent„
806 566 860 591 cap.
875 566 942 589 κως
966 558 1107 590 compend.
1126 557 1222 587 Theoi,
1243 562 1308 592 part.
1324 558 1352 589 11,
1372 565 1428 591 cap.
1442 565 1479 589 rx;
1499 559 1542 583 De
1559 558 1664 592 Regim.
1684 559 1810 591 Princip„
1830 559 1873 585 lib.
1888 561 1907 592 Ι,
1926 569 1980 594 cap.
1992 570 2052 593 v·m;
2073 563 2102 588 In
2121 563 2228 594 Matth„
2248 572 2303 597 cap.
2317 573 2342 589 v.

577 669 599 693 D
616 667 787 699 QUARTUM
807 666 859 691 SIC
880 665 1117 690 PROCEDITUR.
1138 653 1297 691 Videtur
1316 654 1421 703 quod

504 736 514 757 χ
577 708 769 746 beatitudo
798 706 975 743 consistat
994 706 1031 742 in
1050 713 1247 754 potestate.
1279 707 1421 744 Omnia

384 763 505 818 ῥῖν’,
515 746 679 798 '⁴enim
699 767 880 808 appetunt
908 758 1101 795 assimilari
1120 760 1216 806 Deo,
1237 768 1419 808 tanquam

420 788 521 848 ξ’·’ἓῖϋ
535 805 707 851 &ultimo
727 812 794 849 fini
823 819 857 848 et
875 811 999 859 primo
1023 811 1221 860 principio.
1252 812 1328 849 Sed
1351 813 1420 849 ho-

364 869 485 906 mines
514 868 577 916 qui
606 867 643 903 in
670 864 917 914 potestatibus
942 871 1039 911 sunt,
1069 872 1224 913 propter
1251 865 1420 902 similitu-

365 922 494 959 dinem
513 918 720 969 potestatis,
741 916 907 954 maxime
926 917 1103 954 videntur
1123 929 1204 954 esse
1225 919 1309 954 Deo
1331 931 1420 955 con-

363 975 525 1010 formes:
554 971 657 1009 unde
693 977 729 1006 et
761 970 799 1006 in
829 969 1020 1018 Scriptura
1054 970 1108 1006 dii
1138 979 1344 1018 vocantur,
1378 979 1420 1007 ut

362 1033 464 1075 patet
482 1025 605 1062 Exod.
626 1035 697 1059 xxn
715 1022 753 1069 ⁹¹⁶,
773 1021 856 1058 Diis
875 1034 950 1058 non
970 1023 1150 1060 detrahes.
1173 1023 1273 1071 Ergo
1294 1023 1330 1060 in
1349 1035 1418 1072 po-

361 1085 492 1115 testate
520 1075 712 1113 beatitudo
742 1074 920 1111 consistit.

1477 654 1563 691 duci
1591 656 1640 692 ad
1669 655 1948 694 ostendendum
1977 659 2084 706 quod
2112 659 2150 696 in
2173 661 2277 697 nullo
2304 661 2532 709 praemisso-

1475 719 1560 744 rum
1589 707 1608 729 *
1637 708 1864 745 exteriorum
1899 710 2090 748 bonorum
2119 713 2311 750 beatitudo
2341 714 2530 751 consistat.

1476 760 1650 806 Quarum
1678 760 1802 809 prima
1831 769 1886 798 est
1913 763 2012 811 quia,
2039 775 2126 800 cum
2146 765 2338 803 beatitudo
2363 766 2410 803 sit
2428 778 2531 803 surn—

1475 825 1582 850 mum
1614 813 1780 850 hominis
1817 814 1982 861 bonum,
2021 827 2099 853 non
2137 818 2363 867 compatitur
2399 831 2530 856 secum

1475 865 1629 913 aliquod
1657 867 1812 903 malum.
1843 867 1986 904 Omnia
2005 875 2131 905 autem
2154 870 2346 918 praedicta
2370 878 2532 919 possunt

1474 918 1634 955 inveniri
1663 926 1698 955 et
1724 919 1763 955 in
1792 919 1902 956 bonis
1931 927 1968 956 et
1995 919 2034 957 in
2055 920 2175 959 malis.
2196 943 2220 950 -
2241 923 2417 960 Secunda
2435 924 2529 960 ratio

1475 978 1530 1007 est
1549 971 1649 1018 quia,
1680 971 1779 1008 cum⁴
1797 972 1844 1009 de
1872 972 2015 1009 ratione
2035 973 2274 1012 beatitudinis
2297 975 2344 1012 sit
2361 976 2467 1024 quod
2486 977 2532 1013 sit

1468 1034 1541 1070 per
1558 1035 1598 1059 se
1623 1023 1828 1071 sufficiens,
1857 1032 1899 1060 ut
1924 1032 2028 1073 patet
2050 1025 2088 1062 in
2109 1027 2122 1062 Ι
2141 1027 2261 1064 Ethic.
2280 1028 2312 1075 ³⁶,
2340 1040 2495 1065 necesse
2514 1034 2530 1058 Υ

1474 1082 1530 1111 est
1555 1075 1671 1123 quod,
1693 1076 1922 1113 beatitudine
1951 1077 2100 1126 adepta,
2130 1079 2276 1116 nullum
2295 1081 2443 1118 bonum
2462 1082 2531 1118 ho-

2560 722 2569 732 ·
2584 721 2611 743 In
2627 725 2669 744 art.
2683 721 2728 744 isto
2748 725 2770 744 et

2560 748 2760 776 praecedentibus.

2557 1041 2569 1052 ⁴
2583 1040 2641 1089 eng.
2656 1046 2696 1068 vn,
2711 1046 2736 1063 n.
2745 1040 2768 1068 6,

2557 1073 2606 1115 zi:
2639 1082 2646 1088 .
2655 1066 2702 1089 Th.
2717 1067 2770 1089 lect.

415 1143 450 1167 2.
479 1131 711 1175 PRAETEREA,
737 1127 927 1164 beatitudo
953 1134 1009 1164 est
1027 1128 1175 1164 bonum
1194 1128 1415 1176 perfectum.
1474 1127 1567 1164 mini
1599 1129 1854 1166 necessarium
1887 1129 1992 1166 desit.
2025 1130 2184 1179 Adeptis
2217 1139 2346 1169 autem
2377 1132 2531 1180 singulis
2651 1129 2668 1155 t

363 1184 440 1220 Sed
473 1181 787 1231 perfectissimum
816 1188 870 1217 est
899 1181 1004 1228 quod
1032 1181 1151 1216 horno
1182 1180 1295 1216 etiam
1325 1180 1417 1217 alios
1472 1180 1783 1228 praemissorum,
1804 1190 1965 1230 possunt
1983 1183 2108 1220 adhuc
2126 1184 2244 1220 multa
2263 1185 2366 1221 bona
2384 1185 2531 1222 homini

220 1248 237 1265 α
361 1248 491 1283 regere
518 1234 637 1284 possit
666 1239 700 1281 α,
731 1233 835 1282 quod
864 1232 1042 1270 convenit
1068 1233 1124 1268 his
1154 1232 1217 1280 qui
1246 1232 1284 1269 in
1310 1241 1417 1282 pote-
1473 1233 1685 1270 necessaria
1706 1234 1849 1281 deesse,
1868 1243 1960 1283 puta
1979 1235 2173 1284 sapientia,
2190 1237 2330 1274 sanitas
2349 1237 2530 1286 corporiS,

360 1289 515 1326 statibus
544 1295 631 1324 sunt
658 1285 857 1323 constituti.
892 1286 994 1333 Ergo
1024 1285 1216 1322 beatitudo
1251 1286 1418 1323 consistit
1473 1293 1508 1322 et
1522 1285 1752 1324 huiusmodi.
1767 1287 1938 1335 —Tertia,
1961 1288 2059 1336 quia,
2082 1300 2170 1326 cum
2190 1290 2382 1328 beatitudo
2403 1290 2450 1327 sit
2463 1291 2531 1327 bo-

359 1341 398 1378 in
426 1347 620 1390 potestate.
1471 1349 1565 1375 num
1584 1339 1806 1388 perfectum,
1823 1349 1868 1376 ex
1888 1341 2118 1378 beatitudine
2137 1354 2216 1379 non
2234 1350 2359 1391 potest
2377 1343 2531 1392 aliquod
2593 1381 2600 1387 ,

415 1395 448 1431 3.
477 1395 714 1438 PRAETEREA,
744 1390 951 1438 beatitudo,
983 1402 1070 1427 curn
1091 1390 1137 1427 sit
1155 1391 1319 1428 maxime
1351 1403 1415 1440 ap·
1472 1392 1617 1429 malum
1637 1392 1746 1429 alicui
1764 1393 1979 1441 provenire.
1997 1394 2111 1441 Quod
2129 1396 2406 1433 nonconvenit
2422 1408 2531 1445 prae-

358 1446 538 1496 petibilis,
569 1444 774 1494 opponitur
803 1443 836 1480 ei
865 1443 971 1492 quod
998 1443 1163 1480 maxime
1192 1451 1247 1480 est
1273 1444 1416 1492 fugien-
1472 1444 1614 1481 missis:
1645 1443 1779 1482 dicitur
1797 1446 1900 1482 enirn
1918 1447 2040 1484 Eccle.
2062 1458 2086 1483 v
2104 1447 2135 1495 ²⁸,
2164 1449 2271 1496 quod
2294 1448 2447 1486 divitiae
2474 1449 2530 1486 in·
2557 1461 2688 1485 ·vm.u.

359 1500 461 1536 dum.
499 1498 576 1535 Sed
604 1497 779 1535 homines
808 1496 974 1533 maxime
1003 1496 1148 1544 fugiunt
1175 1497 1414 1545 servitutem,
1470 1497 1621 1534 terdum
1650 1506 1925 1535 conservantur
1942 1500 1979 1536 in
1999 1500 2142 1537 malum
2162 1501 2306 1538 domini
2324 1502 2402 1546 sui,·
2430 1509 2466 1539 et
2483 1502 2531 1539 si-

358 1552 417 1588 cui
437 1550 720 1600 contraponitur
737 1556 915 1599 potestas.
942 1550 1044 1597 Ergo
1064 1549 1102 1586 in
1120 1557 1305 1599 potestate
1326 1550 1417 1587 bea·
1471 1550 1560 1586 mile
1587 1557 1690 1599 patet
1708 1551 1746 1587 in
1770 1551 1848 1588 aliis
1872 1551 2002 1589 tribus.
2022 1573 2046 1580 -
2069 1553 2214 1599 Quarta
2237 1553 2331 1590 ratio
2361 1562 2416 1591 est
2442 1554 2532 1603 quia

356 1605 476 1642 titudo
505 1603 682 1641 consistit.
1471 1603 1520 1639 ad
1543 1603 1816 1641 beatitudinem
1837 1604 1958 1641 homo
1979 1605 2173 1642 ordinatur
2191 1617 2260 1655 per
2276 1604 2459 1656 principia
2477 1607 2531 1644 in-

412 1658 486 1694 SED
515 1668 680 1702 CONTRA,
710 1655 904 1692 beatitudo
934 1662 989 1692 est
1015 1655 1225 1703 perfectum
1255 1656 1412 1693 bonum.
1469 1656 1622 1692 teriora:
1640 1668 1728 1692 cum
1748 1657 1795 1693 ad
1814 1657 1937 1705 ipsam
1958 1658 2172 1695 naturaliter
2191 1657 2396 1696 ordinetur.
2417 1660 2530 1697 Prae-

359 1710 436 1747 Sed
468 1717 634 1758 potestas
673 1715 727 1745 est
763 1708 930 1745 maxime
968 1708 1198 1756 imperfecta.
1229 1709 1279 1746 Ut
1313 1708 1414 1745 enim
1470 1708 1586 1745 missa
1613 1717 1740 1745 autern
1769 1716 1932 1758 quatuor
1963 1711 2065 1747 bona
2092 1711 2212 1759 magis
2245 1719 2332 1748 sunt
2358 1724 2381 1749 a
2407 1711 2530 1750 causis

117 1775 127 1785 ·
143 1774 216 1796 Pron
231 1780 253 1796 v.
358 1763 446 1800 dicit
474 1763 640 1809 Boetius,
669 1763 717 1797 ΙΙΙ
753 1761 798 1798 de
830 1761 977 1798 Consol.
997 1760 1034 1807 ³⁸,
1056 1766 1220 1809 potestas
1247 1762 1414 1798 humana
1470 1761 1728 1809 exterioribus,
1759 1769 1794 1799 et
1821 1769 1863 1799 ut
1889 1763 2096 1811 plurimum
2125 1775 2147 1801 a
2174 1764 2340 1801 fortuna:
2365 1765 2469 1802 unde
2493 1772 2530 1802 et

217 1819 232 1852 β
355 1815 643 1852 sollicitudinum
686 1826 833 1850 morsus
873 1813 1059 1862 expellere
1091 1812 1125 1861 β,
1159 1815 1413 1861 formidinum
1469 1814 1572 1851 bona
1591 1815 1762 1851 fortunae
1783 1815 1967 1852 dicuntur.
1988 1816 2100 1853 Unde
2118 1823 2222 1865 patet
2239 1817 2346 1865 quod
2363 1817 2402 1855 in
2419 1829 2528 1866 prae—

357 1869 505 1906 aculeos
527 1868 646 1905 vitare
666 1867 799 1915 nequit.
831 1867 879 1903 Et
898 1874 1031 1915 postea
1043 1877 1057 1903 z·
1076 1867 1266 1903 Potentem
1289 1879 1414 1904 censes
1468 1867 1591 1904 missis
1619 1868 1722 1904 nullo
1751 1869 1870 1905 modo
1899 1869 2091 1906 beatitudo
2119 1870 2296 1907 consistit.

356 1922 420 1958 cui
443 1921 613 1958 satellites
641 1920 736 1956 latus
763 1920 951 1965 ambiunt,
981 1919 1047 1967 qui
1072 1931 1164 1967 quos
1187 1925 1308 1965 terret,
1339 1921 1415 1968 ipse
1522 1921 1581 1956 AD
1609 1932 1746 1957 PRIMUM
1765 1932 1863 1958 ERGO
1883 1932 2067 1959 met-:unum
2085 1922 2191 1971 quod
2210 1922 2340 1960 divina
2359 1930 2527 1972 potestas

349 1974 437 2022 plus
464 1973 622 2011 metuit?
650 1973 742 2009 Non
760 1971 869 2020 igitur
889 1971 1082 2009 beatitudo
1104 1972 1271 2008 consistit
1288 1972 1327 2009 in
1346 1985 1414 2022 po—
1471 1980 1526 2009 est
1545 1985 1613 2010 sua
1633 1973 1801 2010 bonitas:
1822 1974 1924 2011 unde
1943 1974 1995 2011 uti
2014 1986 2082 2011 sua
2101 1982 2287 2023 potestate
2305 1986 2385 2013 non
2402 1983 2528 2024 potest

354 2033 497 2063 testate.
1468 2025 1540 2061 nisi
1564 2026 1673 2062 bene.
1703 2026 1779 2063 Sed
1801 2026 1932 2063 hocin
1951 2027 2170 2064 hominibus
2188 2026 2202 2050 δ
2228 2039 2307 2065 non
2324 2028 2525 2066 invenitur.
2649 2033 2665 2058 ὃ

407 2080 631 2115 RESPONDEO
659 2088 843 2115 DICENDUM
873 2077 978 2125 quod
998 2076 1231 2125 impossibile
1252 2084 1307 2113 est
1325 2078 1413 2114 bea·
1469 2077 1581 2114 Unde
1596 2089 1675 2114 non
1693 2078 1830 2115 sufficit
1848 2080 1897 2116 ad
1917 2079 2188 2117 beatitudinem
2208 2080 2372 2117 hominis
2392 2081 2496 2129 quod
2514 2085 2528 2103 ²
2654 2089 2666 2106 ⁸

353 2131 553 2168 titudinem
589 2130 628 2167 in
664 2137 848 2178 potestate
887 2129 1110 2177 consistere,
1139 2138 1295 2178 propter
1322 2130 1412 2167 duo.
1468 2130 1698 2167 assimiletur
1711 2132 1796 2167 Deo
1812 2139 1998 2180 quantum
2013 2133 2061 2169 ad
2076 2139 2314 2181 potestatem,
2327 2132 2398 2170 nisi
2414 2133 2527 2171 etiam

354 2184 484 2221 Primo
500 2183 667 2233 quidem,
683 2183 772 2231 quia
785 2189 953 2230 potestas
972 2182 1087 2219 habet
1106 2182 1292 2219 rationem
1311 2183 1414 2231 prin·
1470 2183 1695 2220 assimiletur
1722 2184 1756 2220 ei
1785 2191 1970 2233 quantum
1998 2185 2047 2222 ad
2075 2186 2295 2224 bonitatem.

116 2249 326 2280 ·s.rn.1901.x1v.
356 2237 453 2286 cipii,
482 2244 523 2273 ut
541 2243 644 2285 patet
667 2235 706 2272 in
724 2236 759 2272 V
777 2236 995 2283 Metaphys.
1017 2236 1037 2256 ¹⁸
1066 2235 1264 2272 Beatitudo
1285 2242 1413 2272 autem
1522 2237 1581 2272 AD
1601 2247 1790 2273 SECUNDUM
1809 2249 1993 2274 DICENDUM
2013 2238 2131 2286 quod,
2147 2238 2243 2276 sicut
2261 2238 2450 2288 optimum
2471 2246 2527 2276 est

114 2276 257 2330 {affiiffb'
280 2276 328 2303 w'
354 2290 469 2327 habet
488 2289 675 2326 rationem
693 2287 815 2325 ultimi
840 2288 938 2325 finis.
959 2309 984 2315 -
1005 2288 1197 2334 Secundo,
1227 2287 1317 2335 quia
1343 2301 1413 2337 po·
1469 2288 1574 2336 quod
1607 2289 1741 2337 aliquis
1772 2297 1898 2326 utatur
1931 2290 2030 2327 bene
2066 2298 2252 2340 potestate
2278 2291 2317 2328 in
2345 2291 2526 2339 regimine

354 2349 467 2379 testas
496 2351 535 2379 se
564 2342 679 2378 habet
707 2341 755 2378 ad
784 2342 931 2378 bonum
961 2347 996 2377 et
1025 2340 1074 2377 ad
1102 2341 1258 2377 malum.
1289 2341 1412 2378 Beati-
1468 2342 1696 2388 multorum,
1726 2342 1776 2379 ita
1802 2342 2013 2391 pessimum
2042 2350 2098 2380 est
2124 2343 2155 2380 si
2183 2344 2283 2381 male
2311 2351 2447 2381 utatur.
2477 2344 2527 2381 Et

354 2395 446 2432 tudo
476 2402 604 2432 autem
635 2402 690 2431 est
717 2393 915 2443 proprium
946 2400 981 2430 et
1008 2394 1219 2442 perfectum
1248 2394 1413 2431 hominis
1469 2394 1520 2431 ita
1546 2401 1713 2443 potestas
1741 2406 1781 2431 se
1808 2395 1925 2432 habet
1947 2402 1983 2432 et
2002 2396 2050 2433 ad
2069 2397 2216 2434 bonum
2236 2404 2272 2434 et
2299 2398 2348 2434 ad
2363 2397 2524 2436 malum.

354 2448 513 2485 bonum.
543 2447 654 2485 Unde
683 2447 802 2495 magis
830 2452 959 2495 posset
987 2446 1191 2483 consistere
1220 2447 1413 2484 beatitudo
1522 2448 1581 2484 AD
1608 2459 1767 2484 TERTmM
1794 2459 1978 2485 DICENDUM
2007 2449 2111 2498 quod
2139 2449 2300 2487 servitus
2328 2457 2384 2487 est
2405 2450 2525 2499 impe-

355 2501 479 2549 aliqua
506 2501 545 2537 in
573 2501 676 2537 bono
704 2512 777 2536 usu
805 2499 1011 2548 potestatis,
1042 2499 1107 2547 qui
1129 2503 1191 2536 'est
1213 2511 1282 2549 per
1298 2500 1415 2537 virtu-
1471 2499 1680 2537 dimentum
1709 2500 1801 2537 boni
1828 2513 1918 2538 usus
1951 2502 2167 2550 potestatis:
2196 2509 2233 2540 et
2260 2502 2348 2540 ideo
2375 2509 2525 2540 natura·

335 2561 442 2600 tem,
472 2565 588 2602 quam
617 2553 655 2590 in
683 2553 764 2602 ipsa
792 2559 987 2601 potestate.
1469 2553 1552 2590 liter
1578 2553 1755 2590 homines
1784 2566 1870 2590 earn
1900 2554 2044 2602 fugiunt
2062 2553 2092 2602 ζ,
2123 2562 2160 2592 et
2177 2566 2255 2592 non
2274 2555 2382 2605 quasi
2400 2555 2439 2592 in
2456 2566 2525 2605 po·
2648 2558 2664 2588 ζ

407 2607 571 2643 Possunt
598 2613 726 2643 autem
756 2613 918 2654 quatuor
947 2605 1142 2653 generales
1171 2605 1334 2642 rationes
1361 2606 1415 2650 in—
1469 2612 1601 2643 testate
1628 2605 1794 2643 hominis
1822 2606 1867 2643 sit
1894 2618 2088 2644 summum
2116 2608 2274 2646 bonum.

407 2756 434 2787 α)
459 2762 551 2788 regere
571 2755 666 2786 possit.
679 2768 698 2774 —
711 2755 799 2786 possit
817 2762 911 2788 cogere
938 2756 978 2779 vel
998 2762 1092 2787 regere
1110 2755 1144 2783 F,
1163 2762 1258 2788 cogere
1279 2755 1366 2787 possit
1384 2756 1411 2783 1,
1520 2754 1545 2788 ὃ)
1565 2755 1720 2781 hominibus.
1734 2769 1753 2775 -
1771 2756 1891 2781 omnibus
1909 2756 2118 2789 ABCDEFLpH.

353 2797 470 2823 congrue
489 2797 581 2822 regere
597 2790 682 2822 possit
700 2791 731 2821 K,
751 2797 868 2823 congrue
883 2790 969 2821 possit
983 2797 1076 2823 regere
1095 2790 1163 2814 PEa.
1520 2791 1541 2823 ε)
1561 2791 1674 2816 hominis
1693 2791 1772 2823 quod.
1790 2805 1809 2810 -
1827 2792 1898 2823 quod
1915 2792 1993 2817 homo
2012 2791 2057 2816 Pa.
2075 2805 2094 2811 -
2111 2792 2226 2817 Eaedem
2245 2796 2306 2825 post
2330 2792 2382 2818 nisi
2404 2792 2526 2818 omittunt

407 2824 432 2858 β)
452 2826 592 2858 expellere.
611 2838 629 2843 —
647 2825 756 2856 explere
774 2825 962 2858 ABCGKLpD.
1465 2826 1554 2851 etiam.

405 2861 431 2894 γ)
451 2868 553 2886 necesse
570 2874 589 2879 —
606 2861 655 2885 hoc
673 2867 775 2885 necesse
793 2861 838 2885 Pa.
1518 2860 1543 2892 ζ)
1557 2861 1678 2895 fugiunt.
1696 2875 1715 2881 -
1733 2861 1870 2896 refugiunt
1888 2862 2116 2887 ABCDFGHIKL.
2133 2875 2153 2881 -
2170 2865 2196 2887 et
2214 2869 2267 2887 om.
2286 2862 2395 2887 codices.

115 2962 324 3009 bggssfflfflrffl,
1023 2949 1355 2982 Commentario,
1377 2949 1629 2982 Cardinalis
1650 2949 1850 2982 Caietani

114 3020 324 3067 {iiiviquiinqi}
382 3045 402 3065 N
425 3035 556 3067 articulo
581 3042 692 3076 quarto
717 3036 793 3066 nihil
818 3037 964 3068 occurrit.
1522 3037 1556 3067 In
1578 3043 1664 3068 sexto
1679 3047 1764 3073 vero,
1782 3037 1946 3077 responsio
1969 3038 2008 3067 ad
2023 3037 2162 3078 primurn
2181 3037 2275 3068 habet
2293 3036 2522 3077 quaestionem,

115 3066 247 3121 ξῧζῗῐξξὲἷ·
260 3072 325 3088 ¹¹¹¹¹¹¹⁹
355 3046 418 3109 Iln
442 3079 553 3120 quinto
570 3086 677 3110 autem
699 3080 899 3120 speculabilia
923 3081 956 3111 in
974 3081 986 3110 I
1006 3081 1095 3112 Parte
1111 3081 1129 3100 *
1150 3081 1302 3112 declarata
1326 3087 1408 3112 sunt.
1466 3091 1547 3121 quae
1569 3081 1601 3111 in
1625 3091 1678 3122 qu.
1695 3091 1734 3118 tv,
1752 3087 1807 3112 art.
1826 3091 1843 3111 2
1860 3081 1886 3118 *,
1912 3081 2098 3112 tractabitur.
2552 3090 2564 3103 ⁸
2577 3090 2748 3115 hcommt.
