2852 4152
203 414 222 439 91

1047 229 1311 276 QUAESTIO
1341 230 1410 275 v1‚
1441 229 1735 266 ART1CULUS
1765 229 1815 264 ιν
2468 228 2512 274 59

402 309 461 345 An
489 320 678 345 SECUNDUM
705 320 888 345 memnon
905 309 1022 357 ‘quod
1054 320 1127 345 non
1155 307 1248 345 velle
1276 307 1407 344 dicitur

351 360 557 410 dupliciter.
586 361 673 398 Uno
702 361 834 408 modo,
864 369 976 409 prout
1003 361 1163 398 sumitur
1181 361 1219 397 in
1237 360 1276 397 vi
1295 361 1405 397 unius

351 413 522 450 dictionis
540 411 566 459 δ,
596 415 807 451 secundum
836 414 942 462 quod
972 422 1026 451 est
1044 414 1273 451 infinitivum
1293 414 1405 450 huius

349 465 457 503 verbi
489 466 587 503 nolo.
622 467 734 503 Unde
770 467 864 503 sicut
892 479 979 503 curn
1009 467 1094 504 dico
1128 467 1231 504 Nolo
1260 466 1403 516 legere,

352 530 484 555 sensus
514 527 588 565 est,
626 519 716 556 Volo
752 532 826 556 non
856 520 1002 569 legere;
1030 520 1080 556 ita
1108 520 1182 556 hoc
1214 519 1319 567 quod
1351 526 1407 556 est

351 583 425 608 non
453 571 547 608 velle
574 572 719 621 legere,
754 572 938 620 significat
969 572 1063 609 velle
1090 584 1163 609 non
1193 572 1328 622 legere.
1359 573 1408 608 Et

351 623 404 660 sie
431 635 510 661 non
531 625 629 661 velle
659 632 787 661 causat
813 625 1119 662 involuntarium.
1140 646 1164 652 -
1184 625 1269 662 Alio
1289 624 1406 661 modo

351 676 511 714 sumitur
537 676 575 714 in
602 677 641 714 vi
670 678 862 715 orationis.
892 679 941 714 Et
966 685 1056 714 tunc
1088 690 1166 714 non
1199 678 1409 714 affirmatur

403 788 428 821 δ)
448 789 526 815 unius
545 790 669 816 dictionis
686 805 705 812 -
723 791 828 816 unionis
847 791 971 816 dictionis
989 791 1182 823 AGLpBCDH,
1201 791 1306 816 unionis
1326 791 1347 820 l,
1367 791 1408 815 di—

350 825 446 850 ctionis
464 826 542 850 unius
560 826 592 850 K.
1432 794 1436 859 i

1460 314 1565 344 actus
1592 307 1807 344 voluntatis.
1837 307 1886 342 Et
1912 311 1923 327 ε
1951 305 2170 343 huiusmodi
2205 318 2282 342 non
2309 307 2405 342 velle
2438 317 2515 341 non

1462 368 1590 397 causat
1617 358 1925 396 involuntarium.

1513 415 1572 450 AD
1599 424 1759 450 TERTiuM
1787 423 1972 449 DICENDUM
1991 411 2097 459 quod
2117 423 2162 446 eo
2183 410 2302 447 modo
2322 410 2518 457 requiritur

1461 466 1509 502 ad
1535 466 1792 502 voluntarium
1823 472 1926 501 actus
1955 463 2189 512 cognitionis,
2217 463 2312 499 sicut
2332 470 2367 498 et
2386 461 2517 498 actusss

1460 518 1681 563 voluntatis;
1701 526 1743 555 ut
1761 517 1900 554 scilicet
1923 517 1968 553 sit
1990 517 2029 553 in
2046 523 2230 565 potestate
2249 515 2405 552 alicuius
2430 527 2517 550 con—

1461 571 1625 608 siderare
1647 579 1682 607 et
1699 571 1795 608 velle
1821 578 1857 606 et
1875 582 1996 618 agere.
2024 571 2073 606 Et
2091 577 2179 605 tunc
2203 569 2298 605 sicut
2320 580 2399 604 non
2420 568 2517 603 velle

1463 631 1499 660 et
1517 636 1594 660 non
1615 636 1736 671 agere,
1759 635 1847 660 cum
1866 631 2015 671 tempus
2034 622 2154 668 fuerit,
2171 629 2226 658 est
2244 620 2516 667 voluntarium,

1459 676 1510 713 ita
1538 676 1650 713 etiam
1679 689 1757 713 non
1786 676 2036 713 considerare.

1514 791 1535 821 ε)
1557 791 1599 814 Et.
1617 803 1637 808 —
1657 790 1710 814 Sed
1728 793 1754 815 et
1773 790 1818 820 sD,
1838 790 1891 815 Sed
1910 790 1996 814 ceteri.

1513 825 1538 857 ζ)
1558 829 1641 850 actus.
1659 839 1678 843 -
1695 825 1813 857 cognitio
1831 825 1861 854 E,
1880 833 1933 849 om.
1952 824 2198 857 ABDFGHIKLpC.

1006 883 1351 938 Commentario.
1372 903 1622 937 Cardinalis
1643 903 1842 936 Caietam

417 1001 488 1022 mea
515 998 634 1023 ceteros
662 992 856 1032 quaestionis
884 992 1032 1022 articulos
1060 1002 1162 1032 usque
1190 992 1229 1022 ad
1260 992 1411 1022 ultimum
1433 990 1436 1016 Ι

355 1002 583 1072 conclusive,
609 1036 687 1066 nihil
710 1036 846 1067 occurrit
868 1035 1079 1066 scribendum.

418 1080 656 1110 Advertendum
679 1087 785 1110 tamen
808 1086 855 1110 est
876 1081 965 1120 quod
988 1080 1096 1110 tertius
1119 1079 1268 1110 articulus
1299 1079 1411 1109 funda-

352 1130 497 1154 mentum
524 1130 570 1154 est
597 1124 770 1154 multarum
798 1123 963 1154 veritatum
988 1134 1062 1154 cum
1085 1124 1123 1154 de
1147 1123 1281 1163 peccatis
1303 1123 1411 1163 dispu-

351 1173 444 1203 tatur,
469 1173 500 1197 et
522 1167 696 1207 specialiter
719 1168 945 1198 omissionum:
970 1167 1054 1197 unde
1078 1174 1108 1198 et
1131 1167 1217 1197 eoin
1240 1167 1318 1197 locis
1341 1177 1412 1208 pro-

352 1211 427 1251 priis
450 1217 586 1241 utemur.
603 1211 807 1251 Singulariter
825 1218 930 1241 tamen
947 1221 1031 1241 nunc
1048 1221 1084 1241 ex
1098 1211 1160 1241 hoc
1175 1211 1307 1242 articulo
1324 1220 1410 1241 com-

352 1255 570 1285 mendandum
598 1262 644 1286 est
670 1255 842 1285 memoriae
870 1255 959 1295 quod
990 1255 1029 1285 ad
1058 1254 1212 1284 rationem
1242 1254 1411 1284 voluntarii

351 1298 500 1328 indirecte
519 1308 585 1329 non
609 1298 723 1329 sufficit
745 1305 884 1337 potestas
906 1298 938 1327 in
962 1298 1124 1328 voluntate
1144 1304 1175 1328 et
1190 1297 1314 1337 negatio
1339 1307 1411 1337 pro-

352 1341 495 1377 visionis,
521 1342 575 1371 sed
599 1348 724 1381 oportet
743 1341 800 1371 tria
819 1350 1016 1371 concurrere:
1037 1341 1153 1371 scilicet
1166 1350 1270 1380 posse,
1288 1341 1409 1376 debere,

353 1391 384 1415 et
405 1394 472 1414 non
494 1384 574 1414 velle
596 1391 651 1415 aut
669 1394 735 1414 non
757 1384 920 1423 imperare.
940 1385 982 1414 Et
999 1390 1165 1424 propterea
1184 1394 1249 1414 non
1269 1384 1350 1414 valet
1366 1394 1412 1413 ar-

351 1427 649 1470 gumentum:-Hoc
672 1427 779 1468 potuit
801 1437 822 1457 a
840 1428 1004 1458 voluntate
1028 1427 1197 1467 prohiberi,
1222 1434 1252 1458 et
1275 1437 1342 1457 non
1366 1434 1412 1457 est

283 1492 292 1493 ff
319 1486 322 1487 ν
340 1466 558 1511 pffiffissitum,
583 1481 657 1511 ergo
681 1478 727 1502 est
748 1471 976 1502 voluntarium.
1000 1471 1042 1502 Et
1056 1471 1118 1501 hoc
1134 1477 1180 1501 est
1194 1471 1284 1501 valde
1301 1477 1413 1501 notan-

351 1513 430 1547 dum
452 1521 582 1555 propter
604 1521 691 1546 actus
714 1515 771 1555 qui
794 1522 870 1546 sunt
892 1516 930 1545 ab
953 1515 1059 1545 anima
1075 1515 1221 1545 sensitiva
1240 1522 1270 1545 et
1285 1524 1414 1554 genera-

348 1557 423 1596 tiva,
441 1566 472 1590 et
487 1568 553 1589 non
565 1568 602 1589 ex
615 1566 782 1599 praecepto
799 1559 990 1590 intellectus:
1006 1565 1133 1599 oportet
1148 1558 1234 1589 enim
1250 1558 1414 1598 diligenter

352 1602 510 1633 attendere
533 1602 559 1632 si
579 1602 679 1639 debet,
704 1610 734 1634 et
757 1603 886 1644 quando
906 1603 998 1634 debet
1019 1602 1184 1643 impedire.

1531 991 1567 1021 ΙΙ.
1593 991 1733 1028 Quartus
1756 1000 1842 1026 vero,
1866 990 1899 1020 in
1923 991 2062 1020 secundo
2086 995 2283 1029 argumento,
2306 988 2416 1019 iuncto
2447 998 2521 1018 suae

1462 1034 1677 1075 responsioni,
1702 1034 1903 1064 occasionem
1925 1034 1978 1064 dat
2002 1033 2182 1074 disputandi
2205 1043 2246 1062 an
2271 1032 2432 1063 obiectum
2451 1043 2520 1063 mo-

1462 1086 1532 1110 veat
1555 1079 1752 1108 voluntatem
1775 1078 1883 1108 active.
1908 1078 1969 1108 Sed
1988 1078 2062 1118 quia
2081 1078 2119 1107 de
2135 1077 2256 1107 motivo
2275 1076 2446 1107 voluntatis
2465 1076 2522 1107 erit

1463 1122 1604 1163 specialis
1628 1121 1771 1162 quaestio
1794 1122 1827 1151 in
1851 1122 1951 1152 littera
1964 1121 1990 1158 *‚
2015 1122 2192 1161 illucusque
2217 1120 2363 1151 differtur.

1530 1166 1581 1197 111.
1610 1166 1721 1197 Sextus
1745 1165 1886 1205 regulam
1909 1165 2000 1195 tradit
2024 1165 2057 1195 in
2079 1163 2253 1195 iudicandis
2275 1164 2374 1200 votis,
2399 1170 2520 1194 contra-

1465 1210 1580 1246 ctibus,
1606 1216 1678 1246 etc„
1707 1209 1795 1239 factis
1823 1219 1859 1239 ex
1882 1216 1969 1239 metu
1998 1209 2093 1239 etiam
2116 1209 2245 1239 cadente
2267 1208 2300 1237 in
2323 1214 2520 1238 constantem

1463 1254 1581 1290 virum;
1607 1254 1684 1284 dum
1708 1253 1816 1283 omnia
1843 1253 2027 1283 huiusmodi
2050 1262 2120 1283 vere
2149 1251 2327 1282 voluntaria
2355 1252 2520 1286 docemur,

1464 1297 1608 1338 quamvis
1625 1297 1743 1337 aliquid
1759 1297 1893 1327 habeant
1907 1296 2111 1327 involuntarii
2127 1296 2310 1326 admixtum.
2324 1298 2371 1326 Ac
2383 1305 2439 1334 per
2450 1295 2520 1330 hoc,

1464 1341 1489 1370 si
1514 1341 1597 1371 mala
1620 1347 1694 1371 sunt
1716 1341 1822 1377 ardua,
1847 1347 1882 1371 ut
1904 1340 2049 1380 periuria,
2074 1339 2231 1376 infamiae,
2256 1346 2286 1370 et
2309 1339 2433 1374 similia,
2453 1348 2522 1378 pec-

1466 1390 1533 1414 cata
1557 1391 1630 1414 sunt
1653 1384 1808 1414 mortalia.

1518 1427 1595 1457 Esto
1611 1434 1717 1457 tamen
1734 1434 1843 1458 cautus
1859 1428 1892 1457 in
1908 1428 2037 1458 materia
2059 1426 2268 1457 matrimonii:
2293 1426 2368 1467 quia
2383 1425 2522 1456 Ecclesia

1465 1471 1534 1501 vult
1556 1471 1644 1511 quod
1660 1481 1726 1500 non
1746 1471 1853 1501 solum
1876 1471 1915 1502 sit
1936 1471 2160 1506 voluntarium,
2186 1471 2240 1500 sed
2263 1470 2355 1510 plene
2377 1469 2522 1500 volunta-

1465 1514 1563 1550 rium,
1589 1521 1624 1544 ut
1645 1514 1678 1544 in
1702 1515 1744 1545 IV
1768 1514 1884 1545 Sent.*
1906 1515 2012 1546 habes.
2036 1514 2285 1555 Compatiuntur
2309 1523 2439 1555 quoque
2462 1512 2522 1543 hu-

1466 1568 1560 1588 mana
1576 1557 1644 1588 iura
1659 1557 1707 1587 his
1723 1568 1805 1598 quae
1820 1564 1908 1588 metu
1923 1557 2013 1594 fiunt,
2032 1558 2207 1589 libertatem
2222 1558 2350 1598 plenam
2372 1557 2521 1593 fovendo,

1467 1612 1533 1632 non
1556 1601 1773 1632 voluntarium
1796 1601 1829 1631 in
1852 1601 1901 1631 his
1924 1602 2080 1641 negando.

1129 1754 1445 1797 ARTICULUS
1476 1754 1747 1807 QUARTUS

912 1848 1067 1879 UTRUM
1090 1847 1327 1879 vioLENTm
1349 1846 1605 1878 VOLUNTATI
1628 1846 1775 1878 possm*
1799 1846 1969 1877 INFERRI

640 1926 707 1952 Part.
726 1927 744 1956 1,
763 1934 808 1959 qu.
827 1933 920 1956 Lxxxn,
938 1931 986 1951 art.
1003 1933 1026 1957 ις
1044 1926 1065 1950 11
1085 1926 1168 1955 Sent„
1188 1925 1246 1950 dist.
1265 1933 1321 1956 xxv,
1340 1929 1387 1950 art.
1408 1932 1435 1955 23

438 2044 447 2054 .
562 2026 584 2050 D
605 2025 777 2057 QUARTUM
797 2027 850 2051 sm
870 2026 1109 2051 paocamrua.
1129 2013 1287 2051 Videtur
1307 2013 1411 2061 quod

403 2076 423 2122 Ἠ
502 2104 525 2126 Ι
561 2067 747 2104 voluntati
761 2067 884 2116 'possit
901 2066 1081 2104 violentia
1108 2066 1244 2103 inferri.
1265 2065 1412 2103 Unum-

413 2121 491 2162 ἓν,
506 2124 534 2158 ‘6
548 2117 742 2171 quodque
772 2120 875 2156 enim
899 2126 1025 2168 potest
1052 2119 1135 2167 cogi
1155 2131 1177 2156 a
1195 2117 1409 2167 potentiori.

410 2165 495 2197 *2⁸3
524 2164 642 2210 Sed
670 2172 809 2220 aliquid
839 2179 894 2208 est
920 2172 1091 2208 humana
1113 2171 1307 2209 voluntate
1339 2184 1410 2220 po-

351 2226 504 2274 tentius,
543 2225 681 2263 scilicet
717 2225 835 2261 Deus.
870 2225 973 2272 Ergo
1001 2225 1133 2261 saltem
1164 2225 1212 2260 ab
1246 2236 1292 2260 eo
1328 2224 1412 2271 cogi

349 2285 486 2328 potest.

405 2342 441 2368 2.
475 2331 711 2375 PRAETEREA‚
741 2340 857 2365 omne
889 2328 1086 2377 passivum
1119 2327 1262 2375 cogitur
1289 2340 1310 2364 a
1339 2341 1409 2365 suo

351 2382 489 2431 activo,
505 2381 661 2431 quando
677 2381 899 2418 immutatur
918 2381 966 2417 ab
987 2393 1046 2417 eo.
1072 2380 1150 2417 Sed
1163 2381 1340 2417 voluntas
1356 2389 1410 2417 est

349 2435 408 2474 vis
434 2435 604 2484 passiva:
633 2441 689 2471 est
718 2433 819 2470 enim
846 2445 1000 2470 movens
1027 2438 1181 2479 motum,
1209 2441 1252 2470 ut
1277 2433 1411 2470 dicitur

260 2513 267 2520 ·
293 2508 322 2518 --
348 2487 389 2535 in
407 2488 459 2526 III
478 2488 524 2525 de
540 2487 681 2525 Anima
691 2485 723 2523 ²⁸.
745 2487 845 2523 Cum
866 2498 954 2534 ergo
980 2485 1183 2534 aliquando
1209 2494 1410 2523 moveatur

302 2538 310 2545 ”
349 2541 470 2579 a'suo
499 2540 641 2586 activo,
669 2538 821 2576 videtur
848 2538 953 2587 quod
981 2538 1185 2586 aliquando
1215 2546 1380 2586 cogatur.

405 2594 440 2631 3.
469 2593 701 2638 PRAETEREA,
722 2598 848 2628 motus
866 2590 1056 2628 violentus
1077 2598 1132 2627 est
1151 2590 1213 2639 qui
1247 2599 1301 2627 est
1320 2603 1409 2628 con-

349 2650 434 2685 tra‘*
452 2652 639 2684 naturam.
662 2644 738 2682 Sed
757 2650 885 2681 motus
903 2643 1108 2681 voluntatis
1129 2643 1334 2692 aliquando
1354 2652 1410 2681 est

350 2705 480 2735 contra
507 2705 698 2743 naturam;
726 2704 768 2734 ut
795 2704 897 2745 patet
926 2696 973 2733 de
1001 2703 1110 2733 motu
1127 2697 1332 2734 voluntatis
1360 2697 1409 2734 ad

348 2750 606 2800 peccandum,
637 2749 703 2798 qui
731 2757 787 2787 est
815 2757 946 2786 contra
974 2755 1167 2796 naturam,
1197 2757 1239 2786 ut
1265 2751 1407 2787 Dama-

306 2827 320 2839 -‚
349 2815 485 2840 scenus
514 2802 601 2840 dicit
613 2802 645 2840 ³¹².
666 2802 768 2850 Ergo
792 2809 920 2839 motus
943 2802 1146 2839 voluntatis
1173 2809 1299 2851 potest
1326 2815 1408 2839 esse

266 2854 273 2863 ‘
316 2854 322 2860 '
351 2862 514 2892 coaetus.

404 2908 478 2945 SED
512 2918 657 2944 CONTRA
688 2918 754 2943 EsT
781 2903 887 2955 quod
914 2905 1145 2954 Augustinus
1174 2906 1278 2954 dicit,
1307 2907 1346 2944 in
1373 2907 1409 2944 V

348 2961 394 2998 de
425 2959 505 2998 Civ.
525 2959 600 2996 Dei
607 2959 639 3005 ³⁸,
660 2959 764 3008 quod
789 2959 819 2995 si
840 2957 979 3007 aliquid
997 2959 1040 2995 fit
1062 2959 1257 2996 voluntate
1273 2958 1298 3004 β,
1329 2972 1408 2996 non

347 3013 391 3051 fit
419 3025 464 3050 ex
492 3012 725 3050 necessitate.
761 3012 889 3048 Omne
923 3018 1051 3047 autem
1085 3019 1260 3049 coactum
1292 3013 1335 3049 fit
1363 3024 1408 3048 ex

348 3064 581 3103 necessitate.
603 3065 705 3113 Ergo
727 3065 831 3113 quod
845 3065 888 3101 fit
907 3075 952 3100 ex
965 3063 1171 3110 voluntate,
1187 3076 1265 3101 non
1283 3071 1409 3113 potest

349 3131 431 3156 esse
460 3124 647 3155 coactum.
677 3117 779 3165 Ergo
807 3117 983 3154 voluntas
1011 3129 1090 3153 non
1113 3123 1237 3165 potest
1256 3117 1339 3165 cogi
1359 3117 1408 3154 ad

348 3170 552 3219 agendum.
1307 3217 1310 3220 Α

401 3224 626 3263 ΚΕεΡοΝΒΕο,
645 3234 830 3260 mCENDUM
854 3221 958 3271 quod
978 3221 1116 3270 duplex
1142 3228 1197 3258 est
1215 3229 1320 3259 actus
1338 3234 1407 3260 vo-

346 3276 517 3313 luntatis:
554 3288 653 3312 unus
687 3275 843 3324 quidem
878 3275 942 3324 qui
971 3282 1026 3312 est
1058 3274 1137 3311 eius
1171 3274 1405 3323 immediate,

346 3329 451 3366 velut
465 3329 512 3366 ab
527 3328 608 3378 ipsa
624 3327 778 3375 elicitus,
795 3327 934 3365 scilicet
948 3327 1060 3373 velle;
1076 3327 1169 3364 alius
1184 3334 1310 3364 autern
1321 3332 1337 3355 Υ
1352 3336 1408 3365 est

401 3469 428 3500 α)
447 3471 551 3493 contra.
568 3481 587 3486 -
605 3470 687 3492 extra
705 3467 925 3499 ABCEFGlpDH.

401 3502 426 3535 β)
446 3504 591 3528 voluntate.
607 3517 627 3522 -
645 3503 796 3527 voluntarie
814 3502 860 3528 Pa.

400 3539 426 3571 γ)
445 3542 543 3563 autem.
561 3552 580 3557 -
598 3538 644 3570 qui
662 3538 706 3567 Pa,
726 3546 779 3562 om.
798 3538 827 3561 F.

1455 1925 1496 1954 1v,
1516 1925 1574 1949 dist.
1593 1932 1658 1954 xxrx,
1677 1929 1723 1949 art.
1742 1932 1766 1956 1;
1786 1924 1828 1949 De
1848 1924 1937 1954 Verit„
1957 1932 2001 1957 qu.
2019 1931 2079 1955 xxn,
2099 1929 2145 1949 art.
2166 1923 2189 1953 5,
2208 1923 2234 1948 8.

1466 2019 1571 2049 actus
1585 2012 1787 2049 voluntatis
1803 2025 1824 2049 a
1837 2013 2032 2049 voluntate
2047 2011 2265 2060 imperatus,
2283 2019 2318 2048 et
2332 2011 2522 2048 mediante

1465 2065 1536 2113 alia
1554 2065 1722 2114 potentia
1741 2064 1934 2112 exercitus,
1953 2072 1996 2101 ut
2009 2065 2204 2101 ambulare
2233 2071 2268 2101 et
2286 2064 2402 2113 loqui,
2423 2064 2487 2112 qui
2501 2076 2524 2100 a

1463 2118 1657 2154 voluntate
1684 2117 1918 2166 imperantur
1932 2115 1945 2139 δ
1965 2117 2154 2154 mediante
2178 2117 2346 2165 potentia
2366 2117 2520 2154 motiva.

1465 2171 1662 2217 Quantum
1691 2170 1801 2218 igitur
1827 2170 1876 2207 ad
1904 2177 2009 2206 actus
2037 2182 2059 2206 a
2081 2170 2275 2207 voluntate
2303 2170 2520 2218 imperatos,

1462 2224 1639 2259 voluntas
1657 2222 1876 2259 violentiam
1908 2222 1987 2271 pati
2009 2229 2134 2270 potest
2147 2222 2179 2269 ³⁶,
2212 2222 2437 2270 inquantum
2455 2234 2524 2271 per

1463 2275 1684 2312 violentiam
1708 2275 1893 2312 exteriora
1911 2275 2086 2311 membra
2104 2274 2276 2323 impediri
2295 2281 2455 2323 possunt
2473 2287 2520 2311 ne

1463 2327 1667 2375 imperium
1686 2327 1891 2364 voluntatis
1910 2334 2156 2375 exequantur.
2179 2326 2256 2364 Sed
2276 2335 2459 2375 quantum
2474 2327 2522 2363 ad

1464 2379 1590 2428 ipsum
1612 2379 1812 2428 proprium
1841 2388 1968 2417 actum
1987 2380 2203 2427 voluntatis,
2232 2392 2311 2416 non
2338 2387 2462 2428 potest
2489 2379 2523 2416 ei

1463 2432 1643 2469 violentia
1675 2432 1801 2469 inferri
1819 2432 1850 2469 ²³⁸.

1517 2486 1568 2522 Et
1593 2485 1704 2522 huius
1737 2485 1831 2523 ratio
1865 2492 1921 2521 est
1952 2485 2041 2533 quia
2069 2492 2174 2522 actus
2201 2484 2404 2522 voluntatis
2433 2484 2523 2521 nihil

1465 2545 1520 2574 est
1537 2537 1639 2575 aliud
1667 2550 1784 2586 quam
1802 2537 1993 2575 inclinatio
2014 2538 2204 2587 quaedam
2232 2537 2444 2587 procedens
2473 2538 2520 2574 ab

1463 2589 1630 2627 interiori
1648 2589 1833 2639 principio
1855 2599 2124 2638 cognoscente:
2141 2590 2237 2627 sicut
2250 2590 2436 2638 appetitus
2456 2602 2521 2626 na-

1463 2643 1591 2680 turalis
1619 2651 1676 2679 est
1703 2643 1892 2692 quaedam
1920 2643 2108 2680 inclinatio
2128 2643 2176 2679 ab
2195 2642 2360 2679 interiori
2386 2642 2522 2691 princi-

1462 2695 1526 2744 pio
1554 2703 1590 2732 et
1615 2695 1695 2732 sine
1715 2695 1940 2743 cognitione.
1971 2695 2088 2743 Quod
2112 2703 2240 2732 autem
2260 2702 2316 2732 est
2344 2703 2518 2732 coactum

1462 2749 1524 2785 vel
1551 2747 1783 2795 violentum,
1813 2755 1869 2785 est
1897 2749 1944 2785 ab
1974 2748 2146 2785 exteriori
2177 2747 2375 2797 principio.
2409 2748 2520 2785 Unde

1463 2807 1593 2838 contra
1621 2801 1806 2838 rationem
1834 2800 1951 2850 ipsius
1979 2809 2083 2838 actus
2105 2801 2308 2838 voluntatis
2333 2808 2388 2837 est
2415 2801 2520 2848 quod

1462 2853 1509 2891 sit
1529 2861 1688 2893 ,coactus
1715 2854 1778 2891 vel
1805 2853 2009 2890 violentus:
2039 2853 2133 2891 sicut
2165 2853 2277 2890 etiam
2307 2860 2362 2889 est
2390 2860 2520 2889 contra

1463 2906 1650 2943 rationem
1678 2907 1856 2943 naturalis
1883 2905 2131 2943 inclinationis
2160 2905 2222 2942 vel
2246 2912 2372 2942 motus
2395 2910 2419 2942 ⁶.
2445 2906 2518 2942 Po-

1462 2966 1533 2995 test
1552 2958 1654 2996 enim
1674 2959 1767 3008 lapis
1795 2971 1865 3007 per
1887 2958 2108 2996 violentiam
2137 2970 2287 2995 sursum
2316 2957 2420 2994 ferri:
2451 2958 2518 2995 sed

1462 3012 1567 3059 quod
1602 3011 1671 3048 iste
1705 3019 1832 3048 motus
1864 3011 2053 3048 violentus
2086 3011 2131 3048 sit
2165 3023 2210 3047 ex
2243 3011 2323 3047 eius
2359 3010 2517 3047 naturali

1461 3064 1727 3111 inclinatione,
1767 3077 1849 3100 esse
1890 3076 1969 3101 non
2004 3071 2139 3112 potest.
2184 3062 2362 3100 Similiter
2403 3063 2517 3100 etiam

1462 3123 1586 3165 potest
1621 3117 1741 3153 homo
1782 3129 1851 3165 per
1887 3116 2108 3154 violentiam
2150 3116 2266 3153 trahi:
2309 3117 2377 3153 sed
2413 3117 2517 3164 quod

1462 3170 1536 3206 hoc
1569 3169 1615 3206 sit
1642 3182 1688 3206 ex
1716 3169 1796 3206 eius
1823 3170 2035 3218 voluntate,
2064 3176 2248 3218 repugnat
2276 3168 2408 3211 rationi
2435 3168 2517 3206 vio-

1461 3221 1608 3259 lentiae.

1514 3276 1573 3311 An
1598 3286 1734 3312 PRIMUM
1753 3286 1850 3312 ERGO
1875 3286 2059 3313 monimum
2078 3274 2184 3323 quod
2208 3275 2325 3321 Deus,
2355 3272 2442 3321 qui‘
2462 3280 2517 3309 est

1461 3327 1651 3376 potentior
1670 3339 1786 3375 quarn
1805 3328 1982 3365 voluntas
2000 3327 2180 3375 humana,
2201 3334 2325 3376 potest
2342 3327 2515 3363 volunta-

1517 3466 1540 3498 ὃ)
1561 3467 1737 3498 imperantur.
1751 3482 1768 3486 —
1781 3470 1941 3492 exercentur
1958 3469 2045 3491 autem
2066 3467 2180 3491 adddunt
2199 3466 2321 3490 editiones
2341 3467 2451 3499 aliquae.

1516 3503 1538 3533 ε)
1558 3505 1651 3527 motus.
1669 3515 1688 3521 —
1705 3502 1803 3534 lapidis
1821 3503 1891 3534 quod
1903 3502 2014 3535 feratur
2032 3509 2136 3526 sursum
2156 3502 2252 3526 addunt
2271 3502 2318 3526 Pa.

1515 3537 1540 3569 ζ)
1560 3538 1613 3569 qui.
1631 3551 1649 3556 -
1667 3538 1729 3569 quia
1748 3537 1971 3562 ABCDEFGIKL.

2549 1125 2558 1135 ·
2574 1125 2622 1152 Qu.
2637 1130 2671 1151 ix,
2686 1128 2728 1146 nrt.
2742 1130 2759 1146 ι.

2549 1517 2560 1528 “
2575 1517 2635 1539 Dist.
2649 1523 2711 1538 xm.

2648 2117 2662 2142 δ

2549 2236 2561 2247 ⁸
2574 2236 2602 2257 D.
2617 2235 2668 2264 338.

2552 2441 2562 2450 ‘
2575 2440 2605 2461 D.
2620 2446 2666 2468 353.
