2852 4152
101 3105 112 3115 '¹
125 3103 177 3126 Art.
191 3101 296 3132 praeced.

1026 249 1291 295 QUAESTIO
1320 249 1402 295 LlI,
1431 247 1726 284 ARTICULUS
1756 248 1786 283 11

325 337 414 365 nem;
438 335 468 359 et
491 334 656 368 propterea
684 337 856 358 commune
885 335 931 359 est
957 329 1097 369 utrisque
1120 328 1209 369 quod
1239 327 1382 368 specifice

326 372 410 411 nihil,
426 378 530 412 potest
557 371 631 402 addi
660 377 715 401 aut
742 371 881 402 subtrahi
912 372 989 412 quin
1012 372 1147 403 varietur
1169 371 1304 411 species:
1329 372 1382 402 ha-

326 415 471 448 bentibus
494 422 601 446 tamen
623 414 828 445 differentiam
851 416 1083 446 mendicantem
1099 416 1137 446 ab
1154 423 1300 446 extraneo
1315 425 1383 455 spe-

326 458 476 495 cificante‚
488 469 524 489 ex
538 458 600 489 hoc
615 458 685 499 ipso
703 466 844 498 respectu
860 459 1057 490 convenienti
1074 459 1193 490 formae
1207 459 1383 489 secundum

326 513 418 534 snam
429 510 576 534 naturam
591 501 769 542 specificam
783 512 861 542 pure
877 510 1047 543 sumptam,
1060 513 1199 534 annexus
1216 509 1261 533 est
1276 509 1383 533 motus

326 557 469 578 accessus
492 547 532 577 ad
554 546 634 577 illud
656 545 758 576 maior
781 552 811 576 et
833 546 947 583 minor,
972 547 1147 577 secundum
1163 556 1260 587 quem
1275 546 1383 577 huius-

327 591 416 622 modi
431 591 552 621 formae
569 589 744 620 secundum
761 599 793 620 se
809 590 956 621 dicuntur
971 591 1078 630 augeri
1093 591 1143 621 vel
1157 590 1268 621 minui.
1290 590 1383 621 Tales

328 641 434 666 autem
450 643 593 665 accessus
615 643 681 663 non
703 640 838 673 possunt
853 634 931 673 poni
946 634 979 664 in
995 634 1063 664 aliis
1079 634 1205 665 formis:
1230 633 1384 675 quoniam

328 678 407 709 nihil
429 685 512 710 extra
535 677 706 718 respiciunt
724 676 915 717 specificans,
933 678 983 708 cui
999 678 1161 709 divisibilis
1176 677 1226 709 hic
1243 687 1384 708 accessus

328 721 452 753 annecti
473 721 583 762 possit.
606 720 702 752 Verbi
724 721 830 761 gratia,
851 721 986 758 scientia,
1006 722 1081 763 quia
1102 721 1278 752 secundum
1293 731 1384 752 suam

329 772 476 797 naturam
498 764 624 805 respicit
645 764 761 800 scibile,
786 775 822 795 ex
845 765 906 796 hoc
928 766 999 805 ipso
1018 766 1107 806 quod
1123 775 1188 796 non
1205 765 1353 795 abstrahit
1367 775 1385 795 a

329 808 428 840 scibili
438 807 646 848 specificante,
660 809 864 849 consequitur
875 810 964 850 quod
977 809 1050 850 plus
1062 816 1093 839 et
1107 809 1213 839 minus
1225 809 1265 839 ad
1278 809 1385 848 ipsum

328 852 435 884 scibile
457 852 602 883 accedere
633 852 747 893 possit,
771 853 862 893 plura
884 853 934 883 vel
957 853 1107 893 pauciora
1134 853 1173 883 de
1199 853 1270 892 ipso
1294 851 1384 883 attin-

327 896 449 937 gendo:
474 897 558 927 calor
580 903 702 933 autem,
726 896 806 926 nihil
827 903 947 937 praeter
972 895 1149 937 specificam
1172 903 1317 927 naturam
1339 895 1385 925 in-

328 939 496 972 trinsecam
519 940 635 977 dicens,
659 940 738 971 nihil
760 939 862 977 habet,
881 946 916 971 ut
937 940 990 977 sic,
1014 939 1170 971 variabile.
1189 940 1230 970 Et
1248 939 1386 977 haecest

328 983 461 1015 intentio
484 984 631 1015 Auctoris
661 985 700 1014 de
723 991 893 1024 augmento
923 990 954 1015 et
976 983 1187 1014 diminutione
1210 983 1385 1014 formarum

329 1027 506 1058 secundum
529 1039 572 1059 se.

383 1072 453 1102 VII.
478 1071 570 1103 Circa
593 1078 799 1112 augmentum
823 1078 853 1102 et
875 1071 1120 1102 diminutionem
1143 1071 1319 1102 sennarum
1339 1080 1386 1101 se-

330 1115 472 1149 cundum
495 1115 768 1156 participationem
791 1115 824 1146 in
847 1115 999 1152 subiecto,
1024 1115 1163 1146 secundo
1181 1115 1255 1146 loco
1271 1115 1303 1146 in
1320 1125 1387 1146 cor-

328 1168 407 1200 pore
437 1159 559 1191 articuli
583 1159 704 1200 posita,
729 1159 853 1190 adverte
880 1160 985 1200 quod,
1009 1160 1084 1200 quia
1107 1159 1264 1199 suscipere
1288 1159 1387 1198 magis

330 1210 361 1243 et
390 1203 496 1235 minus
525 1203 726 1235 latitudinem
748 1203 909 1244 quandam
931 1203 1100 1243 importat,
1128 1203 1244 1234 idcirco
1267 1205 1388 1233 Auctor

330 1256 367 1277 ex
389 1246 633 1278 indivisibilitate
657 1247 839 1278 excludente
862 1245 1047 1277 huiusmodi
1069 1246 1278 1284 latitudinem,
1303 1245 1387 1276 diffe-

329 1290 462 1322 rentiam
485 1290 664 1321 manifestat
685 1290 766 1320 inter
787 1289 905 1320 formas
929 1290 972 1320 sic
995 1289 1241 1330 augmentabiles
1270 1296 1300 1320 et
1322 1299 1387 1320 non

329 1334 586 1374 augmentaffiles.
610 1334 651 1364 Et
673 1333 840 1374 dupliciter
853 1333 915 1364 hoc
930 1333 1093 1373 contingit.
1112 1333 1229 1369 Primo,
1246 1333 1270 1363 si
1286 1333 1388 1364 forma

329 1377 560 1409 indivisibiliter
585 1387 619 1410 ae
642 1377 756 1408 habeat
778 1377 818 1407 ad
841 1377 1035 1407 subiectum:
1059 1384 1135 1407 tunc
1158 1377 1244 1407 enim
1267 1383 1389 1407 constat

293 1460 296 1461 V
328 1415 638 1462 vind-pattici‘pfftio
662 1420 729 1451 eius
751 1420 951 1451 latitudinem
974 1430 1040 1450 non
1063 1421 1166 1451 habet.
1193 1421 1235 1451 Et
1257 1420 1319 1450 hoc
1340 1420 1388 1450 in-

326 1464 453 1505 venitur
475 1465 556 1498 inter
578 1473 710 1496 omnem
733 1463 870 1495 formam
893 1463 1130 1499 substantialem
1149 1470 1180 1494 et
1203 1464 1270 1494 eius
1290 1463 1390 1494 subie-

329 1512 427 1540 etum.
451 1508 493 1539 Et
512 1503 593 1538 ¹ratio
614 1506 654 1538 'in
682 1507 784 1538 littera
812 1506 962 1547 ponitur,
991 1507 1067 1548 quia
1094 1507 1211 1538 scilicet
1233 1505 1391 1549 specificat

329 1542 523 1593 subiectum:
548 1550 726 1592 specificare
749 1551 834 1581 enim
858 1557 945 1581 actus
968 1558 1014 1582 est
1036 1551 1069 1581 in
1093 1550 1273 1581 indivisibili
1289 1551 1390 1581 consi-

329 1597 424 1633 stans,
437 1603 473 1627 ut
487 1595 608 1627 dictum
623 1602 670 1626 est
679 1595 706 1626 *.
721 1596 762 1626 Et
777 1601 824 1626 est
837 1605 942 1626 sermo
959 1595 997 1625 de
1013 1594 1244 1635 specificatione
1260 1595 1390 1626 subiecti

330 1650 397 1671 non
419 1640 453 1670 in
481 1640 534 1670 tali
562 1646 616 1671 aut
644 1640 697 1670 tali
725 1639 843 1680 specie,
868 1639 922 1669 sed
945 1639 1142 1679 simpliciter:
1166 1639 1255 1680 quod
1284 1639 1390 1669 solum

329 1683 489 1723 invenitur
517 1683 683 1719 informa
712 1682 924 1720 substantiali;
954 1689 1074 1715 ceterae
1101 1683 1187 1714 enim
1213 1682 1392 1723 specificant

331 1728 508 1768 secundum
531 1727 618 1768 quid.
1043 1741 1046 1744 ⁴

337 1808 340 1812 ¹
383 1770 530 1803 Secundo
555 1770 722 1811 contingit,
747 1770 773 1801 si
797 1771 835 1801 de
862 1770 984 1801 ratione
1013 1770 1134 1801 formae
1161 1770 1200 1801 sit
1221 1770 1392 1801 indivisibi-

329 1814 410 1854 litas,
434 1825 501 1847 non
523 1815 556 1846 in
580 1821 682 1856 partes
701 1815 932 1857 quantitativas,
948 1814 1029 1845 sicut
1043 1825 1195 1845 numerus
1212 1821 1242 1846 et
1258 1815 1392 1846 circulus

330 1865 435 1901 partes
457 1859 591 1890 habent:
614 1859 670 1890 sed
692 1859 726 1889 in
748 1859 850 1898 plura,
874 1868 1015 1899 quorum
1039 1859 1147 1899 aliquo
1170 1858 1320 1890 adiuncto
1342 1859 1392 1890 vel

331 1901 498 1944 camptu,
521 1902 690 1944 perfectior
711 1910 767 1934 aut
787 1902 895 1934 minus
922 1902 1059 1942 perfecta
1082 1903 1138 1933 sit:
1162 1903 1251 1943 quod
1274 1910 1320 1934 est
1344 1913 1391 1934 ca-

331 1957 400 1988 rere
413 1947 599 1987 latitudine.
619 1947 661 1979 Et
683 1953 731 1979 est
753 1957 857 1978 sermo
872 1947 911 1977 de
927 1946 1038 1983 forma,
1058 1957 1125 1978 non
1140 1947 1179 1978 de
1195 1946 1392 1987 specificante

331 1991 450 2032 ipsam:
473 1991 539 2022 iarn
568 1991 654 2021 enim
683 1991 804 2022 dictum
827 1997 874 2021 est
896 1991 985 2031 quod
1014 2001 1111 2021 omne
1138 1990 1333 2031 specificam,
1359 1997 1394 2022 ut

331 2035 386 2074 sic,
403 2035 545 2066 consistit
565 2035 597 2065 in
621 2035 812 2066 indivisibili.
830 2035 922 2066 Nunc
946 2041 1052 2065 autem
1068 2034 1201 2065 dicimus
1218 2035 1305 2076 quod
1328 2044 1393 2066 non

333 2077 438 2110 o'mnis
462 2079 566 2117 forma
585 2078 726 2110 consistit
747 2078 780 2109 in
803 2078 998 2110 indivisibili:
1024 2079 1078 2108 sed
1099 2079 1255 2119 quaedam
1282 2078 1335 2115 sic,
1359 2086 1394 2109 ut

332 2123 452 2164 species
472 2122 647 2164 figurarum
662 2129 692 2154 et
710 2132 933 2160 numerorum;
950 2130 982 2153 et
996 2122 1154 2163 quaedam
1169 2132 1245 2159 non,
1262 2129 1298 2154 ut
1312 2123 1394 2153 mul—

333 2175 383 2199 tae
394 2167 562 2208 qualitates
577 2166 696 2208 primae
712 2174 744 2199 et
756 2167 862 2199 tertiae
874 2167 999 2208 speciei.
1017 2166 1124 2198 Calori
1139 2166 1225 2197 enim
1243 2167 1393 2208 adempto

333 2211 443 2253 aliquo
459 2211 561 2251 gradu
574 2221 650 2251 suae
673 2211 856 2247 latitudinis,
873 2211 1032 2242 remissior
1050 2217 1106 2248 est,
1123 2215 1154 2250 et
1167 2210 1326 2252 apposito,
1347 2211 1394 2242 in-

333 2255 452 2286 tensior
474 2261 535 2286 est:
561 2254 696 2286 circulus
724 2262 841 2292 autem,
869 2264 1075 2296 quocumque
1098 2253 1227 2291 variato,
1251 2262 1306 2285 aut
1328 2265 1394 2286 non

332 2306 475 2338 remanet
497 2298 641 2336 circulus,
665 2306 720 2330 aut
742 2309 853 2340 aeque.

380 2342 431 2374 ‘Et
452 2341 497 2373 sic
519 2342 615 2373 habes
639 2349 669 2374 et
691 2352 788 2384 quare
804 2342 959 2383 quaedam
983 2341 1300 2372 formaesecundum
1323 2352 1395 2372 suas

333 2385 495 2427 specificas
516 2394 646 2422 naturas
668 2391 833 2426 augentur,
854 2393 886 2417 et
898 2386 1057 2426 quaedam
1080 2395 1146 2416 non
1169 2384 1215 2427 (et
1237 2385 1299 2416 hoc
1322 2396 1396 2426 pro·

333 2437 404 2472 pter
416 2429 580 2473 antiquos)
591 2438 609 2461 ζἸ
623 2438 655 2461 et
670 2440 767 2471 quare
786 2431 944 2471 quaedam
963 2430 1086 2461 formae
1104 2429 1282 2470 suscipiunt
1295 2429 1397 2470 magis

334 2481 365 2515 ‚et
387 2474 493 2515 ¹minus
516 2481 552 2507 ut
574 2474 745 2515 respiciunt
767 2474 961 2511 subiectum,
985 2481 1017 2504 et
1038 2474 1196 2515 quaedam
1218 2483 1293 2504 non.

340 2549 343 2563 ζ
364 2548 365 2557 ,
389 2518 472 2550 VIII.
498 2518 590 2550 Circa
613 2518 768 2549 rationem
792 2518 981 2558 assignatam
1003 2518 1036 2548 in
1061 2518 1174 2548 eodem
1198 2517 1302 2558 primo
1327 2517 1396 2547 arti-

1286 2601 1324 2609 «as

2417 246 2490 283 333

1435 327 1508 358 culo
1531 326 1724 367 quaestionis
1748 325 2192 366 quinquagesimaesecundae‚
2213 335 2310 365 quare
2333 324 2490 364 quaedam

1436 371 1569 406 formae,
1592 377 1628 401 ut
1651 369 1878 410 participabiles
1900 369 1933 399 in
1956 369 2112 405 subiecto,
2138 368 2313 407 suscipiunt
2340 368 2439 407 magis
2462 374 2493 398 et

1436 415 1552 451 minus,
1577 421 1607 445 et
1625 414 1780 455 quaedam
1805 422 1884 444 non:
1905 413 2039 443 dubium
2063 412 2178 452 duplex
2201 418 2303 443 restat.
2320 411 2436 447 Primo,
2453 411 2491 441 de

1436 458 1598 499 speciebus
1622 457 1802 499 quantitatis
1826 457 1994 487 continuae
2016 456 2096 486 infra
2117 455 2317 486 latitudinem
2339 455 2491 490 continui,

1437 502 1552 533 scilicet
1578 502 1675 538 linea,
1705 499 1869 541 superficie
1896 507 1926 531 et
1954 509 2096 540 corpore.
2129 500 2198 530 Hae
2226 498 2311 529 enim
2338 498 2370 528 in
2393 498 2493 528 littera

1437 556 1502 577 non
1525 552 1695 576 tractantur
1717 544 1777 575 nisi
1799 551 1836 575 ut
1858 544 1995 574 induunt
2021 543 2143 574 discreti
2166 542 2329 578 rationem,
2349 549 2425 582 puta
2447 541 2492 571 bi-

1437 590 1542 626 cubiti,
1560 588 1706 626 tricubiti,
1731 595 1788 620 etc.
1812 588 1853 619 Et
1871 594 1976 619 tamen
1991 587 2050 619 hae
2066 596 2169 628 neque
2185 585 2373 626 specificant,
2390 595 2493 625 neque

1436 633 1714 664 indivisibilitatem
1737 633 1775 662 de
1798 642 1855 662 sua
1870 632 1990 663 ratione
2013 631 2204 662 sortiuntur:
2221 637 2252 660 et
2267 635 2494 670 consequenter

1437 677 1593 718 suscipere
1624 677 1770 707 deberent
1798 675 1897 715 magis
1926 682 1956 706 et
1977 675 2097 711 minus,
2122 674 2147 705 si
2171 674 2249 704 ratio
2274 673 2391 704 litterae
2414 679 2494 703 esset

1438 721 1604 751 sufficiens.
1634 720 1767 751 Constat
1797 726 1904 750 autem
1933 719 2021 760 quod
2048 728 2115 749 non
2144 717 2319 758 suscipiunt
2341 716 2440 756 magis
2464 723 2495 747 et

1438 775 1553 795 mmus.

1493 808 1650 844 Secundo,
1666 807 1706 837 de
1729 806 1921 837 naturalibus
1940 806 2088 846 potentiis
2110 815 2192 846 quae
2214 810 2379 845 ponuntur
2397 803 2429 833 in
2446 813 2495 833 se-

1439 852 1542 883 cunda
1563 851 1666 891 specie
1689 850 1855 891 qualitatis,
1874 857 1910 882 ut
1924 850 2109 886 intellectus,
2125 849 2282 884 voluntas,
2299 847 2495 887 concupisci-

1438 895 1518 932 bilis,
1534 902 1590 926 etc.
1605 895 1695 932 Quae
1709 894 1804 924 etiam
1819 901 1892 925 sunt
1911 894 2029 934 absque
2045 893 2144 933 magis
2160 899 2191 923 et
2206 892 2326 923 minus:
2343 899 2374 922 et
2388 899 2494 922 tamen

1439 949 1496 970 nec
1519 937 1707 979 specificam,
1731 947 1788 968 nec
1810 937 2087 968 indivisibilitatem
2109 937 2233 968 habent.

1495 982 1547 1013 IX.
1572 982 1623 1012 Ad
1645 981 1795 1022 primum,
1813 991 1849 1011 ex
1872 980 1990 1022 duplici
2013 981 2113 1021 capite
2144 980 2204 1010 dici
2228 986 2342 1020 potest.
2374 978 2492 1015 Primo.

1439 1027 1527 1068 quod
1550 1025 1734 1056 huiusmodi
1758 1023 1945 1065 quantitates
1969 1031 2169 1065 computatae
2192 1030 2266 1054 sunt
2289 1033 2362 1054 cum
2385 1022 2495 1052 formis

1440 1069 1704 1111 specificantibus,
1721 1068 1829 1110 quoad
1851 1068 1922 1104 hoc,
1946 1075 2074 1108 propter
2096 1077 2204 1098 earum
2226 1066 2496 1107 propinquitatem

1440 1115 1479 1145 ad
1503 1113 1732 1149 substantiam,
1746 1123 1764 1142 a
1787 1112 1968 1151 Simplicio,
1993 1118 2028 1142 ut
2055 1118 2140 1151 patet
2162 1111 2195 1141 in
2218 1111 2327 1142 littera.
2357 1110 2396 1141 Et
2419 1119 2494 1150 pro-

1440 1165 1545 1199 pterea
1568 1160 1698 1193 Auctor,
1718 1166 1790 1187 cum
1815 1155 1935 1187 dictum
1958 1155 2110 1195 Simplicii
2133 1165 2198 1185 non
2221 1153 2415 1192 refutaverit,
2439 1153 2494 1184 sed

1441 1201 1651 1242 explanaverit
1678 1207 1709 1231 et
1737 1199 1950 1240 ampliaverit,
1973 1199 2006 1230 in
2033 1199 2086 1229 illa
2114 1198 2351 1238 computatione
2374 1207 2425 1228 eas
2449 1197 2496 1227 di-

1441 1246 1535 1281 misit,
1560 1255 1623 1286 qua
1645 1244 1698 1276 ille
1721 1244 1844 1284 posuit:
1869 1249 1899 1273 et
1922 1253 1996 1273 curn
2019 1242 2090 1278 hoc,
2115 1249 2245 1272 conatus
2261 1249 2306 1272 est
2321 1251 2358 1271 ex
2373 1251 2430 1271 sua
2447 1250 2496 1271 ex-

1441 1289 1608 1330 plicatione
1632 1288 1671 1318 de
1694 1288 1813 1318 eisdem
1836 1287 1894 1317 sub
1918 1286 1977 1317 alia
2000 1286 2120 1316 ratione
2143 1286 2271 1316 reddere
2294 1285 2458 1315 rationem.

1485 1333 1642 1368 Secundo,
1663 1331 1752 1372 quod
1768 1330 1944 1361 subiectum
1960 1329 2130 1370 praesentis
2149 1329 2353 1360 discussionis
2369 1335 2415 1359 est
2433 1328 2496 1358 for·

1442 1386 1494 1406 ma
1517 1386 1584 1406 non
1607 1375 1810 1406 essentialiter
1832 1381 1949 1415 quanta
1971 1374 2144 1414 quantitate
2166 1373 2275 1409 molis,
2299 1379 2335 1404 ut
2355 1372 2389 1403 in
2413 1372 2497 1412 prin-

1443 1420 1526 1460 cipio
1549 1419 1690 1459 corporis
1713 1418 1834 1449 articuli
1864 1418 2022 1448 innuitur:
2046 1417 2199 1457 quoniam
2222 1416 2408 1456 magnitudo
2433 1415 2496 1447 for-

1442 1474 1568 1495 marum
1595 1463 1633 1494 de
1657 1473 1720 1503 qua
1743 1470 1788 1494 est
1816 1461 1974 1502 quaestio,
2002 1460 2082 1493 circa
2103 1471 2201 1501 quam
2224 1467 2270 1491 est
2291 1466 2499 1500 augmentum

1443 1515 1473 1539 et
1500 1506 1669 1538 diminutio
1702 1515 1783 1547 quae
1814 1511 1944 1535 vocatur
1975 1505 2109 1534 intensio
2143 1511 2173 1534 et
2199 1504 2358 1540 remissio,
2391 1503 2499 1535 distin-

1443 1551 1550 1591 guitur
1563 1551 1596 1581 in
1612 1550 1713 1580 littera
1729 1555 1838 1579 contra
1854 1548 2103 1588 magnitudinem
2127 1547 2307 1588 quantitatis
2330 1547 2434 1578 molis.
2448 1547 2499 1578 'Et

1445 1596 1488 1626 sic
1508 1594 1665 1636 quantitas
1680 1593 1784 1628 molis,
1801 1599 1953 1632 tanquam
1969 1592 2086 1621 habens
2102 1591 2227 1621 alterius
2243 1592 2362 1631 generis
2378 1591 2497 1631 magni-

1444 1639 1588 1670 tudinem
1607 1645 1637 1669 et
1657 1643 1864 1676 augmentum
1886 1642 1915 1666 et
1936 1635 2190 1671 diminutionem,
2206 1642 2290 1665 extra
2305 1641 2500 1674 praesentem

1445 1682 1692 1723 disputationem
1715 1691 1733 1711 a
1755 1679 1909 1720 principio
1933 1679 2053 1710 articuli
2080 1678 2237 1709 remansit.
2262 1678 2329 1709 Erit
2351 1688 2435 1718 ergo,
2453 1689 2500 1709 se-

1446 1727 1588 1758 cundum
1599 1726 1671 1761 hoc,
1688 1723 1766 1755 ratio
1778 1723 1898 1755 litterae
1910 1723 1948 1752 de
1959 1722 2069 1752 formis
2082 1732 2148 1752 non
2163 1722 2364 1753 essentialiter
2375 1722 2500 1763 quantis

1446 1770 1620 1812 quantitate
1631 1768 1735 1804 molis,
1751 1777 1848 1809 quare
1862 1767 2019 1807 quaedam
2035 1766 2211 1807 suscipiunt
2225 1766 2324 1806 magis
2340 1772 2370 1796 et
2384 1766 2499 1802 minus,

1446 1822 1476 1846 et
1499 1814 1655 1855 quaedam
1674 1822 1750 1842 non.
1767 1812 1807 1842 Et
1822 1810 1949 1841 merito:
1967 1810 2041 1851 quia
2060 1811 2098 1840 de
2116 1809 2182 1840 istis
2197 1817 2243 1840 est
2258 1810 2409 1847 dubium;
2432 1810 2501 1840 illas

1447 1858 1532 1890 enim
1555 1863 1677 1889 constat
1699 1866 1765 1886 non
1795 1855 1952 1895 suscipere
1982 1854 2082 1894 magis
2109 1861 2139 1884 et
2166 1853 2281 1884 minus.
2310 1854 2376 1884 Nec
2399 1854 2502 1884 obstat

1447 1903 1536 1944 quod
1557 1905 1679 1933 Auctor
1701 1900 1796 1931 etiam
1811 1899 1849 1930 ad
1866 1898 2048 1939 quantitatis
2063 1898 2231 1928 continuae
2246 1897 2364 1937 species
2380 1897 2500 1938 aliquas

1446 1955 1626 1978 sermonem
1642 1943 1828 1975 extenderit:
1844 1942 1998 1983 quoniam
2014 1942 2076 1973 hoc
2090 1942 2128 1972 ad
2143 1941 2366 1983 perfectionem
2382 1947 2501 1982 spectat

1447 1990 1625 2026 doctrinae,
1649 1995 1706 2020 etc.

1501 2034 1540 2065 X.
1557 2034 1607 2064 Ad
1621 2032 1796 2072 secundum
1807 2031 1824 2051 *
1841 2030 1952 2061 dicitur
1967 2030 2055 2072 quod
2071 2029 2227 2060 naturales
2242 2029 2401 2070 potentiae
2418 2039 2499 2070 quae

1447 2084 1686 2118 consequuntur
1699 2075 1937 2106 immutabiliter
1952 2073 2149 2109 substantias,
2165 2083 2239 2104 cum
2253 2072 2363 2103 formis
2380 2072 2500 2113 specifi-

1448 2122 1589 2153 cantibus
1606 2125 1886 2151 connumerantur:
1902 2119 1986 2149 unde
2001 2119 2062 2148 hoc
2077 2117 2156 2148 nihil
2171 2118 2283 2148 obstat.
2299 2117 2379 2148 Dico
2394 2123 2502 2148 autem

1448 2165 1696 2202 immutabiliter,
1721 2164 1797 2204 quia
1819 2163 1844 2194 si
1868 2162 1991 2203 aliquae
2015 2168 2281 2201 consequerentur
2301 2161 2501 2197 mutabiliter,

1449 2217 1486 2241 ut
1507 2210 1624 2240 durum
1647 2215 1678 2240 et
1701 2208 1807 2243 molle,
1831 2207 1911 2237 nihil
1933 2206 2079 2247 prohibet
2101 2215 2153 2235 eas
2175 2205 2332 2246 suscipere
2354 2205 2454 2244 magis
2473 2211 2504 2236 et

1449 2254 1570 2285 minus:
1588 2251 1770 2285 alteratione
1786 2251 1872 2282 enim
1884 2250 1973 2286 facta,
1990 2249 2043 2280 fiet
2057 2248 2156 2288 magis
2171 2249 2268 2279 molle
2289 2255 2343 2279 aut
2358 2248 2472 2279 minus.
2482 2266 2503 2271 -

1449 2298 1490 2328 Et
1513 2297 1557 2327 sic
1580 2295 1763 2327 universalis
1785 2294 1892 2335 regula
1915 2293 2038 2324 videtur
2056 2299 2135 2323 stare
2151 2292 2184 2322 in
2202 2292 2312 2323 formis
2336 2292 2503 2323 absolutis:

1449 2340 1638 2381 respectivae
1650 2336 1746 2370 ‘enim
1770 2338 1987 2368 absolutarum
2001 2343 2127 2367 naturas
2151 2342 2398 2376 consequuntur,
2415 2343 2447 2367 et
2459 2346 2505 2366 se—

1450 2386 1592 2416 cundum
1608 2394 1659 2414 eas
1676 2382 1851 2423 suscipiunt
1873 2381 1923 2412 vel
1945 2391 2010 2411 non
2034 2380 2210 2420 suscipiunt
2223 2380 2322 2420 magis
2343 2387 2373 2411 et
2388 2380 2504 2411 minus.

1450 2429 1595 2469 Duplum
1611 2428 1696 2459 enim
1719 2437 1785 2457 non
1806 2425 1936 2466 suscipit
1958 2425 2058 2465 magis
2073 2431 2103 2455 et
2125 2424 2249 2456 minus:
2274 2424 2376 2455 simile
2399 2431 2505 2454 autem

1451 2473 1582 2512 suscipit
1611 2471 1710 2511 magis
1735 2478 1765 2502 et
1787 2470 1908 2506 minus,
1933 2469 2007 2510 quia
2034 2468 2169 2509 qualitas
2196 2468 2326 2508 suscipit
2354 2468 2454 2509 magis
2476 2474 2508 2499 et

1451 2517 1574 2553 minus,
1599 2522 1657 2547 etc.

1101 2675 1417 2718 ARTICULUS
1449 2674 1748 2717 SECUNDUS

910 2769 1066 2800 UTRUM
1089 2768 1275 2800 HAsstrus
1299 2768 1539 2800 AUGEATUR
1561 2768 1643 2798 PER
1665 2766 1940 2798 ADDITIONEM

937 2848 968 2872 11·
985 2848 1035 2877 11··‚
1050 2855 1095 2880 qu.
1107 2855 1172 2877 xxxv,
1192 2847 1238 2872 art.
1253 2847 1282 2878 5;
1303 2847 1344 2872 De
1362 2846 1467 2876 Vir-tut„
1487 2854 1532 2879 qu.
1545 2854 1563 2877 1,
1582 2851 1630 2871 art.
1648 2853 1692 2876 11;
1712 2853 1756 2878 qu.
1770 2853 1794 2875 ν,
1814 2850 1860 2870 art.
1877 2844 1901 2870 3.

373 2955 402 2989 ῃ,
427 2958 432 2970 ι
454 2957 528 3020 553<
548 2950 571 2975 D
587 2948 776 2974 SECUNDUM
791 2948 844 2973 SIC
859 2946 1098 2972 PROCEDlTUR.
1118 2935 1277 2972 Videtur
1291 2935 1397 2984 quod

366 2978 383 3008 '⁸³
400 2975 468 3050 ΞΔ
491 2999 522 3051 79
550 2997 798 3038 augmentum
825 2988 1026 3026 habituum
1053 2989 1120 3024 fiat
1146 3000 1214 3036 per
1242 2987 1399 3025 additio-

359 3048 381 3091 ’,,
401 3043 439 3076 ⁶*
463 3047 465 3049 ’
494 3039 654 3081 “nern.
675 3043 831 3080 Nomen
851 3041 951 3078 enim
972 3041 1175 3088 augmenti,
1195 3047 1238 3077 ut
1257 3040 1398 3077 dictum

398 3073 486 3140 <⁴⁴23
511 3090 540 3130 k
553 3103 608 3133 est
623 3097 655 3143 ²¹³,
676 3108 699 3132 a
714 3094 982 3144 quantitatibus
1003 3092 1262 3141 corporalibus
1281 3100 1400 3130 trans-

341 3150 457 3186 fertur
480 3149 534 3185 ad·
556 3149 710 3186 formas.
740 3147 818 3185 Sed
845 3147 885 3184 in
912 3146 1178 3195 quantitatibus
1198 3145 1401 3194 corporali-

342 3202 413 3238 bus
441 3213 520 3238 non
548 3201 591 3238 fit
619 3208 867 3250 augmentum
897 3200 976 3236 sine
1000 3198 1212 3236 additione:
1240 3198 1343 3235 unde
1363 3198 1401 3234 in

344 3256 358 3291 1
378 3255 424 3292 de
447 3254 620 3292 Generat.
638 3254 660 3276 ⁸²
681 3253 813 3291 dicitur
830 3253 936 3302 quod
959 3257 1204 3302 augmentum
1224 3257 1278 3288 est
1290 3262 1403 3300 prae-

343 3307 516 3345 existenti
553 3306 806 3358 magnitudini
831 3311 847 3327 α
882 3305 1186 3350 additamentum.
1227 3304 1329 3352 Ergo
1367 3311 1403 3341 et

344 3360 384 3398 in
411 3360 602 3398 habitibus
634 3372 714 3397 non
745 3359 789 3397 fit
816 3366 1064 3406 augmentum
1098 3356 1168 3394 nisi
1200 3368 1268 3405 per
1299 3356 1404 3394 addi-

344 3421 499 3451 tionem.

399 3523 427 3557 α)
446 3524 552 3556 quod..
564 3541 570 3549 .
590 3522 776 3556 magnitudini.
794 3535 814 3542 -
831 3521 894 3554 quia
913 3521 1001 3554 (quod
1019 3520 1057 3554 Κ)
1077 3523 1249 3553 augmentum
1270 3522 1309 3544 est
1324 3525 1404 3551 prae-

346 3559 488 3584 existentis
507 3558 729 3593 (praeexistentis
749 3561 788 3582 est
807 3557 843 3591 F)
864 3557 1057 3590 magnitudinis
1075 3556 1151 3580 EFK.

1508 2946 1542 2971 2.
1564 2935 1796 2980 PRAETEREA,
1826 2932 1974 2970 habitus
2003 2944 2081 2968 non
2110 2939 2266 2980 augetur
2294 2931 2363 2968 nisi
2382 2931 2508 2979 aliquo

1453 2994 1597 3035 agente.
1630 2986 1707 3023 Sed
1734 2998 1848 3023 omne
1877 2997 1991 3033 agens
2011 2984 2152 3034 aliquid
2177 2984 2264 3021 facit
2282 2984 2320 3021 in
2339 2984 2508 3021 subiecto

1453 3039 1764 3089 patiente:‚sicut
1798 3038 2018 3076 calefaciens
2053 3036 2139 3074 facit
2167 3038 2331 3075 calorem
2360 3036 2399 3073 in
2426 3037 2509 3086 ipso

1456 3092 1635 3129 calefacto
1669 3089 1695 3128 β.
1726 3092 1828 3138 Ergo
1872 3103 1949 3128 non
1985 3097 2110 3139 potest
2142 3102 2224 3127 esse
2263 3097 2510 3138 augmentum

1455 3145 1525 3182 nisi
1554 3144 1678 3193 aliqua
1704 3144 1771 3180 fiat
1799 3143 1952 3181 additio.

1511 3199 1545 3234 3.
1575 3198 1814 3243 PRAETEREA,
1844 3196 1939 3233 sicut
1966 3195 2005 3232 id
2033 3195 2137 3244 quod
2171 3207 2249 3232 non
2278 3203 2333 3231 est
2361 3195 2510 3241 album,

1458 3258 1513 3287 est
1540 3250 1577 3286 in
1605 3249 1774 3299 potentia
1794 3248 1842 3286 acl
1871 3249 2020 3294 album3
2049 3248 2099 3284 ita
2126 3247 2164 3286 id
2189 3247 2292 3297 quod
2314 3255 2368 3284 est
2387 3247 2513 3284 minus

1458 3304 1600 3350 album,
1631 3309 1686 3340 est
1713 3302 1751 3338 in
1778 3301 1946 3351 potentia
1974 3300 2023 3339 ad
2049 3300 2168 3348 magis
2197 3301 2336 3338 album.
2367 3299 2444 3337 Sed
2475 3299 2514 3336 id

1459 3356 1563 3405 quod
1601 3367 1679 3392 non
1717 3362 1772 3391 est
1808 3355 1958 3401 album,
1988 3366 2066 3391 non
2099 3354 2142 3390 fit
2178 3354 2306 3390 album
2344 3352 2414 3390 nisi
2446 3364 2514 3401 per

1459 3409 1667 3446 adventum
1697 3407 1893 3445 albedinis.
1923 3408 2024 3454 Ergo
2052 3406 2089 3443 id
2119 3406 2221 3454 quod
2247 3413 2302 3442 est
2319 3405 2445 3442 minus
2465 3405 2515 3442 al-

1513 3518 1539 3552 β)
1561 3521 1586 3543 ιἰι
1607 3519 1662 3550 ipso
1681 3518 1817 3551 calefacto.
1829 3531 1847 3536 —
1866 3518 1892 3542 ῐη
1912 3518 1968 3549 ipso
1988 3517 2046 3545 BG.
2065 3524 2119 3540 om.
2139 3515 2317 3540 ACDEFHIL.

2527 2036 2536 2045 ·
2551 2034 2587 2056 cf.
2607 2039 2670 2056 num.
2687 2039 2738 2055 vm.
