2852 4152
104 432 112 439 ·
123 430 178 457 Arg.
198 428 245 449 Sed
259 434 313 449 con-

104 458 150 476 Ira.

104 544 111 551 ·
128 542 184 568 Cap.
200 547 227 567 ιι,
243 547 265 562 n.
286 540 311 561 6:

104 566 312 619 ἵέοἳῑᾞῑῗῑὶἱῗὶτέέῑ

104 620 143 641 lib.
158 620 179 645 I,
197 625 247 666 calp.
262 625 312 645 xm,

104 651 126 667 n.
135 652 172 671 20;
185 652 203 667 s.
233 646 312 666 h.1ect.

103 678 141 693 xx.

103 1113 111 1121 ·
128 1112 158 1133 Ca
178 1126 184 1132 .
199 1117 220 1135 x,
237 1116 291 1135 n.4.
302 1121 311 1125 -

101 1139 126 1159 S.
137 1138 180 1158 Τι.
196 1138 246 1158 lect.
261 1143 282 1157 x.

102 1597 109 1604 ·
127 1594 163 1615 Cf.
178 1594 309 1615 Comment.

103 1621 175 1642 Caiet.
194 1623 248 1647 post
267 1622 311 1640 art.
364 1626 372 1640 l

103 1653 159 1674 seq.‚
175 1652 238 1668 num.
250 1651 276 1669 ιι.

103 2482 184 2531 gfff:
190 2489 250 2530 '¹1'ezii‘.
261 2488 293 2530 ¹11:

104 3275 116 3286 ⁴
132 3274 178 3302 Qu.
192 3280 232 3301 ιιι,
247 3277 289 3296 art.
300 3280 314 3295 1.

343 240 416 276 338

342 329 431 353 nem
450 323 574 365 potest
595 316 787 364 corrumpi
807 315 956 352 habitus
977 327 1090 351 verae
1112 313 1311 362 opinionis,
1334 321 1396 349 aut

343 370 454 405 etiam
471 369 657 405 scientiae.
675 369 784 406 Unde
802 369 1055 415 Philosophus
1072 367 1158 404 dicit
1173 366 1278 413 quod
1293 366 1396 401 dece-

334 422 414 469 ptio
431 427 484 457 est
496 422 685 469 corruptio
699 421 884 467 scientiae,
902 421 996 457 sicut
1015 419 1157 467 supra*
1172 419 1311 454 dictum
1329 425 1393 453 est.

393 474 582 510 Virtutum
592 486 685 510 vero
702 472 890 520 quaedam
908 479 993 508 sunt
1008 471 1286 514 intellectuales,
1299 480 1395 517 quae

342 534 427 562 sunt
455 526 492 562 in
521 525 601 574 ipsa
631 526 783 572 ratione,
813 533 853 560 ut
881 524 1012 561 dicitur
1037 523 1073 558 in
1094 523 1143 558 VI
1163 521 1326 558 Ethic.*:
1349 521 1395 557 de

342 579 479 626 quibus
508 586 562 615 est
591 579 723 615 eadem
752 577 843 613 ratio
873 589 971 623 quae
1002 583 1057 611 est
1086 575 1133 611 de
1162 573 1315 610 scientia
1334 573 1396 609 vel

342 631 532 679 opinione.
554 652 577 658 -
599 630 799 676 Quaedam
829 641 921 664 vero
952 635 1037 664 sunt
1056 627 1093 662 in
1112 634 1218 674 parte
1247 625 1395 662 animae

342 684 556 732 appetitiva,
578 695 676 731 quae
704 690 789 718 sunt
817 681 971 716 virtutes
992 680 1174 715 morales:
1204 686 1240 714 et
1260 678 1396 714 eadem

341 736 433 772 ratio
455 744 510 772 est
531 737 577 772 de
600 735 698 771 vitiis
723 732 915 781 oppositis.
943 732 1104 768 Habitus
1130 738 1257 767 autem
1283 743 1396 780 appe-

341 789 468 824 titivae
488 787 600 836 partis
622 793 821 822 causantur
835 796 902 833 per
916 785 990 820 hoc
1006 784 1110 833 quod
1126 783 1218 819 ratio
1235 791 1322 819 nata
1344 790 1397 819 est

342 840 583 889 appetitivam
612 846 759 887 partem
789 849 956 873 movere.
978 836 1090 874 Unde
1117 848 1187 885 per
1215 835 1397 872 Iudicium

341 887 493 929 rationis
508 892 544 928 in
558 890 784 927 contrarium
801 889 991 925 moventis
1003 901 1247 937 quocumque
1264 889 1396 934 modo,

341 945 479 981 scilicet
489 944 567 979 sive
580 955 624 979 ex
635 942 855 989 ignorantia,
865 941 1001 990 siveex
1013 941 1201 989 passione,
1209 941 1270 977 vel
1283 940 1396 977 etiam

342 1010 384 1032 ex
401 997 594 1041 electione,
612 994 864 1042 corrumpitur
877 994 1027 1030 habitus
1041 993 1187 1030 virtutis
1200 994 1263 1029 vel
1277 993 1368 1029 vitii.

392 1051 449 1085 An
478 1060 613 1084 PRIMUM
633 1059 730 1084 ERGO
750 1058 932 1083 chENDUM
954 1046 1069 1095 quod,
1091 1047 1186 1082 sicut
1205 1045 1340 1083 dicitur
1359 1045 1397 1081 in

338 1103 405 1138 VII
426 1100 590 1146 Ethic.‘*‚
620 1099 770 1136 habitus
789 1099 1074 1135 similitudinem
1093 1099 1208 1135 habet
1228 1106 1397 1144 naturae,

339 1154 464 1191 deficit
498 1161 625 1189 tamen
658 1153 705 1188 ab
733 1152 825 1200 ipsa.
857 1152 905 1188 Et
933 1152 1035 1198 ideo,
1067 1164 1153 1187 curn
1183 1158 1315 1186 natura
1344 1149 1398 1186 rei

339 1208 441 1243 nullo
471 1206 589 1242 modo
619 1212 862 1241 removeatur
890 1204 937 1240 ab
965 1204 1058 1252 ipsa,
1079 1203 1228 1240 habitus
1249 1202 1397 1239 difficile

340 1263 567 1295 removetur.

1103 1407 1420 1450 ARTICULUS

1061 1492 1216 1523 UTRUM
1239 1491 1427 1527 HAfflTus

384 1599 429 1614 ,
449 1598 514 1625 W<-
549 1592 571 1616 D
606 1591 795 1617 SECUNDUM
829 1591 882 1616 stc
919 1591 1146 1616 PROCEDITUR
1171 1578 1202 1615 *.
1238 1578 1398 1616 Videtur

361 1622 521 1693 §5712259
550 1632 655 1680 quod
674 1632 823 1669 habitus
844 1631 1002 1669 diminui
1022 1644 1101 1668 non
1120 1631 1249 1680 possit,
1281 1631 1396 1667 Habi-

354 1688 483 1775 ,15⁶3ae
489 1689 538 1771 ⁶&
550 1693 609 1743 tus
630 1684 730 1774 elnim
752 1692 806 1774 esst
826 1684 1015 1773 qiliaedanti
1040 1685 1203 1773 qualitast
1220 1691 1255 1772 ett
1274 1684 1398 1772 Ῑοῑὲπᾶ

393 1754 405 1769 ³
427 1741 491 1770 ἂν)
526 1750 648 1786 slmp
665 1749 721 1774 ex.
780 1749 857 1785 imp
874 1749 918 1773 ex
947 1749 995 1773 au
1012 1749 1074 1773 em
1104 1745 1168 1773 aut
1205 1749 1227 1772 ο
1246 1749 1311 1772 um
1352 1738 1396 1772 xa-

341 1792 461 1836 betur,
482 1796 547 1826 aut
566 1797 687 1827 totum
709 1789 899 1826 amittitur.
921 1790 1023 1836 Ergo
1043 1789 1205 1835 habitus,
1227 1788 1294 1825 etsi
1315 1801 1396 1825 cor-

341 1842 466 1891 rumpi
493 1842 623 1890 possit,
653 1842 811 1881 diminui
839 1854 918 1878 non
945 1849 1080 1890 potest.

394 1907 428 1931 2.
459 1895 688 1940 ΡιιΑΕτΕιιΕΑ,
720 1906 834 1930 omne
863 1894 967 1942 quod
996 1893 1174 1931 convenit
1202 1893 1395 1939 accidenti,

341 1947 518 1984 convenit
553 1947 676 1984 eidem
713 1946 924 1983 secundum
953 1958 1011 1992 se,
1040 1947 1102 1982 vel
1124 1952 1140 1967 ‘²
1169 1946 1311 1982 ratione
1340 1945 1397 1981 sui

340 1999 507 2036 subiecti.
537 1999 698 2036 Habitus
726 2007 852 2035 autem
882 1999 1093 2036 secundum
1122 1998 1289 2047 seipsum
1319 2010 1397 2034 non

338 2052 540 2089 intenditur
568 2060 604 2088 et
631 2052 848 2089 remittitur:
869 2051 1036 2100 alioquin
1055 2059 1274 2100 sequeretur
1292 2051 1397 2100 quod

339 2105 464 2154 aliqua
483 2104 628 2153 species
648 2104 695 2142 de
716 2104 792 2141 suis
811 2103 1014 2141 individuis
1041 2104 1321 2152 praedicaretur
1341 2116 1397 2140 se-

341 2158 508 2194 cundum
529 2157 648 2204 magis
670 2165 706 2193 et
725 2157 862 2194 minus.
894 2157 934 2194 Si
953 2157 1062 2204 igitur
1081 2156 1293 2194 secundum
1313 2169 1397 2205 par-

338 2209 595 2259 ticipationem
629 2209 786 2246 subiecti
824 2209 984 2246 diminui
1011 2209 1146 2258 possit,
1176 2217 1398 2258 sequeretur

341 2263 445 2312 quod
474 2262 613 2311 aliquid
633 2262 778 2299 accidat
800 2262 944 2300 habitui
963 2262 1173 2310 proprium,
1194 2262 1299 2310 quod
1318 2274 1396 2298 non

341 2315 386 2352 sit
415 2327 621 2352 commune
656 2314 691 2350 ei
718 2322 754 2351 et
781 2314 963 2351 subiecto.
1001 2314 1239 2362 Cuicumque
1268 2322 1396 2350 autem

341 2368 485 2404 formae
516 2366 694 2404 convenit
722 2366 864 2414 aliquid
890 2366 1088 2415 proprium
1117 2374 1266 2415 praeter
1285 2379 1396 2403 suum

341 2420 570 2466 subiectum,
599 2419 660 2456 illa
695 2419 815 2456 forma
851 2427 906 2456 est
933 2419 1168 2468 separabilis,
1196 2426 1238 2456 ut
1265 2419 1399 2456 dicitur

271 2489 285 2503 ο
302 2492 314 2498 -
341 2473 379 2509 in
408 2474 421 2509 l
450 2473 495 2509 de
521 2472 661 2509 Anima
679 2471 710 2508 ²⁸.
742 2471 919 2520 Sequitur
947 2484 1036 2519 ergo
1062 2471 1166 2520 quod
1183 2471 1334 2508 habitus
1354 2472 1400 2508 sit

341 2526 463 2563 forma
491 2524 730 2573 separabilis:
760 2525 863 2572 quod
892 2532 947 2561 est
974 2524 1219 2572 impossibile.

396 2579 429 2615 3.
460 2578 691 2624 PRAETEREA,
722 2577 816 2614 ratio
847 2584 882 2613 et
909 2585 1043 2614 natura
1066 2576 1228 2623 habitus,
1250 2576 1345 2613 sicut
1364 2584 1400 2613 et

341 2630 536 2668 cuiuslibet
564 2629 786 2676 accidentis,
817 2629 983 2666 consistit
1010 2629 1045 2666 in
1081 2629 1322 2666 concretione
1351 2629 1400 2666 ad

341 2682 574 2720 subiectum:
604 2683 706 2719 unde
737 2689 772 2718 et
799 2682 994 2731 quodlibet
1019 2682 1194 2719 accidens
1224 2682 1401 2719 definitur

340 2748 409 2784 per
437 2747 548 2772 suum
577 2735 800 2772 subiectum.
831 2735 870 2772 Si
889 2734 999 2782 igitur
1017 2734 1167 2771 habitus
1187 2735 1399 2772 secundum

341 2788 507 2836 seipsum
550 2800 628 2825 non
663 2787 868 2825 intenditur
904 2799 1029 2835 neque
1073 2787 1290 2834 remittitur,
1335 2800 1400 2824 ne-

342 2853 415 2890 que
437 2841 550 2877 etiam
580 2840 791 2877 secundum
821 2840 1105 2877 concretionem
1134 2840 1192 2877 sui
1210 2840 1259 2877 ad
1278 2839 1401 2885 subie-

343 2901 444 2930 ctum
473 2893 631 2930 diminui
667 2893 814 2942 poterit.
849 2894 897 2930 Et
924 2893 975 2930 ita
1003 2893 1106 2930 nullo
1142 2893 1261 2929 modo
1292 2891 1400 2930 dimi—

342 2953 488 2983 nuetur.

397 2999 470 3035 SED
499 3010 643 3035 CONTRA
671 3010 736 3034 EsT
755 2998 860 3047 quod
889 2997 1074 3035 contraria
1101 3005 1189 3034 nata
1214 3006 1300 3034 sunt
1319 2997 1402 3034 fieri

344 3051 441 3087 circa
459 3050 572 3088 idem.
603 3053 861 3098 Augmentum
883 3058 1011 3088 autem
1032 3058 1068 3087 et
1097 3050 1295 3087 diminutio
1316 3058 1403 3088 sunt

344 3103 540 3140 contraria.
577 3103 674 3140 Cum
710 3103 819 3150 igitur
846 3104 996 3140 habitus
1023 3103 1143 3152 possit
1171 3103 1318 3151 augeri,
1347 3103 1403 3140 vi-

346 3156 454 3192 detur
482 3155 585 3204 quod
615 3155 730 3192 etiam
758 3156 876 3203 possit
905 3155 1074 3194 diminui.

396 3209 620 3245 Responzo
639 3219 822 3244 DlCENDUM
842 3209 946 3256 quod
964 3208 1114 3246 habitus
1135 3208 1330 3257 dupliciter
1350 3208 1403 3246 di-

344 3261 576 3308 minuuntur,
607 3260 701 3297 sicut
721 3267 761 3302 et,
777 3268 971 3308 augentur,
1002 3269 1043 3298 ut
1071 3273 1116 3298 ex
1142 3261 1364 3310 supradictis
1382 3261 1402 3283 *

343 3321 455 3363 patet.
486 3314 534 3349 Et
557 3313 652 3350 sicut
681 3325 725 3349 ex
755 3313 890 3350 eadem
915 3326 1029 3350 causa
1050 3321 1237 3361 augentur
1264 3325 1309 3351 ex
1327 3326 1403 3362 qua

344 3373 578 3413 generantur,
607 3365 657 3402 ita
685 3377 731 3402 ex
764 3365 899 3403 eadem
928 3378 1042 3402 causa
1071 3366 1331 3403 diminuuntur
1359 3378 1404 3403 ex

345 3430 419 3466 qua
454 3425 766 3467 corrumpuntur:
801 3429 891 3455 nam
926 3418 1125 3455 diminutio
1162 3418 1309 3456 habitus
1348 3427 1403 3456 est

399 3535 425 3569 α)
446 3536 528 3560 eidem
547 3536 689 3560 secundum
709 3543 744 3562 se,
764 3536 812 3560 vel.
831 3549 849 3554 -
868 3535 892 3560 ei
910 3535 981 3565 KsH,
1001 3536 1025 3560 ei
1043 3537 1075 3560 de
1095 3536 1179 3565 ceteri,
1199 3537 1281 3561 eidem
1301 3537 1342 3562 ed.
1361 3544 1386 3562 a.
1422 3531 1426 3571 Ι

1037 237 1302 284 QUAEsTio
1332 237 1431 282 LIII,

1461 235 1755 271 ARTICULUS
1786 236 1816 270 11

1503 314 1561 348 AD
1590 324 1779 349 SECUNDUM
1807 324 1990 349 DiCENoUM
2009 314 2125 362 quod,
2148 314 2213 350 etsi
2238 313 2436 362 speciebus
2455 313 2510 349 in-

1450 364 1702 411 telligibilibus
1731 377 1809 400 non
1838 365 1884 401 sit
1912 365 2049 413 aliquid
2077 366 2320 412 contrarium,
2342 365 2511 402 enuntia-

1450 416 1615 454 tionibus
1635 425 1763 453 tamen
1784 424 1820 452 et
1837 418 2031 465 processui
2057 418 2210 456 rationis
2229 426 2354 467 potest
2372 418 2511 467 aliquid

1452 480 1533 504 esse
1564 469 1806 514 contrarium,
1840 467 1884 506 ut'
1909 468 2049 506 dictum
2080 477 2134 507 est
2152 470 2184 507 ²⁸.

1503 522 1562 557 At>
1581 532 1740 557 TERTIUM
1760 532 1942 559 mCENDUM
1966 522 2071 570 quod
2098 522 2250 559 scientia
2279 534 2356 558 non
2387 533 2509 567 remo-

1449 580 1560 608 vetur
1586 585 1655 620 per
1683 581 1832 610 motum
1858 575 2093 622 corporalem
2115 583 2299 622 quantum
2320 574 2368 611 ad
2387 574 2509 622 ipsam

1452 625 1616 661 radicem
1645 625 1808 671 habitus,
1838 626 1905 663 sed
1933 628 2056 663 solum
2076 635 2262 674 quantum
2282 627 2329 663 ad
2349 625 2510 674 impedi-

1451 684 1623 713 mentum
1653 685 1774 722 actus;
1804 678 2030 725 inquantum
2062 679 2270 716 intellectus
2299 679 2439 726 indiget
2471 678 2510 715 in

1451 742 1520 766 suo
1551 737 1636 766 actu
1655 730 1798 766 viribus
1818 730 2014 778 sensitivis,
2036 732 2172 780 quibus
2188 732 2509 780 <impedimentum

1451 781 1606 818 affertur
1642 794 1711 830 per
1748 783 1983 831 corporalem
2021 784 2387 822 transmutationem.
2432 783 2509 822 Sed

1450 847 1519 883 per
1546 834 1812 882 intelligibilem
1833 843 1983 873 motum
2003 835 2155 873 rationis
2174 843 2298 885 potest
2316 835 2510 884 corrumpi

1451 887 1601 924 habitus
1630 887 1817 934 scientiae,
1849 887 1962 925 etiam
1992 895 2175 935 quantum
2196 888 2244 925 ad
2271 888 2393 937 ipsam
2414 888 2509 925 radi-

1452 952 1535 976 cem
1561 941 1724 977 habitus.
1755 942 1803 977 Et
1831 941 2000 977 similiter
2028 940 2141 976 etiam
2170 948 2293 988 potest
2316 941 2509 989 corrumpi

1451 992 1600 1028 habitus
1631 992 1775 1029 virtutis
1794 993 1824 1029 *.
1845 1014 1869 1020 -
1890 994 2040 1029 Tamen
2061 993 2164 1040 quod
2185 993 2329 1040 dicitur,
2358 994 2510 1030 virtutes

1451 1056 1529 1080 esse
1550 1046 1874 1092 permanentiores
1901 1045 2112 1093 disciplinis,
2143 1045 2425 1092 intelligendum
2455 1053 2511 1083 est

1452 1109 1530 1134 non
1560 1109 1603 1133 ex
1636 1105 1742 1146 parte
1770 1098 1926 1134 subiecti
1953 1099 2014 1134 vel
2044 1098 2202 1142 causae,
2232 1097 2299 1134 sed
2328 1110 2373 1134 ex
2403 1106 2510 1146 parte

1452 1157 1575 1186 actus:
1597 1162 1686 1186 nam
1701 1150 1883 1187 virtutum
1903 1162 1993 1186 usus
2014 1157 2069 1186 est
2089 1149 2288 1186 continuus
2307 1162 2375 1198 per
2392 1158 2512 1187 totam

1451 1202 1582 1249 Vitam,
1608 1215 1686 1240 non
1713 1210 1842 1240 autem
1871 1215 1962 1240 usus
1991 1202 2284 1251 disciplinarum.

1450 1407 1747 1450 SECUNDUS

1451 1491 1597 1523 possrr
1620 1492 1788 1523 DIMINUI

1450 1579 1639 1627 quaedam
1662 1579 1725 1615 via
1753 1579 1804 1615 ad
1824 1579 2119 1627 corruptionem,
2149 1579 2244 1615 sicut
2273 1591 2294 1615 e
2322 1591 2509 1617 converso

1449 1631 1638 1678 generatio
1653 1630 1804 1668 habitus
1820 1639 1875 1667 est
1894 1631 2088 1679 quoddam
2110 1631 2403 1669 fundamentum
2420 1643 2510 1680 aug-

1450 1683 1567 1720 menti
1595 1683 1722 1731 ipsius.

1502 1738 1561 1772 Αι)
1590 1747 1727 1772 PRIMUM
1746 1747 1844 1772 ERGO
1864 1747 2048 1772 monimum
2066 1736 2172 1783 quod
2193 1735 2348 1774 'habitus
2375 1748 2511 1781 secun·

1450 1787 1542 1824 dum
1571 1800 1612 1824 se
1641 1787 1911 1834 consideratus,
1941 1795 1996 1824 est
2015 1788 2139 1825 forma
2155 1787 2317 1837 simplex
2335 1789 2366 1835 *,
2396 1797 2434 1827 et
2451 1800 2511 1833 sev

1451 1841 1618 1877 cundum
1637 1841 1712 1877 hoc
1731 1853 1811 1877 non
1829 1840 1962 1877 accidit
1980 1840 2015 1877 ei
2035 1840 2256 1878 diminutio:
2285 1841 2354 1879 sed
2376 1854 2510 1884 secun-

1451 1892 1542 1929 dum
1573 1893 1767 1930 diversum
1786 1893 1948 1930 modum
1968 1893 2227 1942 participandi,
2249 1894 2314 1943 qui
2333 1895 2511 1944 provenit

1451 1958 1496 1981 ex
1523 1945 1876 1982 indeterminatione
1895 1946 2085 1994 potentiae
2105 1946 2223 1995 ipsius
2241 1942 2517 1996 participantis„

1450 2010 1549 2046 quae
1583 1998 1723 2035 scilicet
1757 1998 2013 2036 diversimode
2044 2007 2171 2047 potest
2197 2012 2316 2038 unam
2344 2000 2510 2039 formam

1449 2050 1684 2100 participare,
1713 2052 1775 2088 vel
1799 2063 1898 2099 quae
1917 2059 2043 2100 potest
2066 2052 2115 2088 ad
2133 2052 2243 2100 plura
2269 2053 2333 2090 vel
2350 2054 2399 2091 ad
2418 2065 2513 2101 pau-¹

1451 2103 1553 2140 ciora
1581 2103 1742 2141 extendi.
2498 2132 2503 2136 v

1502 2158 1561 2193 An
1581 2168 1771 2194 SECUNDUM
1799 2168 1983 2194 DlCENDUM
2012 2157 2116 2205 quod
2136 2156 2230 2194 ratio
2249 2157 2310 2195 illa
2327 2157 2517 2207 procede—2

1450 2216 1516 2255 ret,
1546 2209 1576 2245 si
1605 2209 1686 2258 ipsa
1715 2209 1875 2246 essentia
1893 2209 2043 2247 habitus
2061 2211 2166 2247 nullo
2186 2211 2305 2249 modo
2326 2210 2511 2248 diminue-

1451 2269 1562 2299 retur.
1592 2262 1679 2298 Hoc
1706 2269 1833 2298 autem
1863 2273 1942 2299 non
1963 2262 2158 2311 ponimus:
2183 2263 2252 2300 sed
2270 2264 2378 2311 quod
2395 2275 2511 2313 quae·

1450 2314 1540 2351 dam
1568 2313 1768 2350 diminutio
1798 2315 1980 2351 essentiae
2008 2315 2160 2352 habitus
2178 2327 2258 2352 non
2276 2315 2392 2353 habet
2408 2315 2511 2365 prin-

1451 2366 1591 2415 cipium
1619 2366 1667 2402 ab
1695 2366 1838 2413 habitu,
1867 2367 1934 2404 sed
1964 2379 1986 2403 a
2012 2367 2270 2416 participante.

1502 2420 1562 2455 Αι)
1581 2430 1740 2456 TER‘riUM
1759 2430 1942 2456 DICENDUM
1965 2420 2086 2468 quod,
2116 2431 2362 2468 quocumque
2390 2420 2520 2460 modo-

1452 2471 1681 2519 significetur
1700 2471 1888 2518 accidens,
1906 2472 2021 2508 habet
2040 2472 2335 2520 dependentiarn
2355 2473 2403 2510 ad
2421 2473 2511 2511 sub-

1451 2524 1590 2560 iectum
1619 2523 1831 2560 secundum
1851 2536 1959 2561 suam
1981 2524 2183 2562 rationem:
2203 2525 2309 2562 aliter
2327 2533 2456 2563 tamen
2475 2533 2513 2563 et

1453 2576 1569 2613 aliter.
1608 2577 1710 2612 Nam
1747 2576 1922 2613 accidens
1950 2577 2203 2624 significatum
2231 2578 2270 2615 in
2301 2578 2511 2627 abstracto,

1453 2629 1628 2678 importat
1655 2628 1916 2666 habitudinem
1942 2630 1991 2667 ad
2019 2630 2231 2667 subiectum
2260 2642 2359 2679 quae
2383 2630 2514 2680 incipit

1454 2682 1501 2719 ab
1530 2681 1736 2728 accidente,
1767 2689 1803 2718 et
1829 2681 2049 2720 terminatur
2082 2683 2130 2720 ad
2159 2683 2392 2720 subiectum:
2420 2695 2513 2723 nam

1453 2734 1589 2771 albedo
1620 2734 1753 2771 dicitur
1780 2746 1855 2782 qua
1883 2735 2026 2783 aliquid
2050 2741 2104 2772 est
2126 2735 2273 2773 album.¹
2295 2736 2344 2773 Et
2363 2735 2451 2774 ideo
2473 2736 2515 2782 in

1455 2787 1674 2824 definitione
1695 2787 1897 2824 accidentis
1925 2787 2101 2825 abstracti
2120 2800 2199 2826 non
2217 2788 2371 2837 ponitur
2389 2787 2514 2833 subie-

1455 2847 1556 2877 ctum
1585 2839 1693 2888 quasi
1719 2839 1844 2888 prima
1872 2852 1960 2888 pars
1989 2838 2229 2888 definitionis,
2258 2853 2357 2889 quae
2377 2849 2433 2879 est
2451 2843 2515 2890 ge·

1455 2905 1542 2938 nus;
1573 2893 1640 2929 sed
1669 2892 1776 2941 quasi
1805 2893 1985 2941 secunda,
2010 2906 2109 2943 quae
2129 2901 2185 2930 est
2203 2893 2429 2942 differentia3
2460 2894 2514 2931 di-

1455 2946 1576 2982 cimus
1605 2945 1706 2982 enim
1727 2946 1831 2993 quod
1851 2946 1994 2983 simitas
2014 2954 2070 2983 est
2087 2947 2251 2984 curvitas
2279 2947 2372 2984 nasi.
2392 2968 2416 2975 -
2437 2947 2514 2984 Sed

1455 2998 1494 3035 in
1522 2998 1706 3035 concretis
1734 2998 1863 3046 incipit
1884 2999 2067 3036 habitudo
2086 3012 2110 3036 a
2129 2998 2312 3047 subiecto,
2333 3007 2370 3036 et
2387 2999 2515 3039 termi-

1456 3058 1566 3088 natur
1585 3051 1634 3088 ad
1649 3050 1839 3088 accidens:
1861 3051 1995 3101 dicitur
2015 3052 2116 3089 enim
2140 3052 2270 3089 album
2289 3053 2392 3101 quod
2406 3053 2518 3090 habet

1457 3103 1677 3141 albedinem.
1698 3105 1858 3152 Propter
1873 3104 1976 3153 quod
1997 3104 2036 3142 in
2055 3104 2275 3142 definitione
2293 3104 2515 3151 huiusmodi

1459 3156 1662 3193 accidentis
1675 3156 1830 3205 ponitur
1844 3157 2056 3194 subiectum
2071 3164 2251 3206 tanquam
2267 3169 2400 3206 genus,
2411 3157 2519 3207 quod

1459 3217 1515 3245 est
1541 3209 1664 3258 prima
1691 3221 1779 3257 pars
1812 3208 2060 3246 definitionis:
2091 3209 2251 3248 dicimus
2280 3210 2382 3248 enim
2410 3209 2517 3259 quod¹

1458 3261 1598 3298 simum
1616 3269 1671 3298 est
1684 3273 1797 3299 nasus
1815 3273 1954 3299 curvus
1967 3260 1994 3299 β.
2006 3283 2030 3290 -
2047 3262 2109 3299 Sic
2127 3262 2238 3310 igitur
2253 3263 2291 3300 id
2305 3262 2412 3312 quod
2425 3274 2514 3300 con-

1447 3314 1561 3354 ⁴venit
1589 3313 1846 3351 accidentibus
1874 3326 1920 3352 ex
1947 3323 2053 3363 parte
2081 3315 2251 3363 subiecti,
2280 3327 2358 3354 non
2385 3322 2511 3353 autem

1460 3378 1503 3403 ex
1531 3367 1613 3416 ipsa
1646 3366 1790 3404 ratione
1822 3366 2046 3415 accidentis,
2076 3379 2155 3405 non
2183 3367 2392 3406 attribuitur
2418 3366 2514 3404 acci-

1459 3419 1560 3456 denti
1588 3419 1627 3456 in
1645 3420 1845 3467 abstracto,
1865 3420 1933 3458 sed
1952 3419 1990 3457 in
2011 3427 2201 3458 concreto.
2229 3421 2279 3458 Et
2295 3419 2515 3458 huiusmodi

1506 3536 1531 3570 β)
1551 3538 1656 3562 simum.
1670 3551 1687 3556 -
1705 3538 1787 3562 simus
1806 3540 1845 3562 est
1863 3544 1944 3562 nasus
1962 3544 2059 3563 curvus
2078 3538 2118 3563 vel
2131 3538 2214 3563 smus
2225 3540 2266 3563 est
2277 3537 2337 3562 nasi
2349 3537 2468 3563 curvitas
2483 3538 2510 3563 F.

2536 477 2547 488 ⁸
2562 477 2587 498 In
2603 482 2710 505 corpore.

2538 1005 2546 1014 ·
2562 1003 2591 1026 D.
2606 1009 2662 1031 7⁰⁰-

2535 1796 2659 1826 ·n.⁶99.
