2852 4152
359 200 435 235 244

356 275 392 305 et
407 269 603 319 gaudium.
630 272 878 309 Conversatio
908 281 1035 310 autem
1065 282 1101 310 et
1130 275 1326 311 convictus
1354 289 1410 312 sa-

356 322 519 370 pientiae
549 331 604 360 est
622 336 691 372 per
710 321 1080 374 contemplationem.
1110 328 1212 374 Ergo
1233 328 1334 363 nulla
1353 328 1418 364 tri-²

357 375 453 411 stitia
482 383 537 412 est
569 389 665 425 quae
695 377 740 414 sit
769 378 952 415 contraria
981 379 1217 415 delectationi
1247 387 1414 416 contem-

356 428 542 475 plationis.

410 481 634 518 RESPONDEO
662 494 845 520 DICENDUM
873 483 978 530 quod
1012 483 1207 519 delectatio
1243 489 1412 519 contem-

355 533 530 581 plationis
557 542 682 583 potest
700 535 852 583 intelligi
876 534 1082 583 dupliciter.
1103 536 1189 571 Uno
1210 535 1341 581 modo,
1362 535 1412 572 ita

356 586 461 633 quod
491 588 759 636 contemplatio
780 588 824 624 sit
843 587 1097 624 delectationis
1126 599 1250 633 causa,
1278 595 1315 624 et
1333 600 1411 624 non

356 638 559 676 obiectum.
585 641 634 676 Et
658 648 747 677 tunc
766 639 962 676 delectatio
982 651 1059 675 non
1080 647 1136 675 est
1155 640 1202 676 de
1222 639 1303 688 ipsa
1323 653 1411 677 con-

356 692 611 739 templatione,
634 693 699 729 sed
721 693 767 729 de
787 704 826 728 re
848 692 1112 739 contemplata.
1135 693 1326 740 Contingit
1344 706 1411 730 au-

354 750 431 780 tem
454 745 699 793 contemplari
719 744 857 792 aliquid
877 745 1059 781 nocivum
1079 752 1116 781 et
1139 750 1155 766 α
1175 746 1409 793 contristans,

354 795 449 832 sicut
476 805 512 833 et
540 797 678 845 aliquid
707 796 938 833 conveniens
968 804 1004 833 et
1024 797 1224 835 delectans.
1245 799 1356 836 Unde
1380 799 1410 835 si

353 848 406 884 sie
426 849 621 886 delectatio
643 849 972 897 contemplationis
987 850 1201 898 accipiatur,
1218 851 1308 888 nihil
1323 864 1410 900 pro-

352 901 456 938 hibet
492 902 727 938 delectationi
762 902 1089 950 contemplationis
1118 916 1198 940 esse
1227 904 1409 941 tristitiam

354 954 593 990 contrariam.

405 1006 490 1042 Alio
520 1006 637 1042 modo
666 1012 790 1054 potest
809 1006 883 1043 dici
905 1007 1100 1044 delectatio
1126 1010 1409 1058 contemplatio-

352 1058 421 1106 nis,
438 1059 525 1107 quia
545 1059 811 1107 contemplatio
833 1068 889 1096 est
908 1060 987 1097 eius
1008 1061 1200 1098 obiectum
1221 1070 1257 1098 et
1276 1074 1408 1099 causa:

350 1119 441 1159 puta
478 1123 565 1148 cum
597 1111 730 1160 aliquis
763 1111 968 1149 delectatur
1001 1113 1047 1150 de
1080 1114 1154 1150 hoc
1187 1114 1269 1163 ipso
1304 1115 1409 1163 quod

352 1165 638 1212 contemplatur.
668 1166 717 1201 Et
745 1165 817 1212 sic,
846 1173 888 1202 ut
917 1166 1003 1202 dicit
1032 1167 1237 1213 Gregorius
1266 1167 1409 1215 Nysse-

115 1220 325 1268 'ffiemssi‘ss'cadf
351 1229 421 1253 nus
440 1216 471 1264 *,
501 1217 537 1253 ei
561 1218 795 1254 delectationi
820 1229 917 1266 quae
944 1224 998 1255 est
1019 1219 1223 1255 secundum
1247 1226 1407 1257 contem-

113 1264 220 1321 {3¹{31,³¹·
232 1264 271 1295 n'ss.
282 1253 322 1299 13,
345 1270 562 1318 plationem,
592 1283 666 1307 non
695 1272 895 1318 opponitur
921 1271 1049 1320 aliqua
1077 1273 1234 1309 tristitia.
1258 1273 1307 1309 Et
1333 1274 1407 1310 hoc

114 1307 322 1354 ’ἓψῖχΗῐιη-ἐ·
350 1323 453 1360 idem
487 1323 743 1371 Philosophus
775 1323 883 1370 dicit,
913 1323 951 1360 in
980 1326 994 1360 I
1028 1325 1064 1361 Τ
1060 1325 1154 1373 opic.
1186 1325 1206 1346 ²¹⁶
1235 1333 1270 1362 et
1301 1325 1340 1362 in
1372 1327 1407 1362 X

113 1375 193 1422 ‘3¹0ng
204 1380 304 1422 {gfff-„⁷13
312 1386 322 1390 ·
349 1375 491 1412 Ethic.*
503 1376 579 1412 Sed
593 1377 668 1412 hoc
683 1383 738 1412 est
752 1376 1049 1425 intelligendum,
1059 1390 1130 1426 per
1144 1390 1184 1414 se
1199 1378 1405 1427 loquendo.

350 1429 468 1465 Cuius
498 1429 593 1465 ratio
623 1436 688 1475 est,
710 1429 799 1478 quia
826 1429 969 1466 tristitia
995 1442 1064 1478 per
1091 1443 1132 1467 se
1161 1431 1407 1469 contrariatur

350 1481 587 1518 delectationi
615 1494 713 1530 quae
742 1489 797 1518 est
821 1482 868 1519 de
898 1483 1085 1519 contrario
1115 1484 1282 1521 obiecto:
1312 1485 1407 1521 sicut

350 1534 586 1576 delectationi
614 1547 712 1584 quae
741 1542 796 1571 est
824 1535 871 1572 de
901 1536 1041 1583 calore,
1072 1537 1318 1574 contrariatur
1344 1538 1405 1574 tri-

349 1587 445 1623 stitia
464 1600 563 1635 quae
584 1596 639 1624 est
658 1588 705 1624 de
724 1588 871 1635 frigore.
902 1588 1064 1625 Obiecto
1089 1597 1217 1626 autem
1238 1598 1405 1627 contem-

347 1640 522 1688 plationis
542 1641 633 1677 nihil
653 1648 708 1677 est
729 1641 978 1678 contrarium:
1009 1642 1282 1679 contrariorum
1303 1643 1405 1680 enim

349 1693 525 1740 rationes,
555 1693 765 1731 secundum
786 1695 891 1742 quod
920 1702 1006 1731 sunt
1034 1696 1305 1743 apprehensae,
1327 1708 1405 1732 non

349 1754 435 1782 sunt
463 1747 691 1793 contrariae,
721 1747 788 1783 sed
816 1759 936 1783 unum
966 1748 1195 1784 contrarium
1222 1757 1280 1785 est
1312 1749 1404 1785 ratio

350 1800 604 1845 cognoscendi
632 1799 744 1836 aliud.
774 1800 883 1836 Unde
914 1799 1150 1837 delectationi
1171 1813 1267 1850 quae
1293 1808 1348 1837 est
1366 1801 1404 1837 in

349 1852 656 1900 contemplando,
678 1865 755 1888 non
782 1860 918 1900 potest,
943 1865 1012 1900 per
1031 1866 1070 1889 se
1090 1854 1296 1901 loquendo,
1322 1866 1403 1890 esse

348 1904 472 1952 aliqua
499 1904 642 1941 tristitia
672 1905 868 1941 contraria.
895 1926 918 1932 -
948 1905 1024 1942 Sed
1052 1918 1123 1942 nec
1153 1906 1263 1943 etiam
1290 1907 1405 1943 habet

346 1956 533 1993 tristitiam
553 1970 753 2004 annexam,
774 1957 869 1994 sicut
888 1959 1103 2006 corporales
1123 1959 1402 2007 delectationes,

347 2021 444 2058 quae
473 2018 560 2046 sunt
581 2017 623 2046 ut
642 2010 853 2047 medicinae
881 2011 1071 2059 quaedam
1101 2019 1232 2048 contra
1259 2012 1404 2060 aliquas

346 2063 559 2099 molestias:
589 2063 683 2099 sicut
711 2063 843 2112 aliquis
863 2063 1068 2100 delectatur
1086 2064 1125 2101 in
1143 2072 1237 2112 potu
1266 2077 1311 2101 ex
1329 2066 1403 2102 hoc

347 2115 452 2163 quod
480 2116 651 2153 anxiatur
679 2116 751 2164 siti,
782 2117 935 2164 quando
965 2125 1091 2153 autem
1121 2117 1197 2153 iam
1226 2125 1304 2154 tota
1327 2117 1404 2154 sitis

348 2175 403 2204 est
431 2170 591 2218 repulsa,
623 2169 735 2205 etiam
765 2177 885 2206 cessat
913 2169 1110 2206 delectatio
1139 2178 1263 2218 potus.
1293 2171 1403 2207 Dele-

348 2220 458 2257 ctatio
489 2222 591 2258 enim
621 2222 948 2270 contemplationis
973 2235 1051 2259 non
1072 2230 1246 2259 causatur
1267 2236 1310 2260 ex
1330 2224 1404 2260 hoc

348 2273 453 2321 quod
486 2273 727 2311 excluditurss
755 2275 881 2323 aliqua
913 2275 1107 2322 molestia,
1142 2276 1210 2312 sed
1248 2288 1292 2312 ex
1329 2277 1403 2312 hoc

348 2326 454 2374 quod
474 2335 529 2364 est
549 2327 759 2364 secundum
783 2328 947 2376 seipsam
970 2328 1221 2364 delectabilis:
1251 2341 1330 2365 non
1349 2335 1405 2365 est

348 2380 449 2416 enim
479 2380 689 2428 generatio,
711 2380 778 2417 sed
807 2380 977 2430 operatio
1007 2381 1196 2429 quaedam
1224 2381 1401 2429 perfecta,

212 2459 317 2480 „mm
346 2440 388 2469 ut
416 2432 557 2469 dictum
589 2438 676 2469 est'!
709 2433 740 2469 ³¹².

399 2486 473 2521 Per
501 2486 676 2522 accidens
711 2492 839 2522 autem
872 2485 1100 2522 admiscetur
1132 2486 1275 2522 tristitia
1303 2486 1403 2523 dele-

347 2538 498 2574 ctationi
535 2538 858 2587 apprehensionis.
889 2539 937 2574 Et
970 2539 1045 2575 hoc
1078 2537 1295 2587 dupliciter:
1324 2551 1402 2575 uno

346 2590 481 2638 modo,
513 2603 557 2627 ex
585 2599 690 2639 parte
720 2590 871 2638 organi;
902 2590 974 2627 alio
1003 2590 1139 2637 modo,
1171 2604 1215 2628 ex
1243 2591 1402 2640 impedi-

346 2651 476 2680 mento
506 2644 829 2692 apprehensionis.
855 2644 912 2680 Ex
940 2651 1046 2692 parte
1074 2643 1229 2691 quidem
1260 2644 1401 2692 organi,

345 2697 575 2733 admiscetur
610 2697 752 2733 tristitia
779 2697 842 2734 vel
871 2697 981 2733 dolor
1008 2697 1320 2746 apprehensioni,
1351 2697 1404 2734 di-

346 2757 443 2786 recte
473 2749 628 2797 quidem
657 2750 691 2786 in
721 2749 866 2786 viribus
894 2750 1181 2798 apprehensivis
1201 2750 1402 2787 sensitivae

343 2802 479 2850 partis,
510 2815 609 2850 quae
637 2803 780 2839 habent
811 2815 996 2850 organum
1025 2804 1237 2852 corporale:
1266 2804 1329 2840 vel
1358 2815 1402 2840 ex

345 2855 522 2903 sensibili,
540 2856 645 2904 quod
661 2863 716 2892 est
736 2855 966 2892 contrarium
982 2856 1131 2893 debitae
1148 2856 1402 2904 complexioni

346 2908 494 2956 organi,
524 2909 619 2945 sicut
656 2917 785 2957 gustus
822 2909 876 2945 rei
913 2921 1066 2945 amarae
1101 2917 1137 2946 et
1165 2909 1322 2946 olfactus
1350 2909 1403 2945 rei

398 3029 425 3061 α)
445 3033 479 3054 et.
496 3043 515 3049 -
533 3030 594 3054 Om.
613 3030 794 3055 ABCDHIKL.
811 3044 830 3050 -
848 3034 874 3055 et
892 3036 950 3056 ante
970 3031 1102 3056 delectans
1121 3039 1174 3056 om.
1194 3031 1223 3056 C.

398 3063 423 3096 β)
443 3065 606 3090 excluditur.
622 3079 641 3084 —
659 3066 820 3090 excludatur
838 3067 948 3091 codices.

397 3101 423 3132 γ)
444 3103 473 3124 ut
492 3100 591 3125 dictum
610 3103 658 3125 est.
675 3114 694 3119 -
713 3101 775 3125 Post
793 3102 931 3134 generatio
951 3107 1050 3134 ponunt
1069 3102 1116 3128 Pa.

1025 195 1289 241 QUAESTIO
1319 198 1479 245 XXXV,
1509 200 1802 237 ARTICULUS
1831 201 1866 237 v

1469 276 1654 324 foetidae3
1678 279 1739 315 vel
1759 291 1804 315 ex
1824 279 2066 317 continuitate
2085 281 2272 318 sensibilis
2293 282 2523 319 convenien-

1469 328 1525 376 tis,
1538 330 1641 377 quod
1655 342 1724 378 per
1742 331 1999 369 assiduitatem
2014 333 2100 370 facit
2115 334 2521 383 superexcrescentiam

1468 382 1645 418 naturalis
1677 383 1847 430 habitus,
1876 390 1917 419 ut
1943 396 2056 433 supra
2074 386 2094 407 ⁸¹
2122 386 2264 423 dictum
2298 394 2372 433 est,
2402 394 2438 424 et
2469 387 2522 423 sic

1468 434 1635 470 redditur
1672 436 1924 482 apprehensio
1962 437 2144 475 sensibilis
2176 451 2274 487 quae
2306 438 2410 487 prius
2444 447 2522 476 erat

1467 485 1706 532 delectabilis,
1734 488 1914 525 taediosa.
1935 509 1960 517 —
1980 490 2055 527 Sed
2082 491 2177 527 haec
2205 491 2281 527 duo
2311 491 2450 527 directe
2482 491 2522 528 in

1467 539 1785 587 contemplatione
1819 540 1954 578 mentis
1981 542 2110 580 locum
2138 556 2215 580 non
2242 543 2404 580 habent:
2433 543 2521 591 quia

1466 601 1575 626 mens
1609 603 1687 627 non
1714 592 1829 628 habet
1859 605 2046 641 organum
2081 597 2286 643 corporale.
2320 595 2431 633 Unde
2467 595 2521 632 di-

1467 649 1568 678 ctum
1594 651 1648 680 est
1670 643 1709 680 in
1728 645 1946 682 auctoritate
1968 646 2120 684 inducta
2138 647 2170 695 ²⁸,
2186 648 2292 696 quod
2310 661 2388 685 non
2406 648 2521 684 habet

1466 696 1734 744 contemplatio
1768 697 1904 734 mentis
1932 711 2000 735 nec
2025 701 2313 738 amaritudinem
2351 712 2419 737 nec
2445 706 2520 737 tae-

1464 748 1578 784 dium.
1610 748 1687 785 Sed
1715 749 1803 796 quia
1830 762 1940 786 mens
1967 751 2136 788 humana
2163 753 2275 790 utitur
2293 753 2332 790 in
2352 760 2520 789 contem-

1464 801 1604 849 plando
1619 801 1761 838 viribus
1781 803 2067 850 apprehensivis
2086 805 2283 852 sensitivis,
2299 805 2337 842 in
2357 817 2519 853 quarum

1464 854 1607 890 actibus
1627 854 1759 891 accidit
1777 855 1974 901 lassitudo;
1994 855 2080 892 ideo
2099 856 2278 894 indirecte
2292 857 2521 895 admiscetur

1465 906 1769 957 aliqua-afflictio
1796 908 1858 944 vel
1886 908 1997 945 dolor
2025 909 2342 957 contemplationi.

1518 959 1596 996 Sed
1624 968 1759 996 neutro
1788 960 1906 997 modo
1935 960 2079 997 tristitia
2117 963 2424 1010 contemplationi
2451 975 2520 1011 per

1465 1012 1642 1048 accidens
1670 1012 1857 1059 adiuncta,
1888 1013 2134 1050 contrariatur
2162 1014 2398 1052 delectationi
2426 1015 2517 1052 eius.

1464 1064 1566 1100 Nam
1593 1064 1737 1101 tristitia
1765 1077 1864 1113 quae
1893 1073 1948 1102 est
1976 1066 2022 1102 de
2050 1066 2325 1114 impedimento
2350 1075 2518 1104 contem-

1462 1117 1657 1164 plationis,
1687 1129 1765 1154 non
1794 1118 2040 1155 contrariatur
2076 1119 2315 1156 delectationi
2349 1128 2519 1157 contem-

1462 1169 1650 1217 plationis,
1680 1170 1747 1207 sed
1775 1171 2037 1218 magis‘habet
2065 1171 2287 1208 affinitatem
2314 1180 2352 1209 et
2379 1184 2519 1210 conve-

1463 1222 1643 1259 nientiam
1673 1235 1759 1259 cum
1780 1223 1873 1271 ipsa,
1892 1231 1934 1260 ut
1954 1235 1998 1260 ex
2017 1224 2240 1272 supradictis
2256 1225 2276 1246 *
2294 1232 2407 1273 patet.
2435 1225 2519 1262 Tri-

1463 1275 1559 1311 stitia
1591 1287 1684 1312 vero
1721 1277 1784 1312 vel
1816 1275 1968 1313 afflictio
2002 1289 2099 1324 quae
2134 1285 2189 1314 est
2223 1277 2269 1314 de
2302 1277 2518 1315 lassitudine

1463 1328 1658 1376 corporali,
1682 1341 1761 1365 non
1788 1329 1838 1365 ad
1864 1329 1967 1366 idem
1996 1341 2114 1377 genus
2142 1330 2316 1367 refertur:
2341 1330 2444 1367 unde
2464 1338 2519 1368 est

1461 1381 1610 1430 penitus
1648 1381 1845 1429 disparata.
1884 1382 1933 1418 Et
1968 1381 2022 1418 sic
2053 1382 2294 1419 manifestum
2329 1390 2385 1419 est
2412 1384 2518 1431 quod

1462 1434 1700 1471 delectationi
1719 1446 1817 1482 quae
1838 1442 1893 1470 est
1907 1435 1955 1471 de
1973 1434 2056 1483 ipsa
2071 1435 2401 1484 contemplatione,
2417 1436 2518 1473 nulla

1461 1487 1602 1523 tristitia
1632 1487 1896 1532 contrariatur;
1925 1499 1996 1523 nec
2015 1487 2227 1535 adiungitur
2251 1488 2287 1525 ei
2305 1488 2429 1537 aliqua
2456 1489 2517 1525 tri-

1461 1539 1557 1576 stitia
1585 1539 1655 1576 nisi
1682 1552 1751 1588 per
1778 1540 1964 1576 accidens.

1512 1594 1571 1628 An
1587 1604 1723 1629 PRtMUM
1743 1604 1840 1629 ERGO
1859 1604 2043 1629 monimum
2059 1592 2164 1639 quod
2179 1592 2240 1629 illa
2254 1593 2399 1630 tristitia
2417 1605 2516 1642 quae

1460 1652 1516 1681 est
1543 1646 1753 1681 secundum
1782 1646 1922 1692 Deum,
1943 1657 2021 1680 non
2042 1652 2096 1681 est
2116 1644 2162 1681 de
2183 1645 2264 1693 ipsa
2284 1646 2516 1694 contempla·

1459 1698 1561 1734 tione
1589 1697 1737 1743 mentis,
1768 1697 1835 1734 sed
1865 1705 1919 1733 est
1946 1697 1994 1733 de
2022 1697 2148 1745 aliquo
2173 1697 2278 1744 quod
2297 1704 2407 1734 mens
2427 1710 2516 1735 con-

1459 1751 1679 1798 templatur:
1710 1749 1849 1786 scilicet
1869 1749 1915 1785 de
1944 1757 2113 1797 peccate,
2133 1750 2238 1798 quod
2266 1762 2376 1787 mens
2396 1751 2515 1788 consi-

1460 1803 1564 1839 derat
1591 1810 1632 1838 ut
1661 1802 1891 1838 contrarium
1921 1801 2110 1838 dilectioni
2128 1799 2141 1823 ὃ
2170 1802 2332 1839 divinae.

1510 1857 1570 1892 AD
1589 1866 1779 1892 SECUNDUM
1804 1867 1988 1892 morannum
2016 1854 2121 1903 quod
2142 1867 2186 1891 ea
2204 1868 2302 1904 quae
2322 1863 2408 1893 sunt
2427 1869 2515 1893 con-

1458 1908 1566 1944 traria
1594 1908 1633 1945 in
1661 1920 1788 1944 rerum
1818 1915 1962 1955 natura,
1992 1907 2204 1944 secundum
2233 1908 2338 1956 quod
2365 1917 2453 1946 sunt
2476 1909 2516 1946 in

1458 1967 1599 2008 mente,
1620 1972 1698 1997 non
1721 1961 1863 1997 habent
1887 1960 2202 1997 contrarietatem.
2223 1960 2316 1997 Non
2336 1961 2439 1998 enim
2459 1974 2516 1998 ra-

1457 2012 1579 2050 tiones
1608 2013 1884 2050 contrariorum
1922 2021 2009 2050 sunt
2041 2012 2270 2050 contrariae:
2299 2014 2366 2050 sed
2394 2013 2516 2062 magis

1457 2078 1578 2103 unum
1613 2066 1843 2103 contrarium
1881 2073 1937 2102 est
1973 2066 2067 2102 ratio
2106 2066 2361 2114 cognoscendi
2401 2067 2514 2104 aliud.

1458 2120 1619 2167 Propter
1647 2120 1751 2167 quod
1781 2126 1836 2155 est
1862 2130 1938 2155 una
1967 2118 2121 2155 scientia
2150 2119 2438 2156 contrariorum.

2547 393 2560 440 ἑ
2571 392 2618 420 Qu.
2627 398 2760 422 mirum.

2547 653 2557 663 ·
2562 652 2588 673 In
2594 658 2641 680 arg.
2646 653 2696 675 Sed
2702 660 2759 676 cou-

2547 680 2594 700 tra.

2546 1234 2556 1244 '¹
2570 1235 2622 1257 Art.
2635 1236 2742 1264 praeced.

1510 2173 1569 2209 AD
1583 2183 1742 2209 TERTmM
1757 2183 1940 2208 mcENDuM
1960 2171 2064 2220 quod
2085 2172 2366 2220 contemplatio,
2383 2183 2516 2210 secun·
2545 2188 2547 2191 ’

1459 2224 1551 2261 dum
1586 2237 1647 2272 se,
1681 2236 1879 2272 nunquam
1916 2225 2031 2261 habet
2063 2224 2249 2261 rationem
2286 2224 2396 2272 mali,
2427 2237 2515 2262 cum

1459 2277 1725 2325 contemplatio
1763 2277 1853 2313 nihil
1891 2277 1992 2313 aliud
2029 2277 2074 2313 sit
2110 2289 2226 2325 quam
2264 2277 2514 2314 consideratio

1456 2329 1558 2376 veri,
1587 2329 1691 2379 quod
1721 2337 1775 2366 est
1803 2330 1949 2366 bonum
1977 2329 2203 2366 intellectus:
2233 2329 2300 2366 sed
2318 2342 2388 2378 per
2419 2330 2515 2367 acci-

1459 2382 1552 2419 dens
1579 2389 1738 2429 tantum,
1766 2381 1992 2429 inquantum
2013 2381 2152 2418 scilicet
2172 2382 2439 2431 contemplatio
2457 2383 2515 2420 vi-

1457 2434 1560 2471 lioris
1587 2434 1745 2483 impedit
1772 2434 2134 2483 contemplationem
2163 2434 2345 2482 melioris;
2374 2436 2436 2472 vel
2470 2447 2514 2472 ex

1457 2495 1562 2536 parte
1592 2488 1645 2524 rei
1674 2488 1963 2535 contemplatae,
1993 2488 2040 2524 ad
2069 2499 2186 2536 quarn
2214 2487 2425 2525 inordinate
2449 2501 2514 2538 ap-

1457 2540 1595 2588 petitus
1623 2539 1784 2576 afficitur
1812 2540 1843 2576 ²⁸.

1511 2594 1570 2629 AD
1591 2604 1763 2634 QUARTUM
1783 2603 1966 2629 D1CENDUM
1987 2592 2092 2640 quod
2111 2591 2255 2628 tristitia
2274 2604 2372 2640 quae
2393 2600 2449 2629 est
2468 2593 2525 2644 de,

1457 2645 1735 2694 impedimento
1772 2644 2122 2693 contemplationis,
2157 2657 2236 2681 non
2269 2645 2515 2682 contrariatur

1459 2697 1698 2735 delectationi
1727 2697 2068 2746 contemplationis,
2097 2697 2165 2735 sed
2192 2704 2248 2734 est
2266 2697 2301 2734 ei
2320 2697 2455 2747 affinis,
2475 2705 2517 2735 ut

1459 2751 1600 2788 dictum
1629 2758 1685 2787 est·
1703 2750 1734 2787 ³¹⁸.

1511 2805 1570 2840 An
1600 2814 1761 2844 QUINTUM
1785 2814 1968 2840 DICENDUM
1997 2802 2103 2850 quod
2126 2801 2278 2840 afflictio
2309 2802 2430 2840 carnis
2447 2814 2517 2852 per

1458 2856 1633 2893 accidens
1649 2863 1685 2893 et
1703 2856 1882 2893 indirecte
1902 2868 1942 2892 se
1957 2856 2072 2893 habet
2091 2856 2140 2893 ad
2154 2855 2516 2904 contemplationem

1458 2909 1607 2957 mentis,
1636 2917 1677 2946 ut
1705 2909 1847 2946 dictum
1875 2916 1932 2946 est
1949 2908 1980 2945 ³⁸⁸.

1511 3031 1536 3066 ὃ)
1557 3031 1699 3057 dilectioni.
1718 3045 1737 3051 ·-
1756 3031 1927 3057 delectationi
1955 3030 2107 3064 PD(F?)Ka‚
2132 3031 2351 3063 contemplatn'om’
2373 3031 2414 3064 (in
2434 3037 2516 3064 metg-

1459 3067 1517 3092 add.
1535 3068 1576 3092 vel
1594 3066 1745 3101 dilectioni)
1766 3068 1796 3092 E.

2540 2545 2550 2555 ·
2560 2544 2597 2566 Cf.
2607 2550 2647 2572 qu.
2654 2549 2750 2572 κωκυ,

2540 2569 2750 2619 {ffl’fffmmmt‘

2540 2754 2552 2766 ⁸⁸
2566 2753 2592 2776 ln
2606 2759 2712 2782 corpore.

2542 2912 2553 2924 “
2566 2910 2626 2933 lbid.
