2852 4152
96 905 108 917 ¹*
122 906 173 927 Art.
188 904 294 933 praeced.

93 1111 106 1121 ·
120 1111 188 1134 vers.
202 1110 230 1138 6,
243 1116 265 1138 7.

89 1581 266 1617 ulem-1⁵2

1022 251 1285 297 QUAESTIO
1314 253 1420 300 XXI,
1449 254 1742 292 ARTICULUS
1772 256 1822 292 lV

2432 256 2501 304 167

1116 385 1430 428 ARTICULUS
1461 388 1729 439 QUARTUS

714 472 867 504 UTRUM
891 475 1031 507 ACTUS
1056 477 1279 514 HUMANUS,
1303 479 1565 516 INQUANTUM
1587 480 1667 512 EST
1689 480 1830 512 BONUS
1852 481 1935 512 VEL
1958 481 2116 518 MALUS,

811 518 985 550 HABEAT
1009 520 1236 552 RATIONEM
1259 522 1408 552 MERITI
1432 524 1515 554 VEL
1538 524 1746 555 DEMERITI
1770 525 1883 556 APUD
1908 525 2030 556 DEUM

1252 599 1332 631 Infra,
1351 607 1396 633 qu.
1415 607 1480 632 αῑιν,
1500 606 1546 626 art.
1565 609 1585 626 1.

372 718 385 730 s
421 703 429 717 ι
454 707 534 754 sta<
547 696 568 720 D
589 695 761 726 QUARTUM
781 696 833 721 su:
853 696 1090 723 PROCEDITUR.
1111 687 1269 725 Videtur
1286 689 1392 736 quod

404 736 410 743 ‘
464 730 523 787 {⁴3
547 743 650 773 actus
674 737 838 774 hominis
857 738 980 775 bonus
1003 740 1064 776 vel
1085 741 1206 776 malus
1230 753 1308 777 non
1326 741 1391 777 ha-

352 818 400 848 5
449 817 453 821 ,
482 776 634 825 beat
666 789 851 827 rationem
880 792 1001 828 meriti
1031 793 1092 828 vel
1121 793 1292 829 demeriti
1323 805 1391 842 per

422 845 431 867 ί
466 851 479 870 ν’
522 842 873 890 comparationem
902 844 949 881 ad
977 846 1116 881 Deum.
1148 845 1258 892 Quia,
1279 853 1320 882 ut
1338 845 1391 882 di-

336 902 439 940 ctum
469 902 523 932 est
547 895 578 942 ³¹³,
606 895 780 932 meritum
811 904 846 932 et
873 897 1097 933 demeritum
1126 897 1304 946 importat
1332 911 1390 935 or-

336 947 465 984 dinem
498 948 547 985 ad
584 949 979 997 recompensationem
1006 951 1197 998 profectus
1231 951 1294 986 vel
1327 951 1390 987 da-

335 1000 415 1037 mni
444 1001 492 1038 ad
521 1001 678 1038 alterum
708 1001 807 1038 illati.
838 1002 915 1039 Sed
943 1009 1047 1039 actus
1075 1002 1239 1039 hominis
1266 1003 1390 1040 bonus

334 1048 396 1090 vVel
429 1054 551 1090 malus
579 1066 657 1090 non
691 1054 788 1090 cedit
815 1054 854 1090 in
886 1055 1051 1104 aliquem
1079 1055 1290 1103 profectum
1328 1057 1390 1093 vel

335 1106 520 1143 damnum
557 1106 673 1154 ipsius
700 1106 792 1143 Dei:
823 1106 954 1144 dicitur
987 1107 1088 1144 enim
1121 1109 1190 1144 Iob
1223 1120 1318 1145 xxxv
1349 1108 1388 1145 *ε

335 1159 378 1194 Si
393 1159 621 1207 peccaveris,
642 1159 731 1207 quid
747 1161 782 1195 ei
800 1160 977 1196 nocebis?
1003 1162 1123 1196 Porro
1141 1161 1175 1197 si
1192 1161 1283 1197 iuste
1306 1173 1390 1210 ege-

334 1211 397 1257 ris,
425 1212 514 1260 quid
540 1212 695 1248 donabis
722 1211 784 1248 ei?
812 1212 913 1259 Ergo
942 1220 1047 1249 actus
1072 1213 1238 1250 hominis
1267 1214 1390 1250 bonus

333 1264 396 1300 vel
423 1264 546 1301 malus
565 1276 643 1301 non
671 1265 786 1300 habet
818 1264 1002 1300 rationem
1030 1265 1152 1301 meriti
1170 1266 1232 1301 vel
1261 1265 1389 1302 deme-

333 1316 390 1352 riti
419 1317 522 1365 apud
549 1318 688 1353 Deum.

389 1380 423 1405 2.
445 1370 676 1412 Pmrunm,
700 1367 992 1402 instrumentum
1021 1367 1112 1402 nihil
1136 1374 1302 1404 meretur
1328 1370 1390 1405 vel

334 1420 550 1457 demeretur
568 1419 670 1466 apud
691 1429 779 1453 eum
800 1418 864 1465 qui
882 1418 996 1455 utitur
1013 1418 1280 1455 instrumento:
1301 1420 1390 1466 quia

332 1479 411 1508 tota
438 1471 534 1507 actio
554 1469 792 1507 instrumenti
821 1476 876 1505 est
893 1470 1030 1506 utentis
1058 1470 1152 1518 ipso.
1175 1471 1252 1507 Sed
1271 1472 1389 1508 homo

331 1523 377 1566 in
390 1523 538 1571 agendo
568 1530 624 1560 est
640 1522 933 1559 instrumentum
957 1522 1107 1559 divinae
1126 1523 1271 1560 virtutis
1289 1524 1390 1571 prin-

332 1577 500 1625 cipaliter
517 1576 644 1625 ipsum
663 1574 872 1612 moventis:
892 1575 995 1612 unde
1016 1574 1148 1612 dicitur
1166 1575 1284 1613 Isaiae
1302 1588 1326 1612 x
1348 1576 1388 1613 *ε

331 1630 531 1678 Numquid
547 1628 774 1678 gloriabitur
790 1629 930 1665 securis
948 1633 1080 1664 contra
1104 1640 1189 1664 eum
1209 1628 1275 1676 qui
1290 1635 1392 1666 secat

333 1683 371 1719 in
399 1682 471 1720 ea?
497 1683 577 1719 Aut
601 1681 828 1718 exaltabitur
857 1693 966 1718 serra
990 1686 1122 1717 contra
1150 1693 1235 1718 eum
1264 1692 1288 1716 a
1316 1693 1389 1729 quo

332 1735 523 1772 trahitur?
550 1735 615 1772 ubi
635 1734 831 1771 manifeste
857 1733 1053 1771 hominem
1082 1742 1256 1781 agentem
1285 1746 1389 1771 com-

330 1794 440 1836 parat
466 1788 728 1838 instrumento.
750 1787 852 1834 Ergo
871 1787 1004 1834 homo,
1025 1787 1123 1823 bene
1151 1788 1299 1834 agendo
1327 1788 1390 1824 vel

332 1840 444 1888 male,
469 1840 559 1877 nihil
579 1846 596 1862 α
614 1847 781 1877 meretur
802 1840 865 1876 vel
894 1840 1110 1876 demeretur
1128 1840 1231 1888 apud
1250 1841 1388 1878 Deum.

387 1893 422 1930 3.
441 1894 678 1939 Paniai-Eam,
706 1899 810 1930 actus
836 1893 1029 1930 humanus
1061 1893 1177 1929 habet
1203 1893 1390 1930 rationem

331 1946 456 1984 meriti
482 1947 545 1983 vel
572 1946 765 1994 demeriti‚.
787 1946 1011 1994 inquantum
1041 1946 1234 1982 ordinatur
1262 1946 1310 1982 ad
1339 1947 1391 1982 al-

305 2031 307 2033 .
331 2005 468 2036 terum.
485 1999 563 2036 Sed
581 2011 660 2036 non
679 2011 814 2036 omnes
833 2006 938 2036 actus
956 1998 1115 2035 humani
1134 1998 1356 2035 ordinantur
1375 1997 1390 2028 β

280 2065 283 2067 ·
332 2051 382 2088 ad
399 2053 549 2089 Deum.
573 2052 676 2099 Ergo
705 2064 784 2089 non
803 2064 939 2088 omnes
967 2058 1070 2088 actus
1099 2051 1190 2088 boni
1217 2052 1279 2088 vel
1303 2051 1392 2088 mali

90 2474 104 2484 ⁶
117 2474 170 2496 Ast.
184 2474 290 2502 praeced.

331 2104 474 2142 habent
496 2104 683 2142 rationem
710 2104 833 2141 meriti
850 2105 914 2141 vel
932 2104 1103 2141 demeriti
1121 2104 1226 2152 apud
1249 2105 1389 2141 Deum.

386 2158 461 2195 SED
475 2166 622 2195 CONTRA
636 2169 702 2194 EST
715 2158 820 2205 quod
835 2157 969 2194 dicitur
981 2157 1104 2194 Eccle.
1120 2157 1227 2194 ult.*:
1249 2158 1391 2194 Cuncta

332 2220 429 2258 quae
444 2211 551 2258 fiunt
575 2210 735 2248 adducet
750 2211 854 2247 Deus
881 2210 918 2246 in
938 2210 1127 2255 iudicium,
1150 2210 1228 2247 sive
1252 2211 1392 2246 honum

330 2263 378 2300 sit
394 2268 411 2291 Υ
427 2263 507 2300 sive
524 2263 679 2300 malum.
697 2263 774 2299 Sed
793 2262 974 2299 iudicium
989 2262 1169 2310 importat
1183 2262 1393 2299 retributio-

331 2327 434 2362 nem,
455 2323 629 2364 respectu
658 2315 763 2352 cuius
783 2315 960 2352 meritum
985 2323 1020 2351 et
1048 2315 1274 2355 demeritum
1303 2315 1392 2351 dici-

331 2375 402 2405 tur.
423 2369 526 2416 Ergo
556 2368 678 2404 omnis
707 2375 812 2404 actus
838 2367 1005 2404 hominis
1032 2368 1156 2404 bonus
1180 2368 1242 2405 vel
1269 2368 1392 2404 malus

330 2421 659 2459 habet—rationem
686 2420 810 2461 meriti
837 2421 899 2457 vel
923 2420 1095 2457 demeriti
1124 2421 1227 2469 apud
1250 2421 1390 2457 Deum.

384 2475 610 2512 amomum
625 2485 821 2511 mei-:rmum
849 2474 966 2522 quod,
987 2473 1082 2510 sicut
1110 2473 1253 2510 dictum
1283 2481 1338 2511 est
1359 2473 1390 2519 *‚

331 2534 437 2567 actus
465 2526 620 2564 alicuius
647 2526 814 2563 hominis
837 2527 953 2562 habet
976 2526 1163 2563 rationem
1188 2526 1311 2562 meriti
1329 2527 1392 2563 vel

333 2579 517 2626 demeriti,¹
542 2579 754 2616 secundum
784 2578 889 2627 quod
917 2578 1112 2615 ordinatur
1141 2579 1190 2615 ad
1218 2579 1390 2625 alterum,

331 2633 394 2669 vel
409 2632 554 2668 ratione
570 2631 664 2678 eius,
680 2632 743 2667 vel
757 2631 901 2667 ratione
917 2630 1209 2666 communitatis.
1221 2630 1392 2678 Utroque

333 2691 462 2723 autem
484 2683 610 2723 ‚modo
644 2690 748 2720 actus
776 2681 893 2719 nostri
921 2681 1013 2718 boni
1044 2683 1106 2718 vel
1134 2682 1223 2718 mali
1251 2682 1392 2718 habent

1445 688 1628 726 rationem
1648 690 1769 726 meriti
1787 691 1848 727 vel
1869 691 2040 728 demeriti
2060 691 2162 740 apud
2181 693 2319 729 Deum.
2337 693 2496 730 Ratione

1446 741 1600 789 quidem
1638 742 1773 790 ipsius⁷
1803 743 2026 791 inquantum
2056 752 2111 780 est
2144 745 2298 781 ultimus
2334 746 2498 783 hominis

1445 794 1546 830 finis:
1578 802 1632 831 est
1665 803 1791 831 autem
1819 796 1988 833 debitum
2023 804 2065 833 ut
2091 798 2140 834 ad
2172 797 2290 834 finem
2322 798 2497 836 ultimum

1446 858 1580 882 omnes
1609 854 1713 883 actus
1742 848 1958 895 referantur,
1979 856 2021 885 ut
2048 858 2161 898 supra
2184 849 2204 871 *
2230 850 2402 887 habitum
2431 859 2496 888 est.

1445 899 1555 935 Unde
1584 899 1648 947 qui
1676 900 1762 936 facit
1790 908 1915 937 actum
1936 902 2079 938 malum
2108 915 2186 939 non
2215 903 2439 940 referibilem
2460 904 2498 941 in

1445 952 1584 998 Deum,
1606 964 1683 988 non
1711 961 1836 989 servat
1858 954 2046 990 honorem
2074 955 2158 1001 Dei,
2180 955 2244 1004 qui
2270 956 2498 1001 ultimofini

1445 1003 1615 1040 debetur.
1654 1026 1677 1032 -
1707 1005 1764 1041 Ex
1800 1013 1905 1054 parte
1941 1018 2034 1043 vero
2070 1008 2182 1044 totius
2217 1009 2497 1046 communitatis

1445 1055 1625 1102 universi,
1651 1057 1737 1106 quia
1765 1057 1803 1094 in
1831 1059 1996 1105 qualibet
2024 1060 2294 1097 communitate
2313 1059 2405 1098 ⁸i11e
2433 1062 2498 1110 qui

1445 1108 1536 1156 regit
1555 1110 1880 1157 communitatem,
1901 1111 2102 1159 praecipue
2122 1113 2237 1149 habet
2256 1126 2385 1150 curam
2405 1114 2496 1151 boni

1446 1162 1679 1199 communis:
1708 1163 1810 1199 unde
1839 1163 1887 1199 ad
1912 1175 1999 1200 eum
2017 1164 2177 1212 pertinet
2205 1166 2408 1203 retribuere
2427 1179 2496 1216 pro

1443 1213 1501 1250 his
1535 1226 1633 1261 quae
1661 1215 1758 1251 bene
1790 1216 1852 1252 vel
1885 1217 1983 1252 male
2016 1217 2111 1253 fiunt
2144 1217 2182 1253 in
2215 1219 2496 1256 communitate.

1445 1266 1512 1302 Est
1540 1275 1666 1303 autem
1695 1269 1800 1304 Deus
1819 1268 2047 1315 gubernator
2076 1276 2111 1305 et
2138 1277 2260 1305 rector
2278 1272 2390 1307 totius
2417 1269 2498 1307 uni-

1443 1319 1555 1364 versi,
1576 1319 1671 1355 sicut
1698 1320 1737 1356 in
1764 1321 1893 1356 Primo
1917 1320 1937 1341 '¹‘
1964 1320 2135 1357 habitum
2166 1329 2240 1358 est:
2271 1330 2306 1358 et
2333 1323 2500 1370 speciali-

1444 1377 1500 1405 ter
1537 1371 1774 1408 rationalium
1813 1380 2078 1410 creaturarum.
2109 1374 2219 1410 Unde
2258 1375 2500 1411 manifestum

1445 1428 1501 1457 est
1529 1423 1633 1468 quod
1665 1430 1769 1459 actus
1802 1425 1960 1461 humani
1991 1426 2132 1462 habent
2164 1427 2347 1463 rationem
2379 1427 2500 1463 meriti

1444 1473 1506 1508 vel
1531 1473 1701 1510 demeriti
1729 1487 1797 1522 per
1816 1477 2139 1523 comparationem
2169 1479 2217 1514 ad
2236 1479 2380 1527 ipsum:
2411 1480 2501 1516 alio-

1445 1525 1536 1572 quin
1564 1533 1784 1572 sequeretur
1816 1528 1922 1573 quod
1949 1529 2054 1564 Deus
2082 1542 2160 1566 non
2188 1531 2344 1567 haberet
2371 1544 2500 1569 curam

1444 1577 1493 1614 de
1521 1578 1665 1614 actibus
1693 1578 1880 1614 humanis.

1496 1631 1555 1665 An
1584 1641 1720 1666 PRIMUM
1740 1641 1837 1666 ERGO
1866 1641 2050 1667 DICENDUM
2070 1632 2172 1679 quod
2200 1645 2268 1680 per
2288 1642 2414 1672 actum
2433 1636 2503 1672 ho-

1445 1682 1556 1718 minis
1585 1683 1670 1718 Deo
1708 1682 1919 1719 secundum
1948 1695 1988 1718 se
2017 1683 2107 1719 nihil
2139 1692 2262 1731 potest
2290 1698 2503 1723 accrescere

1443 1735 1506 1771 vel
1533 1734 1725 1783 deperire:
1756 1735 1822 1771 sed
1858 1743 1986 1771 tamen
2012 1736 2153 1782 homo,
2184 1745 2369 1784 quantum
2397 1738 2435 1774 in
2464 1751 2504 1774 se

1446 1795 1511 1834 est,
1542 1787 1682 1835 aliquid
1716 1787 1899 1824 subtrahit
1927 1788 2031 1834 Deo,
2060 1789 2123 1824 vel
2152 1789 2185 1824 ei
2220 1789 2388 1837 exhibet,
2416 1803 2504 1827 cum

1444 1847 1571 1877 servat
1601 1841 1664 1877 vel
1693 1853 1771 1878 non
1800 1847 1926 1877 servat
1953 1841 2127 1877 ordinem
2163 1854 2279 1890 quem
2311 1843 2417 1879 Deus
2451 1843 2504 1879 in-

1444 1893 1570 1930 stituit.

1498 1947 1557 1982 An
1585 1957 1775 1983 SECUNDUM
1803 1957 1987 1982 D1CENDUM
2015 1946 2120 1993 quod
2142 1947 2263 1984 homo
2293 1948 2345 1984 sic
2372 1960 2504 1985 move-

1445 2006 1505 2035 tur
1533 2011 1555 2034 a
1582 1999 1666 2035 Deo
1704 2006 1745 2035 ut
1781 1998 2096 2045 instrumentum,
2124 2000 2227 2048 quod
2260 2008 2390 2038 tamen
2425 2013 2504 2039 non

1447 2051 1655 2088 excluditur
1680 2056 1692 2072 ⁶
1722 2051 1813 2100 quin
1847 2059 2003 2088 moveat
2039 2052 2207 2100 seipsum
2234 2065 2304 2101 per
2342 2054 2504 2092 liberum

1446 2103 1653 2150 arbitrium,
1675 2111 1717 2140 ut
1743 2116 1790 2140 ex
1817 2103 2040 2152 supradictis
2063 2104 2083 2126 '¹‘
2109 2113 2222 2154 patet.
2245 2107 2294 2142 Et
2321 2106 2407 2143 ideo
2437 2119 2506 2156 per

1446 2169 1560 2194 suurn
1579 2163 1708 2193 actum
1726 2164 1892 2194 meretur
1918 2157 1981 2194 vel
2006 2157 2219 2195 demeretur
2243 2159 2345 2207 apud
2364 2161 2504 2207 Deum.

1498 2211 1557 2246 An
1584 2221 1744 2246 TER‘rmM
1769 2221 1952 2247 DlCENDUM
1981 2210 2085 2258 quod
2108 2211 2228 2248 homo
2257 2223 2336 2248 non
2355 2213 2506 2250 ordina—

1445 2269 1506 2299 tur
1543 2261 1593 2298 ad
1630 2262 1945 2299 communitatem
1982 2263 2174 2311 politicam
2217 2265 2428 2302 secundum
2466 2278 2506 2302 se

1446 2322 1581 2361 totum,
1599 2322 1634 2351 et
1653 2315 1866 2351 secundum
1881 2315 2011 2351 omnia
2031 2328 2115 2352 sua:
2138 2323 2174 2352 et
2191 2316 2279 2353 ideo
2295 2329 2374 2354 non
2393 2330 2506 2367 opor-

1446 2375 1499 2404 tet
1531 2367 1637 2416 quod
1669 2367 1825 2415 quilibet
1859 2375 1964 2404 actus
2001 2368 2082 2405 eius
2115 2369 2162 2406 sit
2197 2370 2410 2408 meritorius
2444 2372 2506 2408 vel

1447 2419 1712 2457 demeritorius
1735 2433 1805 2469 per
1823 2420 1997 2457 ordinem
2026 2421 2074 2458 ad
2095 2423 2409 2460 communitatem
2437 2436 2507 2472 po-

1446 2473 1596 2510 liticam.
1618 2473 1696 2510 Sed
1723 2480 1847 2510 toturn
1875 2473 1980 2521 quod
2001 2474 2121 2510 homo
2152 2482 2218 2521 est,
2241 2483 2276 2511 et
2304 2475 2410 2522 quod
2436 2489 2510 2524 po-v

1446 2533 1517 2562 test
1537 2533 1573 2562 et
1599 2526 1725 2572 habet,
1747 2525 2002 2562 ordinandum
2024 2533 2079 2562 est
2092 2526 2156 2563 ¹ad
2179 2528 2326 2566 Deum:
2356 2535 2392 2563 et
2418 2528 2505 2564 ideo

1448 2578 1573 2614 omnis
1591 2585 1697 2614 actus
1724 2578 1891 2614 hominis
1914 2578 2038 2614 bonus
2066 2578 2127 2614 vel
2156 2580 2278 2614 malus
2306 2579 2421 2615 habet
2448 2591 2506 2615 ra—

1446 2630 1593 2666 tionem·
1610 2629 1733 2665 meriti
1760 2630 1822 2665 vel
1834 2629 2013 2665 demeriti
2037 2629 2139 2677 apud
2159 2631 2299 2678 Deum,
2320 2637 2503 2678 quantum

1448 2689 1503 2718 est
1531 2692 1577 2717 ex
1604 2681 1685 2728 ipsa
1713 2681 1856 2717 ratione
1885 2688 2000 2717 actus.

386 2804 414 2836 α)
428 2803 508 2829 nihil.
523 2817 544 2824 -
561 2810 613 2828 non
634 2796 680 2827 Pa.
859 2817 862 2819 -

334 2838 416 2901 nahe?-
432 2845 523 2899 guarna-3
538 2841 613 2864 actus
632 2838 742 2863 humani
760 2838 932 2866 ordinantur.
943 2851 962 2856 -
974 2838 1059 2863 omnis
1077 2841 1152 2863 acius
1170 2837 1301 2862 humanus
1319 2838 1392 2866 ordi-

1499 2803 1525 2835 γ)
1545 2803 1590 2827 sit.
1605 2816 1625 2822 -·
1642 2803 1704 2827 Om.
1723 2803 1752 2828 P.

1498 2837 1741 2872 Sic-ommunitate.
1757 2851 1777 2857 ·—
1794 2838 2030 2863 communicatione
2047 2838 2093 2863 Pa.

1499 2873 1522 2905 ε)
1541 2873 1704 2902 excluditur.
1719 2887 1739 2892 -
1756 2873 1878 2898 excludit
1895 2873 1941 2897 Pa.

1009 2950 1338 2984 Commenta-ia
1359 2951 1608 2984 Oardjnalis
1630 2951 1829 2984 Caietam

366 3043 386 3063 N
411 3033 492 3063 calce
516 3032 620 3063 ulu‘mi
643 3031 765 3062 articuli
795 3031 936 3070 eiusdem
959 3030 1168 3072 quaestionis,
1192 3030 1316 3067 adverte
1338 3030 1393 3060 illa

339 3046 479 3107 lultima
493 3076 601 3107 verba:
625 3081 779 3117 quantum
797 3080 843 3106 est
865 3084 907 3105 ex
929 3075 996 3116 ipsa
1014 3075 1139 3104 ratione
1161 3079 1261 3104 actus.
1281 3072 1393 3113 Dupli-

337 3121 411 3151 citer
439 3120 524 3151 enim
554 3120 659 3150 omnis
691 3119 822 3150 alicuius
845 3126 932 3149 actus
964 3119 1123 3149 humanus
1146 3124 1250 3158 potest
1281 3117 1395 3147 habere

336 3165 493 3196 rationem
515 3163 667 3195 meritorii
691 3164 739 3194 vel
763 3162 969 3194 demeritorii:
994 3162 1108 3202 primo,
1125 3171 1161 3192 ex
1183 3161 1252 3201 ipsa
1274 3161 1394 3192 ratione

337 3215 443 3245 actus;
467 3208 618 3244 secundo,
635 3217 672 3239 ex
695 3214 776 3238 statu
799 3216 952 3247 personae
975 3206 1105 3246 agentis.
1122 3206 1162 3236 Et
1179 3205 1242 3236 hoc
1264 3205 1394 3246 quidem

337 3252 478 3285 secundo
502 3252 612 3288 modo,
637 3261 703 3282 non
719 3251 823 3282 omnis
846 3257 933 3282 actus
956 3250 1116 3281 humanus
1146 3256 1193 3279 est
1215 3249 1394 3280 meritorius

337 3296 388 3327 vel
405 3296 632 3332 demeritorius,
650 3295 704 3326 sed
719 3294 875 3326 existentis
891 3294 924 3325 in
947 3301 1028 3325 statu
1045 3293 1174 3334 gratiae:
1199 3293 1303 3334 primo
1319 3303 1394 3323 vero

336 3334 449 3376 modo,
469 3339 574 3370 omnis
589 3346 676 3370 actus
699 3338 858 3370 humanus
883 3344 929 3369 est
951 3337 1128 3368 meritorius
1155 3337 1205 3367 vel
1229 3336 1395 3367 demerito-

338 3384 414 3414 rius.
439 3385 480 3414 Et
495 3391 530 3414 ut
548 3389 757 3423 praeservaret
777 3393 819 3419 se,
837 3385 958 3413 Auctor
973 3381 1101 3418 addidit,
1117 3385 1270 3422 quantum
1291 3385 1336 3411 est
1354 3389 1396 3411 ex

336 3429 408 3468 ipsa
433 3429 557 3459 ratione
572 3433 672 3459 actus.
690 3428 730 3458 Et
745 3426 806 3457 hoc
825 3426 972 3466 intellige,
989 3425 1151 3466 loquendo
1169 3425 1206 3455 de
1222 3425 1335 3455 merito
1351 3425 1395 3454 vi-

1446 3037 1495 3061 tae
1518 3037 1674 3066 aeternae,
1701 3040 1756 3060 seu
1780 3030 1961 3070 simpliciter
1983 3030 2069 3070 apud
2091 3031 2206 3061 Deum.
2232 3030 2396 3061 Latissime
2420 3030 2505 3061 enim

1447 3074 1609 3114 loquendo
1634 3069 1672 3104 de
1692 3073 1814 3110 merito,
1833 3073 1936 3104 omnis
1961 3080 2046 3104 actus
2070 3074 2173 3104 bonus
2197 3074 2452 3111 retributionem,
2476 3081 2506 3106 et

1448 3118 1550 3147 malus
1561 3117 1761 3157 punitionem
1776 3117 1925 3157 exposcit.
1936 3135 1957 3140 -
1973 3117 2014 3148 Et
2036 3118 2190 3158 quoniam
2206 3117 2370 3149 difficultas
2385 3118 2447 3154 illa,
2465 3128 2504 3148 an

1448 3161 1552 3191 omnis
1576 3168 1662 3191 actus
1687 3161 1841 3192 existentis
1864 3161 1898 3191 in
1920 3161 2017 3201 gratia
2037 3162 2077 3192 sit
2099 3162 2276 3192 meritorius
2299 3162 2348 3192 vel
2373 3162 2505 3192 demeri-

1449 3205 1548 3235 torius
1563 3211 1707 3246 respectu
1721 3204 1802 3236 vitae
1821 3211 1972 3241 aeternae,
1990 3215 2027 3236 ex
2042 3212 2207 3246 praecepto
2224 3206 2355 3237 caritatis
2373 3206 2503 3246 pendet;

1450 3256 1480 3279 et
1493 3249 1622 3279 inferius
1639 3249 1677 3279 de
1695 3248 1743 3278 his
1767 3249 1823 3279 erit
1845 3259 1949 3280 sermo
1968 3249 2000 3279 in
2017 3249 2200 3290 quaestione
2217 3250 2385 3280 centesima
2402 3249 2434 3285 ἦ
2454 3249 2503 3279 id-

1450 3292 1532 3323 circo
1556 3293 1733 3333 illucusque
1757 3292 1937 3324 differantur
1964 3293 2114 3323 solvenda
2140 3301 2323 3334 argumenta
2346 3293 2447 3329 Scoti,
2471 3293 2505 3323 in

1453 3337 1637 3374 Quolibefis,
1655 3347 1708 3377 qu.
1725 3336 1822 3373 XVII,
1839 3343 1869 3367 et
1882 3336 1915 3366 in
1931 3337 1957 3367 ΙΙ
1972 3337 2071 3375 Sent„
2089 3337 2157 3368 dist.
2175 3347 2235 3374 xm,
2254 3344 2283 3368 et
2304 3337 2454 3373 Durandi,
2471 3336 2505 3367 in

1450 3390 1488 3410 xx.
1513 3380 1711 3411 distinctione
1733 3380 1871 3411 Secundi
1892 3379 1919 3411 ἢ
1943 3390 1946 3392 ’
2360 3388 2362 3390 ·

1506 3425 1541 3454 In
1565 3424 1692 3465 reliquis
1710 3424 1804 3454 huius
1829 3424 2020 3465 quaestionis
2044 3424 2121 3455 nihil
2136 3425 2271 3455 occurrit
2293 3424 2503 3455 scribendum.

974 3531 1450 3551 ffl——qu

2526 864 2535 872 ·
2543 863 2588 890 Ωιι.
2598 870 2645 890 xix,
2653 867 2694 885 art.
2702 870 2736 886 ιο.

2528 1336 2536 1343 ⁴
2546 1334 2593 1361 Qu.
2604 1340 2652 1360 cuiy
2662 1338 2702 1356 art.
2717 1341 2735 1362 5.

2636 2069 2646 2085 Ε

2532 2121 2543 2132 “
2558 2120 2606 2147 Ωιι.
2619 2126 2650 2147 ix,
2666 2123 2709 2142 art.
2721 2120 2742 2147 6,

2534 2146 2562 2168 ad
2572 2153 2594 2175 3.

2531 3253 2542 3263 ¹⁵
2557 3252 2592 3274 Cf.
2607 3256 2649 3274 art.
2665 3258 2687 3274 10
2697 3269 2702 3278 ,
2719 3252 2745 3273 in.

2532 3279 2576 3300 fine
2590 3278 2722 3300 Commeat.

2533 3386 2542 3394 ·
2558 3383 2605 3410 Ωιι.
2622 3390 2647 3405 ιι.
