2852 4152
123 1125 185 1146 Ἀι-ῑ.
192 1130 213 1152 5;

123 1154 164 1172 art.
178 1156 198 1179 3.

220 1130 258 1152 qu.
263 1129 333 1150 xxxn,

122 1430 133 1441 ⁴¹
138 1430 185 1457 Qu.
192 1430 236 1451 ista
241 1433 263 1451 et
268 1435 333 1457 seqq.

122 2041 133 2052 '¹
149 2040 207 2068 Cap.

124 2610 207 2659 ’3.οῗΙί

223 2046 254 2067 11,
270 2046 292 2061 n.
308 2046 324 2061 ι.

222 2616 252 2637 ιν,
267 2616 289 2631 n.
301 2615 333 2631 ι.-

221 2637 271 2658 lect.
282 2643 304 2658 v.

363 219 437 255 216
1042 222 1306 268 QUAESTIO
1336 223 1475 268 xxxi,
1505 222 1799 259 ARTICULUS
1829 223 1860 258 11

363 297 530 333 cundum
552 298 826 346 executionem,
857 299 920 348 qui
948 300 1109 348 pertinet
1128 300 1176 336 ad
1197 300 1419 336 exteriorem
1474 299 1688 337 immutatio
1718 300 1905 348 appetitus
1934 302 1982 338 ab
2011 303 2221 351 appetibili,
2251 302 2394 339 ratione
2429 302 2533 338 cuius

363 349 636 398 operationem.
671 351 777 388 Licet
810 364 898 399 ergo
935 352 974 388 in
1003 365 1049 388 eo
1083 352 1147 400 qui
1181 352 1257 388 iarn
1291 364 1420 388 conse·
1476 352 1673 389 delectatio
1702 360 1829 388 motus
1857 352 2013 400 quidam
2043 363 2108 392 est.

363 409 470 439 cutus
500 410 555 439 est
578 403 724 440 bonum
753 404 791 441 in
815 417 892 453 quo
914 404 1128 450 delectatur,
1155 412 1274 440 cesset
1293 411 1421 440 motus
1527 406 1587 441 An
1602 416 1761 442 TERTmM
1776 414 1959 442 mceNDuM
1973 407 2275 456 quod,quamvis
2291 419 2434 444 nomen
2448 419 2534 455 pas-

364 455 604 503 executionis,
626 468 702 505 quo
723 457 916 494 tenditur⁸
935 458 983 494 ad
1017 457 1157 501 finem3
1187 467 1266 492 non
1294 463 1421 491 tamen
1476 455 1591 492 sionis
1620 457 1740 504 magis
1767 457 1919 505 proprie
1953 459 2154 497 conveniat
2185 459 2423 508 passionibus
2452 471 2534 496 cor-

363 515 484 544 cessat
511 516 638 545 motus
667 509 894 557 appetitivae
922 509 1049 557 partis,
1071 520 1180 556 quae,
1206 508 1301 544 sicut
1319 507 1421 555 prius
1475 508 1631 556 ruptivis
1662 517 1697 545 et
1724 509 1762 545 in
1791 510 1935 547 malum
1959 512 2211 560 tendentibus,
2241 513 2336 550 sicut
2363 519 2450 549 sunt
2472 524 2533 548 ae-

363 560 602 598 desiderabat
621 574 699 598 non
717 561 901 607 habitum,
932 561 980 597 ita
998 568 1131 608 postea
1160 560 1366 596 delectatur
1384 559 1422 596 in
1475 560 1679 607 gritudines
1695 562 1923 609 corporales,
1941 569 1977 599 et
1990 564 2133 602 tristitia
2149 573 2184 602 et
2198 566 2312 602 timor
2330 565 2368 601 in
2388 564 2531 609 anima;

361 613 503 650 habito.
539 614 644 650 Licet
672 614 773 650 enim
803 613 998 650 delectatio
1024 613 1069 648 sit
1097 612 1203 660 quies
1231 611 1421 660 quaedam
1474 620 1604 649 tamen
1634 613 1746 650 etiam
1774 614 1812 650 in
1841 615 1987 653 bonum
2021 617 2241 655 ordinantur
2275 618 2421 666 aliquae
2448 629 2534 665 pas-

362 666 561 714 appetitus,
583 667 819 703 considerata
837 665 1050 714 praesentia
1074 664 1165 701 boni
1189 664 1420 709 delectantis,
1476 665 1613 711 siones,
1643 673 1684 702 ut
1711 678 1826 714 supra
1844 667 1864 688 ’¹‘
1892 667 2034 706 dictum
2065 677 2130 707 est.
2161 671 2209 707 Et
2228 670 2439 708 secundum
2459 670 2533 706 hoc

363 719 468 767 quod
500 719 680 767 appetitui
713 718 909 763 satisfacit;
939 725 1067 754 tamen
1100 717 1225 754 adhuc
1254 725 1423 754 remanet
1477 717 1673 754 delectatio
1704 718 1837 756 dicitur
1864 720 2002 767 passio.

414 842 436 874 ε)
456 842 582 867 tenditur.
601 856 619 860 -
638 842 724 867 tendit
741 842 788 866 Pa.

1033 910 1366 943 Commentaria
1388 911 1638 943 Cardinalis
1660 911 1862 944 Caietam

391 1000 411 1019 N
435 990 538 1029 primo
558 989 690 1019 articulo
710 989 903 1029 quaestionis
924 989 1231 1029 trigesimaeprimae‚
1249 989 1361 1029 collige
1377 1000 1423 1020 re-
1447 992 1450 1030 l
1476 1000 1534 1020 nec
1558 1000 1620 1030 per
1642 991 1790 1022 accidens
1817 993 1879 1022 erit
1901 992 1932 1021 in
1957 997 2115 1031 tempore,
2141 991 2358 1034 intelliguntur
2385 996 2424 1027 de
2447 997 2533 1028 bono

365 1002 506 1073 Iquisita
516 1033 556 1062 ad
571 1032 819 1064 delectationem.
830 1033 872 1064 Et
886 1033 958 1063 vide
969 1033 1112 1074 quinque
1123 1033 1216 1072 exigi:
1234 1033 1421 1069 subiectum,
1475 1034 1601 1073 adepto,
1619 1041 1655 1064 ut
1677 1035 1809 1074 adepto:
1834 1035 1877 1066 ita
1899 1036 1988 1076 quod
2011 1045 2077 1065 non
2100 1036 2208 1066 solum
2229 1035 2335 1078 ipsum
2348 1041 2534 1073 ‘secundum

361 1077 531 1114 obiectum,
547 1080 578 1107 et
595 1083 656 1106 tres
680 1083 783 1113 actus;
808 1076 923 1108 scilicet
940 1077 1172 1108 coniunctionis
1194 1087 1306 1107 eorum
1327 1075 1422 1118 (quae
1475 1087 1518 1113 se,
1536 1078 1591 1107 sed
1614 1084 1649 1108 ut
1672 1078 1835 1118 adeptum,
1852 1079 1892 1109 sit
1906 1078 2040 1109 omnino
2059 1079 2340 1113 intransmutabile.
2358 1081 2462 1121 Quale
2477 1085 2534 1116 erit

361 1120 568 1150 diversimode
587 1119 631 1156 fit,
656 1127 692 1151 ut
713 1121 842 1152 inferius
861 1121 878 1140 *
894 1119 1003 1163 patet),
1021 1131 1118 1161 quam
1137 1119 1290 1160 significat
1303 1120 1336 1161 ly
1351 1130 1422 1151 con·
1475 1121 1598 1151 bonum
1622 1122 1717 1152 beans
1740 1122 1773 1152 in
1796 1122 1906 1162 patria.
2329 1131 2332 1134 '

359 1165 480 1195 stitutio
487 1172 501 1202 ;
523 1164 713 1204 cognitionis
743 1171 809 1195 tam
839 1164 953 1195 obiecti
986 1174 1084 1204 quam
1114 1164 1362 1200 coniunctionis,
1392 1171 1422 1195 et
1529 1165 1580 1195 111.
1602 1165 1637 1195 In
1665 1166 1756 1196 tertio
1788 1172 1912 1202 autem,
1935 1166 2062 1198 adverte
2081 1168 2171 1208 quod
2198 1168 2251 1198 illa
2274 1169 2369 1201 verba
2389 1170 2423 1203 in
2451 1172 2533 1203 ealce

359 1208 440 1238 hanc
456 1207 609 1248 significat
623 1208 656 1248 ly
670 1209 825 1239 sensibilis
832 1216 845 1246 ,·
864 1215 894 1239 et
909 1208 1141 1238 immutationis
1158 1208 1326 1248 appetitus,
1340 1218 1421 1248 quae
1474 1209 1571 1249 totius
1595 1209 1726 1246 articuli,
1743 1210 1860 1241 scilicet
1874 1211 1963 1252 quod
1979 1210 2043 1241 illis
2057 1212 2236 1243 nominibus
2250 1210 2382 1255 (scilieet
2400 1215 2533 1253 laetitia,

360 1258 406 1282 est
429 1251 569 1282 formalis
593 1252 768 1289 delectatio,
795 1259 825 1283 et
847 1252 928 1282 hanc
953 1251 1106 1292 significat
1128 1252 1161 1292 ly
1185 1257 1288 1282 motus
1310 1253 1420 1282 animi.
1474 1253 1671 1284 exultatione
1694 1261 1725 1284 et
1740 1252 1949 1297 iucunditate)
1972 1257 2180 1286 non‘utimur
2199 1257 2261 1287 nisi
2276 1257 2308 1287 in
2333 1259 2459 1289 naturis
2481 1269 2534 1289 ra-

360 1295 531 1327 Obiectum
548 1296 640 1335 exigit
656 1296 965 1326 connaturalitatem:
991 1306 1088 1336 quam
1112 1295 1265 1335 significat
1279 1296 1311 1337 ly
1329 1301 1421 1326 natu·
1473 1297 1662 1335 tionalibus‚
1686 1298 1887 1338 intelligenda
1903 1305 1977 1329 sunt
1993 1300 2170 1330 secundum
2185 1301 2427 1340 proprietatem:
2445 1303 2535 1343 quod

360 1350 431 1370 ram
457 1341 651 1371 existentem.
669 1340 862 1371 Coniunctio
886 1349 961 1370 vero
979 1340 1073 1379 exigit
1088 1339 1298 1370 simultatem:
1323 1349 1421 1380 quam
1473 1340 1590 1371 scilicet
1613 1351 1679 1371 non
1702 1342 1822 1373 utimur
1845 1343 1889 1373 eis
1912 1343 2039 1383 proprie
2070 1344 2130 1374 nisi
2153 1343 2186 1374 in
2213 1345 2430 1377 rationalibus.
2453 1346 2534 1377 Dico

360 1383 512 1423 significat
534 1384 567 1424 ly
586 1389 651 1414 tota
674 1384 780 1414 simul.
798 1384 839 1414 Et
853 1383 896 1414 sic
911 1383 1052 1414 definitio
1069 1384 1188 1414 adunat
1204 1384 1321 1420 omnia,
1339 1394 1420 1424 quae
1473 1391 1580 1415 autern
1613 1385 1675 1416 hoc
1701 1393 1831 1427 propter
1854 1387 2102 1425 exultationem,
2131 1398 2213 1428 quae
2243 1389 2338 1420 etiam
2366 1390 2534 1430 pecoribus

358 1427 488 1458 inferius
504 1428 521 1447 *
540 1427 721 1467 singillatim
745 1428 941 1458 discutienda
964 1435 1047 1458 sunt.
1473 1428 1661 1466 attribuitur,
1674 1436 1711 1460 ut
1725 1430 1924 1470 Augustinus
1940 1431 2014 1462 dicit
2030 1431 2062 1461 in
2076 1431 2221 1472 Epistola
2235 1433 2278 1463 ad
2291 1433 2484 1464 Dardanum
2499 1434 2533 1464 *:

416 1471 451 1502 Il.
473 1472 508 1501 In
538 1472 678 1502 secundo
701 1482 793 1508 vero,
818 1479 895 1502 nota
917 1472 1005 1512 quod
1028 1471 1080 1502 illa
1103 1472 1214 1508 verba,
1239 1471 1274 1501 Si
1303 1471 1418 1502 bonum
1474 1479 1504 1503 et
1525 1472 1559 1502 in
1582 1473 1709 1504 Psalmo
1725 1474 1757 1503 *2
1774 1475 1902 1505 Montes
1925 1476 2152 1506 exultaverunt
2175 1482 2211 1507 ut
2233 1477 2361 1514 arietes,
2385 1483 2415 1508 et
2438 1478 2535 1509 colles

359 1515 508 1555 adeptum
532 1517 573 1546 sit
596 1517 725 1546 omnino
745 1516 1032 1553 intransmutabile,
1048 1515 1213 1546 delectatio
1238 1525 1295 1546 nec
1307 1524 1371 1555 per
1385 1525 1420 1546 se
1472 1517 1554 1546 sicut
1576 1518 1656 1558 agni
1678 1518 1795 1549 ovium.

1126 1668 1442 1710 ARTICULUS
1472 1669 1770 1711 SECUNDUS

1025 1761 1180 1791 UTRUM
1204 1760 1486 1792 DELECTATIO
1509 1761 1576 1792 SIT
1600 1762 1643 1792 IN
1667 1762 1873 1795 TEMPORE

859 1839 892 1863 1V
912 1839 995 1866 Sent.y
1016 1839 1074 1863 dist.
1093 1846 1164 1869 xux,
1185 1846 1230 1871 qu.
1248 1846 1286 1869 111,
1306 1844 1352 1864 art.
1370 1847 1390 1870 t,
1412 1841 1458 1872 qu·
1480 1839 1507 1870 3;
1528 1839 1570 1864 De
1593 1840 1682 1869 Verit„
1702 1848 1746 1873 qu.
1761 1847 1814 1870 vm,
1834 1846 1880 1866 art.
1901 1849 1939 1874 14,
1958 1843 1989 1867 ad
2010 1850 2035 1868 2.

570 1938 592 1962 D
609 1937 798 1962 SECUNDUM
813 1937 866 1962 stc
882 1937 1120 1962 PRocizmrua.
1142 1926 1300 1962 Videtur
1315 1927 1420 1974 quod
1475 1934 1534 1963 cet
1548 1932 1566 1948 α
1584 1928 1837 1974 generationis
1856 1929 1972 1977 ipsius
1984 1942 2005 1966 τ·
2020 1930 2088 1967 sed
2111 1931 2200 1980 quia
2217 1932 2432 1969 humanum
2451 1934 2535 1970 esse

500 1976 548 2026 '‘ft-
571 1978 770 2015 delectatio
785 1978 882 2015 sitin
897 1986 1082 2026 tempore.
1098 1978 1303 2015 Delectatio
1320 1979 1420 2015 enim
1474 1979 1643 2016 subiacet
1672 1981 1792 2017 causis
1821 1982 2188 2030 transmutabilibus,
2218 1985 2430 2021 secundum
2458 1986 2535 2022 hoc

476 2057 478 2059 v
513 2028 625 2079 {fest
654 2037 775 2067 motus
811 2031 983 2078 quidam,
1013 2039 1054 2067 ut
1082 2030 1120 2066 in
1149 2032 1162 2066 I
1191 2031 1380 2068 Rhetoric.
1399 2030 1421 2053 ’¹‘
1476 2043 1558 2068 esse
1586 2032 1784 2069 hominem
1814 2041 1870 2070 est
1891 2034 1929 2071 in
1954 2041 2129 2083 tempore
2149 2036 2180 2073 *.

398 1945 402 1957 ’
413 1942 455 1983 :15
475 1942 548 1992 ἵης’(

410 1986 416 1994 .

456 2067 459 2069 ‚
507 2074 827 2132 'NPhilosophus
847 2083 946 2120 dicit.
978 2084 1055 2120 Sed
1073 2076 1200 2119 motus
1220 2083 1344 2120 omnis
1364 2090 1420 2120 est
1528 2083 1590 2120 Sic
1610 2084 1719 2132 igitur
1737 2085 1942 2123 dicendum
1972 2094 2027 2124 est
2051 2088 2155 2136 quod
2185 2088 2381 2126 delectatio
2401 2092 2536 2128 secun-
2584 2098 2599 2111 ¹

2562 677 2570 685 ”
2587 675 2709 704 Qu.xx1n,
2728 681 2771 699 m.

2560 708 2581 728 ι,
2595 709 2619 728 4·

2559 1442 2571 1453 ⁴
2580 1441 2655 1469 Epist.
2663 1447 2773 1464 mvn

2561 1468 2596 1505 (.α1.
2606 1468 2672 1496 nvn),
2679 1474 2774 1497 capsu-

2559 1494 2679 1548 ³¹:3¹¹·
2701 1500 2756 1517 “¹¹¹
2766 1511 2775 1522 ’

2562 2043 2572 2053 ·
2586 2042 2615 2064 D.
2630 2048 2680 2071 usn.

358 2136 397 2173 in
425 2144 610 2184 ternpore.
641 2137 742 2184 Ergo
773 2136 970 2173 delectatio
1000 2143 1055 2172 est
1081 2136 1119 2172 in
1147 2143 1332 2184 tempore.
1474 2136 1568 2173 dum
1596 2148 1637 2173 se
1664 2137 1821 2186 quidem
1859 2150 1938 2176 non
1964 2147 2021 2176 est
2047 2140 2086 2177 in
2119 2147 2312 2190 tempore:
2336 2149 2399 2188 ¹est
2430 2143 2536 2180 enirn
2624 2126 2635 2138 ³

414 2200 448 2226 2.
471 2190 704 2236 PRAETEREA,
726 2189 957 2236 diuturnum,
977 2189 1039 2225 vel
1060 2200 1271 2235 morosum,
1287 2189 1420 2225 dicitur
1475 2189 1672 2227 delectatio
1692 2190 1730 2227 in
1750 2191 1854 2227 bono
1873 2191 1951 2228 iam
1971 2192 2122 2241 adepto,
2139 2194 2244 2241 quod
2261 2201 2319 2231 est
2338 2195 2446 2243 quasi
2465 2198 2536 2232 ter·
2561 2203 2564 2206 “

359 2241 500 2289 aliquid
533 2241 743 2278 secundum
777 2248 939 2290 tempus
977 2241 1054 2278 Sed
1084 2242 1231 2289 aliquae
1261 2241 1422 2278 delecta·
1475 2242 1602 2278 minus
1620 2250 1760 2279 motus.
1783 2244 1858 2280 Sed
1888 2244 1918 2280 si
1937 2244 2028 2282 illud
2047 2246 2193 2293 bonum
2212 2247 2394 2295 adeptum
2418 2255 2536 2286 trans-

359 2295 482 2342 tiones
511 2294 684 2332 dicuntur
711 2306 901 2330 morosae.
932 2294 1032 2340 Ergo
1066 2293 1264 2330 delectatio
1294 2301 1349 2330 est
1381 2294 1419 2330 in
1475 2293 1674 2330 mutationi
1703 2295 1914 2343 subiaceat,
1944 2297 2013 2334 erit
2039 2297 2238 2335 delectatio
2265 2311 2335 2347 per
2361 2300 2535 2338 accidens

360 2354 545 2394 ternpore.
1473 2346 1511 2382 in
1538 2353 1725 2394 ternpore.
1749 2347 1788 2383 Si
1805 2356 1935 2385 autem
1956 2349 2002 2385 sit
2021 2350 2180 2387 omnino
2198 2351 2533 2399 intransmutabile,

415 2400 450 2436 3.
472 2400 704 2446 PRAETEREA‚
733 2398 930 2447 passiones
951 2398 1102 2435 animae
1123 2405 1209 2434 sunt
1226 2398 1339 2434 unius
1358 2411 1420 2446 ge-
1475 2397 1671 2435 delectatio
1701 2410 1780 2436 non
1814 2400 1883 2437 erit
1909 2400 1946 2437 in
1974 2408 2148 2451 tempore
2174 2415 2245 2440 nec
2271 2415 2343 2453 per
2376 2417 2434 2453 se,
2464 2417 2535 2442 nec

360 2452 470 2489 neris.
499 2451 577 2488 Sed
605 2451 752 2500 aliquae
780 2450 977 2499 passiones
997 2450 1145 2487 animae
1165 2457 1252 2488 sunt
1269 2451 1307 2487 in
1326 2458 1420 2488 tem-
1474 2463 1542 2500 per
1558 2451 1745 2489 -accidens
1762 2452 1794 2488 *.

359 2517 465 2554 pore.
495 2505 597 2551 Ergo
627 2511 663 2540 et
690 2503 898 2541 delectatio.
1526 2505 1585 2540 An
1613 2516 1750 2541 PRIMUM
1773 2516 1871 2542 ERGO
1890 2517 2074 2543 montinum
2093 2508 2211 2555 quod,
2231 2508 2327 2545 sicut
2346 2509 2478 2547 dicitur
2495 2509 2534 2547 in

414 2558 488 2593 SED
518 2568 663 2593 CONTRA
692 2568 758 2592 EST
784 2556 890 2604 quod
914 2555 1169 2603 Philosophus
1197 2555 1296 2602 dicit,
1317 2556 1356 2592 in
1384 2557 1419 2592 X
1475 2557 1525 2592 ΙΙΙ
1562 2556 1608 2592 de
1643 2557 1783 2593 Anima
1802 2557 1842 2604 ³⁸,
1871 2565 2000 2595 motus
2034 2559 2232 2607 duplic-iter
2267 2560 2412 2600 dicitur.
2446 2563 2533 2600 Uno
2560 2570 2572 2581 ⁸

358 2610 478 2647 Ethic.
495 2609 530 2656 ³⁵,
559 2609 666 2657 quod
693 2609 896 2645 secundum
925 2607 1068 2644 nullum
1097 2613 1239 2655 tempus
1266 2609 1421 2656 accipiet
1475 2608 1607 2656 mod0,
1628 2608 1694 2659 qui
1713 2616 1768 2645 est
1786 2615 1890 2646 actus
1909 2611 2126 2658 imperfecti,
2147 2612 2285 2649 scilicet
2306 2611 2322 2642 β
2350 2612 2536 2652 existentis
2580 2611 2587 2618 '

360 2663 441 2711 quis
468 2662 758 2703 delectationem.
1472 2661 1513 2697 in
1528 2661 1706 2709 potentia,
1723 2662 1943 2710 inquantum
1962 2664 2178 2701 huiusmodi
2191 2664 2228 2701 *ε
2250 2672 2286 2702 et
2307 2666 2390 2702 talis
2409 2674 2536 2704 motus
2564 2679 2573 2688 ·

414 2716 638 2752 Respouneo
653 2725 837 2751 memnon
852 2713 958 2761 quod
978 2713 1117 2761 aliquid
1139 2713 1318 2760 contingit
1337 2725 1419 2750 esse
1475 2721 1531 2750 est
1545 2714 1794 2760 successivus,
1815 2721 1852 2750 et
1870 2714 1909 2751 in
1928 2722 2114 2764 tempore.
2135 2716 2241 2754 Alius
2261 2725 2389 2755 autem
2408 2727 2536 2758 motus
2563 2741 2575 2746 -
2602 2746 2609 2752 -

360 2768 399 2804 in
422 2775 595 2816 tempore
617 2767 833 2816 dupliciter:
862 2778 940 2803 uno
969 2766 1102 2812 modo,
1124 2766 1334 2803 secundum
1357 2778 1420 2812 se;
1476 2773 1531 2803 est
1558 2772 1663 2803 actus
1687 2767 1862 2814 perfecti,
1891 2767 1988 2804 idest
2016 2769 2206 2806 existentis
2232 2770 2269 2807 in
2297 2777 2383 2808 actu
2392 2785 2406 2816 ;
2442 2772 2537 2819 sicut

361 2821 433 2857 alio
458 2820 590 2867 modo,
610 2832 679 2869 per
698 2819 810 2866 aliud,
833 2826 869 2855 et
888 2818 996 2867 quasi
1015 2830 1083 2866 per
1110 2818 1297 2855 accidens.
1320 2818 1420 2864 Quia
1475 2819 1692 2866 intelligere,
1717 2819 1854 2855 sentire
1880 2828 1916 2857 et
1937 2821 2035 2857 velle
2061 2828 2097 2858 et
2115 2822 2346 2870 huiusmodi,
2368 2831 2403 2861 et
2423 2825 2536 2862 etiam

361 2874 463 2910 enim
490 2881 642 2922 tempus
671 2879 727 2909 est
745 2883 927 2908 numerus
947 2871 1263 2919 successivorum,
1284 2871 1344 2907 illa
1364 2883 1421 2907 se·
1475 2871 1662 2908 delectari.
1693 2872 1742 2908 Et
1769 2872 1990 2910 huiusmodi
2017 2881 2144 2911 motus
2173 2887 2251 2912 non
2279 2883 2335 2913 est
2358 2878 2537 2915 successi·

361 2926 530 2963 cundum
559 2938 599 2962 se
628 2925 802 2962 dicuntur
827 2937 909 2961 esse
928 2924 966 2960 in
980 2931 1164 2972 tempore,
1188 2924 1234 2960 de
1254 2936 1419 2973 quorum
1474 2936 1560 2971 vus,
1590 2936 1661 2960 nec
1689 2935 1757 2972 per
1784 2936 1824 2961 se
1852 2925 1890 2962 in
1919 2932 2104 2974 tempore.
2487 2934 2489 2939 ·

361 2978 505 3015 ratione
526 2986 581 3015 est
608 2978 808 3023 successio,
828 2978 890 3014 vel
910 2976 1050 3025 aliquid
1070 2977 1119 3013 ad
1139 2977 1420 3013 successionem
1528 2978 1587 3013 An
1615 2988 1804 3014 SECUNDUM
1832 2989 2016 3015 DmENDUM
2043 2979 2149 3027 quod
2177 2980 2377 3018 delectatio
2403 2982 2537 3019 dicitur

360 3031 573 3080 pertinens:
603 3031 697 3067 sicut
723 3037 862 3076 motus,
883 3030 1003 3077 quies,
1023 3029 1175 3075 locutio,
1201 3037 1239 3066 et
1262 3029 1334 3066 alia
1352 3030 1421 3066 hu·
1477 3029 1653 3066 diuturna
1680 3030 1742 3066 vel
1770 3041 1941 3078 morosa,
1971 3032 2182 3069 secundum
2210 3034 2315 3082 quod
2341 3046 2412 3082 per
2443 3034 2537 3072 acci-

361 3084 538 3122 iusmodi.
560 3084 781 3120 Secundum
804 3083 905 3119 aliud
923 3095 1030 3130 ver0,
1053 3089 1088 3119 et
1106 3094 1185 3118 non
1204 3095 1274 3131 per
1293 3095 1346 3129 se,
1368 3082 1420 3119 di·
1477 3082 1571 3119 dens
1600 3090 1655 3118 est
1681 3082 1719 3119 in
1746 3090 1931 3132 tempore.
2504 3131 2507 3133 -

362 3144 497 3173 cuntur
524 3149 605 3173 esse
634 3136 672 3173 in
699 3144 871 3184 tempore
900 3135 960 3172 illa
997 3135 1045 3172 de
1078 3147 1244 3183 quorum
1277 3135 1420 3172 ratione
1529 3137 1587 3171 An
1610 3146 1769 3172 ‘reanum
1794 3143 1976 3173 DICENDUM
1995 3137 2101 3184 quod
2120 3137 2214 3174 aliae
2242 3139 2438 3186 passiones
2456 3149 2535 3177 non

362 3202 440 3226 non
475 3197 529 3226 est
557 3189 681 3236 aliqua
713 3188 919 3235 successio,
949 3188 1015 3225 sed
1043 3195 1173 3224 tamen
1201 3187 1310 3224 alicui
1338 3199 1422 3224 suc·
1475 3187 1617 3224 habent
1643 3200 1714 3237 pro
1741 3187 1892 3229 obiecto
1921 3189 2067 3225 bonum
2097 3190 2290 3238 adeptum,
2319 3191 2414 3229 sicut
2437 3192 2536 3237 dele·

363 3242 510 3279 cessivo
549 3241 755 3278 subiacent.
786 3241 891 3277 Sicut
923 3253 1005 3278 esse
1039 3241 1236 3277 hominem
1277 3241 1326 3277 de
1363 3240 1421 3276 sui
1476 3240 1598 3277 ctatio.
1619 3241 1730 3278 Unde
1750 3241 1834 3289 plus
1853 3241 1995 3278 habent
2015 3242 2062 3278 de
2083 3243 2227 3280 ratione
2247 3251 2375 3280 motus
2394 3244 2533 3293 imper—

363 3295 507 3332 ratione
533 3307 614 3331 non
646 3295 760 3330 habet
792 3294 1092 3340 successionem,
1122 3305 1200 3330 non
1233 3293 1335 3329 enim
1368 3300 1424 3329 est
1476 3293 1573 3339 fecti,
1602 3305 1719 3342 quam
1748 3294 1954 3331 delectatio.
1985 3295 2034 3331 Et
2060 3307 2129 3343 per
2149 3306 2388 3345 consequens
2415 3296 2533 3344 magis

363 3356 502 3395 motus,
533 3348 599 3385 sed
623 3347 805 3384 terminus
834 3354 960 3383 motus
978 3347 1040 3383 vel
1070 3346 1299 3392 mutationis,
1329 3345 1424 3382 scili-
1477 3345 1715 3383 delectationi
1744 3346 1922 3384 convenit
1949 3359 2027 3384 non
2057 3360 2139 3385 esse
2167 3348 2205 3385 in
2231 3341 2416 3397 tempore.

417 3467 447 3498 α)
467 3466 572 3491 scilicet.
590 3479 608 3484 -
627 3466 668 3490 vel
685 3464 954 3496 ABCEFGHIKLpD.
1449 3459 1452 3497 Ι
1531 3463 1556 3496 β)
1576 3465 1731 3498 imperfecti,
1751 3465 1858 3490 scilicet.
1876 3479 1895 3484 —
1914 3465 2061 3500 imperfecti
2080 3466 2148 3492 idest
2165 3466 2197 3497 K,
2217 3467 2384 3498 imperfectus
2403 3466 2488 3491 ceteri.
