2852 4152
117 343 126 352 ·
141 341 176 363 ef.
190 344 239 363 not.
252 345 280 367 Y.

126 1287 211 1330 ἢ,

218 2789 252 2810 m,
267 2789 290 2805 a.
301 2789 317 2804 ι.
328 2795 338 2800 -

220 2810 273 2832 lect.
289 2815 323 2831 ni.

125 2783 210 2832 33⁸8:

1006 256 1270 302 QUAESTIO
1300 257 1457 302 xxvn,

358 334 470 377 quod'
462 344 495 366 m
507 343 544 364 se
560 343 626 363 non
642 339 736 368 amat,
753 333 913 364 invenitur
926 334 1041 365 bonum
1058 334 1275 365 similitudinis
1289 333 1317 370 ⁴⁹,
1336 341 1408 364 etc.:

358 378 447 421 quasi
471 380 590 408 Auctor
618 383 750 407 conatus
780 377 873 408 fuerit
896 378 935 407 ad
962 378 1148 409 salvandum
1177 377 1265 418 quod
1288 387 1411 418 semper

356 423 482 453 bonum
504 419 606 451 simile
629 426 675 450 est
697 420 858 450 obiectum
881 422 1008 453 amoris.

413 465 450 496 II.
474 464 525 495 Ad
549 463 737 494 evidentiam
759 463 853 494 huius
870 465 966 502 dubii,
982 466 1060 496 scito
1077 465 1165 506 quod
1185 465 1326 505 quinque
1341 474 1411 495 mo·

359 508 406 539 dis
420 508 550 547 intelligi
563 512 669 547 'potest
682 508 771 547 quod
786 507 960 539 similitudo
977 516 1022 539 est
1043 519 1135 540 causa
1151 509 1277 539 amoris.
1293 509 1410 544 Primo,

359 559 397 585 ut
413 552 545 593 speciale
561 551 724 592 quoddam
739 552 872 587 bonum,
888 552 968 583 sicut
984 560 1083 583 cetera
1097 554 1182 584 bona
1197 553 1354 593 specialia:
1372 552 1413 582 si-

360 603 414 629 cut
428 605 503 628 cum
525 594 638 635 aliquis
660 595 728 625 vult
751 595 913 626 assimilari
936 597 1032 632 alteri,
1056 597 1107 627 vel
1129 597 1262 627 alterum
1285 596 1352 627 sibi.
1372 597 1414 627 Et

360 640 404 671 sic
418 639 591 672 similitudo
608 645 654 668 est
677 648 770 669 causa
785 639 884 669 activa
903 641 1028 676 amoris,
1046 640 1126 671 sicut
1141 640 1304 681 quodlibet
1327 640 1413 670 aliud

359 684 493 714 bonurn.
510 700 531 705 —
547 683 588 712 Et
603 681 646 712 sic
670 692 735 712 non
752 690 798 713 est
821 683 860 713 ad
879 684 1089 724 propositum,
1108 684 1162 714 ubi
1179 684 1217 714 de
1237 683 1364 724 propria
1383 691 1414 714 et

361 728 533 767 adaequata
556 736 648 756 causa
671 726 787 756 amoris
811 733 856 757 est
879 727 1030 767 quaestio,

415 770 572 806 Secundo,
597 776 632 800 ut
646 770 726 800 ratio
743 770 952 801 determinans
976 771 1148 802 formaliter
1162 771 1239 801 boni
1258 770 1413 802 rationem

361 815 400 845 ad
418 813 480 844 hoc
495 813 584 854 quod
603 813 642 843 sit
657 814 772 844 amoris
788 824 890 845 causa.
906 833 924 837 -
935 816 976 846 Et
989 814 1051 845 hoc
1070 815 1279 845 contradicere
1292 815 1415 845 videtur

305 876 312 883 ·
324 873 334 878 ·
361 857 493 889 articulo
511 857 627 897 primo,
649 864 679 888 et
697 858 856 889 Aristoteli
875 859 908 888 in
928 859 970 889 IX
983 859 1086 889 Ethic.
1097 857 1116 876 ⁴*
1131 865 1162 889 et
1178 859 1189 888 1
1204 858 1306 888 Ethic.
1322 858 1368 894 **,·
1384 865 1414 889 et

329 921 335 927 -
361 901 494 932 breviter
517 901 681 931 communi
707 901 790 932 dicto
810 902 1091 942 philosophorum,
1112 901 1296 932 sonantibus
1326 903 1413 942 quod

362 946 485 976 bonum
508 951 544 975 ut
567 945 610 975 sic
633 952 679 975 est
702 945 844 976 amabile.
862 946 902 976 Et
923 945 1171 976 irrau'onabiliter
1184 945 1246 975 hoc
1270 946 1413 976 sustineri

361 989 497 1019 videtur:
522 989 597 1028 quia
620 988 792 1019 similitudo
815 989 948 1029 speciale
964 989 1127 1030 quoddam
1150 990 1273 1019 bonum
1296 996 1351 1026 est,
1378 1000 1414 1020 ac

363 1042 419 1106 {Er
441 1032 502 1106 lssoc
524 1033 731 1073 inadaequata
749 1033 828 1063 ratio
845 1033 958 1063 obiecti
978 1033 1103 1069 amoris,
1120 1033 1312 1063 extendentis
1327 1043 1358 1063 se
1374 1033 1414 1063 ad

405 1086 423 1106 a
468 1086 539 1107 ona.

416 1120 536 1156 Tertio,
552 1126 587 1150 ut
599 1120 808 1150 determinans
820 1119 992 1150 formaliter
1005 1121 1129 1150 bonum
1145 1121 1184 1150 ad
1197 1120 1259 1150 hoc
1273 1120 1362 1160 quod
1376 1120 1415 1150 sit

365 1173 458 1194 causa
479 1163 594 1194 amoris
611 1165 643 1193 in
663 1164 738 1194 hoc:
755 1163 798 1194 ita
817 1164 905 1204 quod
927 1164 1059 1200 bonum,
1072 1164 1262 1204 inquantum
1281 1164 1413 1200 bonum,

364 1207 404 1238 sit
417 1207 565 1242 amabile;
582 1207 659 1237 sed'
651 1214 841 1247 inquantum
855 1208 979 1237 bonum
994 1207 1104 1243 simile,
1121 1207 1161 1237 sit
1176 1207 1308 1238 amabile
1324 1207 1413 1243 huic;

126 1256 213 1284 ·.cap
221 1262 289 1304 numu
291 1262 338 1309 '4²³
364 1250 450 1281 iuxta
465 1251 544 1281 illud
559 1251 629 1281 VIII
645 1251 751 1281 Ethic.
764 1251 790 1287 *,
807 1251 951 1281 Amabile
973 1251 1099 1288 bonum,
1118 1251 1287 1291 unicuique
1308 1256 1414 1281 autem

217 1308 269 1331 lect.
280 1314 337 1336 nv.

358 1296 540 1335 proprium.
564 1294 605 1324 Et
624 1294 705 1324 sicut
723 1294 846 1324 bonum
863 1304 928 1323 non
944 1301 990 1324 est
1008 1293 1141 1324 amabile
1164 1293 1223 1323 nisi
1243 1294 1415 1334 cognitum,

364 1337 407 1368 ita
429 1339 553 1368 bonum
571 1337 644 1367 huic
667 1347 733 1366 non
749 1343 795 1367 est
818 1336 950 1367 amabile
974 1337 1033 1366 nisi
1057 1337 1219 1376 cognitum
1243 1344 1279 1367 ut
1293 1338 1416 1367 bonum

364 1380 448 1412 huic.
465 1381 553 1411 Idem
572 1387 678 1412 autem
693 1380 817 1410 videtur
831 1380 1000 1419 importare
1016 1381 1139 1410 bonum
1158 1380 1232 1410 huic
1249 1386 1279 1410 et
1294 1381 1417 1410 bonurn

364 1423 624 1460 sifflesex'tenso
647 1423 859 1454 similitudinis
882 1423 1021 1459 nomine,
1039 1423 1121 1454 utin
1137 1423 1238 1454 littera
1260 1423 1304 1454 fit.
1321 1424 1418 1460 Quod

364 1466 450 1497 enim
465 1473 512 1497 est
529 1473 601 1497 actu
617 1466 728 1502 simile,
745 1473 792 1496 est
805 1466 879 1497 huic
894 1467 1016 1496 bonum
1032 1466 1123 1507 quasi
1138 1466 1223 1496 idem
1239 1466 1313 1497 sibi:
1329 1468 1418 1507 quod

363 1519 439 1540 vero
450 1510 627 1540 secundum
642 1510 879 1540 inclinationem
890 1510 940 1540 vel
952 1510 1136 1550 potentiam,
1155 1517 1200 1540 est
1212 1510 1284 1540 huic
1295 1511 1418 1541 bonum

363 1553 454 1594 quasi
469 1553 756 1594 proportionatum.
773 1553 972 1584 Relationem
988 1563 1118 1594 quoque
1131 1553 1282 1594 importat
1297 1561 1418 1585 utrum-

363 1606 427 1638 que
450 1597 490 1627 ad
512 1597 706 1633 subiectum,
730 1598 846 1628 scilicet
869 1598 991 1628 bonum
1014 1597 1180 1637 proprium
1203 1607 1257 1628 seu
1281 1598 1364 1634 huic,
1389 1605 1420 1629 et

364 1642 488 1672 bonum
507 1641 616 1672 simne.
633 1642 673 1672 Et
689 1642 865 1672 secundum
880 1641 952 1678 hoc,
969 1642 1142 1672 solveretur
1157 1641 1292 1672 obiectio
1312 1642 1345 1671 in
1362 1652 1419 1682 op-

365 1685 506 1726 positum
529 1695 566 1715 ex
588 1685 664 1721 hoc,
689 1686 777 1726 quod
799 1686 832 1715 in
855 1685 959 1725 primo
983 1685 1114 1716 articulo
1138 1685 1249 1716 tradita
1272 1692 1319 1716 est
1340 1686 1419 1716 ratio

365 1728 506 1759 formalis
536 1728 689 1759 obiectiva
716 1729 858 1759 amabilis
889 1729 1046 1759 absolute:
1077 1729 1109 1759 in
1138 1729 1200 1759 hoc
1224 1739 1300 1759 vero
1328 1730 1419 1760 tertio

366 1772 497 1804 arficulo
520 1772 651 1804 traditur
673 1772 751 1804 ratio
781 1772 922 1803 formalis
950 1773 1103 1804 obiectiva
1127 1772 1269 1803 amabilis
1292 1773 1376 1804 huic.
1401 1791 1419 1796 -

366 1816 428 1847 Sed
455 1815 529 1846 huic
558 1816 664 1847 sensui
687 1817 790 1847 obstat
818 1816 907 1857 quod
936 1823 1083 1847 tractatus
1113 1816 1170 1847 iste
1193 1816 1226 1846 in
1256 1816 1360 1856 primo
1391 1824 1422 1847 et

365 1859 456 1892 tertio
481 1859 626 1896 articulo,
651 1867 687 1891 ut
709 1860 810 1891 littera
833 1867 938 1896 sonat,
963 1870 1063 1900 aeque
1086 1859 1268 1890 universalis
1292 1870 1327 1891 ac
1350 1861 1420 1891 abs-

364 1910 481 1936 tractus
503 1910 560 1934 est.
583 1906 630 1934 Ac
652 1913 709 1943 per
737 1904 814 1940 hoc,
839 1904 919 1934 sicut
941 1904 985 1935 ibi
1007 1904 1045 1934 de
1068 1913 1176 1934 amore
1198 1904 1356 1940 absolute,
1380 1905 1423 1935 ita

365 1947 417 1978 hic
432 1947 651 1987 accipiendum
668 1954 728 1978 est:
750 1954 780 1978 et
803 1957 868 1978 non
891 1947 934 1978 ibi
957 1948 996 1978 de
1017 1957 1110 1978 causa
1128 1947 1245 1978 amoris
1268 1948 1420 1984 absolute,

367 1997 398 2022 et
419 1991 470 2021 hic
493 1991 532 2021 de
555 2001 648 2022 causa
671 1991 787 2021 amoris
810 1991 842 2021 in
865 1991 936 2028 hoc,
959 1991 1229 2031 interpretandum
1252 1998 1308 2022 est.

422 2035 554 2072 Quarto,
578 2041 614 2065 ut
628 2035 767 2065 conditio
782 2034 859 2065 boni
875 2035 915 2064 ad
933 2035 995 2065 hoc
1018 2035 1107 2075 quod
1126 2034 1165 2065 sit
1184 2044 1278 2065 causa
1292 2035 1421 2065 amoris:

366 2078 409 2109 ita
423 2078 513 2119 quod
527 2079 660 2115 bonum,
679 2078 870 2118 inquantum
884 2079 1016 2114 bonum,
1037 2078 1076 2109 sit
1091 2088 1184 2108 causa
1201 2078 1318 2109 amoris
1337 2078 1423 2109 obie-

366 2122 447 2152 ctiva
475 2122 657 2162 simpliciter
686 2128 717 2152 et
743 2122 832 2158 huic;
861 2121 1035 2152 similitudo
1064 2128 1171 2152 autem
1199 2121 1239 2152 sit
1266 2132 1359 2152 causa
1386 2129 1423 2153 ut

366 2165 507 2196 conditio
523 2175 644 2202 causae,
663 2165 744 2196 sicut
762 2165 957 2205 singularitas
974 2172 1020 2196 est
1035 2165 1174 2196 conditio
1191 2165 1295 2196 omnis
1311 2175 1422 2196 causae

365 2209 522 2240 naturalis.
547 2226 565 2232 -
589 2209 650 2240 Sed
665 2209 740 2249 quia
763 2209 851 2250 quod
875 2215 980 2240 causat
1003 2215 1039 2240 ut
1057 2209 1298 2249 apprehensum,
1321 2209 1421 2249 magis

365 2259 411 2283 est
440 2262 597 2283 concausa
621 2253 790 2288 causantis,
819 2259 855 2283 ut
883 2253 1090 2293 apprehensio
1120 2251 1271 2294 (qualiter
1297 2253 1421 2283 bonum

365 2303 411 2327 est
440 2306 532 2327 causa
562 2297 693 2332 amoris,
717 2296 806 2336 quod
835 2302 957 2327 constat
987 2305 1112 2326 causare
1134 2296 1240 2335 ipsum
1270 2306 1334 2326 non
1365 2306 1421 2335 per

1486 255 1779 292 ARTICULUS
1809 255 1859 292 IV

1465 334 1600 364 modum
1621 341 1759 369 naturae,
1783 334 1838 364 sed
1857 340 1892 365 ut
1918 333 2159 374 apprehensum,
2184 334 2342 373 incognita
2366 334 2449 364 enim
2473 334 2518 364 di-

1463 378 1559 418 ligere
1576 376 1773 419 nequimus),
1786 387 1884 418 quam
1896 377 2036 407 conditio
2052 377 2095 407 sic
2111 377 2280 412 causantis;
2301 383 2331 407 et
2346 377 2518 408 similitudo

1466 421 1680 452 universaliter
1709 431 1897 452 concurrens
1926 430 1999 451 cum
2027 421 2113 450 bono
2141 420 2180 450 ad
2209 421 2403 450 causandum
2432 431 2518 451 amo-

1466 475 1542 501 rem,
1568 472 1673 496 causat
1695 472 1731 496 ut
1753 465 1947 505 apprehensa
1961 464 1994 494 in
2011 470 2081 494 actu
2105 463 2238 494 exercito
2257 462 2307 505 (ut
2328 464 2361 494 in
2385 465 2519 495 concivi-

1467 510 1526 540 bus
1550 515 1581 539 et
1596 509 1836 549 consanguineis
1858 508 1916 538 sibi
1939 507 2147 543 obviantibus,
2168 507 2223 547 qui
2244 517 2309 537 non
2330 517 2363 537 se
2386 508 2520 548 diligunt

1468 553 1578 589 donec,
1599 560 1634 584 ut
1649 560 1743 593 patet,
1761 552 1985 592 consanguinei
2003 551 2053 582 vel
2074 550 2217 582 concives
2236 551 2517 591 apprehendantur,

1467 597 1555 638 quod
1579 604 1625 628 est
1647 596 1839 636 apprehendi
1858 603 1894 627 ut
1909 595 2026 626 similes
2048 595 2081 625 in
2104 601 2175 626 actu
2196 594 2359 636 exercito):
2384 595 2455 625 ideo
2479 596 2519 625 si-

1468 641 1615 671 militudo
1644 640 1743 680 magis
1767 647 1803 671 ut
1824 640 1902 670 ratio
1934 639 2153 680 approprians,
2182 638 2267 669 iuxta
2295 638 2421 669 tertium
2451 649 2519 668 mo-

1468 684 1556 720 durn,
1573 694 1671 724 quarn
1687 690 1722 714 ut
1737 683 1887 720 conditio,
1907 683 1992 714 iuxta
2006 683 2092 714 hunc
2106 689 2264 723 quartum,
2284 692 2376 712 causa
2397 682 2520 712 videtur

1468 737 1594 758 amons.

1523 771 1656 808 Quinto,
1673 778 1709 801 ut
1727 770 1892 810 dispositio
1909 780 1945 800 ex
1957 777 2043 810 parte
2059 769 2203 800 subiecti:
2223 769 2266 799 ita
2281 769 2369 809 quod
2387 769 2519 804 bonurn,

1467 815 1658 855 inquantum
1669 815 1801 850 bonum,
1818 814 1857 845 sit
1868 814 1996 854 propria
2007 823 2101 844 causa
2111 813 2228 843 amoris
2244 822 2280 843 ex
2291 819 2378 853 parte
2393 812 2520 847 obiecti;

1469 865 1498 888 et
1521 858 1694 888 similitudo
1711 859 1751 888 ad
1773 859 1896 888 bonum
1918 857 1958 888 sit
1975 857 2103 897 propria
2121 867 2214 888 causa
2236 856 2366 892 amoris,
2391 863 2427 887 ut
2448 866 2520 896 pro-

1467 901 1535 941 pria
1557 901 1721 942 dispositio
1746 911 1782 931 ex
1811 908 1897 941 parte
1920 901 2059 932 subiecti.
2075 901 2207 941 Propter
2235 900 2336 941 quod,
2361 899 2521 930 obiectum

1467 945 1552 975 idem
1571 952 1676 976 causat
1691 945 1789 975 modo
1806 954 1956 981 amorem,
1974 945 2072 974 modo
2096 944 2217 980 odium,
2233 944 2266 974 in
2290 944 2403 974 eodem
2423 943 2521 973 diver—

1468 989 1590 1019 simode
1614 988 1783 1028 disposito:
1808 995 1843 1019 ut
1859 995 1943 1028 patet
1966 989 2004 1018 de
2020 988 2159 1019 Thamar
2175 994 2316 1028 respectu
2332 990 2472 1023 Amnon,
2489 987 2521 1016 in

1469 1033 1494 1062 11
1510 1033 1636 1073 Regum
1652 1032 1680 1063 ’ἢ
1699 1033 1740 1062 Et
1758 1032 1831 1062 huic
1854 1032 1959 1062 sensui
1978 1032 2060 1062 favet
2078 1032 2177 1062 littera
2195 1031 2228 1061 in
2247 1031 2406 1062 solutione
2428 1030 2519 1071 primi

2446 256 2513 302 195

1467 1076 1657 1116 argumenti:
1673 1076 1727 1106 ubi
1738 1075 1985 1115 figulo,propter
1996 1075 2237 1115 dispositionem
2249 1076 2287 1105 ad
2303 1076 2438 1111 lucrum,
2446 1075 2522 1105 alter
2569 1075 2574 1080 “

1468 1120 1607 1150 redditur
1630 1120 1770 1150 odiosus.
1795 1119 1835 1149 Et
1856 1119 1889 1148 in
1909 1119 2066 1149 solutione
2085 1119 2222 1155 secundi,
2247 1129 2312 1148 non
2336 1119 2411 1149 dixit
2433 1120 2522 1159 quod

1469 1170 1553 1194 amat
1575 1164 1699 1194 bonum
1722 1162 1943 1198 similitudinis,
1969 1162 2023 1192 sed
2046 1163 2134 1203 quod
2157 1163 2319 1192 invenitur
2340 1163 2456 1193 bonum
2479 1164 2520 1193 si-

1470 1208 1673 1245 militudinis,
1696 1206 1860 1237 intendens
1890 1216 1945 1246 per
1973 1206 2035 1236 hoc
2067 1206 2184 1236 salvare
2214 1206 2455 1245 dispositionem
2486 1216 2522 1236 ex

1470 1258 1557 1291 parte
1579 1251 1709 1281 subiecti
1732 1251 1771 1280 ad
1793 1259 1944 1280 amorem.
1961 1250 2026 1280 Nec
2050 1256 2096 1279 est
2118 1259 2229 1279 verum
2252 1250 2340 1289 quod
2356 1249 2389 1279 in
2404 1249 2522 1280 litterae

1470 1305 1619 1334 processu
1634 1295 1793 1324 laboretur
1808 1294 1847 1324 ad
1863 1293 2095 1324 ostendendum
2118 1293 2355 1323 similitudinem
2371 1303 2403 1322 se
2418 1299 2523 1323 tenere

1471 1348 1508 1368 ex
1530 1344 1617 1377 parte
1641 1338 1766 1368 obiecti:
1788 1338 1842 1367 sed
1864 1337 1994 1367 inveniri
2018 1337 2050 1367 in
2073 1337 2206 1367 obiecto.
2225 1336 2404 1367 Similitudo
2428 1336 2522 1372 enim,

1473 1391 1547 1411 cum
1570 1381 1610 1412 sit
1638 1381 1747 1411 relatio
1776 1380 2043 1421 aequiparantiae,
2066 1380 2099 1410 in
2129 1387 2265 1420 utroque
2288 1386 2413 1419 oportet
2435 1380 2523 1420 quod

1472 1424 1607 1454 salvetur
1626 1431 1774 1455 extremo.
1792 1424 1883 1455 Unde
1906 1434 1943 1454 ex
1957 1424 2019 1454 hoc
2042 1424 2111 1464 ipso
2127 1424 2215 1464 quod
2229 1423 2402 1454 similitudo
2423 1423 2524 1453 subie-

1472 1467 1513 1498 cti
1536 1468 1576 1497 ad
1598 1468 1730 1503 bonurn,
1751 1474 1797 1498 est
1819 1467 1946 1507 propria
1969 1477 2062 1497 causa
2085 1467 2201 1497 amoris
2224 1477 2259 1497 ex
2274 1473 2361 1507 parte
2384 1467 2523 1502 subiecti,

1472 1511 1614 1551 sequitur
1636 1511 1809 1541 necessario
1833 1511 1921 1551 quod
1950 1520 2044 1541 omne
2068 1511 2201 1541 amabile
2228 1511 2267 1541 sit
2292 1510 2402 1541 simile.
2427 1510 2525 1547 Quod

1471 1554 1505 1584 in
1527 1554 1629 1585 littera
1650 1560 1852 1584 monstratur.

1529 1598 1581 1628 III.
1594 1598 1635 1628 Et
1648 1597 1699 1628 hic
1714 1597 1843 1638 quintus
1855 1597 1971 1627 modus
1983 1597 2095 1637 procul
2107 1597 2204 1627 dubio
2221 1597 2456 1637 amplectendus
2469 1604 2523 1633 est,

1474 1642 1540 1672 sine
1559 1648 1666 1671 tamen
1687 1641 1770 1671 tertii
1785 1640 1996 1680 praeiudicio:
2016 1641 2104 1676 idest,
2121 1640 2209 1680 quod
2232 1650 2269 1670 ex
2291 1646 2376 1680 parte
2395 1641 2526 1671 subiecti

1474 1685 1649 1715 similitudo
1674 1691 1720 1715 est
1742 1684 1869 1724 propria
1893 1694 1986 1714 causa
2008 1684 2134 1719 amoris,
2154 1683 2309 1724 quidquid
2332 1684 2371 1713 sit
2389 1694 2424 1714 ex
2440 1690 2526 1724 parte

1475 1728 1600 1759 obiecti.
1623 1729 1664 1759 Et
1679 1728 1740 1758 hoc
1759 1728 1877 1758 litterae
1893 1727 2033 1758 sufficere
2049 1737 2115 1757 non
2131 1727 2252 1757 dubito.
2276 1727 2443 1767 Salvatque
2459 1737 2526 1757 sen-

1475 1783 1528 1803 sus
1546 1773 1605 1802 iste
1620 1772 1885 1802 universalitatem
1899 1778 1930 1801 et
1945 1771 2186 1802 abstractionem
2201 1777 2347 1801 tractatus
2363 1771 2527 1810 aequalem

1474 1817 1508 1846 in
1517 1816 1622 1856 primo
1633 1823 1664 1846 et
1674 1816 1765 1846 tertio
1778 1815 1908 1846 articulo
1916 1814 1943 1846 *.
1956 1815 2151 1855 Ordinatque
2163 1814 2311 1844 articulos
2323 1814 2417 1844 huius
2433 1824 2527 1854 quae-

1476 1860 1601 1896 stionis,
1626 1866 1661 1890 ut
1683 1866 1831 1890 tractetur
1852 1859 1886 1889 in
1908 1858 2018 1899 primis
2045 1858 2181 1889 articulis
2205 1858 2243 1888 de
2267 1867 2359 1888 causa
2383 1868 2419 1888 ex
2441 1865 2527 1898 parte

1477 1904 1604 1940 obiecti,
1629 1903 1745 1934 scilicet
1762 1903 1902 1933 bonitate
1925 1909 1955 1933 et
1977 1901 2171 1942 cognitione;
2195 1901 2228 1931 in
2251 1901 2353 1937 tertio,
2374 1902 2412 1931 de
2436 1912 2528 1932 causa

1477 1957 1513 1978 ex
1535 1954 1623 1987 parte
1646 1947 1789 1982 subiecti;
1813 1946 1847 1976 in
1862 1952 1986 1987 quarto,
2003 1955 2040 1976 ex
2058 1952 2144 1986 parte
2160 1945 2442 1976 concomitantium
2457 1955 2527 1985 pas-

1475 1991 1614 2021 sionum.
1629 2008 1650 2013 —
1663 1991 1750 2020 quta
1766 1990 1894 2021 tertium
1909 1996 2016 2019 autem
2032 1989 2176 2025 modum,
2194 1988 2280 2029 prius
2296 1988 2334 2018 de
2353 1988 2526 2019 rationibus

1476 2033 1636 2065 obiectivis
1660 2043 1696 2064 ex
1719 2040 1805 2073 parte
1828 2033 1888 2069 rei;
1913 2039 1943 2063 et
1966 2032 2078 2062 deinde
2102 2033 2139 2062 de
2163 2032 2344 2063 conditione
2363 2033 2527 2062 communi

1475 2078 1601 2118 utrique
1621 2077 1734 2108 rationi
1750 2076 1885 2113 formali,
1903 2076 2018 2106 scilicet
2035 2076 2168 2106 bonitati
2184 2083 2214 2106 et
2228 2075 2434 2112 similitudini,
2452 2076 2526 2106 fuis-

1476 2128 1522 2152 set
1543 2121 1751 2152 tractandum.
1775 2121 1817 2151 Et
1839 2120 1882 2151 sic
1905 2120 2014 2150 tertius
2033 2119 2180 2150 articulus
2197 2119 2305 2149 debuit
2327 2129 2394 2149 esse
2417 2129 2527 2150 secun-

1474 2166 1544 2196 dus.
1568 2164 1670 2195 Cuius
1688 2164 1874 2204 oppositum
1892 2163 2010 2194 factum
2026 2163 2107 2193 favet
2126 2163 2248 2204 quinto,
2263 2163 2351 2203 quod
2365 2163 2405 2193 sit
2419 2173 2528 2193 sensus

1474 2208 1612 2239 intentus
1636 2208 1674 2238 ab
1697 2210 1845 2238 Auctore.

1531 2252 1623 2282 Circa
1645 2258 1795 2292 quartum
1817 2250 1983 2281 articulum
2006 2249 2085 2280 nihil
2108 2250 2241 2280 occurrit
2264 2259 2322 2289 pro
2346 2259 2430 2280 nunc
2456 2249 2528 2279 scri-

1472 2295 1623 2325 bendum.

1136 2423 1452 2488 ARTICULUS
1483 2446 1754 2498 QUARTUS

771 2534 925 2565 UTRUM
949 2534 1112 2571 ALIQUA
1135 2534 1236 2564 ALIA
1259 2534 1501 2564 PASSIONUM
1523 2534 1689 2564 ANIMAE
1713 2533 1779 2564 SIT
1804 2533 1943 2564 CAUSA
1966 2532 2127 2563 AMORIS

417 2649 461 2663 s,
482 2640 537 2666 »f
577 2630 600 2655 n
620 2629 792 2660 QUARTUM
811 2629 864 2653 Sic
883 2628 1121 2653 PROCEDITUR.
1141 2615 1300 2653 Videtur
1318 2616 1423 2663 quod

400 2638 554 2733 §.¹325
579 2670 703 2718 aliqua
750 2669 822 2705 alia
857 2668 983 2717 passio
1025 2668 1144 2716 possit
1185 2680 1268 2704 esse
1310 2680 1423 2704 causa

386 2728 423 2769 ,y
426 2741 505 2803 ar
522 2721 730 2769 ῃεωοτίε.
751 2721 849 2758 Dicit
869 2721 970 2757 enim
993 2719 1288 2768 Philosophus,
1279 2732 1317 2756 m
1335 2720 1421 2757 VIII

391 2770 400 2778 ”
426 2753 521 2812 εζῑῑᾟ)
536 2770 568 2812 k
578 2773 728 2811 Ethicss
729 2802 739 2821 ,
755 2774 859 2822 quod
874 2772 988 2822 aliqui
1002 2780 1176 2809 amantur
1189 2780 1344 2821 propter
1359 2772 1422 2809 de-

364 2829 617 2866 lectationem.
645 2827 721 2863 Sed
750 2825 944 2863 delectatio
975 2833 1030 2862 est
1056 2825 1182 2874 passio
1218 2825 1420 2883 quaedam.

365 2882 468 2929 Ergo
487 2880 612 2929 aliqua
640 2878 711 2915 alia
737 2878 863 2928 passio
885 2885 940 2914 est
968 2890 1082 2915 causa
1109 2877 1261 2914 amoris.

420 2946 454 2970 2.
475 2934 706 2978 Pmrmm,
733 2930 961 2968 desiderium
989 2930 1177 2979 quaedam
1201 2929 1327 2978 passio
1354 2937 1419 2966 est.

367 2987 444 3024 Sed
458 2986 604 3034 aliquos
623 2996 798 3020 amamus
817 2990 972 3031 propter
991 2982 1218 3019 desiderium
1234 2981 1388 3018 alicuius
1405 2987 1422 3003 α

366 3038 475 3098 quod
498 3038 546 3074 ab
576 3037 628 3074 eis
657 3043 916 3085 expectamus:
946 3035 1040 3071 sicut
1067 3042 1223 3083 apparet
1250 3034 1288 3070 in
1317 3034 1422 3070 omni

367 3090 531 3128 amicitia
558 3102 655 3139 quae
680 3096 736 3126 est
753 3096 908 3137 propter
935 3087 1140 3124 utilitatem.
1170 3087 1271 3134 Ergo
1298 3086 1422 3135 aliqua

366 3144 436 3180 alia
463 3142 589 3192 passio
620 3149 675 3178 est
702 3153 815 3178 causa
842 3140 994 3177 amoris.

423 3198 456 3233 3.
477 3197 708 3240 PRAETEREA,
728 3193 960 3241 Augustinus
981 3191 1077 3239 dicit,
1093 3191 1131 3228 in
1150 3192 1186 3227 X
1205 3191 1249 3228 de
1267 3193 1303 3228 T
1299 3204 1369 3228 rm
1385 3191 1420 3227 *ε

372 3249 486 3285 Cuius
514 3248 572 3284 rei
601 3246 860 3295 adipiscendae
889 3257 992 3294 spem
1020 3245 1173 3292 quisque
1201 3256 1275 3281 non
1303 3244 1422 3293 gerit,

367 3307 434 3338 aut
459 3301 577 3349 tepide
603 3305 718 3345 amat,
747 3304 814 3335 aut
839 3299 990 3335 omnino
1019 3308 1093 3333 non
1113 3302 1227 3342 amat,
1253 3297 1423 3345 quamvis

367 3365 481 3402 quam
512 3352 674 3401 pulchra
701 3352 748 3388 sit
777 3351 910 3388 videat.
940 3351 1041 3397 Ergo
1071 3361 1157 3398 spes
1183 3347 1197 3377 β
1226 3349 1338 3385 etiarn
1368 3356 1424 3385 est

369 3418 482 3443 causa
510 3405 662 3442 amoris.

1532 2617 1605 2652 SED
1634 2627 1778 2652 CONTRA
1802 2627 1867 2651 EST
1894 2615 1999 2663 quod
2027 2626 2162 2650 omnes
2190 2614 2283 2650 aliae
2312 2614 2528 2650 affectiones

1477 2668 1592 2704 animi
1620 2680 1665 2704 ex
1693 2679 1824 2703 amore
1854 2674 2074 2713 causantur,
2104 2674 2145 2702 ut
2171 2666 2402 2714 Augustinus
2430 2666 2528 2714 dicit,

1476 2721 1566 2756 XIV
1593 2720 1638 2756 de
1670 2720 1748 2756 Civ.
1769 2719 1844 2755 Dei
1859 2719 1890 2755 ³¹⁸.

1530 2774 1753 2809 Rsssponneo
1773 2783 1956 2808 DICENDUM
1975 2771 2080 2819 quod
2099 2771 2200 2807 nulla
2220 2770 2290 2807 alia
2304 2770 2430 2818 passio
2453 2771 2530 2807 ani-

1475 2837 1561 2872 mae
1580 2829 1596 2852 Υ
1619 2832 1673 2861 est
1700 2836 1797 2872 quae
1827 2836 1904 2860 non
1922 2830 2204 2882 praesupponat
2235 2823 2399 2870 aliquem
2424 2835 2529 2859 amo-

1476 2889 1569 2913 rem.
1587 2877 1704 2913 Cuius
1720 2876 1812 2912 ratio
1834 2883 1888 2912 est
1907 2875 1994 2924 quia
2015 2875 2139 2912 omnis
2154 2875 2225 2911 alia
2238 2875 2363 2923 passio
2379 2875 2528 2912 animae

1474 2930 1536 2971 vel
1555 2929 1732 2977 importat
1746 2936 1895 2965 motum
1911 2927 1960 2964 ad
1979 2927 2130 2975 aliquid,
2145 2927 2208 2964 vel
2222 2927 2387 2974 quietem
2407 2927 2446 2963 in
2465 2928 2528 2964 ali-

1476 2994 1564 3030 qu0.
1587 2981 1723 3018 Omnis
1751 2988 1879 3017 autem
1897 2987 2024 3016 motus
2050 2979 2089 3016 in
2108 2979 2259 3027 aliquid,
2279 2980 2341 3016 vel
2365 2979 2472 3027 quies
2491 2980 2530 3016 in

1475 3033 1612 3082 aliquo,
1643 3045 1688 3075 ex
1716 3033 1840 3081 aliqua
1868 3031 2174 3069 connaturalitate
2202 3033 2264 3069 vel
2292 3032 2529 3080 coaptatione

1474 3085 1662 3134 procedit:
1684 3098 1781 3134 quae
1800 3085 1960 3134 pertinet
1979 3084 2026 3121 ad
2046 3084 2231 3121 rationem
2247 3084 2398 3121 amoris.
2419 3084 2529 3121 Unde

1475 3138 1707 3187 impossibile
1736 3145 1791 3174 est
1813 3137 1917 3184 quod
1937 3137 2061 3185 aliqua
2080 3136 2151 3173 alia
2169 3136 2295 3185 passio
2316 3137 2465 3173 animae
2486 3137 2531 3173 sit

1477 3203 1590 3227 causa
1616 3189 1875 3227 universaliter
1902 3189 2027 3226 omnis
2048 3189 2200 3226 amoris.
2222 3210 2245 3216 -
2265 3189 2456 3236 Contingit
2478 3197 2530 3225 ta-

1477 3256 1566 3280 men
1590 3243 1753 3291 aliquam
1777 3242 1890 3279 aliam
1903 3242 2122 3291 passionem
2147 3254 2228 3278 esse
2253 3253 2406 3278 causam
2425 3254 2528 3278 arno-

1477 3296 1525 3333 ris
1553 3295 1728 3332 alicuius:
1758 3295 1852 3332 sicut
1881 3294 1991 3332 etiam
2010 3307 2131 3331 unum
2159 3295 2304 3330 bonum
2333 3302 2387 3330 est
2416 3306 2529 3330 causa

1477 3348 1636 3386 alterius.

1530 3403 1588 3437 An
1617 3412 1752 3437 ramum
1780 3411 1878 3436 ERGO
1915 3411 2097 3436 mCENDUM
2126 3399 2251 3446 quod,
2281 3410 2367 3434 cum
2395 3397 2529 3445 aliquis

419 3519 446 3551 α)
466 3518 586 3543 alicuius.
605 3531 622 3536 -
641 3518 702 3542 Om.
722 3518 750 3542 P.

420 3552 446 3586 β)
464 3561 532 3585 spes.
548 3567 567 3572 -
585 3560 627 3578 res
645 3553 827 3577 ABCDEGHI.

1529 3514 1555 3547 γ)
1575 3514 1689 3538 animae.
1707 3527 1725 3532 -
1744 3513 1805 3538 Om.
1823 3513 1851 3538 P.
1870 3527 1889 3532 -
1907 3513 2004 3537 Eadem
2023 3520 2070 3544 pro
2085 3514 2300 3544 praesupponat,
2319 3514 2458 3542 supponat.

2548 1033 2558 1042 ·
2569 1032 2626 1059 Cap.
2638 1037 2688 1059 1111,
2699 1037 2758 1054 vers.

2554 1813 2620 1835 ·c.f
2639 1819 2702 1835 num.
2718 1819 2749 1840 11,

2555 1840 2644 1867 Tertio,
2657 1839 2680 1861 in
2691 1830 2749 1860 fine.

2557 2726 2566 2735 ”
2583 2725 2639 2752 Cap.
2654 2731 2694 2747 vn.
2709 2735 2721 2740 -
2731 2725 2767 2746 Cf.

2557 2757 2607 2779 cap.
2621 2757 2652 2772 ix.
