2852 4152
365 175 439 212 306

419 254 643 290 RESPONm-:o
676 266 859 291 DICENDUM
896 254 1002 302 quod
1038 266 1148 291 mens
1179 255 1241 291 vel
1279 254 1371 290 ratio
1405 252 1419 282 β

361 306 534 354 quamvis
563 318 642 343 non
669 314 793 343 utatur
813 319 955 355 organo
977 306 1164 356 corporali
1183 307 1221 342 in
1242 319 1311 342 suo
1331 318 1419 354 pro-

359 357 442 406 prio
463 366 569 404 actu;
599 367 737 407 tamen,
759 359 849 407 quia
876 359 1018 407 indiget
1046 360 1093 396 ad
1113 359 1169 395 sui
1189 366 1316 395 actum
1337 357 1419 406 qui—

286 438 300 449 .
360 411 523 448 busdam
555 412 698 449 viribus
731 412 934 458 sensitivis,
964 423 1128 459 quorum
1162 418 1266 447 actus
1299 410 1418 458 impe-

122 632 130 641 ·
144 631 195 652 Art.
210 631 316 658 praeced.

118 839 130 851 ⁴
144 839 210 862 Vers.
227 846 258 862 ιο.

104 2197 125 2214 *f
131 2201 197 2223 Vers.
212 2207 244 2223 22.

105 2518 115 2528 ⁸
131 2517 198 2539 Vers.
212 2517 247 2538 28.

107 2682 115 2691 ·
130 2681 181 2702 Art.
197 2679 301 2707 praeced.

105 2834 116 2846 ⁶
130 2834 197 2856 Vers.
211 2839 246 2862 34.

107 2941 115 2949 '¹
130 2941 180 2961 Art.
195 2945 216 2961 2.

104 3100 116 3111 ⁴
134 3099 190 3130 Cap.
210 3105 265 3125 va,
286 3099 314 3120 al.

104 3131 193 3152 xxx;1n
202 3129 247 3147 vet.
253 3131 314 3146 xxxi.

105 3206 114 3214 “
128 3205 180 3226 Art.
195 3204 298 3232 praeced.
307 3211 313 3230 ς

105 3236 144 3258 qu.
157 3236 218 3258 xcvi,
233 3234 275 3252 art.
290 3237 313 3257 4.

360 463 513 500 diuntur
549 477 708 513 corpore
749 465 989 513 perturbato;
1028 475 1183 500 necesse
1222 470 1277 498 est
1313 462 1416 510 quod

358 517 660 565 perturbationes
689 518 904 565 corporales
924 516 1035 552 etiam
1060 515 1241 551 iudicium
1261 514 1416 551 rationis

357 569 584 618 impediant:
611 570 704 606 sicut
731 577 833 617 patet
850 569 889 605 in
917 568 1094 604 ebrietate
1116 574 1152 603 et
1169 579 1320 604 somno.
1350 566 1415 603 Di-

358 629 460 658 ctum
490 629 546 659 est
573 630 699 659 autem
719 622 738 643 ’¹‘
767 622 870 669 quod
897 621 951 657 ira
971 620 1137 656 maxime
1167 619 1254 656 facit
1270 627 1415 668 pertur-

357 675 550 711 bationem
572 675 807 723 corporalem
829 673 926 709 circa
942 684 1018 718 cor,
1035 672 1085 708 ita
1104 680 1146 708 ut
1161 672 1272 709 etiam
1293 684 1414 720 usque

356 727 405 764 ad
438 727 621 764 exteriora
649 727 824 763 membra
852 725 1051 762 derivetur.
1082 725 1193 762 Unde
1220 725 1289 771 ira,
1319 725 1415 761 inter

357 787 498 816 ceteras
512 780 719 828 passiones,
737 778 969 814 manifestius
984 777 1142 825 impedit
1161 777 1343 814 iudicium
1359 789 1415 814 ra-

355 833 485 878 tionis;
515 832 726 868 secundum
749 831 839 867 illud
858 830 998 867 Psalmi
1016 829 1138 866 xxx*:
1165 831 1414 867 Conturbatus

355 891 408 922 est
433 886 470 921 in
500 886 558 921 ira
587 884 715 920 oculus
742 895 858 920 meus.

405 939 463 973 AD
493 949 628 973 PRIMUM
656 948 753 973 ERGO
782 947 966 972 D1CENDUM
998 935 1104 983 quod
1132 948 1154 972 a
1182 935 1327 971 ratione
1357 943 1413 971 est

352 990 578 1039 principium
598 989 686 1035 irae,
707 996 892 1037 quantum
911 988 960 1024 ad
979 995 1128 1024 motum
1149 988 1410 1036 appetitivum,

353 1042 416 1091 qui
446 1050 501 1078 est
529 1042 695 1078 formalis
723 1042 763 1078 in
791 1041 857 1078 ira.
888 1041 964 1078 Sed
992 1041 1202 1089 perfectum
1230 1040 1411 1076 iudicium

352 1095 504 1132 rationis
532 1094 660 1143 passio
689 1094 764 1131 irae
793 1101 1059 1143 praeoccupat,
1089 1093 1196 1142 quasi
1225 1105 1304 1129 non
1326 1104 1411 1141 per-

351 1148 445 1184 fecte
462 1147 647 1184 rationem
664 1147 833 1194 audiens,
854 1153 1009 1195 propter
1029 1146 1330 1182 commotionem
1351 1158 1410 1182 ca-

350 1201 438 1237 loris
465 1200 646 1238 velociter
672 1199 910 1248 impellentis,
940 1210 1038 1247 quae
1069 1206 1123 1235 est
1151 1198 1353 1235 materialis
1372 1198 1411 1235 in

350 1253 414 1290 ira.
432 1254 480 1290 Et
500 1260 685 1301 quantum
706 1253 754 1289 ad
769 1253 855 1300 hoc,
872 1251 1030 1300 impedit
1046 1251 1228 1289 iudicium
1244 1251 1409 1288 rationis.

402 1309 461 1342 AD
490 1318 679 1343 SECUNDUM
707 1317 890 1343 DICENDUM
919 1305 1024 1354 quod
1053 1304 1256 1342 iracundus
1277 1304 1411 1341 dicitur

351 1371 432 1395 esse
460 1359 701 1405 manifestus,
737 1371 815 1395 non
854 1357 943 1406 quia
981 1357 1226 1394 manifestum
1264 1357 1310 1394 sit
1342 1356 1411 1394 sibi

349 1412 439 1460 quid
463 1412 585 1449 facere
615 1412 772 1449 debeat:
801 1412 868 1448 sed
889 1410 978 1460 quia
996 1410 1194 1447 manifeste
1219 1417 1408 1458 operatur,

349 1477 427 1502 non
455 1477 641 1513 quaerens
667 1465 832 1514 aliquam
862 1463 1166 1500 occultationem.
1190 1463 1308 1510 Quod
1327 1474 1411 1511 par-

348 1518 415 1555 tim
432 1518 610 1565 contingit
623 1525 779 1566 propter
793 1517 1112 1566 impedimentum
1129 1515 1295 1563 rationis,
1312 1527 1410 1563 quae

1009 176 1274 222 QUAESTIO
1306 177 1479 224 XLVIII,
1509 177 1803 213 ARTICULUS
1834 177 1884 214 lV

1474 266 1552 290 non
1588 262 1713 302 potest
1747 255 1960 292 discernere
1995 258 2087 305 quid
2120 258 2166 296 sit
2198 259 2465 296 occultandum
2496 266 2531 296 et

1474 306 1564 353 quid
1594 307 1925 356 manifestandum,
1955 321 2025 347 nec
2045 311 2157 348 etiam
2177 312 2386 359 excogitare
2406 313 2530 348 oecul-

1471 358 1576 395 tandi
1602 358 1696 395 vias.
1717 359 1858 396 Partim
1877 337 1970 397 ve⁷ro
1991 369 2046 399 est
2065 375 2108 400 ex
2127 364 2372 412 ampliatione
2393 365 2527 409 cordis,

1472 422 1571 457 quae
1609 411 1770 459 pertinet
1807 412 1855 448 ad
1892 415 2261 463 magnanimitatem,
2292 429 2408 464 quarn
2443 417 2530 454 facit

1471 462 1545 499 ira:
1574 463 1678 499 unde
1707 470 1744 500 et
1767 464 1814 500 de
1833 467 2076 512 magnanimo
2097 469 2351 517 Philosophus
2371 469 2469 516 dicit,
2489 470 2528 506 in

1472 515 1523 551 IV
1540 516 1659 551 Ethi.c
1680 515 1711 562 ²¹²,
1741 517 1846 564 quod
1863 523 1918 554 est
1933 520 2151 568 manifestus
2169 522 2291 558 aditor
2309 527 2346 557 et
2361 527 2527 568 amator,

1470 573 1505 603 et
1522 568 1718 615 manifeste
1735 569 1822 605 dicit
1838 575 1875 606 et
1891 578 2113 630 operatur-
2127 574 2443 633 Concupiscentia
2462 586 2528 610 au-

1470 627 1547 656 tem
1569 620 1701 657 dicitur
1720 633 1802 657 esse
1826 622 1944 660 latens
1969 632 2005 660 et
2022 612 2214 685 insidiosa,
2235 627 2335 675 quia,
2355 633 2397 663 ut
2415 625 2528 674 pluri-

1470 685 1589 719 mum,
1617 673 1852 711 delectabilia
1877 687 1975 723 quae
1995 679 2360 727 concupiscuntur,
2333 684 2349 706 Υ
2385 679 2528 715 habent

1469 725 1740 774 turpitudinem
1769 727 1963 775 quandam
1996 736 2033 765 et
2068 731 2284 779 mollitiem,
2314 731 2353 768 in
2388 731 2527 779 quibus

1468 779 1587 814 homo
1616 779 1698 815 vult
1724 779 1849 816 latere.
1881 781 1923 816 In
1949 779 2007 817 his
2035 779 2162 820 autem
2189 796 2286 832 quae
2311 791 2398 821 sunt
2414 783 2527 821 virili-

1468 831 1551 867 tatis
1589 839 1625 867 et
1663 832 1922 879 excellentiae,
1953 833 2167 871 cuiusmodi
2203 844 2290 873 sunt
2315 836 2524 883 vindictae,

1469 883 1613 932 quaerit
1639 885 1759 920 homo
1789 885 2009 922 manifestus
2038 898 2132 924 esse.

1519 938 1578 973 An
1606 948 1765 974 TERTIUM
1793 949 1976 975 mcENDUM
2001 940 2116 987 quod,
2137 939 2231 976 sicut
2258 940 2399 978 dictum
2424 949 2480 978 est
2492 941 2524 988 ²¹⁵,

1468 996 1594 1025 motus
1622 989 1699 1025 irae
1729 1002 1751 1025 a
1778 990 1924 1026 ratione
1956 991 2104 1039 incipit:
2135 999 2171 1028 et
2197 991 2285 1029 ideo
2314 994 2525 1031 secundum

1466 1040 1570 1077 idem
1598 1041 1786 1089 appositio
1822 1043 1997 1079 contrarii
2029 1044 2077 1080 ad
2113 1045 2343 1082 contrarium
2371 1046 2527 1083 adiuvat

1466 1092 1648 1132 iudicium
1677 1093 1843 1141 rationis,
1871 1102 1907 1131 et
1935 1103 2046 1143 auget
2072 1096 2180 1134 iram.
2211 1097 2312 1134 Cum
2340 1097 2443 1135 enirn
2462 1099 2526 1135 ali-

1466 1145 1550 1193 quis
1568 1146 1684 1183 habet
1702 1147 1888 1183 honorem
1904 1149 1966 1184 vel
1988 1148 2146 1197 divitias,
2168 1157 2206 1186 et
2222 1157 2356 1198 postea
2374 1150 2526 1187 incurrit

1466 1198 1621 1235 alicuius
1650 1199 1931 1247 detrimentum,
1953 1201 2044 1238 illud
2073 1202 2342 1239 detrimentum
2365 1207 2527 1262 apparet

1466 1251 1607 1288 maius:
1642 1259 1723 1289 tum
1759 1260 1916 1301 propter
1946 1253 2177 1292 vicinitatem
2213 1255 2408 1301 contrarii;
2443 1262 2525 1292 tum

1466 1304 1556 1363 quia
1592 1311 1671 1341 erat
1702 1305 1952 1365 inopinatum.
1984 1307 2033 1343 Et
2059 1306 2146 1344 ideo
2181 1315 2309 1345 causat
2336 1285 2525 1345 maiorem

1465 1356 1670 1394 tristitiam:
1699 1357 1795 1394 sicut
1822 1358 1936 1395 etiam
1965 1371 2104 1407 magna
2123 1360 2226 1398 bona
2256 1373 2300 1397 ex
2328 1360 2524 1409 inopinato

1464 1409 1667 1457 venientia,
1689 1418 1844 1448 causant
1869 1412 2055 1449 maiorem
2077 1413 2378 1450 delectationem.
2400 1414 2448 1450 Et
2468 1425 2524 1450 se-

1466 1462 1636 1499 cundum
1665 1471 1912 1510 augmentum
1941 1464 2106 1502 tristitiae
2133 1465 2406 1514 praecedentis,
2434 1478 2523 1503 con-

1466 1523 1667 1564 sequenter
1694 1523 1852 1563 augetur
1880 1525 1916 1553 et
1943 1517 2009 1554 ira.

402 1629 425 1662 β)
446 1629 524 1654 ratio.
542 1642 561 1647 -—
579 1627 692 1652 hominis
712 1628 808 1652 addunt
828 1627 1054 1651 ABCDFGHIKL.

1435 1619 1438 1658 Ι
1516 1626 1544 1658 γ)
1563 1626 1794 1657 concupiscuntur.
1811 1639 1831 1644 -
1848 1626 2056 1657 concupiscimus
2075 1626 2126 1650 EF.

1118 1759 1433 1802 ARTICULUS
1463 1759 1734 1811 QUARTUS

898 1844 1052 1875 UTRUM
1077 1844 1149 1874 IRA
1172 1843 1342 1874 MAXIME
1367 1842 1537 1873 CAUSET
1561 1843 1955 1873 TACITURNITATEM

411 1944 437 1959 Νι
462 1955 493 1973 „
493 1948 532 1992 ⁴5<
555 1938 577 1962 D
598 1936 770 1967 QUARTUM
789 1935 842 1960 SIC
862 1934 1100 1960 PROCED1TUR.
1121 1922 1279 1959 Videtur
1299 1920 1404 1969 quod

470 1970 534 2026 ζὴ
555 1978 609 2015 ira
637 1989 715 2014 non
745 1983 873 2013 causet
900 1975 1201 2012 taciturnitatem.
1233 1974 1404 2011 Tacitur-

363 2060 384 2079 Ι,
406 2015 523 2077 aab(
536 2028 649 2068 nitas
670 2029 771 2067 enim
791 2028 972 2066 locutioni
994 2027 1219 2077 opponitur.
1239 2027 1316 2064 Sed
1335 2038 1404 2076 per

361 2075 375 2089 ”
399 2060 460 2113 ἑ
511 2076 792 2120 &crementum
812 2088 829 2104 α
857 2082 934 2119 irae
963 2094 1083 2141 usque
1103 2081 1152 2119 ad
1171 2080 1402 2118 locutionem

343 2136 578 2186 pervenitur:
607 2144 648 2173 ut
674 2143 777 2185 patet
799 2147 868 2184 per
886 2134 1057 2183 gradus
1049 2147 1127 2172 irae
1139 2147 1245 2194 ‚quos
1267 2133 1403 2171 Domi-

344 2203 415 2227 nus
437 2189 608 2237 assignat,
630 2190 763 2226 Matth.
779 2201 803 2224 v
821 2188 852 2236 ²¹²,
870 2188 1019 2225 dicens:
1040 2187 1115 2229 Qui
1131 2187 1305 2224 irascitur
1318 2187 1402 2234 fra—

345 2244 394 2280 tri
409 2255 500 2287 suo;
529 2250 576 2289 et,
605 2242 671 2290 qui
695 2242 832 2278 dixerit
846 2241 971 2289 fratri
995 2253 1075 2286 suo,
1105 2242 1232 2284 Raca;
1261 2247 1308 2287 et,
1339 2239 1405 2287 qui

344 2296 482 2333 dixerit
495 2296 619 2343 fratri
644 2307 724 2340 suo,
744 2296 874 2331 Fatue.
897 2294 997 2342 Ergo
1026 2293 1080 2330 ira
1104 2305 1183 2330 non
1203 2300 1331 2330 causat
1349 2300 1402 2329 ta-

345 2349 605 2386 citurnitatem.

398 2414 432 2438 2.
462 2403 702 2447 PRAETEREA,
733 2412 779 2436 ex
806 2400 881 2436 hoc
909 2399 1012 2447 quod
1050 2398 1221 2436 custodia
1250 2398 1403 2435 rationis

345 2455 481 2501 deficit,
513 2453 692 2501 contingit
709 2453 813 2501 quod
834 2453 953 2488 homo
973 2458 1199 2500 prorumpat
1217 2451 1265 2488 ad
1284 2451 1403 2487 verba

343 2507 574 2544 inordinata:
604 2506 706 2543 unde
735 2505 869 2542 dicitur
886 2506 999 2542 Pr0v.
1019 2517 1091 2541 xxv
1118 2504 1156 2540 *τ
1186 2504 1288 2540 Sicut
1315 2504 1403 2540 urbs

336 2566 470 2609 patens
489 2565 525 2596 et
540 2561 679 2607 absque
697 2570 895 2595 murorum
915 2558 1068 2603 ambitu,
1089 2558 1139 2593 ita
1166 2557 1227 2593 vir
1245 2556 1310 2605 qui
1328 2568 1401 2593 non

337 2619 459 2662 potest
476 2614 646 2649 cohibere
665 2612 702 2648 in
722 2611 905 2659 loquendo
919 2611 1089 2658 spiritum
1108 2621 1230 2646 suum.
1253 2610 1329 2646 Sed
1349 2609 1403 2646 ira

343 2666 508 2703 maxime
527 2665 685 2713 impedit
699 2664 880 2701 iudicium
902 2663 1066 2710 rationis,
1083 2670 1123 2700 ut
1143 2663 1285 2700 dictum
1302 2670 1357 2699 est
1370 2662 1401 2699 ²¹⁶.

343 2721 444 2767 Ergo
465 2719 551 2755 facit
572 2718 736 2754 maxime
756 2717 945 2765 profluere
975 2717 1012 2753 in
1031 2717 1150 2753 verba
1178 2715 1401 2752 inordinata.

342 2774 434 2809 Non
463 2784 550 2820 ergo
580 2778 707 2807 causat
734 2769 1034 2807 taciturnitatem.

397 2827 430 2862 3.
448 2827 678 2870 PRAETEREA,
691 2824 823 2860 Matth.
835 2834 882 2859 xn
896 2823 915 2844 *
931 2822 1078 2859 dicitur:
1094 2823 1159 2858 Ex
1172 2821 1403 2858 abundantia

343 2879 464 2915 cordis
491 2889 533 2915 os
552 2877 725 2925 loquitur.
756 2876 833 2913 Sed
851 2887 920 2924 per
939 2875 1033 2912 iram
1052 2887 1119 2912 cor
1137 2874 1304 2911 maxime
1318 2886 1403 2922 per-

342 2932 532 2977 turbatur,
561 2938 601 2966 ut
634 2930 775 2967 dictum
804 2937 860 2966 est
878 2930 907 2965 *.
939 2929 1040 2976 Ergo
1074 2927 1239 2964 maxime
1275 2925 1403 2964 causat

343 2983 585 3021 locutionem.
615 2983 707 3019 Non
736 2994 824 3030 ergo
854 2989 983 3019 causat
1009 2981 1313 3018 taciturnitatem.-

397 3038 470 3073 SED
490 3046 635 3073 CONTRA
653 3047 719 3072 EST
738 3036 842 3082 quod
863 3034 1067 3082 Gregorius
1088 3033 1185 3081 dicit,
1207 3033 1245 3070 in
1263 3034 1299 3070 V
1312 3034 1401 3070 Mo-

343 3089 412 3126 ral.
435 3090 466 3137 ²¹⁸,
496 3089 599 3137 quod
618 3089 687 3124 'ira
709 3099 781 3136 per
807 3088 993 3124 silentium
1012 3088 1160 3134 clausa,
1182 3087 1280 3123 intra
1299 3097 1401 3123 men-

342 3148 414 3179 tem
441 3141 691 3179 vehementius
718 3146 871 3177 aestuat.
1354 3135 1356 3138 ’

395 3197 619 3232 ΒΕεΡοΝῡΕο
646 3205 829 3230 mCENDUM
857 3193 962 3241 quod
991 3192 1056 3240 ira,
1085 3193 1181 3230 sicut
1202 3192 1278 3229 iam
1297 3191 1318 3213 *
1342 3190 1400 3228 ³di-

343 3255 444 3284 ctum
473 3255 547 3295 est,
578 3254 614 3284 et
643 3259 730 3283 cum
765 3246 907 3283 ratione
941 3254 1013 3292 est,
1044 3252 1079 3282 et
1107 3245 1262 3304 impedit
1288 3243 1400 3281 vatio-

342 3313 443 3338 nem.
466 3301 514 3338 Et
541 3312 586 3336 ex
617 3307 776 3347 utraque
809 3306 930 3347 parte,
959 3306 1084 3358 potest
1111 3297 1398 3335 taciturnitatem

343 3365 509 3391 causare.
540 3354 597 3389 Ex
625 3360 731 3401 parte
759 3351 915 3401 quidem
944 3351 1107 3399 rationis,
1130 3350 1291 3400 quando
1305 3350 1400 3387 iudi-

395 3467 421 3495 α)
440 3469 611 3490 crementum.
630 3478 647 3484 -
666 3465 854 3490 incrementum
876 3465 903 3488 F.

396 3500 420 3533 β)
441 3501 542 3526 indicit.
560 3515 579 3519 -
598 3501 699 3525 inducit
719 3499 875 3531 P(F1‹)1}<pi{
898 3505 921 3524 et
941 3507 966 3524 a.

1465 1921 1566 1957 cium
1594 1921 1746 1958 rationis
1774 1921 1960 1959 intantum
1988 1921 2091 1970 viget
2118 1921 2236 1970 quod,
2258 1922 2325 1960 etsi
2353 1935 2432 1960 non
2461 1936 2524 1960 co-

1463 1973 1591 2010 hibeat
1614 1973 1794 2011 affectum
1822 1975 1870 2011 ab
1898 1974 2113 2012 inordinato
2133 1975 2303 2024 appetitu
2320 1975 2522 2023 vindictae,

1463 2026 1615 2063 cohibet
1641 2034 1770 2064 tamen
1805 2026 1974 2075 linguam
2003 2027 2050 2064 ab
2078 2027 2291 2065 inordinata
2317 2027 2521 2067 locutione.

1463 2079 1574 2116 Unde
1604 2079 1822 2128 Gregorius,
1847 2080 1886 2117 in
1903 2080 1939 2117 V
1955 2080 2100 2118 Moral.
2121 2079 2152 2128 ²⁸,
2174 2081 2278 2119 dicit:
2307 2081 2521 2130 Aliquando

1462 2132 1520 2168 ira
1534 2133 1752 2180 perturbato
1780 2133 1920 2178 animo,
1951 2133 2060 2182 quasi
2085 2145 2135 2170 ex
2161 2134 2309 2180 iudicio,
2336 2134 2522 2172 silentium

1462 2185 1588 2222 indicit
1612 2183 1637 2222 β.
1667 2206 1690 2212 -
1719 2186 1778 2222 Ex
1806 2193 1910 2234 parte
1941 2195 2036 2224 Vero
2064 2185 2328 2235 impedimenti
2354 2187 2520 2235 rationis,

1462 2237 1563 2286 quia,
1583 2237 1679 2275 sicut
1703 2238 1845 2275 dietum
1866 2246 1921 2276 est
1938 2238 1969 2283 ⁹⁸,
1985 2238 2217 2287 perturbatio
2235 2239 2312 2281 irae
2331 2252 2453 2288 usque
2471 2240 2522 2282 ad

1463 2290 1647 2327 exteriora
1674 2291 1850 2328 membra
1877 2291 2109 2340 perducitur;
2140 2299 2176 2330 et
2203 2292 2369 2337 maxime
2393 2293 2442 2331 ad
2457 2290 2524 2331 iu'a‘

1462 2343 1637 2380 membra
1669 2343 1707 2380 in
1739 2343 1875 2391 quibus
1904 2343 2113 2392 expressius
2146 2344 2288 2382 relucet
2318 2344 2519 2393 vestigium

1463 2396 1602 2442 cordis,
1623 2395 1719 2432 sicut
1733 2395 1771 2432 in
1787 2396 1904 2433 oculis
1921 2404 1956 2433 et
1970 2396 2008 2434 in
2027 2396 2121 2433 facie
2141 2404 2178 2434 et
2191 2397 2387 2446 inlingua;
2402 2398 2515 2445 unde,

1462 2449 1556 2486 sicut
1576 2448 1718 2485 dictum
1738 2456 1792 2485 est
1802 2449 1833 2495 ²¹⁶,
1854 2449 1986 2499 lingua
2000 2461 2040 2486 se
2051 2450 2258 2498 praepedit,
2267 2451 2394 2499 facies
2412 2452 2518 2500 igne-

1460 2502 1543 2547 scit,
1572 2507 1847 2549 exasperantur
1874 2502 1982 2539 oculi.
2017 2503 2146 2539 Potest
2178 2515 2267 2550 ergo
2295 2502 2384 2540 'esse
2417 2511 2519 2541 tanta

1461 2554 1694 2603 perturbatio
1723 2554 1815 2599 irae,
1846 2554 1950 2602 quod
1970 2554 2126 2591 omnino
2147 2555 2374 2603 impedIatur
2393 2556 2518 2604 lingua

1462 2608 1509 2644 ab
1533 2619 1606 2643 usu
1624 2606 1817 2655 loquendi.
1839 2608 1887 2643 Et
1906 2615 1995 2644 tunc
2014 2607 2183 2656 sequitur
2201 2608 2442 2645 taciturnitas.

1514 2662 1572 2698 Αι)
1587 2672 1724 2697 PRIMUM
1738 2671 1836 2697 ERGO
1851 2671 2034 2697 DICENDUM
2054 2660 2158 2709 quod
2177 2668 2422 2708 augmentum
2443 2661 2519 2698 irae

1461 2713 1693 2762 quandoque
1723 2721 1778 2749 est
1804 2725 1926 2761 usque
1953 2714 1998 2750 ad
2026 2713 2313 2762 impediendum
2333 2714 2519 2751 rationem

1461 2780 1483 2803 a
1521 2765 1749 2820 cohibitione
1783 2765 1942 2813 linguae.
1979 2766 2221 2815 Quandoque
2259 2774 2386 2804 autem
2423 2767 2519 2804 ultra

1461 2818 1643 2868 procedit,
1663 2816 1784 2867 usque
1813 2819 1862 2855 ad
1881 2818 2167 2878 impediendum
2188 2827 2338 2856 motum
2357 2820 2516 2869 linguae,

1462 2881 1497 2910 et
1524 2872 1686 2909 aliorum
1715 2872 1978 2909 membrorum
2008 2871 2246 2910 exteriorum.

1514 2926 1562 2962 Et
1589 2936 1657 2973 per
1683 2925 1757 2961 hoc
1777 2924 1891 2961 etiarn
1918 2932 2021 2973 patet
2047 2925 2186 2962 solutio
2213 2925 2263 2962 ad
2290 2920 2515 2972 secundum.

1513 2981 1570 3015 AD
1598 2989 1757 3014 TERTmM
1785 2988 1969 3015 menmium
1996 2978 2102 3026 quod
2129 2977 2360 3026 perturbatio
2392 2976 2517 3018 cordis

2637 537 2670 558 ιιι,
2681 532 2744 554 flag.
2756 543 2768 549 -

2650 558 2702 580 lect.
2716 565 2739 580 x.

2555 531 2635 580 fit.

2651 678 2667 702 Υ

2553 950 2564 962 “
2577 950 2601 972 Ιῃ
2618 955 2679 978 resp.
2690 950 2719 972 ad
2734 957 2750 972 1.

2548 2098 2558 2107 ·
2573 2097 2630 2119 Loc.
2645 2097 2684 2120 cit.

2647 2189 2661 2223 β

2548 2251 2558 2261 ·
2572 2250 2623 2272 Art.
2637 2256 2657 2272 2.

2546 2463 2608 2494 (Cf.
2623 2463 2693 2492 Greg.
2711 2465 2756 2486 loc.

2546 2493 2584 2512 cit.
2598 2490 2655 2512 ibid.

1460 3031 1693 3079 quandoque
1720 3038 1844 3079 potest
1861 3031 2180 3079 ‘superabundare
2208 3043 2329 3079 usque
2352 3031 2401 3068 ad
2429 3032 2518 3078 hocs

1459 3085 1563 3133 quod
1591 3096 1660 3132 per
1686 3083 1942 3121 inordinatum
1971 3091 2119 3121 motum
2149 3083 2273 3121 cordis
2290 3083 2519 3132 impediam
2549 3090 2571 3118 J:

1459 3145 1586 3174 motus
1607 3136 1835 3174 exteriorum
1855 3137 2132 3174 membrorum.
2160 3137 2209 3174 Et
2232 3144 2322 3174 tunc
2341 3144 2514 3174 causatur
2548 3167 2551 3170 .

1459 3190 1700 3237 taciturnitas,
1730 3197 1767 3226 et
1794 3189 2037 3227 immobilitas
2064 3189 2293 3227 exteriorum
2320 3190 2515 3227 membran·

1455 3255 1561 3280 rum·
1582 3250 1619 3279 et
1636 3242 1868 3292 quandoque
1889 3242 2002 3279 etiam
2031 3254 2148 3279 mors.
2167 3260 2192 3271 ·-
2214 3242 2253 3279 Si
2279 3244 2423 3280 autem
2430 3244 2513 3279 non

1455 3296 1566 3333 fuerit
1579 3303 1682 3333 tanta
1700 3295 1945 3344 perturbatio,
1966 3303 2056 3332 tune
2080 3307 2124 3332 ex
2142 3295 2384 3342 abundantia
2388 3299 2511 3353 fiper*

1456 3348 1678 3386 turbationis
1707 3348 1842 3395 cordis,
1871 3348 2038 3396 sequitur
2066 3348 2149 3385 oris
2167 3348 2321 3385 locutio
2404 3364 2423 3375 ›-

1422 3472 1426 3530 Ι
1505 3467 1530 3496 γ)
1550 3463 1724 3487 abundantia.
1742 3475 1761 3481 -
1779 3461 2025 3494 superabundantia
2046 3459 2090 3486 Pd-
