2852 4152
2 2030 6 2045 ..
0 1876 13 1985 u-v--r-
9 1850 11 1855 ,

1065 237 1329 283 QUAESTIO
1360 238 1445 283 xx,
1475 238 1767 275 ARTlcuLth
1798 239 1810 274 1

2451 241 2520 276 153

1018 407 1422 484 QUAESTIO
1469 410 1866 466 VIGESIMA

452 533 535 573 DE
568 533 876 574 BONITATE
910 535 987 574 ET
1021 535 1273 576 MALITIA
1308 536 1705 578 EXTERIORUM
1738 537 1995 579 ACTUUM
2028 538 2426 580 HUMANORUM

1193 650 1226 674 lN
1256 650 1320 675 SEX
1348 650 1549 675 ARTICULOS
1577 651 1693 675 DIVISA

441 752 548 777 E1NDE
583 740 902 778 considerandum
929 750 983 779 est
1011 742 1058 780 de
1083 743 1246 780 bonitate
1276 751 1312 780 et
1335 756 1414 780 ma-

120 794 198 842 }„ffiffi
222 801 235 816 ¹¹
264 800 319 816 ¹¹¹¹
360 751 518 832 Dlitia
546 801 732 841 quantum
761 795 809 831 ad
838 795 1039 832 exteriores
1067 804 1172 832 actus
1191 795 1221 832 ²⁸.

358 847 407 883 Et
435 846 533 883 circa
560 847 635 883 hoc
663 855 893 895 quaeruntur
919 860 995 884 sex.

410 898 559 935 Primo:
589 906 715 936 utrum
745 900 892 937 bonitas
921 908 957 937 et
985 900 1125 937 malitia
1147 912 1217 948 per
1241 900 1346 949 prius
1370 900 1415 937 sit

463 951 502 988 in
530 958 615 988 actu
642 953 867 1000 voluntatis,
895 953 957 990 vel
985 953 1024 989 in
1052 960 1138 990 actu
1166 952 1350 990 exteriori.

412 1004 612 1042 Secundo:
649 1013 777 1042 utrum
810 1013 888 1042 tota
921 1005 1069 1042 bonitas
1102 1006 1163 1042 vel
1200 1005 1341 1042 malitia
1375 1018 1414 1042 a·

464 1065 544 1094 ctus
573 1058 764 1095 exterioris
794 1058 1006 1107 dependeat
1025 1070 1070 1094 ex
1089 1058 1254 1095 bonitate
1279 1059 1414 1095 volun-

464 1117 558 1147 taus.

1523 743 1675 780 Tertio:
1704 751 1831 780 utrum
1860 745 1904 781 sit
1933 745 2067 782 eadem
2088 746 2236 782 bonitas
2257 754 2292 783 et
2310 747 2450 784 malitia
2469 747 2525 784 in-

1573 796 1719 832 terioris
1748 804 1784 833 et
1812 797 2002 834 exterioris
2031 806 2147 835 actus.

1521 848 1688 894 Quarto:
1717 857 1844 885 utrum
1873 857 1976 886 actus
2005 851 2165 887 exterior
2183 850 2323 899 aliquid
2343 852 2457 889 addat
2475 853 2523 889 de

1573 901 1739 937 bonitate
1758 903 1820 938 vel
1840 902 1979 939 malitia
2012 915 2125 952 supra
2148 911 2274 941 actum
2293 904 2520 942 interiorem.

1522 954 1685 1000 Quinto:
1714 961 1841 991 utrum
1871 963 2028 992 eventus
2057 969 2220 1004 sequens
2249 957 2389 1005 aliquid
2409 958 2524 995 addat

1575 1007 1621 1043 de
1641 1006 1807 1043 bonitate
1826 1008 1888 1044 vel
1908 1008 2049 1044 malitia
2068 1010 2116 1046 ad
2144 1017 2271 1046 actum
2287 1011 2522 1048 exteriorem.

1521 1060 1656 1096 Sexto:
1686 1067 1811 1096 utrum
1842 1059 1944 1096 idem
1973 1068 2077 1098 actus
2107 1062 2265 1099 exterior
2292 1063 2411 1112 possit
2439 1075 2522 1100 esse

1573 1112 1698 1148 bonus
1727 1119 1763 1148 et
1790 1113 1923 1149 malus.

1170 1219 1483 1261 ARTICULUS
1513 1219 1717 1262 PRIMUS

679 1312 834 1342 UTRUM
856 1311 1040 1342 BONITAS
1064 1311 1148 1341 VEL
1170 1311 1351 1341 MALITIA
1374 1311 1456 1342 PER
1478 1313 1599 1343 PRIUS
1623 1313 1689 1343 SIT
1713 1314 1755 1343 IN
1779 1313 1898 1345 ACTU
1921 1314 2215 1352 VOLUNTATIS,

1162 1355 1245 1385 VEL
1270 1355 1311 1384 IN
1335 1354 1455 1386 ACTU
1479 1356 1713 1387 EXTERIORI
2133 1387 2135 1389 ,

1260 1431 1301 1456 De
1319 1431 1401 1462 Malo,
1421 1439 1465 1464 qu.
1483 1439 1511 1462 11,
1530 1438 1576 1456 art.
1597 1432 1621 1457 3.

392 1540 446 1578 »ἢ
469 1542 541 1567 ,ds
565 1530 588 1555 D
609 1530 745 1556 PR1MUM
774 1530 826 1555 sm
854 1529 1092 1556 PROCEDITUR.
1121 1517 1279 1555 Videtur
1309 1518 1414 1566 quod

383 1565 435 1626 §.²5⁷
464 1608 467 1614 ,
484 1565 535 1634 [⁴
566 1573 713 1609 bonum
742 1579 778 1608 et
805 1571 948 1608 malum
967 1583 1036 1620 per
1057 1570 1160 1620 prius
1181 1570 1356 1607 consistat
1374 1570 1412 1608 in

116 1767 133 1788 Ι
117 1734 194 1783 ‘3¹¹-
213 1740 262 1763 ¹¹¹
283 1739 326 1757 ⁸¹¹
356 1738 429 1778 ct0,
457 1738 499 1768 ut
522 1742 636 1790 supra
654 1730 674 1751 *
702 1730 845 1766 dictum
866 1737 932 1766 est.
963 1730 1040 1766 Sed
1055 1737 1159 1766 actus
1180 1729 1339 1765 exterior
1359 1737 1413 1766 est

355 1760 547 1821 obi’ectum
566 1782 750 1820 interioris
770 1790 874 1819 actus
888 1782 1108 1820 voluntatis:
1129 1781 1290 1819 dicimur
1310 1782 1412 1819 enim

354 1837 452 1874 velle
480 1837 631 1882 furtum,
661 1836 723 1872 vel
750 1836 847 1872 velle
873 1835 962 1872 dare
983 1836 1280 1883 eleemosynam.
1311 1836 1412 1883 Ergo

355 1890 499 1927 malurn
529 1897 565 1926 et
592 1889 737 1925 bonum
765 1900 834 1936 per
860 1888 963 1937 prius
991 1896 1047 1925 est
1065 1888 1103 1925 in
1123 1896 1208 1924 actu
1228 1888 1412 1936 exteriori,

354 1954 471 1991 quarn
500 1942 538 1979 in
566 1949 652 1978 actu
679 1941 895 1978 voluntatis.

410 2006 444 2032 2.
466 1996 698 2040 PRAETEREA,
723 1994 869 2030 bonum
896 2005 965 2042 per
988 1993 1090 2042 prius
1120 1993 1297 2030 convenit
1323 1993 1411 2030 fini:

355 2047 443 2096 quia
477 2060 522 2084 ea
554 2059 652 2096 quae
687 2053 772 2083 sunt
805 2046 852 2083 ad
880 2047 1019 2093 finem,
1049 2046 1191 2082 habent
1226 2046 1411 2082 rationem

355 2100 446 2137 boni
475 2112 520 2136 ex
548 2100 678 2137 ordine
699 2099 747 2136 ad
766 2099 897 2136 finem.
926 2101 1043 2135 Actus
1064 2106 1189 2135 autem
1208 2099 1412 2136 voluntatis

117 2165 195 2193 ·.Qu
216 2170 232 2192 ι,
247 2167 289 2187 an
306 2168 326 2191 i,
355 2165 432 2190 non
451 2160 576 2201 potest
595 2164 676 2188 esse
695 2151 793 2198 finis,
813 2159 854 2188 ut
874 2164 986 2200 supra
999 2151 1019 2172 ‘¹‘
1039 2152 1180 2188 dictum
1201 2159 1276 2189 est:
1307 2159 1411 2189 actus

116 2190 144 2213 ’Δ
158 2197 179 2213 ²¹
213 2227 230 2244 a
355 2205 510 2242 alicuius
530 2204 716 2242 alterius«
734 2204 926 2252 potentiae
944 2211 1069 2263 potest
1087 2216 1169 2241 esse
1189 2204 1285 2241 finis.
1308 2205 1408 2252 Ergo

352 2270 423 2306 per
449 2257 552 2306 prius
581 2257 749 2293 consistit
775 2258 920 2294 bonum
947 2257 986 2294 in
1011 2265 1096 2294 actu
1114 2257 1306 2306 potentiae
1326 2258 1413 2293 alte-

354 2309 442 2357 rius,
472 2322 588 2358 quam
616 2309 655 2345 in
682 2317 768 2345 actu
794 2309 1009 2346 voluntatis.

408 2363 442 2399 3.
463 2363 695 2408 PRAETEREA,
716 2369 821 2398 actus
839 2361 1043 2398 voluntatis
1063 2362 1269 2398 formaliter
1287 2375 1327 2398 se
1345 2364 1411 2400 ha-

116 2426 324 2454 ·Qu.xvm‚art.⁶.
353 2415 418 2452 bet
445 2415 494 2452 ad
522 2422 649 2451 actum
678 2411 914 2461 exteriorem,
943 2421 985 2451 ut
1003 2426 1117 2463 supra
1134 2414 1155 2436 '¹‘
1174 2414 1315 2451 dictum
1344 2423 1408 2453 est.

354 2467 432 2505 Sed
450 2467 489 2505 id
504 2467 610 2517 quod
629 2474 684 2504 est
702 2467 872 2515 formale,
890 2475 945 2504 est
957 2467 1162 2516 posterius:
1178 2479 1269 2504 nam
1288 2468 1411 2505 forma

353 2520 508 2558 advenit
534 2519 727 2557 materiae.
757 2521 860 2568 Ergo
889 2532 958 2568 per
984 2520 1088 2569 prius
1116 2528 1172 2557 est
1198 2521 1345 2557 bonurn
1376 2530 1412 2559 et

353 2574 499 2610 malum
518 2573 557 2610 in
577 2580 662 2610 actu
686 2573 860 2610 exteriori
888 2585 1004 2620 quam
1033 2573 1071 2609 in
1092 2581 1175 2610 actu
1195 2574 1409 2611 voluntatis.

407 2626 482 2663 SED
506 2637 653 2663 CONTRA
673 2637 740 2662 Esr
765 2625 870 2673 quod
889 2625 1120 2673 Augustinus
1141 2625 1238 2674 dicit,
1260 2626 1297 2662 in
1315 2627 1410 2663 libro

116 2689 127 2700 ·
140 2687 221 2715 Lib-¹,
232 2693 282 2715 enp-
295 2693 326 2710 1¹-
353 2679 518 2716 Retract.
534 2678 565 2725 ²⁸,
587 2678 693 2726 quod
711 2678 883 2714 voluntas
901 2683 955 2714 est
967 2689 1042 2726 qua
1049 2684 1241 2726 peccatur,
1262 2684 1298 2715 et
1314 2685 1412 2716 recte

354 2731 502 2768 vivitur.
523 2731 625 2778 Ergo
653 2731 799 2767 bonurn
829 2737 866 2766 et
892 2731 1036 2767 malum
1056 2731 1200 2767 morale
1219 2743 1288 2780 per
1305 2732 1411 2780 prius

356 2783 522 2820 consistit
548 2783 586 2820 in
613 2783 819 2820 voluntate.

408 2837 632 2873 RESPONDEO
652 2847 834 2872 DtCENDUM
854 2836 960 2884 quod
983 2835 1096 2884 aliqui
1119 2843 1223 2873 actus
1253 2837 1411 2874 exterio—

356 2901 414 2926 res
445 2896 606 2938 possunt
638 2888 711 2925 dici
744 2888 835 2925 boni
861 2889 924 2926 vel
956 2889 1045 2925 mali
1080 2889 1286 2938 dupliciter.
1322 2890 1410 2927 Uno

354 2941 486 2988 modo,
507 2941 717 2979 secundum
745 2953 864 2989 genus
890 2953 1014 2989 suum,
1040 2949 1076 2978 et
1103 2942 1314 2980 secundum
1344 2943 1411 2980 cir-

356 2994 598 3032 cumstantias
617 2994 656 3031 in
673 2993 763 3042 ipsis
784 2994 1058 3031 consideratas:
1087 2994 1182 3031 sicut
1205 2995 1293 3031 dare
1315 2995 1410 3031 elee-

355 3059 574 3097 mosynam,
604 3046 762 3084 servatis
791 3046 924 3084 debitis
953 3047 1247 3095 circumstantiis,
1277 3047 1412 3085 dicitur

357 3112 438 3137 esse
466 3101 625 3138 bonum.
654 3099 739 3136 Alio
769 3100 887 3137 modo
916 3099 1049 3137 dicitur
1077 3099 1215 3148 aliquid
1240 3112 1321 3137 esse
1341 3101 1410 3137 bo-

356 3166 449 3191 nurn
476 3154 539 3191 vel
567 3153 712 3190 malurn
742 3165 787 3189 ex
811 3152 941 3190 ordine
970 3153 1019 3189 ad
1036 3152 1176 3189 finem:
1206 3152 1410 3200 sicutdare

1469 1519 1753 1568 eleemosynam
1768 1529 1923 1569 propter
1937 1522 2089 1559 inanem
2105 1524 2274 1571 gloriam,
2293 1525 2426 1563 dicitur
2440 1539 2523 1564 esse

1467 1572 1623 1609 malum.
1654 1573 1753 1609 Cum
1781 1581 1909 1610 autem
1937 1574 2022 1611 finis
2051 1575 2097 1612 sit
2114 1577 2309 1625 proprium
2330 1579 2522 1617 obiectum

1466 1625 1686 1672 voluntatis,
1715 1626 1957 1663 manifestum
1986 1635 2042 1664 est
2074 1629 2178 1675 quod
2206 1629 2274 1666 ista
2306 1631 2398 1667 ratio
2431 1633 2523 1669 boni

1466 1678 1527 1714 vel
1556 1678 1646 1714 mali
1680 1690 1796 1726 quarn
1824 1679 1940 1715 habet
1975 1687 2079 1716 actus
2115 1681 2274 1718 exterior
2309 1695 2353 1719 ex
2390 1685 2522 1721 ordine

1467 1730 1516 1766 ad
1543 1730 1674 1778 finem,
1703 1743 1772 1779 per
1798 1731 1902 1779 prius
1930 1731 2118 1769 invenitur
2144 1733 2182 1770 in
2204 1742 2288 1770 actu
2306 1737 2522 1784 voluntatis,

1468 1790 1503 1820 et
1531 1795 1576 1819 ex
1605 1796 1651 1820 eo
1680 1784 1871 1821 derivatur
1890 1786 1938 1822 ad
1957 1792 2083 1822 actum
2104 1786 2338 1824 exteriorem.
2368 1789 2524 1826 Bonitas

1467 1843 1595 1873 autem
1622 1837 1684 1873 vel
1713 1837 1854 1873 malitia
1883 1849 2000 1885 quam
2031 1838 2146 1875 habet
2164 1847 2268 1876 actus
2288 1841 2447 1878 exterior
2466 1855 2524 1879 se-

1467 1889 1636 1926 cundum
1663 1901 1715 1936 se,
1735 1897 1890 1938 propter
1913 1890 2078 1927 debitam
2103 1892 2301 1929 materiam
2323 1900 2359 1930 et
2377 1894 2523 1932 debitas

1467 1942 1783 1989 circumstantias,
1820 1955 1900 1979 non
1934 1943 2126 1980 derivatur
2158 1957 2180 1981 a
2207 1946 2420 1993 voluntate,
2456 1948 2522 1985 sed

1465 1994 1585 2042 magis
1604 2007 1626 2031 a
1646 1995 1799 2031 ratione.
1823 1995 1934 2032 Unde
1959 1995 1988 2032 si
2013 1996 2272 2034 consideretur
2294 1999 2442 2036 bonitas
2462 2012 2523 2036 ex-

1465 2047 1611 2084 terioris
1640 2055 1744 2084 actus
1773 2048 1984 2084 secundum
2010 2050 2114 2097 quod
2143 2057 2197 2086 est
2221 2051 2259 2087 in
2285 2051 2521 2089 ordinatione

1467 2107 1503 2136 et
1530 2100 1831 2149 apprehensione
1856 2100 2021 2148 rationis,
2042 2102 2145 2150 prior
2165 2111 2219 2139 est
2239 2116 2354 2152 quarn
2374 2105 2522 2142 bonitas

1466 2160 1570 2189 actus
1602 2153 1830 2189 voluntatis:
1860 2154 1927 2190 sed
1960 2154 1990 2190 si
2019 2155 2275 2193 consideretur
2310 2158 2521 2195 secundum

1466 2205 1571 2253 quod
1600 2213 1655 2242 est
1672 2205 1710 2242 in
1731 2206 1950 2242 executione
1965 2207 2107 2265 ‘operis
2128 2208 2295 2266 sequitur
2314 2210 2522 2247 bonitatem

1464 2258 1678 2304 voluntatis,
1708 2270 1806 2306 quae
1836 2266 1891 2294 est
1916 2258 2144 2307 principium
2174 2260 2266 2298 eius.

1518 2312 1577 2346 An
1597 2322 1733 2346 PRIMUM
1762 2322 1859 2347 ERGO
1887 2323 2070 2348 DICENDUM
2099 2313 2202 2361 quod
2231 2321 2334 2350 actus
2364 2315 2524 2352 exterior

1467 2370 1521 2400 est
1559 2363 1751 2400 obiectum
1787 2364 2011 2411 voluntatis,
2041 2364 2263 2414 inquantum
2299 2368 2524 2415 proponitur

1465 2415 1649 2452 voluntati
1668 2427 1689 2452 a
1708 2415 1853 2452 ratione
1872 2423 1913 2453 ut
1937 2417 2131 2465 quoddam
2151 2419 2298 2455 bonurn
2314 2421 2523 2468 apprehen-

1465 2481 1551 2505 sum
1581 2475 1617 2505 et
1645 2468 1859 2505 ordinatum
1888 2481 1957 2518 per
1975 2470 2181 2508 rationem:
2212 2479 2248 2507 et
2270 2472 2323 2508 sic
2347 2481 2403 2510 est
2419 2474 2522 2522 prius

1465 2533 1582 2580 quam
1620 2521 1766 2558 bonum
1795 2529 1898 2558 actus
1925 2523 2140 2565 voluntatis.
2172 2525 2398 2573 Inquantum
2426 2538 2520 2563 vero

1467 2574 1635 2611 consistit
1661 2574 1700 2610 in
1729 2574 1949 2611 executione
1979 2576 2116 2624 operis,
2138 2584 2193 2613 est
2211 2576 2367 2614 effectus
2385 2579 2521 2616 volun-

1465 2627 1559 2673 tatis,
1590 2634 1625 2663 et
1653 2627 1820 2675 sequitur
1846 2627 2093 2665 voluntatem.
2164 2630 2169 2638 ‘

1517 2682 1576 2716 AD
1605 2691 1794 2716 SECUNDUM
1813 2692 1996 2717 mOENDUM
2025 2681 2129 2729 quod
2155 2681 2242 2718 finis
2272 2690 2328 2719 est
2353 2683 2456 2731 prior
2483 2683 2522 2720 in

1465 2732 1691 2778 intentione,
1721 2732 1789 2769 sed
1818 2741 1872 2769 est
1898 2733 2085 2782 posterior
2111 2734 2149 2771 in
2179 2735 2410 2772 executione.

1518 2787 1576 2821 AD
1604 2796 1763 2821 TERTmM
1791 2797 1974 2823 D1CENDUM
2001 2787 2106 2836 quod
2142 2787 2280 2835 forma,
2310 2789 2521 2826 secundum

1466 2837 1570 2886 quod
1599 2845 1655 2874 est
1682 2845 1832 2886 recepta
1859 2838 1897 2874 in
1926 2839 2094 2886 materia,
2116 2847 2171 2876 est
2189 2841 2376 2888 posterior
2402 2842 2440 2878 in
2458 2842 2522 2878 via

1466 2890 1716 2939 generationis
1745 2902 1860 2939 quarn
1880 2891 2048 2939 materia,
2069 2892 2153 2928 licet
2180 2892 2225 2929 sit
2247 2892 2352 2941 prior
2368 2902 2520 2931 natura:

1466 2943 1534 2980 sed
1553 2943 1763 2980 secundum
1778 2944 1881 2992 quod
1898 2952 1952 2980 est
1970 2944 2007 2981 in
2028 2957 2140 2981 causa
2160 2953 2304 2993 agente,
2325 2954 2381 2982 est
2400 2946 2521 2983 omni-

1465 2997 1536 3032 bus
1564 2995 1689 3032 modis
1717 2996 1830 3044 prior.
1861 2997 2043 3034 Voluntas
2067 3005 2193 3034 autem
2214 3006 2455 3047 comparatur
2472 2999 2521 3036 ad

1466 3055 1592 3085 actum
1616 3049 1838 3085 exteriorem
1859 3049 1953 3086 sicut
1973 3062 2083 3087 causa
2114 3051 2292 3088 efficiens.
2314 3050 2426 3089 Unde
2453 3053 2521 3089 bo-

1466 3101 1560 3137 nitas
1590 3108 1693 3137 actus
1720 3102 1925 3139 voluntatis
1954 3110 2009 3139 est
2035 3103 2159 3140 forma
2187 3104 2378 3141 exterioris
2404 3112 2520 3152 actus,

1467 3153 1560 3190 sicut
1587 3154 1625 3191 in
1654 3166 1767 3190 causa
1795 3163 1929 3202 agente
1958 3155 2131 3194 existens.

409 3270 435 3301 α)
455 3272 531 3294 actus
548 3267 660 3292 alicuius
677 3266 796 3292 alterius.
809 3280 829 3284 —
843 3267 890 3291 sed
901 3269 976 3292 actus
989 3267 1101 3292 alicuius
1119 3267 1228 3292 alterius
1245 3267 1311 3297 EsB,
1330 3271 1404 3293 actus
1425 3272 1515 3293 autem
1533 3268 1646 3293 alicuius
1665 3269 1775 3294 alterius
1794 3268 1868 3299 KsD,
1887 3269 1934 3294 sed
1951 3273 2028 3294 actus
2041 3269 2151 3294 alterius
2164 3269 2192 3298 F.
2211 3273 2286 3294 actus
2305 3273 2392 3295 autem
2412 3270 2522 3297 alterius

355 3314 466 3339 alicuius
485 3314 522 3342 H,
541 3315 616 3337 actus
634 3314 722 3336 autem
740 3311 852 3336 aner-ius
870 3312 917 3336 Pa.

1029 3373 1358 3407 Commentaria
1380 3373 1631 3407 Cardinalis
1652 3374 1851 3408 Caietani

422 3463 495 3484 mm
507 3452 698 3493 quaestionis
713 3452 881 3492 vigesimae
896 3452 1063 3483 articulum
1077 3453 1226 3492 primum,
1249 3452 1413 3492 diligenter

359 3463 532 3527 Cnotato
553 3496 703 3527 terminos
718 3496 824 3529 {titulit
850 3496 965 3526 scilicet
981 3502 1085 3527 actum
1104 3497 1285 3533 voluntatis,
1304 3502 1411 3527 actum

358 3543 558 3577 exteriorem,
569 3548 597 3571 et
604 3541 807 3580 prioritatem
820 3540 968 3570 bonitatis
980 3541 1120 3570 moralis.
1132 3542 1230 3570 Actus
1243 3541 1414 3571 voluntatis
1440 3567 1442 3581 Ι

498 3602 607 3626 Summa
626 3601 726 3625 Tru-201..
746 3601 775 3624 D.
789 3600 901 3625 'summa
921 3600 953 3625 T.
972 3601 1010 3625 111.

1468 3453 1550 3483 sumi
1562 3460 1665 3493 potest
1679 3454 1858 3493 dupliciter:
1877 3464 1941 3484 uno
1959 3455 2067 3489 modo,
2081 3454 2255 3485 secundum
2270 3463 2315 3490 se;
2333 3455 2395 3485 alio
2411 3456 2520 3492 modo,

1468 3505 1503 3527 ut
1528 3505 1574 3528 est
1590 3497 1691 3527 forma
1715 3508 1768 3528 seu
1787 3499 1925 3528 conditio
1943 3506 2071 3529 actuum
2091 3498 2278 3528 exteriorum
2294 3498 2519 3530 humanorum.

1469 3541 1528 3571 Hic
1545 3541 1680 3572 sumitur
1696 3542 1798 3581 primo
1816 3543 1951 3573 modo.-
1963 3542 2107 3572 Similiter
2123 3547 2213 3572 actus
2233 3544 2375 3572 exterior
2387 3543 2521 3574 sumitur

2348 3610 2379 3627 20
