2846 4146
180 749 214 770 111,
225 749 248 766 11.
257 743 279 765 8.
288 755 299 760 -

187 770 240 792 lect.
249 776 298 792 vni.

90 743 172 792 ’39111

82 2704 92 2714 ·
101 2702 127 2726 S.
136 2702 182 2725 Tu.
197 2702 250 2725 lect.
261 2708 293 2724 tv.

82 2740 92 2746 -
101 2728 154 2751 Did.
159 2729 199 2751 lib.
205 2728 234 2756 V,
241 2734 292 2757 enp-

82 2761 114 2783 rv,
128 2761 152 2777 n.
167 2761 184 2778 1.

1003 247 1267 294 QUAESTIO
1298 249 1434 295 LXIV,
1464 248 1757 285 ARTICULUS
1789 249 1819 284 11

328 322 589 370 cumstantias,
624 323 677 360 sic
703 324 819 361 habet
852 325 1036 362 rationem
1065 326 1198 372 medii;
1233 327 1320 374 quia
1348 326 1385 363 in

327 378 402 413 hoc
425 376 583 413 tendunt
601 381 613 396 ε
631 376 851 414 huiusmodi
870 378 1027 414 virtutes
1047 379 1257 415 secundum
1279 391 1384 427 regu-

326 430 403 466 lam
432 430 595 477 rationis,
616 428 712 465 idest
738 429 804 466 ubi
833 438 993 478 oportet,
1024 438 1060 468 et
1088 432 1242 479 quando
1273 444 1385 480 opor-

327 489 389 529 tet,
411 489 447 518 et
463 486 619 532 propter
647 482 751 530 quod
780 484 1158 530 oportet.'Excessus
1186 492 1325 530 autem,
1355 485 1385 520 si

327 534 365 571 in
392 534 468 571 hoc
495 535 704 572 maximum
733 535 909 572 tendatur
937 537 1090 584 quando
1124 546 1201 574 non
1222 545 1382 586 oportet,

326 587 390 623 vel
415 587 482 624 ubi
509 598 600 624 nonv
615 594 775 635 oportet,
795 589 856 624 vel
877 596 1031 637 propter
1048 590 1153 638 quod
1173 602 1250 626 non
1271 602 1383 638 opor-

327 646 398 686 tet3
429 640 595 677 defectus
623 647 750 676 autem
783 648 847 687 est,
878 641 908 677 si
936 653 1015 678 non
1042 643 1217 679 tendatur
1244 643 1281 678 in
1309 643 1383 679 hoc

327 692 535 729 maximum
555 692 620 729 ubi
640 700 801 740 oportet,
824 701 859 730 et
878 695 1030 742 quando
1052 703 1211 743 oportet.
1243 696 1291 731 Et
1309 696 1382 732 hoc

327 752 383 781 est
409 745 514 794 quod
543 745 797 794 Philosophus
827 746 925 793 dicit,
950 746 988 783 in
1009 747 1059 783 IV
1077 749 1196 784 Ethic.
1217 747 1248 794 ³⁸,
1278 748 1382 796 quod

325 798 594 846 magnanimus
621 804 676 834 est
701 799 848 846 quidem
881 800 1140 848 magnitudine
1175 805 1382 844 extremus;

325 861 369 886 eo
397 856 521 887 autem
550 852 651 899 quod
678 857 718 887 ut
743 857 896 899 oportet,
926 853 1079 888 medius.

377 904 436 939 AD
454 914 614 941 TER-rum
633 916 815 941 DICENDUM
844 904 948 953 quod
974 904 1109 941 eadem
1139 904 1232 941 ratio
1259 912 1314 941 est
1334 905 1381 942 de

376 1017 399 1050 ε)
418 1017 538 1042 tendunt.
550 1031 568 1036 —
587 1018 707 1043 maxime
725 1018 838 1043 tendunt
857 1018 903 1042 Pa.

2416 249 2492 294 413

1437 326 1646 374 virginitate
1676 334 1711 363 et
1738 333 1976 375 paupertate,
2008 338 2105 374 quae
2135 334 2190 363 est
2217 326 2263 363 de
2299 327 2493 374 magnani-

1438 379 1578 416 mitate.
1607 379 1781 416 Abstinet
1810 379 1911 415 enim
1939 379 2131 426 virginitas
2161 380 2208 416 ab
2231 379 2408 416 omnibus
2427 391 2492 415 ve—

1438 432 1572 478 nereis,
1602 440 1639 468 et
1666 439 1868 480 paupertas
1897 433 1944 468 ab
1974 432 2152 468 omnibus
2173 432 2320 478 divitiis,
2339 439 2493 480 propter

1437 485 1539 533 quod
1569 492 1728 533 oportet,
1760 492 1795 521 et
1823 484 2034 521 secundum
2064 485 2169 532 quod
2198 492 2367 532 oportet;
2397 485 2492 521 idest

1437 537 1648 574 secundum
1677 537 1900 574 mandatum
1930 537 2018 583 Dei,
2049 545 2085 573 et
2112 544 2267 585 propter
2293 537 2410 573 vitam
2431 549 2493 573 ae-

1435 597 1582 626 ternam
1601 590 1632 626 *.
1664 591 1702 627 Si
1731 598 1858 627 autem
1877 591 1952 626 hoc
1971 590 2037 626 fiat
2057 589 2269 626 secundum
2289 590 2394 636 quod
2414 600 2492 626 non

1436 651 1600 690 oportet,
1630 643 1726 679 idest
1753 643 1965 680 secundum
1993 642 2158 691 aliquam
2188 642 2492 690 superstitionem

1436 695 1610 741 illicitam,
1640 697 1701 732 vel
1730 695 1842 732 etiam
1872 703 2027 744 propter
2055 695 2206 732 inanem
2226 695 2404 742 gloriam3
2426 694 2493 731 erit

1436 749 1687 796 superfluum.
1719 748 1759 784 Si
1787 756 1915 785 autem
1945 761 2023 785 non
2051 749 2117 785 fiat
2146 748 2300 796 quando
2330 755 2490 795 oportet,

1435 801 1496 836 vel
1526 801 1735 837 secundum
1766 801 1870 849 quod
1900 809 2059 849 oportet,
2090 808 2145 837 est
2171 800 2306 838 vitium
2330 813 2399 849 per
2428 800 2492 837 de-

1435 853 1593 889 fectum:
1622 861 1663 889 ut
1690 860 1793 901 patet
1820 854 1857 890 in
1886 853 2244 901 transgredientibus
2263 861 2398 890 votum
2417 853 2492 890 vir-

1434 905 1595 953 ginitatis
1623 906 1684 942 vel
1713 907 1953 954 paupertatis.

999 1097 1328 1130 commentaria
1351 1098 1600 1131 cardinalis
1621 1099 1821 1132 Caietam

354 1186 374 1207 N
398 1175 490 1207 titulo
514 1176 707 1217 quaestionis
731 1176 1069 1218 sexagesimaequartae
1089 1187 1165 1207 mox
1179 1177 1313 1208 dubium
1329 1188 1380 1208 oc-

327 1187 463 1257 Icurrit,
488 1220 656 1262 quomodo
684 1220 853 1251 consistere
880 1220 913 1250 in
943 1221 1050 1251 medio
1074 1221 1154 1251 inter
1176 1221 1381 1262 proprietates

322 1264 445 1296 virtutis
468 1270 688 1305 computetur:
713 1274 788 1295 cum
807 1274 949 1305 expresse
972 1264 1004 1294 in
1022 1265 1048 1294 11
1067 1265 1168 1296 Ethic.
1194 1272 1331 1306 ponatur
1349 1265 1381 1295 in

323 1307 505 1339 definitione
523 1308 644 1338 virtutis
660 1308 800 1346 moralis,
817 1318 899 1348 quae
913 1308 945 1338 in
962 1308 1073 1344 littera,
1090 1308 1123 1338 in
1139 1315 1326 1348 argumento
1343 1309 1382 1339 ad

321 1351 519 1392 oppositum,
535 1350 670 1387 affertur,
687 1351 832 1392 quamvis
851 1361 918 1382 non
933 1358 1008 1382 tota.
1024 1369 1045 1375 -
1061 1352 1122 1382 Sed
1137 1352 1199 1383 hoc
1215 1352 1305 1383 facile
1320 1354 1382 1383 sol-

320 1394 404 1426 vitus
427 1405 445 1425 a
467 1394 677 1426 recolentibus
706 1395 795 1436 quod
818 1405 911 1434 saepe
934 1395 1139 1435 proprietates
1169 1396 1309 1426 notiores
1331 1396 1383 1426 ad-

254 1465 263 1468 -
320 1433 494 1470 mitffltm‘n·
516 1439 549 1469 in
577 1437 830 1474 definitionibus,
860 1445 895 1469 ut
924 1439 1054 1469 latentes
1087 1438 1276 1470 differentiae
1308 1440 1380 1470 insi-

282 1483 285 1487 '
320 1486 467 1514 nuentur.

263 1590 266 1592 ‡
351 1577 372 1601 Ν
394 1542 513 1601 titillo
511 1570 605 1612 primi
629 1570 760 1606 articuli,
785 1570 909 1602 adverte
932 1570 1020 1611 quod
1043 1570 1192 1601 virtutem
1211 1571 1380 1601 consistere

324 1580 386 1645 lin
400 1578 532 1645 mediop
525 1614 679 1655 contingit
698 1614 877 1655 dupliciter:
903 1613 1019 1645 scilicet
1033 1613 1246 1651 essentialiter,
1263 1622 1293 1645 et
1309 1625 1380 1645 cau-

321 1653 434 1690 saliret.
459 1657 647 1696 Secundum
666 1657 834 1689 essentiam
855 1658 954 1689 virtus
979 1665 1025 1689 est
1047 1658 1079 1688 in
1103 1658 1220 1694 medio,
1237 1669 1318 1700 quae
1335 1666 1381 1690 est

321 1702 354 1732 in
375 1698 485 1733 medio
510 1702 652 1733 duorum
674 1702 845 1733 vitiorum:
870 1702 951 1732 sicut
973 1701 1179 1754 temperantia
1198 1702 1278 1733 inter
1291 1703 1382 1734 luxu—

321 1745 400 1777 riam
422 1751 454 1778 et
470 1746 751 1778 insensibilitatem.
776 1747 818 1777 Et
833 1746 894 1777 hoc
910 1756 975 1776 non
991 1746 1139 1778 convenit
1154 1746 1242 1776 omni
1258 1746 1378 1778 virtuti:

285 1808 292 1819 »
320 1785 398 1832 quia·
409 1796 475 1821 non
492 1790 640 1821 convenit
657 1790 802 1827 iustitiae,
820 1797 856 1821 ut
871 1796 958 1831 patet
971 1789 1004 1820 in
1019 1790 1049 1821 V
1062 1790 1167 1821 Ethic.
1177 1789 1195 1809 *
1212 1791 1254 1821 Et
1269 1791 1308 1821 de
1326 1791 1380 1821 tali

283 1833 291 1840 ‘
320 1829 427 1865 medio
450 1844 516 1865 non
540 1840 587 1866 est
601 1834 652 1865 hic
668 1834 823 1876 quaestio.
839 1852 861 1858 -
878 1834 1061 1866 Secundum
1076 1844 1150 1865 vero
1167 1834 1312 1865 effectum
1337 1835 1380 1866 di-

320 1878 406 1910 citur
423 1888 490 1919 esse
512 1878 612 1910 virtus
634 1878 668 1909 in
690 1878 811 1914 medio,
837 1888 918 1920 quae
941 1879 974 1909 in
997 1878 1127 1909 materia
1150 1879 1278 1920 propria
1301 1878 1381 1909 circa

341 1928 417 1954 uam
440 1921 496 1962 est‘,
520 1922 664 1953 medium
686 1922 759 1953 facit
781 1922 861 1953 inter
884 1922 955 1963 plus
980 1928 1010 1953 et
1033 1922 1139 1953 minus
1162 1921 1256 1959 illius,
1274 1933 1330 1953 seu
1346 1923 1379 1953 in

318 1930 381 2004 iila,
405 1967 446 1997 ad
466 1945 563 2003 iliam,
587 1962 642 2003 illi,
668 1971 725 1997 etc.
749 1965 837 1997 Sicut
858 1966 976 1997 iustitia
999 1966 1031 1996 in
1056 1967 1216 2007 emptione
1236 1967 1379 1997 medium

318 1990 411 2065 potiit
431 2006 512 2042 inter
526 2009 623 2052 plus
614 2018 646 2041 111
662 2016 805 2052 emptore
828 2017 874 2041 et
879 2010 984 2041 m'inus
1003 2010 1036 2040 in
1051 2010 1224 2047 venditore,
1241 2010 1378 2051 pretium

1434 1178 1634 1219 aequivalens
1651 1180 1755 1210 dando
1771 1180 1936 1216 venditori,
1953 1180 2003 1210 vel
2020 1190 2035 1210 e
2053 1190 2220 1211 converso:
2241 1188 2271 1211 et
2286 1181 2491 1221 temperantia

1435 1222 1577 1252 medium
1600 1223 1691 1263 ponit
1713 1223 1793 1254 inter
1815 1224 1886 1264 plus
1911 1231 1941 1254 et
1959 1224 2064 1254 minus
2081 1224 2235 1260 delectari,
2253 1224 2492 1255 delectationem

1435 1266 1588 1306 capiendo
1601 1268 1740 1307 quando,
1755 1267 1818 1303 ubi,
1831 1268 1910 1298 sicut
1926 1275 2060 1308 oportet,
2073 1275 2129 1299 etc.
2144 1264 2184 1299 Et
2197 1268 2268 1305 hoc,
2286 1275 2321 1299 ut
2335 1268 2453 1308 patebit
2461 1268 2489 1305 ³,

1435 1310 1582 1341 convenit
1597 1311 1686 1340 omni
1701 1311 1818 1348 virtuti,
1835 1312 1970 1352 exceptis
1985 1311 2180 1352 theologicis.
2205 1312 2245 1343 Et
2261 1313 2298 1343 de
2315 1313 2368 1343 tali
2385 1313 2490 1344 medio

1435 1360 1481 1384 est
1504 1354 1647 1394 quaestio
1672 1355 1819 1385 omnium
1842 1354 2048 1386 articulorum
2070 1355 2164 1387 huius
2188 1356 2390 1396 quaestionis.

1493 1397 1529 1428 II.
1547 1398 1582 1427 In
1598 1399 1803 1438 responsione
1827 1399 1866 1429 ad
1886 1400 2012 1430 tertium
2028 1399 2121 1439 primi
2140 1400 2271 1437 articuli,
2287 1410 2352 1431 non
2369 1408 2399 1431 te
2415 1406 2492 1431 0011-

1434 1441 1538 1471 turbet
1561 1442 1649 1482 quod
1672 1444 1793 1472 Auctor
1814 1450 1913 1483 ponat
1931 1450 1995 1473 tam
2011 1444 2222 1483 virginitatem
2245 1454 2343 1485 quam
2358 1455 2491 1485 pauper-

1434 1490 1530 1514 tatem
1553 1485 1691 1515 mediam
1714 1485 1797 1516 inter>
1817 1487 2013 1526 superfluum
2037 1494 2067 1518 et
2083 1487 2278 1518 diminutum
2301 1488 2425 1519 alterius
2441 1499 2491 1519 or-

1435 1527 1537 1565 dinis;
1565 1529 1644 1559 dum
1675 1529 1872 1580 superfluum
1905 1531 1995 1570 ponit
2025 1531 2057 1561 in
2085 1531 2306 1571 superstitione
2333 1532 2383 1563 vel
2411 1543 2492 1563 vana

1433 1571 1542 1610 gloria,
1567 1579 1598 1603 et
1620 1572 1841 1603 diminutum
1833 1584 1866 1603 111
1892 1575 2135 1614 transgressione
2159 1576 2240 1612 voti,
2266 1586 2347 1625 quae
2371 1583 2493 1608 constat

1434 1625 1500 1645 esse
1520 1617 1696 1646 secundum
1719 1627 1752 1646 se
1775 1617 1850 1647 vitia
1873 1625 2009 1648 extrema
2033 1618 2158 1649 alterius
2181 1619 2313 1655 virtutis,
2331 1627 2408 1660 puta
2423 1620 2491 1650 reli-

1433 1659 1535 1699 gionis
1552 1665 1582 1690 et
1597 1659 1793 1703 philotimiae
1810 1671 1865 1691 seu
1878 1661 2156 1700 magnanimitatis.
2171 1662 2258 1693 Fecit
2277 1673 2414 1703 namque
2430 1664 2492 1695 hoc

1433 1705 1563 1740 Auctor,
1588 1704 1663 1744 quia
1687 1714 1743 1734 nec
1765 1704 1925 1744 virginitas
1950 1715 2006 1736 nec
2025 1713 2192 1746 paupertas
2215 1706 2309 1737 habet
2325 1706 2492 1747 specialem

1433 1747 1587 1778 rationem
1610 1747 1749 1784 virtutis,
1774 1755 1804 1779 et
1827 1755 2055 1790 consequenter
2085 1749 2230 1790 specialia
2254 1757 2390 1781 extrema
2413 1752 2493 1782 inter

1433 1801 1514 1832 quae
1530 1791 1656 1828 mediet,
1676 1791 1756 1822 infra
1780 1792 1923 1832 proprias
1945 1793 2089 1824 materias
2112 1793 2144 1824 in
2169 1794 2278 1824 ordine
2294 1796 2333 1825 ad
2348 1796 2491 1835 regulam

1432 1842 1496 1865 tam
1521 1835 1694 1866 humanam
1722 1846 1820 1878 quam
1849 1836 2004 1874 divinam;
2034 1838 2088 1868 sed
2119 1847 2155 1868 ex
2181 1838 2353 1869 extrinseco
2376 1838 2438 1870 fine
2462 1846 2492 1870 et

1433 1879 1591 1920 religionis
1615 1885 1696 1916 actu,
1721 1879 1838 1911 scilicet
1852 1887 1940 1917 voto,
1961 1888 1997 1911 ut
2014 1881 2047 1911 in
2064 1881 2103 1911 11·
2124 1881 2174 1911 11·‘
2191 1881 2210 1899 '³‘
2233 1883 2413 1914 tractabitur
2426 1884 2491 1924 ple·
2519 1895 2527 1902 ·

1433 1923 1514 1953 nius.
1543 1923 1627 1960 Quia
1650 1923 1744 1963 igitur
1772 1934 1807 1954 ex
1837 1924 2009 1956 extrinseco
2038 1925 2192 1956 rationem
2223 1926 2321 1957 sumit
2348 1927 2491 1967 specialis

1431 1966 1565 2005 virtutis,
1586 1977 1782 2008 consequens
1806 1967 1866 1999 fuit
1888 1975 1924 1999 ut
1946 1979 1982 1999 ex
2006 1968 2177 2000 extrinseco
2202 1976 2338 2001 extrema
2362 1971 2489 2009 adhibe-

1434 2016 1550 2041 rentur.

1082 2168 1398 2213 ARTICULUS
1428 2171 1725 2214 SECUNDUS

591 2302 605 2306 ⁴,
645 2228 800 2297 urania
822 2265 995 2296 MEDmM
1018 2265 1220 2296 vra-ruris
1243 2265 1432 2296 MORALts
1456 2265 1522 2296 SIT
1545 2265 1718 2296 MEDIUM
1741 2266 1825 2302 REI,
1850 2267 1933 2297 VEL
1958 2267 2159 2299 RATIONts

688 2344 851 2376 11¹11··..qu
862 2350 937 2374 unt,
956 2349 1004 2368 art.
1021 2350 1064 2373 ¹⁰3
1084 2343 1116 2368 111
1131 2343 1214 2371 Seni„
1230 2343 1288 2368 dist.
1301 2351 1389 2374 xxxm,

351 2448 410 2489 ³1³*ss
435 2454 502 2497 ³14«
529 2443 756 2470 1150011110οΜ
771 2443 824 2468 510
843 2422 1083 2468 noce-mma.
1098 2431 1258 2468 Videtur
1271 2431 1376 2480 quod

292 2522 294 2525 ,
344 2468 402 2533 ‘5:327
407 2476 497 2532 1Ῐὲᾶῦ
530 2486 703 2522 medium
738 2484 884 2523 virtutis
916 2485 1071 2521 moralis
1107 2496 1186 2521 non
1219 2485 1266 2521 sit
1297 2496 1378 2521 me-

338 2523 454 2582 ρτβῖἶ.
455 2516 496 2587 't
531 2537 636 2575 dium
665 2537 831 2596 rationis,
851 2537 918 2574 sed
938 2537 1108 2574 medium
1129 2537 1193 2574 rei.
1223 2537 1375 2574 Bonum

341 2583 471 2630 Affi'ff‘fit
491 2590 517 2621 k
531 2590 633 2627 enim
660 2589 806 2627 virtutis
838 2589 992 2626 moralis
1029 2589 1198 2627 consistit
1233 2589 1272 2627 in
1303 2590 1377 2626 hoc

320 2641 428 2691 quod
455 2648 512 2678 est
538 2642 578 2680 in
605 2642 747 2680 medio.
775 2643 930 2679 Bonum
949 2650 1090 2701 autem,
1118 2650 1160 2679 ut
1188 2642 1348 2680 dicitur
1339 2655 1378 2679 in

320 2695 371 2732 VI
390 2694 607 2744 Metaphys.
626 2695 659 2742 ²¹²,
690 2702 745 2732 est
763 2695 802 2732 in
822 2695 962 2732 rebus'
953 2695 1055 2744 ipsis.
1085 2696 1188 2744 Ergo
1208 2695 1378 2733 medium

319 2746 466 2786 virtutis
494 2748 647 2785 moralis
675 2755 732 2785 est
758 2748 928 2785 medium
957 2748 1022 2785 rei.

374 2811 410 2837 2.
430 2800 663 2848 PRAETEREA,
693 2801 786 2838 ratio
816 2807 871 2838 est
897 2800 955 2838 vis
980 2801 1270 2850 apprehensiva.
1301 2802 1377 2839 Sed

319 2852 439 2890 virtus
467 2853 622 2890 moralis
650 2866 728 2891 non
757 2853 924 2890 consistit
951 2853 990 2890 in
1018 2854 1146 2891 medio
1167 2853 1380 2904 apprehen-

320 2905 493 2952 sionum;
523 2906 590 2943 sed
609 2907 729 2954 magis
748 2907 787 2944 in
807 2907 935 2943 medio
956 2907 1218 2965 operationum
1240 2915 1275 2944 et
1293 2920 1379 2956 pas-

321 2958 484 2996 sionum.
518 2960 620 3007 Ergo
654 2959 825 2996 medium
852 2959 999 2996 virtutis
1036 2960 1189 2997 moralis
1218 2972 1295 2996 non
1325 2968 1380 2997 est

320 3011 492 3051 medium
519 3012 684 3060 rationis,
714 3013 782 3050 sed
810 3012 981 3049 medium
1011 3013 1076 3049 rei.

377 3065 410 3101 3.
434 3065 676 3112 PRAETEREA,
706 3065 878 3102 medium
907 3065 1012 3113 quod
1041 3065 1220 3113 accipitur
1247 3077 1379 3102 secun-

322 3116 415 3153 dum
448 3118 735 3166 proportionem
769 3117 1042 3155 arithmeticam
1085 3119 1147 3155 vel
1182 3118 1380 3166 geometri-

322 3181 420 3216 cam,
442 3176 498 3206 est
521 3170 692 3207 medium
720 3171 786 3208 rei.
817 3171 894 3208 Sed
913 3172 985 3208 tale
1006 3178 1061 3207 est
1078 3171 1250 3218 medium
1277 3171 1379 3208 iusti-

286 3244 292 3256 ,
321 3221 405 3269 1100,
425 3229 467 3258 ut
486 3221 619 3259 dicitur
636 3223 675 3260 in
692 3223 728 3260 V
745 3224 864 3260 Ethic.
881 3223 900 3245 ’¹‘
923 3225 1024 3271 Ergo
1046 3223 1216 3260 medium
1233 3223 1379 3261 virtutis

215 3270 223 3282 ¹
254 3270 260 3277 ’
287 3271 293 3303 ἶ
321 3274 475 3312 moralis
502 3287 582 3312 non
611 3282 666 3312 est
692 3276 864 3313 medium
892 3276 1056 3323 rationis,
1085 3276 1152 3313 sed
1181 3276 1246 3313 rei.

374 3328 448 3364 SED
478 3339 623 3364 CONTRA
650 3339 717 3365 EST
744 3329 850 3377 quod
877 3329 1132 3378 Philosophus
1160 3329 1258 3376 dicit,
1288 3329 1326 3366 in
1346 3331 1378 3366 II

238 3397 250 3431 .‘
287 3397 294 3430 ς
320 3380 440 3418 Ethic.
459 3380 498 3428 ²⁸,
527 3380 632 3429 quod
659 3381 778 3418 virtus
809 3382 966 3419 moralis
996 3382 1034 3418 in
1068 3382 1190 3419 medio
1218 3383 1382 3419 consistit

321 3434 447 3480 quoad
471 3445 551 3479 nos,
579 3434 824 3471 determinata
851 3435 1008 3472 ratione.

374 3486 599 3523 Rmponnsso
619 3497 804 3524 mcannum
822 3487 926 3535 quod
946 3486 1118 3524 medium
1138 3487 1290 3524 rationis
1310 3487 1379 3524 du-

321 3537 467 3585 pliciter
478 3547 603 3588 potest
615 3539 778 3587 intelligi.
795 3540 882 3577 Uno
898 3540 1029 3587 modo,
1045 3540 1257 3577 secundum
1273 3541 1378 3589 quod

1410 2351 1454 2376 qu.
1468 2351 1489 2371 1,
1509 2348 1556 2369 art.
1572 2343 1595 2373 3.
1615 2345 1661 2376 qu*
1683 2351 1712 2372 ας
1733 2345 1774 2369 De
1791 2344 1895 2374 Virtut„
1915 2353 1959 2378 qu.
1973 2354 1995 2375 1,
2015 2352 2062 2371 art.
2079 2346 2118 2371 13.

1432 2431 1603 2468 medium
1631 2432 1669 2468 in
1689 2432 1780 2492 ‘ipso
1809 2440 1895 2470 actu
1924 2434 2076 2471 rationis
2105 2435 2245 2482 existit,
2276 2436 2383 2495 quasi
2410 2437 2490 2496 ipse

1432 2490 1536 2521 actus
1564 2485 1718 2522 rationis
1742 2486 1790 2522 ad
1809 2486 1981 2524 medium
2010 2487 2221 2525 reducatur.
2252 2489 2300 2525 Et
2319 2489 2380 2536 510,
2390 2490 2492 2539 quia

1431 2537 1548 2574 virtus
1576 2538 1730 2574 moralis
1767 2550 1846 2574 non
1877 2539 2025 2598 perficit
2060 2547 2187 2577 actum
2219 2541 2394 2589 rationis,
2423 2543 2491 2580 sed

1433 2597 1558 2626 aetum
1586 2590 1732 2627 virtutis
1762 2590 2010 2651 appetitivae;
2039 2593 2210 2630 medium
2239 2594 2383 2631 virtutis
2407 2607 2491 2632 mo-

1433 2642 1518 2679 ralis
1532 2655 1611 2680 non
1627 2650 1684 2680 est
1702 2644 1875 2681 medium
1894 2644 2059 2682 rationis.
2075 2666 2100 2673 -
2120 2646 2206 2683 Alio
2226 2647 2346 2684 modo
2365 2655 2491 2696 'potest

1434 2695 1504 2732 dici
1533 2695 1703 2732 medium
1733 2696 1887 2734 rationis
1919 2697 1958 2734 id
1986 2698 2091 2746 quod
2119 2710 2141 2735 a
2163 2699 2308 2736 ratione
2336 2701 2489 2759 ponitur

1432 2748 1470 2785 in
1499 2748 1626 2796 aliqua
1653 2749 1820 2787 materia.
1852 2750 1900 2786 Et
1928 2750 1979 2787 sic
2009 2763 2126 2788 omne
2147 2751 2319 2790 medium
2343 2753 2488 2791 virtutis

1433 2801 1586 2839 moralis
1616 2809 1671 2838 est
1699 2802 1869 2840 medium
1899 2803 2071 2841 rationis:
2102 2804 2202 2852 quia,
2223 2805 2318 2843 sicut
2347 2807 2489 2844 dictum

1434 2862 1489 2891 est
1512 2853 1543 2902 ³¹²,
1565 2854 1684 2892 virtus
1712 2855 1866 2893 moralis
1895 2855 2028 2894 dicitur
2056 2857 2258 2895 consistere
2287 2859 2325 2895 in
2345 2860 2486 2907 medio,

1433 2920 1500 2956 per
1528 2908 1832 2945 conformitatem
1862 2909 1910 2946 ad
1939 2910 2123 2946 rationem
2153 2918 2303 2948 rectam.

1488 2961 1564 2997 Sed
1592 2961 1825 3009 quandoque
1855 2962 2031 3010 contingit
2064 2964 2167 3011 quod
2187 2964 2358 3001 medium
2379 2965 2489 3002 ratio-

1433 3014 1490 3050 nis
1520 3021 1575 3051 est
1604 3014 1715 3050 etiam
1745 3014 1914 3051 medium
1945 3015 2015 3052 rei:
2038 3023 2074 3052 et
2101 3023 2190 3053 tunc
2218 3025 2367 3065 oportet
2385 3018 2489 3066 quod

1432 3066 1577 3103 virtutis
1597 3067 1751 3103 moralis
1775 3068 1947 3104 medium
1968 3068 2013 3105 sit
2033 3069 2204 3106 medium
2225 3070 2298 3116 rei;
2321 3070 2415 3108 sicut
2434 3079 2489 3108 est

1434 3119 1471 3156 in
1486 3119 1633 3156 iustitia.
1651 3120 1893 3168 Quandoque
1909 3129 2035 3158 autern
2052 3122 2224 3159 medium
2245 3123 2396 3160 rationis
2411 3136 2491 3161 non

1435 3179 1490 3208 est
1509 3172 1681 3209 medium
1702 3172 1765 3220 rei,
1787 3173 1854 3210 sed
1874 3173 2053 3223 accipitur
2071 3187 2140 3223 per
2160 3176 2488 3224 comparationem

1434 3225 1483 3262 ad
1512 3237 1603 3261 nos:
1635 3233 1670 3261 et
1698 3225 1751 3262 sic
1780 3234 1834 3262 est
1862 3226 2033 3264 medium
2052 3227 2090 3264 in
2110 3228 2288 3265 omnibus
2317 3229 2396 3265 aliis
2415 3229 2489 3266 vir-

1434 3278 1574 3314 tutibus
1593 3277 1813 3315 moralibus.
1844 3279 1961 3316 Cuius
1981 3280 2074 3316 ratio
2096 3288 2151 3318 est
2170 3281 2257 3329 quia
2277 3281 2412 3319 iustitia
2435 3289 2491 3319 est

1434 3331 1532 3367 eirca
1560 3331 1812 3379 operationes,
1833 3343 1932 3380 quae
1956 3333 2166 3370 consistunt
2192 3334 2230 3370 in
2259 3335 2372 3372 rebus
2391 3341 2489 3372 exte—

1433 3383 1606 3430 rioribus,
1635 3383 1674 3420 in
1701 3384 1839 3432 quibus
1867 3391 2012 3422 rectum
2040 3386 2180 3423 institui
2209 3386 2322 3423 debet
2350 3387 2489 3437 simpli-

1435 3436 1524 3473 citer
1552 3444 1588 3473 et
1619 3437 1831 3474 secundum
1859 3450 1912 3485 se,
1941 3446 1983 3475 ut
2010 3451 2125 3498 supra
2143 3439 2163 3461 ²⁸
2183 3439 2326 3476 dictum
2350 3447 2424 3477 est:
2455 3447 2529 3478 et

1432 3489 1520 3526 ideo
1559 3489 1730 3526 medium
1767 3490 1919 3527 rationis
1948 3491 1985 3528 in
2013 3491 2149 3529 iustitia
2179 3500 2234 3529 est
2261 3492 2363 3530 idem
2402 3505 2491 3530 cum

1433 3542 1560 3579 medio
1590 3542 1652 3589 rei,
1683 3542 1907 3591 inquantum
1928 3544 2065 3581 scilicet
2092 3545 2227 3582 iustitia
2257 3546 2320 3582 dat
2347 3546 2491 3582 unicui—

2520 600 2530 610 '
2544 599 2571 621 D.
2586 599 2643 622 1166.

2519 1273 2528 1282 ·
2544 1272 2569 1293 111
2583 1272 2625 1293 hac
2639 1276 2729 1300 quaest.

2586 1898 2670 1918 ..cr-111
2686 1898 2728 1915 art.

2565 1924 2642 1940 omme
2631 1924 2683 1941 ecnt
2678 1926 2728 1948 qu.

2517 1935 2684 1992 a‹zi.xxxv1,art.
2704 1953 2727 1974 3,

2517 2871 2528 2881 ‘
2542 2871 2592 2892 Art.
2608 2870 2712 2897 praeced.

2544 3451 2590 3478 Qu.
2601 3457 2637 3477 u,
2653 3454 2694 3471 art.
2705 3456 2725 3471 2.
