2852 4152
200 1807 253 1829 leet.
261 1797 316 1829 'xxv-

194 1891 257 1934 *ι’,ἆῑ
265 1891 316 1934 ’Ξὶιῖ

23 1846 29 1851 .
89 1885 186 1935 effi:

100 2206 114 2217 ⁴
128 2204 187 2227 Loc.
200 2205 239 2227 eit.

102 2680 317 2703 ‘S.Th.lect.xxn.

108 2892 118 2901 ·
136 2890 173 2912 De
194 2889 319 2911 Virtutibus

106 2918 132 2965 xe:
146 2916 223 2965 ἔῐείἰε,
237 2922 289 2943 cap.
301 2922 318 2943 x,

108 3148 230 3197 ἐῩτἛῑ

1033 246 1296 294 QUAEST1O
1326 247 1431 294 XXI,
1459 245 1753 284 ARTICULUS
1783 246 1814 283 11

347 325 497 364 deficiat
523 326 572 362 ab
601 325 726 373 aliquo
754 325 830 361 fine
858 325 1052 374 proximo,
1083 338 1198 374 quem
1226 326 1400 362 voluntas

345 378 503 416 intendit
531 385 567 414 et
587 377 838 426 consequitur.
863 379 973 415 Unde
995 379 1120 425 etiam,
1140 390 1228 415 cum
1248 377 1328 426 ipsa
1347 377 1400 414 in—

345 431 461 468 tentio
490 430 602 468 huius
629 430 716 467 finis
754 430 948 467 ordinetur
974 432 1023 468 ad
1050 432 1167 468 finem
1205 431 1399 477 ultimum,

345 483 384 520 in
403 482 486 533 ipsa
511 483 719 520 intentione
738 483 958 521 huiusmodi
985 484 1072 521 finis
1091 491 1214 533 potest
1241 482 1400 521 inveniri
1454 485 1584 530 finem,
1604 482 1757 532 proprie
1776 482 1942 519 consistit
1965 482 2003 519 in
2021 490 2118 519 actu.
2145 481 2221 518 Sed
2240 492 2365 529 poena
2393 480 2507 529 respi-
2534 490 2544 500 ⁸
2567 495 2593 536 au
2610 495 2662 511 xm

346 535 439 573 ratio
469 535 698 573 rectitudinis
727 543 762 572 et
789 536 943 584 peccati.

2438 244 2506 281 165

1506 327 1565 362 An
1593 334 1751 362 TERTIUM
1778 335 1963 362 monimum
1992 325 2096 373 quod
2115 323 2419 372 unumquodque
2446 333 2507 360 or-

1455 378 1604 415 dinatur
1621 378 1671 414 ad
1689 378 1807 414 finem
1827 389 1896 425 per
1923 385 2050 414 actum
2083 387 2215 413 suum:
2245 384 2282 413 et
2306 376 2391 413 ideo
2412 375 2505 412 ratio

1453 430 1608 479 peccati,
1628 441 1726 478 quae
1746 430 1912 467 consistit
1938 429 1975 466 in
2006 429 2220 466 deviatione
2239 429 2287 465 ab
2308 428 2439 465 ordine
2459 428 2507 465 ad

1455 536 1504 572 cit
1521 546 1725 584 personam
1740 542 1976 584 peccantem,
1995 542 2037 571 ut
2051 534 2089 571 in
2104 534 2234 571 Primo
2248 533 2269 555 ‘⁸‘
2283 533 2423 570 dietum
2440 541 2506 571 est.
2534 532 2552 562 ε’

1015 633 1345 667 Commentarta
1367 633 1616 667 cardinalis
1637 632 1836 666 Caietam

347 719 396 784 Iu
410 707 504 742 titulo
518 710 666 741 omnium
676 710 880 742 articulorum
892 712 1083 752 quaestionis
1097 723 1157 749 xx1,
1169 713 1292 743 adverte
1303 712 1401 753 quod,

377 765 451 786 cum
466 754 627 796 quaeritur
650 762 759 786 utrum
783 763 869 786 actus
892 756 1067 792 humanus,
1091 758 1277 797 inquantum
1302 756 1402 786 bonus

346 799 397 830 vel
411 799 527 836 malus,
543 799 656 829 habeat
671 799 733 830 hoc
747 800 797 830 vel
810 800 902 836 illud;
925 807 1029 840 potest
1043 800 1172 840 intelligi
1197 800 1250 831 illa
1266 799 1403 839 redupli-

346 842 475 874 cationis
491 851 576 879 nota,
597 843 710 884 primo,
731 850 766 874 ut
785 844 969 876 determinat
989 844 1160 875 bonitatem
1176 844 1226 873 vel
1249 843 1402 873 malitiam

345 887 498 918 absolute.
515 888 555 918 Et
571 887 614 918 sic
633 896 698 918 non
714 888 849 918 sumitur
863 887 927 918 hic:
948 888 1024 929 quia
1039 888 1101 919 hoc
1120 894 1200 918 esset
1215 886 1299 917 idem
1314 887 1402 927 quod

345 941 493 972 quaerere
517 932 555 962 de
572 932 829 962 convenientibus
853 933 939 962 bono
963 932 1012 962 vel
1034 932 1119 962 malo
1143 931 1295 967 absolute,
1313 931 1401 971 quod

345 984 412 1006 non
434 982 552 1016 spectat
567 976 606 1005 ad
630 977 793 1012 moralem,
810 976 864 1006 sed
887 976 1154 1017 metaphysicum;
1179 982 1209 1006 et
1225 982 1327 1005 essent
1349 974 1403 1004 fal-

345 1028 397 1049 sae
411 1020 672 1070 responsiones.-
688 1020 761 1050 Alio
779 1020 887 1056 modo,
904 1027 940 1051 ut
955 1020 1141 1050 determinat
1156 1019 1329 1049 bonitatem
1349 1019 1400 1049 vel

344 1062 498 1094 malitiam
527 1064 702 1104 propriam,
727 1074 782 1094 seu
807 1070 998 1095 contractam
1021 1064 1059 1094 ad
1083 1070 1189 1094 actum
1212 1063 1400 1093 humanum.

344 1106 387 1137 Et
408 1107 458 1138 hic
481 1115 527 1138 est
550 1108 688 1139 intentus
712 1117 821 1138 sensus
840 1108 1070 1149 quaestionum
1091 1114 1122 1138 et
1144 1107 1399 1147 responsionum.

1456 712 1594 742 bonitate
1608 711 1657 742 vel
1672 709 1800 747 malitia,
1818 718 1853 742 ut
1867 711 1920 748 sic,
1934 711 2046 741 habeat
2060 710 2215 741 rationem
2231 709 2315 745 recti,
2332 706 2505 745 laudabilis,

1456 755 1616 791 meritorii,
1633 755 1727 786 etiam
1741 755 1826 795 apud
1844 754 1962 786 Deum:
1987 762 2018 785 et
2031 754 2171 785 similiter
2187 753 2315 794 peccati,
2332 753 2507 793 culpabilis,

1456 799 1660 835 demeritorii,
1685 799 1779 830 etiam
1791 799 1875 839 apud
1898 800 2013 829 Deum.
2037 799 2090 834 Et,
2115 805 2150 828 ut
2174 804 2259 838 patet
2276 797 2308 827 in
2328 796 2437 833 littera,
2455 797 2507 827 de-

1455 844 1601 874 terminat
1619 850 1739 883 partem
1755 842 1983 873 affirmativam.
2001 843 2045 873 lta
2057 842 2146 883 quod
2157 848 2244 872 actus
2260 841 2418 871 humanus
2434 850 2507 871 con-

1456 886 1594 917 stituitur
1619 885 1652 916 in
1677 896 1743 916 esse
1766 884 1841 916 boni
1857 886 1906 917 vel
1929 886 2018 922 mali,
2038 886 2128 926 quasi
2151 895 2188 916 ex
2207 894 2300 916 causa
2322 883 2460 920 forma1i;
2478 891 2508 915 et

1456 940 1550 970 super
1572 930 1634 960 hoc
1654 930 1802 960 fundatur
1821 930 1909 971 quod
1925 940 1961 960 ex
1977 930 2086 960 ordine
2100 930 2139 959 ad
2154 928 2264 965 finem,
2280 928 2354 959 recti
2369 928 2419 958 vel
2434 938 2507 968 pec-

1457 974 1530 1010 cati;
1555 984 1591 1004 ex
1615 974 1724 1004 ordine
1753 974 1791 1003 ad
1815 973 1964 1010 efficiens,
1994 973 2158 1004 laudabilis
2186 973 2235 1003 vel
2264 971 2442 1012 culpabilis;
2471 982 2507 1002 ex

1456 1018 1566 1048 ordine
1582 1017 1621 1048 ad
1637 1018 1779 1054 alterurn,
1797 1018 1945 1048 meritorii
1961 1018 2010 1047 vel
2026 1017 2215 1047 demeritorii
2235 1016 2388 1047 rationem
2404 1015 2506 1046 habet.

1455 1062 1496 1092 Et
1511 1072 1576 1092 non
1592 1068 1665 1092 sunt
1680 1061 1756 1091 haec
1772 1062 1925 1091 sumenda
1944 1068 1980 1092 ut
1995 1061 2158 1101 disparata,
2175 1061 2229 1091 sed
2245 1067 2281 1091 ut
2296 1070 2333 1090 ex
2348 1059 2507 1090 additione

1456 1115 1488 1136 se
1518 1105 1681 1136 habentia.
1710 1105 1908 1135 meritorium
1935 1114 2072 1145 namque
2101 1104 2252 1144 supponit
2282 1111 2312 1134 et
2341 1103 2509 1144 praeexigit

344 1150 389 1181 Ita
406 1152 494 1192 quod
509 1152 643 1183 intendit
658 1155 779 1183 Auctor
795 1162 943 1193 quaerere
960 1161 999 1182 an
1012 1157 1100 1183 actus
1113 1151 1273 1182 humanus
1293 1160 1329 1181 ex
1344 1159 1401 1181 sua
1453 1149 1619 1186 laudabile,
1640 1156 1670 1180 et
1691 1149 1849 1180 laudabile
1865 1155 1994 1185 rectum,
2012 1155 2042 1179 et
2057 1155 2177 1179 rectum
2197 1149 2319 1178 bonum
2338 1147 2506 1178 moraliter.

1291 1228 1456 1237 VNKQ
1465 1227 1554 1234 «ΑΛ.

1107 1293 1423 1335 ARTICULUS
1453 1292 1748 1334 SECUNDUS

727 1380 882 1412 UTRUM
906 1380 1048 1412 ACTUS
1071 1380 1291 1416 HUMANUS,
1317 1379 1577 1416 INQUANTUM
1601 1380 1680 1410 EST
1703 1379 1843 1411 BONUS
1866 1380 1950 1410 VEL
1973 1380 2126 1415 MALUS,

888 1422 1064 1455 HABEAT
1087 1423 1314 1454 RATIONEM
1338 1421 1589 1454 LAUDABILIS
1613 1423 1697 1454 VEL
1721 1422 1966 1454 CULPABILIS

380 1528 386 1541 ·»
409 1532 438 1569 ,ψ
460 1530 466 1556 ι,
483 1534 531 1557 ‘A'
554 1524 577 1549 D
593 1522 782 1549 sncuunum
797 1522 850 1548 sm
866 1521 1104 1548 Paocamrua.
1120 1509 1278 1546 Videtur
1297 1509 1402 1556 quod

373 1542 530 1659 ὶὲᾈξξῗ
555 1572 660 1602 actus
678 1563 883 1611 humanus,
903 1575 950 1600 ex
968 1564 1043 1600 hoc
1062 1563 1167 1611 quod
1196 1569 1252 1600 est
1276 1562 1400 1598 bonus

353 1593 1401 1718 aes<aasz&{221¹P022133b2225522222‘311323:

343 1724 454 1774 tingit
469 1724 581 1761 etiam
597 1728 615 1746 ἰ
628 1724 666 1760 in
684 1723 741 1759 his
755 1733 851 1771 quae
868 1727 1037 1772 aguntur
1049 1732 1073 1758 a
1089 1726 1237 1766 natura,
1252 1728 1294 1756 ut
1314 1719 1403 1756 dici—

291 1791 316 1802 ··
342 1783 403 1814 tur
414 1777 453 1813 in
468 1778 500 1813 11
514 1776 664 1825 Physic.
683 1775 704 1797 '¹‘
732 1775 809 1812 Sed
827 1782 957 1813 tamen
971 1785 1016 1811 ea
1035 1784 1134 1822 quae
1149 1781 1236 1810 sunt
1254 1779 1402 1810 natura-

342 1829 404 1877 lia,
423 1839 502 1866 non
530 1835 617 1866 sunt
642 1828 843 1865 laudabilia
869 1837 942 1864 nec
970 1827 1180 1876 culpabilia,
1200 1833 1242 1863 ut
1269 1825 1402 1863 dicitur

343 1882 382 1919 in
401 1883 451 1919 Ill
470 1882 590 1919 Ethic.
611 1882 632 1904 '⁸
652 1882 753 1928 Ergo
782 1887 888 1918 actus
914 1881 1117 1927 humanus,
1138 1892 1184 1916 ex
1203 1880 1277 1916 hoc
1296 1879 1401 1927 quod

343 1940 400 1972 est
421 1936 544 1972 malus
562 1935 625 1972 vel
645 1940 857 1983 peccatum,
877 1945 956 1970 non
980 1933 1095 1970 habet
1117 1932 1300 1971 rationem
1325 1932 1401 1968 cul-

342 1983 432 2037 pae:
462 1994 499 2024 et
516 1996 586 2036 per
604 1996 842 2036 consequens
865 1997 936 2024 nec
960 1997 1005 2022 ex
1027 1986 1102 2022 hoc
1131 1985 1235 2034 quod
1260 1991 1316 2021 est
1334 1985 1401 2021 bo-

342 2049 427 2088 nus,
446 2040 561 2077 habet
589 2039 773 2076 rationem
802 2038 1010 2076 laudabilis.

350 2109 353 2112 >
397 2092 804 2140 2.PRA13TEREA,sicut
822 2091 1001 2139 contingit
1028 2098 1230 2139 peccatum·
1247 2090 1285 2127 in
1314 2090 1401 2139 acti-

343 2147 416 2183 bus
451 2145 680 2192 moralibus,
710 2145 760 2182 ita
788 2151 824 2181 et
851 2143 889 2181 in
917 2143 1062 2180 actibus
1091 2143 1198 2180 artis:
1227 2143 1331 2192 quia,
1360 2150 1402 2180 ut

343 2198 477 2236 dicitur
504 2198 543 2234 in
571 2199 603 2234 II
631 2198 779 2245 Physic.
810 2198 842 2244 *ζ
866 2202 1001 2245 peccat
1024 2196 1298 2246 grammaticus
1326 2207 1400 2232 non

341 2257 441 2288 recte
457 2251 633 2296 scribens,
649 2256 686 2286 et
701 2250 866 2287 medicus
879 2261 954 2286 non
974 2255 1072 2285 recte
1089 2250 1183 2285 dans
1196 2249 1399 2296 potionem.

342 2303 420 2341 Sed
457 2313 534 2340 non
568 2303 742 2351 culpatur
777 2302 907 2339 artifex
943 2312 988 2338 ex
1021 2302 1096 2338 hoc
1127 2300 1233 2348 quod
1261 2300 1400 2348 aliquid

341 2356 486 2394 malum
505 2355 611 2392 facit:
641 2354 730 2404 quia
758 2355 808 2391 ad
826 2353 1047 2391 industriam
1067 2353 1219 2390 artificis
1241 2353 1402 2401 pertinet

341 2408 448 2458 quod
478 2408 597 2457 possit
625 2415 662 2444 et
693 2408 840 2444 bonum
878 2417 975 2455 opus
1007 2406 1131 2442 facere
1167 2412 1203 2442 et
1233 2406 1399 2452 malum,

342 2473 431 2499 cum
448 2460 621 2498 voluerit.
642 2460 744 2508 Ergo
762 2459 915 2497 videtur
935 2459 1040 2508 quod
1061 2459 1176 2496 etiarn
1196 2465 1301 2495 actus
1319 2469 1402 2494 mo-

342 2515 440 2561 ralis,
461 2523 507 2551 ex
533 2514 608 2550 hoc
636 2513 742 2562 quod
770 2520 825 2550 est
853 2512 986 2559 malus,
1016 2523 1095 2548 non
1122 2512 1261 2548 habeat
1289 2511 1402 2548 ratio-

341 2575 433 2605 nem
461 2565 668 2616 culpabilis.

351 2635 354 2638 ⁴
399 2621 433 2656 3.
453 2620 686 2665 PRAETEREA,
703 2616 909 2665 Dionysius
929 2616 1027 2663 dicit,
1043 2616 1081 2652 in
1100 2626 1136 2652 1v
1156 2626 1237 2663 cap.
1254 2616 1300 2652 de
1313 2616 1399 2652 Diu.

343 2671 460 2708 Nom.
478 2670 511 2717 ²⁸,
531 2670 637 2718 quod
666 2670 811 2706 malurn
841 2676 896 2705 est
927 2669 1120 2716 infirmum
1148 2674 1185 2704 et
1209 2668 1400 2716 impotens.

345 2723 423 2760 Sed
441 2722 637 2759 infirmitas
662 2722 726 2758 vel
753 2721 974 2770 impotentia
999 2721 1063 2758 vel
1083 2720 1176 2757 tollit
1201 2721 1265 2757 vel
1293 2719 1402 2757 dimi·

345 2775 426 2812 nuit
453 2775 639 2811 rationem
667 2775 812 2823 culpae.
842 2774 933 2810 Non
961 2785 1050 2821 ergo
1080 2781 1183 2810 actus
1211 2774 1402 2810 humanus

347 2835 403 2865 est
430 2826 625 2875 culpabilis
650 2839 698 2863 ex
725 2827 800 2863 hoc
832 2826 934 2875 quod
963 2833 1020 2862 est
1045 2824 1180 2862 malus.

399 2880 474 2917 SED
493 2889 638 2917 coum
661 2890 728 2915 EST
745 2879 850 2927 quod
867 2878 1124 2927 Philosophus
1142 2878 1230 2915 dicit
1247 2878 1277 2925 ²⁸,
1298 2878 1402 2927 quod

345 2932 549 2970 laudabilia
576 2937 663 2968 sunt
680 2932 858 2968 virtutum
886 2942 1024 2979 opera;
1050 2931 1310 2981 vituperabilia
1337 2942 1404 2967 au-

346 2991 431 3031 tem,
446 2985 507 3023 vel
519 2984 730 3033 culpabilia,
747 2994 862 3032 opera
881 2982 1084 3020 contraria.
1102 2983 1178 3020 Sed
1193 2990 1298 3019 actus
1313 2983 1404 3019 boni

347 3046 434 3075 sunt
469 3044 576 3075 actus
601 3037 765 3084 virtutis,
795 3036 883 3085 quia
910 3036 1027 3072 virtus
1062 3041 1116 3071 est
1141 3046 1238 3083 quae
1265 3036 1403 3071 bonum

335 3091 439 3150 facit
463 3091 670 3136 habentem,
686 3095 722 3126 et
748 3101 839 3138 opus
867 3089 945 3125 eius
972 3089 1111 3125 bonum
1131 3087 1259 3133 reddit,
1279 3094 1322 3124 ut
1349 3087 1405 3124 di-

309 3143 443 3180 ·citur
476 3143 515 3180 in
553 3144 585 3180 11
616 3143 736 3180 Ethic.
765 3141 806 3178 *z
840 3141 942 3179 unde
978 3148 1083 3177 actus
1121 3139 1284 3188 oppositi
1319 3147 1406 3177 sunt

347 3203 452 3233 actus
479 3195 582 3233 mali.
603 3196 706 3243 Ergo
726 3202 831 3232 actus
849 3195 1040 3231 humanus
1060 3203 1104 3229 ex
1131 3194 1207 3229 hoc
1225 3192 1332 3240 quo'd
1351 3199 1406 3230 est

347 3249 471 3286 bonus
498 3249 560 3285 vel
589 3249 732 3296 malus,
756 3248 872 3284 habet
903 3246 1088 3284 rationem
1121 3244 1317 3282 laudabilis
1343 3246 1405 3282 vel

348 3301 555 3350 culpabilis.

401 3355 625 3391 Responnao
654 3364 850 3390 DlCENDUMe
865 3351 982 3401 quod,
1002 3351 1097 3388 sicut
1124 3350 1268 3388 malum
1293 3350 1405 3387 estin

402 3459 428 3491 α)
448 3459 538 3484 etiam.
556 3472 574 3477 -
593 3459 652 3483 Om.
674 3458 765 3482 PFHa.

402 3492 427 3526 β)
447 3494 543 3526 aliquis
562 3497 645 3518 actus.
664 3507 680 3511 -
701 3496 776 3518 actus
795 3493 840 3516 Pa.

401 3529 428 3562 γ)
448 3533 545 3554 autem.
564 3542 583 3547 -
601 3529 670 3553 enim
690 3529 735 3552 Pa.

402 3562 427 3596 δ)
447 3571 520 3597 ergo.
538 3578 556 3582 -
575 3565 643 3589 enim
664 3562 929 3588 PABCDEFGHILa.

1454 1509 1539 1558 plus
1571 1520 1686 1557 quam
1719 1516 1935 1558 peccatum,
1964 1510 2014 1546 ita
2041 1517 2239 1558 peccatum
2273 1517 2328 1547 est
2360 1510 2396 1547 in
2425 1511 2509 1560 plus

1456 1570 1571 1609 quam
1600 1562 1720 1610 culpa.
1743 1563 1800 1598 Ex
1827 1563 1902 1598 hoc
1930 1562 2030 1598 enirn
2059 1563 2190 1599 dicitur
2210 1563 2342 1610 aliquis
2362 1571 2466 1600 actus
2494 1562 2510 1592 β

1456 1613 1649 1661 culpabilis
1677 1615 1738 1650 vel
1768 1614 1976 1660 laudabilis,
2001 1615 2105 1663 quod
2134 1614 2338 1663 imputatur
2366 1616 2507 1663 agenti:

1455 1666 1545 1703 nihil
1565 1666 1666 1703 enim
1687 1674 1742 1703 est
1761 1666 1862 1703 aliud
1881 1667 2024 1703 laudari
2042 1668 2104 1703 vel
2134 1667 2284 1715 culpari,
2305 1679 2421 1716 quarn
2441 1668 2510 1704 im-

1454 1719 1576 1767 putari
1591 1719 1700 1755 alicui
1710 1719 1892 1756 malitiam
1901 1720 1963 1755 vel
1979 1719 2187 1755 bonitatem
2203 1719 2259 1756 sui
2275 1720 2511 1756 actus.Tunc

1456 1779 1584 1808 autem
1603 1777 1626 1800 Τ
1639 1779 1742 1808 actus
1762 1772 1968 1821 imputatur
1987 1772 2122 1819 agenti,
2142 1772 2296 1821 quando
2313 1780 2368 1809 est
2387 1772 2424 1809 in
2443 1785 2511 1821 po-

1455 1831 1586 1861 testate
1602 1825 1729 1873 ipsius,
1746 1824 1796 1861 ita
1811 1825 1918 1873 quod
1934 1825 2072 1861 habeat
2095 1825 2305 1862 dominium
2321 1825 2377 1862 sui
2393 1833 2509 1862 actus.

1457 1878 1543 1914 Hoc
1569 1884 1697 1914 autem
1733 1885 1788 1914 est
1815 1878 1854 1914 in
1883 1878 2062 1914 omnibus
2099 1877 2242 1914 actibus
2269 1878 2509 1915 voluntariis:

1456 1929 1545 1978 quia
1571 1940 1641 1979 per
1667 1931 1903 1968 voluntatem
1932 1931 2050 1967 homo
2080 1930 2292 1967 dominium
2322 1931 2378 1967 sui
2407 1938 2510 1967 actus

1455 1984 1581 2030 habet,
1601 1991 1644 2020 ut
1671 1993 1714 2020 ex
1744 1983 1965 2031 supradictis
1982 1983 2004 2005 ‘¹‘
2020 1990 2133 2031 patet.
2159 1984 2268 2020 Unde
2293 1983 2512 2032 relinquitur
2539 1990 2550 2000 ⁶
2587 1996 2598 2010 ¹¹
2621 1996 2626 2011 ¹
2649 1996 2672 2011 ar
2701 1995 2737 2010 ¹2

1456 2036 1570 2084 quod*
1588 2037 1735 2073 bonum
1762 2037 1825 2072 vel
1853 2037 1997 2073 malurn
2026 2036 2064 2072 in
2091 2036 2178 2072 solis
2207 2036 2349 2073 actibus
2374 2037 2510 2074 volun-

1455 2089 1556 2125 tariis
1576 2089 1762 2126 constituit
1782 2088 1965 2125 rationem
1989 2089 2109 2125 laudis
2128 2090 2190 2126 vel
2210 2090 2359 2138 culpae3
2374 2089 2412 2126 in
2433 2089 2512 2138 qui-

1457 2142 1526 2178 bus
1554 2141 1656 2179 idem
1687 2149 1742 2178 est
1768 2142 1924 2188 malum,
1945 2148 2143 2190 peccatum
2174 2149 2210 2178 et
2238 2143 2359 2190 culpa.

1464 2219 1466 2221 »
1509 2196 1567 2230 AD
1595 2204 1732 2231 ramum
1760 2202 1858 2230 ERGO
1886 2205 2069 2231 meai-inum
2097 2194 2203 2242 quod
2231 2201 2335 2231 actus
2363 2201 2512 2231 natura-

1455 2247 1509 2282 les
1537 2257 1615 2282 non
1643 2253 1731 2282 sunt
1757 2246 1796 2282 in
1813 2253 1998 2294 potestate
2027 2246 2205 2282 naturalis
2234 2246 2396 2293 agentis:
2427 2258 2514 2282 curn

1456 2306 1590 2335 natura
1608 2298 1654 2335 sit
1673 2298 1922 2335 determinata
1949 2299 1998 2335 ad
2016 2309 2150 2335 unum.
2171 2298 2220 2334 Et
2247 2298 2347 2345 ideo,
2367 2298 2452 2334 licet
2477 2298 2514 2334 in

1456 2350 1601 2387 actibus
1628 2350 1859 2387 naturalibus
1888 2350 1934 2387 sit
1960 2357 2172 2400 peccatum,
2198 2362 2275 2387 non
2303 2358 2431 2387 tamen
2460 2357 2516 2387 est

1456 2403 1507 2440 ibi
1534 2404 1656 2452 culpa.

1509 2458 1568 2493 An
1597 2467 1786 2494 SECUNDUM
1805 2465 1988 2493 monimum
2007 2456 2113 2516 quod
2141 2456 2235 2493 ratio
2260 2456 2364 2492 aliter
2391 2468 2430 2492 se
2449 2456 2515 2492 ha-

1456 2510 1519 2546 bet
1546 2508 1585 2546 in
1613 2509 1880 2556 artificialibus,
1902 2515 1938 2545 et
1965 2509 2098 2546 aliter'
2090 2521 2128 2546 in
2156 2509 2376 2546 moralibus.
2399 2510 2440 2545 In
2459 2520 2515 2545 ar-

1455 2561 1668 2599 tificialibus
1696 2562 1797 2598 enirn
1827 2561 1921 2598 ratio
1950 2551 2145 2598 ordinat'ur
2169 2561 2220 2598 ad
2257 2562 2375 2598 finem
2402 2561 2515 2609 parti-

1457 2615 1634 2661 cularem,
1663 2615 1767 2662 quod
1797 2621 1852 2650 est
1878 2614 2018 2662 aliquid
2055 2622 2124 2662 per
2151 2613 2337 2650 rationem
2367 2612 2517 2660 excogi-

1455 2674 1587 2703 tatum.
1618 2644 1659 2702 I'n
1687 2666 1895 2703 moralibus
1933 2674 2060 2702 autem
2098 2666 2293 2702 ordinatur
2320 2666 2369 2702 ad
2395 2664 2515 2702 finem

1457 2728 1706 2756 communem
1742 2718 1856 2755 totius
1888 2719 2078 2755 humanae
2105 2719 2216 2755 vitae.
2247 2719 2349 2755 Finis
2386 2725 2514 2755 autem

1457 2771 1688 2820 particularis
1708 2771 1901 2821 ordinatur
1920 2771 1970 2808 ad
1991 2771 2110 2808 finem
2133 2782 2392 2808 communem.
2413 2772 2514 2807 Cum

1458 2834 1549 2873 ergo
1577 2822 1591 2846 δ
1611 2830 1810 2873 peccatum
1839 2824 1885 2860 sit
1910 2834 1980 2872 per
2012 2823 2268 2860 deviationem
2301 2824 2349 2860 ab
2381 2823 2514 2859 ordine

1457 2877 1506 2914 ad
1533 2877 1664 2924 finem,
1684 2884 1725 2913 ut
1745 2877 1886 2913 dictum
1905 2882 1962 2913 est
1981 2877 2013 2922 *,
2034 2876 2072 2912 in
2091 2884 2177 2912 actu
2197 2876 2283 2912 artis
2303 2875 2483 2922 contingit
2500 2879 2515 2896 ⁶
2544 2882 2553 2889 '
2588 2887 2597 2901 r
2630 2886 2637 2901 ¹

1458 2930 1652 2979 dupliciter
1680 2941 1761 2966 esse
1789 2936 2000 2978 peccatum.
2021 2929 2108 2965 Uno
2136 2929 2266 2974 modo,
2291 2938 2360 2976 per
2387 2927 2514 2964 devia-

1460 2983 1604 3018 tionem
1634 2994 1656 3018 a
1683 2982 1760 3018 fine
1793 2981 2006 3030 particulari
2039 2981 2180 3017 intento
2210 2981 2257 3029 ab
2280 2979 2450 3017 artifice:
2478 2986 2515 3016 et

1458 3035 1532 3070 hoc
1549 3042 1748 3082 peccatum
1771 3033 1838 3069 erit
1865 3033 2167 3082 proprium'arti3
2197 3039 2287 3082 puta
2313 3033 2345 3069 si
2373 3032 2512 3079 artifex,

1458 3086 1656 3123 intendens
1684 3086 1806 3122 facere
1835 3086 2119 3136 bonumfo'pus,
2140 3085 2250 3122 faciat
2275 3086 2432 3132 malum,
2450 3085 2514 3121 vel

1459 3138 1656 3176 intendens
1689 3137 1853 3174 facere-1
1880 3139 2029 3176 >malum
2046 3167 2056 3185 ,
2094 3138 2203 3175 saciat
2235 3139 2394 3175 bonum.
2428 3137 2513 3174 Alio

1458 3191 1588 3239 modo,
1608 3202 1677 3241 per
1697 3190 1953 3228 deviationem
1970 3202 1992 3228 a
2008 3191 2087 3228 fine
2107 3191 2304 3228 communi
2323 3191 2513 3227 humanae

1458 3245 1577 3281 vitae:
1607 3251 1643 3280 et
1669 3244 1744 3280 hoc
1771 3243 1889 3280 modo
1914 3244 2060 3281 dicetur
2073 3255 2246 3292 peccare,
2268 3243 2331 3280 ‘siu
2350 3242 2516 3279 intendat

1458 3298 1582 3334 facere
1601 3297 1745 3333 malum
1774 3308 1882 3344 opus,
1905 3303 1941 3333 et
1967 3297 2087 3344 faciat,
2107 3309 2176 3346 per
2199 3297 2302 3344 quod
2331 3295 2424 3332 alius
2453 3295 2514 3331 de-

1435 3350 1628 3398 ἐίρίειωπ.
1660 3349 1737 3386 Sed
1770 3349 1845 3385 hoc
1880 3357 2080 3398 peccatum
2117 3362 2196 3386 non
2229 3356 2285 3385 est
2320 3347 2515 3397 proprium

1516 3456 1537 3486 ε)
1557 3462 1603 3479 con
1589 3455 1696 3486 nitr1ni.gt
1714 3468 1733 3472 —
1751 3454 1886 3486 continget
1905 3454 2007 3478 ADEH.

1513 3490 1538 3521 ζ)
1553 3490 1632 3523 facer
1633 3497 1655 3514 e.
1667 3489 1759 3513 —.Om
1780 3490 1831 3517 Pa:
1850 3490 1907 3513 vel.
1927 3490 1996 3513 .nbo
1982 3497 2043 3513 num
2062 3496 2114 3512 om
2129 3489 2157 3512 1.

1460 3568 1503 3584 om
1507 3526 1556 3585 ..ηιξ
1559 3525 1611 3549 si-
1624 3525 1702 3549 etiam
1722 3524 1745 3548 si
1758 3525 1830 3548 Ρα.-
1841 3524 1874 3547 Pr
1863 3531 1950 3555 roper
1969 3532 2002 3555 qu
1987 3524 2046 3552 u,0d
2063 3523 2167 3548 eaedem
2158 3530 2234 3554 ι·ιιιε
2247 3523 2295 3547 hoc
2315 3525 2358 3550 u;t
2376 3522 2420 3546 si..

2449 3522 2517 3546 alius
