2852 4152
155 308 260 336 ''Lib.11‚
269 315 295 330 ca
314 315 340 330 .x

156 335 285 363 n.5‚6‚7.-
315 335 367 357 .Th.

158 362 211 384 lect.
222 368 260 383 xx.

149 2617 161 2629 ⁴⁸
176 2616 212 2639 Cf.
227 2620 275 2638 not.
290 2617 311 2644 ζ.

152 2662 160 2671 ·
171 2661 196 2682 In
206 2666 266 2688 resp.
277 2661 305 2682 ad
314 2667 330 2688 1y
340 2667 360 2689 3.

150 2882 160 2891 ·
176 2881 207 2902 Ca
226 2887 273 2908 ,νη
288 2886 360 2903 n.2.-

151 2907 207 2929 S-T
225 2923 231 2930 .
245 2907 298 2930 lect.
312 2914 335 2928 v.

393 170 466 206 326

394 261 416 285 a
444 249 770 297 phantasmatibus
799 259 984 300 acceptas.
1006 252 1055 288 Et
1082 259 1237 300 propter
1263 252 1338 287 hoc
1365 250 1452 286 Phi-

342 315 363 335 v‚
394 302 587 350 Iosephus,
604 302 641 339 in
661 303 738 340 fine
757 304 1010 341 Posteriorum
1031 306 1062 350 ⁴*,
1084 304 1245 340 ostendit
1264 302 1368 350 quod
1390 314 1451 338 co-

394 354 509 402 gnitio
530 355 802 404 principiorum
815 357 993 405 provenit
1011 356 1123 393 nobis
1143 369 1189 392 ex
1208 368 1367 392 sensu.-
1385 355 1451 390 Se-

396 407 563 444 cundum
573 420 667 444 vero
683 416 857 445 naturam
873 409 1069 455 individui,
1082 416 1137 444 est
1152 408 1286 455 aliquis
1301 406 1451 443 habitus

396 460 673 507 cognoscitivus
698 462 906 498 seeundum
931 460 1213 498 inchoationem
1234 458 1410 495 naturalis
1426 463 1450 504 ε,

395 512 620 561 inquantum
648 526 748 550 unus
777 515 912 559 homo,
944 525 986 550 ex
1016 512 1261 561 dispositione
1291 523 1451 558 organo-

396 578 502 612 rum,
542 574 596 610 est
637 566 755 613 magis
799 574 908 614 aptus
946 567 994 602 ad
1027 566 1124 601 bene
1166 563 1450 611 intelligendum

396 630 512 666 quam
528 618 632 665 alius,
651 618 873 666 inquantum
896 618 944 654 ad
965 617 1226 666 operationem
1246 616 1453 652 intellectus

395 670 608 718 indigemus
636 671 835 707 virtutibus
864 670 1061 706 sensitivis.

450 725 491 760 In
520 722 731 771 appetitivis
760 730 886 759 autem
922 721 1099 770 potentiis
1128 733 1206 758 non
1236 728 1290 757 est
1318 720 1450 769 aliquis

395 776 544 813 habitus
561 775 736 813 naturalis
752 775 963 811 secundum
980 773 1276 820 inchoationem,
1287 785 1331 810 ex
1345 781 1451 822 parte

395 828 511 876 ipsius
547 827 715 874 animae,
745 835 930 876 quantum
969 827 1016 864 ad
1045 827 1167 876 ipsam
1203 827 1450 864 substantiam

394 880 559 918 habitus:
589 881 655 916 sed
684 880 807 916 solum
837 887 1022 929 quantum
1051 880 1099 916 ad
1127 879 1309 928 principia
1338 892 1452 928 quae-

395 933 483 970 dam
505 932 633 980 ipsius,
654 933 749 969 sicut
768 932 951 981 principia
970 932 1060 969 iuris
1085 932 1302 969 communis
1323 932 1452 969 dicun-

394 993 454 1021 tur
483 997 564 1021 esse
591 985 786 1022 seminalia
824 986 1014 1023 virtutum.
1045 986 1094 1022 Et
1121 985 1196 1022 hoc
1224 985 1331 1032 ideo,
1362 985 1452 1034 quia

393 1037 580 1074 inclinatio
611 1038 657 1074 ad
684 1038 831 1075 obiecta
854 1038 1020 1087 propria,
1042 1050 1140 1086 quae
1160 1037 1171 1062 t
1199 1037 1349 1074 videtur
1369 1049 1451 1074 esse

393 1090 583 1127 inchoatio
613 1091 778 1138 habitus,
809 1104 887 1127 non
906 1091 1068 1139 pertinet
1093 1091 1142 1128 ad
1170 1090 1354 1136 habitum,
1384 1090 1451 1126 sed

392 1143 512 1190 magis
531 1143 693 1191 pertinet
717 1144 765 1180 ad
792 1144 914 1192 ipsam
936 1144 1120 1180 rationem
1139 1142 1406 1191 potentiarum.
1426 1163 1450 1170 -

393 1196 469 1232 Sed
498 1208 542 1231 ex
570 1203 675 1244 parte
703 1197 885 1245 corporis,
915 1196 1126 1233 secundum
1157 1203 1330 1232 naturam
1357 1195 1452 1232 indi-

390 1248 516 1295 vidui,
554 1257 639 1286 sunt
676 1249 789 1297 aliqui
827 1249 975 1286 habitus
1009 1248 1202 1298 appetitivi
1240 1248 1450 1285 secundum

391 1301 651 1338 inchoationes
684 1303 883 1339 naturales.
925 1303 1020 1338 Sunt
1055 1301 1156 1338 enirn
1189 1301 1345 1351 quidam
1380 1301 1451 1338 dis-

391 1354 502 1402 positi
527 1366 572 1390 ex
599 1355 753 1404 propria
782 1355 952 1404 corporis
981 1354 1242 1403 complexione
1272 1354 1320 1391 ad
1346 1354 1451 1391 casti-

392 1414 504 1443 tatem
534 1407 595 1444 vel
625 1408 971 1456 mansuetudinem,
1000 1408 1063 1445 vel
1087 1408 1135 1444 ad
1156 1407 1295 1456 aliquid
1323 1407 1451 1444 huius-

391 1459 510 1499 modi.

444 1515 502 1549 Ao
531 1525 668 1550 PmMUM
696 1525 794 1550 ERGO
832 1525 1016 1551 DICENDUM
1055 1512 1160 1562 quod
1197 1512 1360 1550 obiectio
1389 1513 1450 1550 illa

1116 173 1381 220 QUAESTIO
1410 174 1476 219 LI,
1505 172 1799 209 ARTICULUS
1830 173 1843 207 1

1505 258 1561 286 tra
1590 249 1775 286 rationem
1797 257 1832 285 et
1850 250 2109 287 voluntatem:
2139 262 2227 287 cum
2247 258 2375 287 tamen
2404 250 2486 298 ipsa
2505 262 2563 286 ra-

1505 302 1556 339 tio
1588 310 1623 338 et
1650 303 1826 338 voluntas
1846 302 1894 338 ad
1915 309 2089 339 naturam
2118 303 2283 340 hominis
2311 303 2532 351 pertineant.

1558 356 1622 391 An
1634 365 1826 391 SECUNDUM
1853 365 2038 392 DiCENDUM
2065 356 2169 404 quod
2196 355 2337 404 aliquid
2366 355 2478 392 etiarn
2498 367 2564 392 na-

1505 406 1671 442 turaliter
1693 413 1819 455 potest
1846 406 2050 454 superaddi
2077 408 2281 456 potentiae,
2312 408 2417 455 quod
2435 415 2562 445 tamen

1507 458 1555 495 ad
1583 458 1704 507 ipsam
1733 458 1943 507 potentiam
1969 459 2157 508 pertinere
2185 473 2263 497 non
2290 467 2427 508 potest.
2458 460 2564 497 Sicut

1506 510 1544 547 in
1572 511 1713 558 angelis
1741 523 1820 547 non
1847 518 1972 559 potest
1997 513 2186 560 pertinere
2214 512 2262 550 ad
2286 513 2410 561 ipsam
2429 520 2563 560 poten-

1506 563 1598 599 tiam
1626 563 1891 600 intellectivam
1929 566 2034 612 quod
2062 565 2108 602 sit
2141 578 2210 614 per
2237 578 2278 602 se
2307 563 2564 612 cognoscitiva

1507 616 1698 652 omnium:
1710 615 1798 664 quia
1813 623 2005 664 oporteret
2019 618 2124 665 quod
2141 625 2238 655 esset
2254 626 2358 655 actus
2375 617 2562 664 omnium,

1506 669 1611 717 quod
1640 668 1755 705 solius
1783 668 1856 705 Dei
1876 677 1940 707 est.
1971 670 2014 706 Id
2038 670 2137 707 enim
2166 683 2244 720 quo
2264 670 2404 720 aliquid
2425 682 2566 718 cogno-

1507 721 1636 768 scitur,
1666 728 1816 770 oportet
1845 733 1925 758 esse
1954 723 2140 772 actualem
2169 723 2455 760 similitudinem
2485 721 2564 760 eius
2597 730 2601 734 ”

1507 774 1611 823 quod
1646 773 1904 822 cognoscitur:
1937 774 2040 811 unde
2068 783 2308 824 sequeretur,
2338 774 2368 813 si
2395 775 2565 825 potentia

1507 827 1627 875 angeli
1645 839 1714 876 per
1733 826 1898 876 seipsam
1919 835 2164 874 cognosceret
2183 827 2326 875 omnia,
2346 829 2452 877 quod
2468 835 2566 865 esset

1507 879 1711 916 similitudo
1741 887 1778 916 et
1806 887 1910 916 actus
1939 879 2122 916 omnium.
2144 880 2254 917 Unde
2283 888 2432 929 oportet
2459 881 2566 930 quod

1506 932 1809 981 superaddantur
1818 932 2009 981 potentiae
2027 932 2274 970 intellectivae
2289 932 2406 982 ipsius
2417 933 2563 983 aliquae

1506 985 1651 1033 species
1670 985 1929 1033 intelligibiles,
1947 997 2045 1034 quae
2061 992 2147 1022 sunt
2161 985 2423 1023 similitudines
2438 998 2565 1023 rerum

1506 1038 1799 1075 intellectarum:
1829 1038 1918 1085 quia
1951 1050 2018 1086 per
2051 1038 2380 1086 participationem
2415 1039 2564 1076 divinae

1507 1089 1724 1138 sapientiae,
1737 1098 1773 1127 et
1788 1102 1866 1127 non
1881 1102 1949 1138 per
1964 1090 2167 1127 essentiam
2181 1090 2391 1139 propriam,
2407 1098 2568 1140 possunt

1505 1143 1714 1180 intellectus
1734 1155 1870 1180 eorum
1891 1155 1973 1179 esse
1993 1151 2078 1180 actu
2095 1156 2139 1180 ea
2159 1155 2256 1192 quae
2275 1143 2494 1191 intelligunt.
2518 1143 2568 1180 Et

1507 1195 1559 1232 sic
1582 1203 1685 1244 patet
1705 1195 1809 1245 quod
1829 1208 1907 1233 non
1927 1208 2043 1232 omne
2063 1196 2101 1233 id
2123 1196 2228 1245 quod
2248 1196 2410 1244 pertinet
2432 1195 2482 1232 ad
2500 1195 2569 1232 ha-

1506 1249 1628 1286 bitum
1654 1249 1877 1296 naturalem,
1903 1257 2028 1298 potest
2051 1249 2100 1286 ad
2127 1249 2339 1298 potentiam
2366 1248 2567 1298 pertinere.

1559 1303 1618 1338 An
1645 1313 1806 1339 TERTtUM
1830 1313 2014 1339 mcENDUM
2042 1302 2148 1351 quod
2172 1310 2307 1339 natura
2326 1314 2405 1339 non
2427 1313 2570 1350 ,aequa-

1505 1354 1587 1391 liter
1615 1367 1654 1391 se
1692 1355 1807 1391 habet
1835 1354 1883 1392 ad
1912 1355 2122 1392 causandas
2159 1367 2295 1392 omnes
2333 1354 2569 1394 diversitates

1505 1407 1723 1444 habituum:
1754 1407 1842 1456 quia
1861 1407 2017 1456 quidam
2035 1416 2196 1456 possunt
2216 1407 2404 1445 causaria
2421 1413 2568 1454 natura,

1506 1460 1663 1508 quidam
1691 1472 1782 1507 non,
1811 1467 1852 1497 ut
1867 1473 1981 1510 supra
1998 1460 2020 1482 '¹‘
2047 1460 2190 1498 dictum
2218 1468 2285 1497 est.
2307 1461 2356 1497 Et
2374 1459 2462 1498 ideo
2490 1471 2570 1498 non
2601 1469 2648 1492 '1¹¹
2663 1475 2770 1498 corpore-

1505 1513 1684 1562 sequitur,
1702 1514 1732 1550 si
1752 1513 1863 1562 aliqui
1877 1513 2028 1550 habitus
2048 1513 2120 1551 sint
2139 1514 2340 1561 naturales,
2361 1513 2467 1563 quod
2488 1524 2570 1550 om-

391 1566 561 1614 procedit
580 1567 626 1603 de
647 1574 780 1603 natura
804 1566 1017 1603 secundum
1037 1566 1141 1614 quod
1162 1565 1341 1603 dividitur
1362 1577 1450 1602 con·
1477 1564 1480 1616 Ι
1506 1578 1573 1602 nes
1602 1566 1674 1602 sint
1702 1566 1902 1603 naturales.

444 1679 465 1710 ε)
486 1679 627 1704 naturalis.
641 1694 658 1698 —
678 1680 828 1704 naturalem
847 1679 938 1705 PFKa.

1560 1679 1585 1711 ζ)
1605 1687 1679 1712 quae.
1697 1693 1716 1699 —
1734 1680 1805 1712 quod
1817 1679 2058 1704 ABCDEFGHKL.
2071 1694 2089 1699 -
2099 1679 2148 1704 Pro
2163 1678 2306 1708 inchoatio,
2320 1678 2459 1704 inclinatio
2473 1677 2572 1704 Pol-ta.

1507 1715 1546 1740 Cf.
1561 1715 1706 1740 Comment.
1727 1715 1806 1740 Caiet.
1825 1722 1896 1739 num.
1911 1722 1932 1739 ι.

1071 1785 1400 1819 Commentaria
1423 1785 1671 1818 Cardinalis
1693 1784 1892 1818 Caietani

420 1875 439 1894 N
464 1874 596 1904 corpore
624 1864 744 1895 articuli
767 1864 861 1904 primi
885 1864 1080 1904 quaestionis
1108 1863 1451 1904 quinquagesimaepri-

393 1877 501 1942 Imae,
526 1909 642 1948 duplex
666 1909 801 1939 occurrit
824 1908 968 1939 dubium.
990 1908 1134 1939 Primum
1149 1915 1195 1938 est
1211 1908 1292 1938 circa
1310 1907 1452 1938 differen-

389 1952 466 1982 tiam
488 1952 568 1982 inter
590 1951 828 1983 inchoationem
852 1952 976 1982 habitus
1001 1962 1037 1983 ex
1059 1958 1147 1992 parte
1171 1951 1294 1982 animae
1313 1951 1345 1981 in
1365 1958 1452 1991 parte

390 1995 626 2036 apprehensiva,
644 2003 674 2026 et
696 1996 882 2036 appetitiva:
903 2006 1001 2037 quare
1025 1996 1057 2026 in
1076 1995 1236 2026 intellectu
1257 1996 1389 2036 ponitur
1403 1995 1451 2026 in-

390 2040 517 2071 choatio
541 2046 697 2081 quantum
720 2041 759 2070 ad
782 2041 886 2080 ipsam
909 2039 1117 2071 substantiam
1134 2039 1270 2076 habitus,
1287 2039 1320 2070 in
1335 2040 1451 2070 volun-

389 2091 450 2115 tate
470 2094 546 2114 non.
562 2086 628 2114 Aut
649 2084 733 2114 enim
748 2094 803 2124 per
818 2084 1056 2115 inchoationem
1072 2084 1168 2114 talem
1183 2083 1317 2115 intendit
1332 2083 1452 2124 aliquid

389 2128 509 2159 actuale
533 2138 626 2168 super
649 2128 757 2168 ipsum
778 2128 990 2159 intellectum:
1008 2136 1063 2160 aut
1086 2138 1160 2159 non.
1186 2128 1218 2159 Si
1241 2127 1378 2159 intendit
1397 2128 1451 2158 ali-

391 2173 467 2213 quid
492 2173 622 2208 actuale,
639 2173 780 2213 sequitur
803 2173 893 2213 quod
915 2173 1091 2203 intellectus
1108 2172 1267 2212 possibilis
1289 2182 1355 2202 non
1372 2179 1418 2203 est
1434 2182 1452 2202 a

389 2216 544 2256 principio
577 2217 657 2247 sicut
679 2217 785 2247 tabula
816 2227 884 2247 rasa
915 2224 945 2247 et
967 2227 1048 2257 pura
1077 2216 1235 2256 potentia:
1260 2215 1334 2257 quia
1358 2215 1452 2247 habet

390 2260 576 2291 huiusmodi
600 2268 707 2292 actum
731 2261 1004 2301 supperadditum.
1021 2278 1039 2283 -
1056 2260 1088 2291 Si
1104 2271 1180 2297 non,
1198 2260 1340 2301 sequitur
1363 2260 1451 2300 quod

390 2314 446 2344 par
460 2305 500 2335 sit
515 2304 594 2335 ratio
610 2305 648 2335 de
664 2305 823 2335 intellectu
837 2311 868 2335 et
880 2304 1037 2345 appetitu:
1055 2304 1088 2334 in
1101 2311 1237 2345 utroque
1250 2303 1335 2334 enim
1351 2305 1450 2334 modo

391 2355 465 2379 sunt
487 2349 608 2379 semina
629 2349 801 2385 virtutum,
831 2355 861 2379 et
884 2349 924 2379 ad
948 2348 1100 2389 principia
1123 2348 1273 2379 naturalis
1296 2348 1451 2388 prompti-

390 2393 480 2429 tudo,
506 2399 636 2433 propter
658 2403 756 2433 quam
779 2393 926 2424 videntur
949 2393 1131 2423 naturaliter
1159 2392 1260 2423 inesse
1288 2392 1381 2423 nobis
1404 2402 1451 2423 se-

391 2437 532 2467 cundum
556 2437 771 2477 cognitionem
794 2444 824 2467 et
847 2437 1034 2477 appetitum.

446 2481 628 2512 Secundum
646 2488 692 2511 est
706 2481 744 2512 de
757 2491 850 2511 causa
866 2480 960 2511 huius
977 2481 1131 2520 assignata
1146 2480 1178 2510 in
1191 2480 1301 2511 littera.
1319 2480 1452 2511 Videtur

391 2524 476 2554 enim
499 2525 660 2565 implicare
685 2532 714 2555 et
737 2525 769 2556 in
786 2535 827 2561 se,
846 2532 876 2556 et
896 2535 970 2555 curn
985 2524 1180 2565 supradictis.
1203 2524 1237 2554 In
1261 2534 1293 2554 se
1309 2523 1450 2565 quidem,

389 2569 464 2609 quia
479 2569 571 2609 ponit
584 2569 822 2599 inclinationem
838 2569 877 2598 ad
894 2569 1021 2609 propria
1044 2568 1166 2599 obiecta
1186 2575 1324 2608 spectare
1340 2568 1380 2598 ad
1397 2568 1451 2598 ha-

389 2613 491 2644 bitum
503 2613 533 2649 *;
555 2620 585 2644 et
599 2623 665 2643 non
689 2620 828 2653 spectare
844 2613 884 2643 ad
900 2613 1016 2653 ipsum,
1034 2613 1089 2643 sed
1108 2613 1148 2642 ad
1163 2612 1347 2652 potentiam.
1366 2612 1451 2643 Cum

389 2657 553 2697 praedictis
577 2665 694 2693 autem,
719 2657 794 2698 quia
809 2657 842 2687 in
858 2664 913 2688 art.
934 2659 950 2687 5
971 2664 1091 2698 quaest.
1109 2666 1210 2697 praec.
1227 2656 1253 2692 *,
1270 2656 1391 2687 dictum
1405 2663 1452 2687 est

388 2701 531 2732 habitum
548 2701 580 2731 in
593 2702 755 2732 voluntate
768 2701 846 2742 poni
862 2708 991 2741 propter
1006 2701 1245 2731 inclinationem
1261 2700 1301 2730 ad
1324 2700 1452 2741 propria

389 2745 526 2776 obiecta:
552 2746 640 2786 quod
664 2745 714 2776 hic
739 2752 878 2785 negatur.

442 2789 478 2819 Il.
497 2790 546 2820 Ad
563 2790 699 2830 primam
715 2789 944 2820 dubitationem
960 2788 1074 2820 dicitur
1090 2789 1189 2829 quod,
1206 2788 1450 2829 praesupposito

388 2834 476 2873 quod
493 2834 667 2864 intellectus
683 2843 778 2874 agens
794 2843 860 2863 non
875 2840 921 2864 est
937 2833 1062 2864 habitus
1079 2832 1307 2873 principiorum
1323 2832 1378 2873 qui
1393 2843 1451 2873 po-

388 2878 473 2908 nitur
488 2888 572 2908 unus
589 2888 625 2908 ex
637 2878 779 2918 quinque
792 2878 950 2908 habitibus
965 2877 1239 2912 intellectualibus,
1247 2877 1288 2908 Vl
1302 2877 1406 2907 Ethic.
1422 2877 1448 2913 ¹⁸,

389 2923 476 2962 quod
501 2933 566 2952 non
583 2929 628 2953 est
645 2922 769 2952 difficile
786 2922 986 2962 persuadere:
1012 2922 1078 2952 duo
1095 2931 1214 2952 errores
1231 2921 1361 2952 cavendi
1377 2927 1451 2951 sunt

387 2965 447 2996 hic.
473 2966 569 3002 Alter,
587 2977 626 2996 ne
646 2973 795 3007 putemus
816 2966 976 3006 pueriliter
993 2976 1091 2996 unam
1105 2972 1227 3006 partem
1242 2965 1368 2996 habitus
1392 2965 1447 3006 qui

389 3010 501 3040 dieitur
515 3010 700 3046 intellectus,
718 3009 783 3040 fieri
799 3011 837 3040 ab
854 3010 944 3046 intra,
962 3016 993 3040 et
1008 3009 1138 3040 alteram
1154 3010 1192 3040 ab
1217 3016 1314 3046 extra;
1331 3016 1361 3040 et
1377 3019 1450 3050 pro-

387 3060 492 3093 pterea
508 3054 743 3084 inchoationem
761 3054 826 3084 eius
851 3054 927 3094 poni
948 3064 965 3083 a
981 3060 1101 3090 natura,
1123 3053 1350 3094 perfectionem
1369 3063 1450 3094 quae

388 3105 598 3138 nuncupatur,
616 3098 654 3128 ab
671 3105 762 3128 extra.
775 3099 871 3134 Alter,
886 3108 925 3128 ne
940 3104 1090 3138 putemus
1103 3104 1204 3128 totam
1215 3098 1302 3128 illam
1318 3097 1449 3138 quidem

387 3142 571 3182 qualitatem
587 3152 668 3183 quae
692 3149 739 3172 est
757 3142 892 3179 habitus,
910 3143 1121 3182 congenitam,
1138 3149 1174 3172 ut
1192 3151 1342 3172 coaevam
1360 3141 1449 3172 intel·

386 3185 495 3222 lectus,
512 3187 566 3216 sed
585 3186 769 3226 impeditam
794 3193 923 3226 propter
947 3187 1107 3217 absentem
1130 3186 1275 3217 notitiam
1299 3186 1449 3216 termino-

386 3240 467 3261 rum.
499 3230 642 3260 Primum
676 3230 761 3260 enim
795 3237 949 3270 repugnat
980 3230 1218 3261 indivisibilitati
1246 3229 1449 3270 intelligibilis

387 3274 557 3315 qualitatis:
583 3274 759 3305 secundum
776 3283 849 3304 vero
874 3284 969 3314 purae
989 3274 1158 3314 potentiae,
1184 3284 1246 3315 qua
1272 3274 1448 3305 intellectus

386 3317 418 3347 in
434 3318 590 3358 principio
615 3325 660 3349 est
677 3318 758 3348 sicut
777 3318 883 3348 tabula
900 3328 976 3349 rasa.
989 3336 1010 3341 -
1022 3319 1204 3348 Putandum
1224 3324 1331 3348 autem
1348 3317 1448 3358 magis

386 3368 433 3392 est
455 3363 552 3403 quod,
569 3362 648 3393 sicut
671 3362 788 3392 nutrire
812 3371 989 3402 augereque
1014 3363 1170 3392 naturales
1194 3369 1268 3392 sunt
1281 3368 1368 3393 actus
1383 3361 1448 3392 ani-

387 3416 456 3436 mae
471 3416 536 3436 non
555 3406 836 3447 qualitercumque,
854 3406 908 3436 sed
924 3406 1108 3436 adveniente
1128 3406 1278 3436 alimento
1298 3406 1446 3442 decocto;

387 3450 430 3480 sic
450 3450 560 3481 notitia
580 3450 809 3491 principiorum
823 3450 990 3480 habitualis
1011 3450 1191 3481 naturaliter
1209 3450 1290 3481 inest
1312 3449 1444 3486 animae,

386 3494 623 3525 advenientibus
647 3495 685 3524 ab
710 3502 792 3525 extra
811 3493 962 3525 terminis.
981 3494 1026 3524 Ita
1045 3494 1134 3534 quod
1157 3494 1196 3524 ad
1219 3493 1447 3534 intelligibilem

1504 1865 1715 1904 praesentiam
1739 1874 1868 1900 eorum,
1894 1864 2031 1896 inditum
2055 1871 2101 1895 est
2123 1864 2212 1905 quod
2235 1865 2274 1895 ab
2297 1864 2403 1895 anima
2424 1864 2458 1895 in
2480 1864 2572 1895 intel-

1503 1908 1587 1938 lectu
1610 1908 1762 1949 possibili,
1779 1909 1838 1939 sub
1861 1908 1983 1938 lumine
2006 1908 2135 1949 agentis,
2155 1908 2233 1939 fluat
2255 1908 2389 1950 qualitas
2411 1908 2464 1939 illa
2487 1917 2568 1950 quae

1504 1958 1550 1982 est
1572 1952 1697 1982 habitus
1719 1951 1964 1992 principiorum
1989 1952 2070 1984 sicut
2093 1958 2201 1983 motus
2231 1952 2376 1992 gravium
2399 1958 2430 1983 et
2446 1951 2568 1991 levium

1504 2006 1522 2026 a
1546 2001 1656 2027 natura
1679 1996 1823 2036 gravium
1843 2002 1873 2026 et
1894 1995 2024 2027 levium.
2049 1996 2098 2032 Et,
2120 2002 2156 2026 ut
2178 1996 2276 2026 semel
2299 1996 2427 2033 effluxit,
2447 2005 2573 2039 semper

1504 2046 1693 2080 perseverat;
1711 2039 1856 2080 quamvis
1870 2050 1935 2070 non
1949 2046 2036 2070 exeat
2046 2040 2079 2070 in
2095 2047 2211 2076 actum,
2228 2039 2380 2080 impedita
2395 2039 2570 2080 phantasia

1559 2083 1739 2114 Differentia
1757 2083 1852 2124 igitur
1874 2083 1955 2114 inter
1977 2084 2173 2114 intellectum
2192 2090 2223 2115 et
2245 2084 2443 2115 voluntatem
2459 2083 2494 2114 in
2504 2083 2572 2115 hbe

1504 2135 1559 2164 est,
1573 2128 1661 2169 quod
1676 2128 1709 2158 in
1724 2128 1885 2159 intellectu
1901 2128 1971 2159 fluit
1987 2128 2169 2159 naturaliter
2183 2127 2310 2160 habitus
2324 2128 2465 2169 quidam,
2480 2128 2570 2169 praei

1505 2172 1645 2203 sentibus
1661 2172 1699 2202 ab
1717 2179 1801 2203 extra
1815 2172 1956 2202 terminis
1971 2172 2216 2213 principiorum:
2233 2172 2267 2204 in
2281 2173 2446 2204 voluntate
2460 2178 2570 2205 autem

1504 2226 1587 2252 non,
1617 2217 1671 2246 sed
1702 2217 1770 2247 sola
1798 2215 2020 2257 promptitudo
2051 2216 2152 2256 ipsius
2181 2217 2221 2247 ad
2251 2216 2420 2258 principia,
2454 2215 2571 2251 scilic&

1503 2260 1628 2290 bonum
1650 2260 1912 2300 prosequendum
1928 2267 1959 2291 et
1974 2260 2096 2291 malum
2113 2259 2310 2300 fugiendum,
2328 2267 2359 2291 et
2371 2258 2568 2302 huiusmodi,

1504 2304 1663 2334 invenitur
1685 2314 1703 2334 a
1726 2310 1848 2334 natura.

1561 2348 1611 2379 ΠΙ.
1624 2348 1675 2377 Ad
1689 2348 1862 2378 secundam
1877 2347 2107 2378 dubitationem
2117 2347 2134 2366 *
2147 2347 2260 2378 dicitur
2272 2347 2446 2388 dupliciter,
2460 2355 2570 2378 secun·
2596 2356 2632 2380 ct.
2649 2361 2713 2379 uum.
2728 2362 2746 2378 ι.

1505 2393 1584 2422 dum
1607 2393 1696 2432 quod
1712 2391 1878 2431 dupliciter
1900 2391 2015 2431 exponi
2031 2398 2168 2431 possunt
2181 2392 2276 2422 verba
2293 2391 2423 2423 litterae.
2447 2391 2566 2428 Primo,

1504 2436 1709 2476 intelligendo
1733 2446 1788 2476 per
1810 2436 1843 2476 ly
1860 2437 1997 2476 propria
2021 2436 2151 2473 obiecta,
2176 2435 2322 2477 specialia
2343 2435 2467 2467 obiecta
2491 2445 2567 2468 con-

1504 2487 1589 2511 tenta
1613 2480 1672 2510 sub
1692 2479 1856 2511 communi
1880 2479 2005 2511 obiecto
2029 2479 2113 2510 illius
2134 2479 2292 2520 potentiae
2299 2488 2308 2516 ;
2328 2479 2458 2520 quaein
2474 2489 2568 2521 quae·

1505 2523 1607 2555 stione
1631 2523 1827 2564 praecedenti
1849 2523 1867 2542 *
1889 2523 2014 2554 vocavit
2035 2523 2166 2564 aliquod
2191 2523 2447 2554 determinatum.
2470 2523 2567 2564 Verbi
2595 2531 2809 2559 ·1200.dt.suprn.

1504 2567 1611 2608 gratia,
1623 2567 1656 2597 in
1667 2567 1831 2598 voluntate
1846 2577 2018 2597 commune
2030 2567 2192 2598 obiectum
2204 2573 2250 2598 est
2263 2568 2402 2598 bonum:
2420 2562 2567 2608 specium

1505 2618 1579 2642 sunt
1601 2612 1725 2642 bonurn
1749 2611 1780 2641 in
1797 2611 1998 2651 passionibus
2021 2611 2143 2642 timoris
2159 2618 2190 2642 et
2205 2611 2369 2647 audaciae,
2394 2611 2518 2642 bonum
2532 2610 2568 2646 ia

1505 2655 1765 2687 delectationibus
1788 2662 1819 2686 et
1842 2655 1985 2692 tristitiis,
2001 2655 2125 2686 bonum
2147 2655 2182 2686 in
2204 2655 2519 2692 commutationibus,
2536 2655 2569 2688 ek

1505 2700 1701 2731 huiusmodi.
1722 2700 1764 2730 Et
1778 2700 1822 2730 sic
1841 2699 1920 2730 ratio
1938 2699 2059 2730 litterae
2078 2699 2190 2730 alludit
2208 2699 2299 2730 dictis
2317 2699 2350 2730 in
2373 2709 2454 2740 resp.
2470 2699 2511 2731 ad
2536 2700 2565 2739 3,

1504 2744 1537 2774 in
1554 2751 1608 2775 art.
1630 2745 1645 2774 5
1664 2754 1765 2784 praec.
1781 2750 1919 2784 quaest.:
1937 2743 2054 2774 scilicet
2065 2743 2164 2784 quod,
2182 2743 2257 2784 quia
2279 2742 2312 2774 in
2326 2743 2489 2776 intellectu
2511 2743 2567 2778 he.-

1504 2788 1587 2819 bitus
1611 2795 1658 2818 est
1687 2787 1879 2818 necessarius
1910 2787 2108 2828 simpliciter,
2133 2787 2208 2828 quia
2231 2793 2276 2818 est
2308 2787 2567 2819 determinativus

1503 2832 1663 2872 potentiae
1682 2832 1722 2862 ad
1741 2831 1879 2868 obiecta;
1899 2831 1932 2861 in
1952 2831 2115 2862 voluntate
2134 2838 2241 2862 autem
2255 2838 2302 2862 est
2317 2831 2509 2864 necessarius
2525 2828 2566 2862 ad

1503 2877 1583 2906 bene
1600 2886 1676 2912 esse,
1701 2876 1775 2916 quia
1792 2885 1857 2906 non
1877 2875 2064 2907 determinat
2079 2876 2119 2906 ad
2135 2875 2267 2912 obiecta,
2285 2876 2338 2906 sed
2362 2875 2434 2906 facit
2457 2879 2566 2917 proma

1503 2921 1650 2960 ptiorem,
1667 2927 1739 2956 etc.;
1759 2920 1832 2950 ideo
1849 2920 1893 2950 ibi
1913 2926 1959 2950 est
1972 2920 2099 2951 habitus
2117 2919 2276 2956 naturalis,
2301 2919 2351 2950 hic
2373 2929 2452 2953 non,
2464 2937 2487 2944 -
2503 2919 2566 2952 Sed

1503 2965 1580 2995 haec
1598 2964 1763 3005 responsio
1787 2974 1852 2994 non
1875 2964 1967 2995 valet.
1993 2964 2077 3001 Quia
2103 2963 2278 2995 intellectus
2301 2973 2367 2994 non
2391 2963 2499 2995 solum
2520 2963 2564 3002 ad

1503 3008 1664 3048 specialia,
1690 3009 1744 3038 sed
1768 3009 1807 3038 ad
1828 3007 2127 3039 communissimum
2152 3007 2313 3038 obiectum
2344 3007 2566 3048 attingendum

1503 3052 1728 3084 determinatur
1751 3053 1789 3083 ab
1804 3052 1929 3083 habitu:
1956 3061 1990 3082 ac
2018 3061 2074 3092 per
2095 3052 2167 3088 hoc,
2185 3058 2269 3082 extra
2291 3050 2496 3092 propositum
2518 3054 2566 3093 est

1501 3097 1591 3138 loqui
1616 3097 1655 3127 de
1679 3092 1865 3137 specialibiis
1889 3095 2027 3127 obiectis.

1558 3141 1737 3171 Dicendum
1760 3147 1807 3172 est
1829 3150 1903 3180 ergo
1923 3140 2012 3180 quod
2035 3149 2140 3170 sermo
2163 3139 2283 3171 litterae
2299 3146 2346 3170 est
2359 3139 2515 3171 formalis:
2531 3141 2564 3170 et

1501 3195 1557 3225 per
1579 3185 1708 3225 propria
1723 3184 1847 3216 obiecta
1864 3184 1998 3215 intendit
2015 3184 2083 3224 ipse
2098 3194 2181 3220 vera,
2197 3183 2326 3224 propria
2344 3190 2376 3214 et
2389 3183 2563 3224 adaequata

1502 3230 1623 3261 obiecta
1642 3228 1857 3270 potentiarum
1880 3227 2132 3268 appetitivamm,
2150 3228 2190 3258 de
2212 3227 2329 3269 quibus
2352 3227 2505 3268 loquitur.
2521 3226 2563 3259 Et

1502 3273 1589 3314 quod
1614 3273 1692 3304 ratio
1717 3271 1859 3304 consistit
1880 3272 1914 3302 in
1937 3272 2013 3308 hoc,
2038 3272 2126 3313 quod
2147 3271 2223 3314 quia
2246 3271 2388 3307 officium
2411 3268 2564 3313 naturalis

1502 3317 1626 3348 habitus
1650 3318 1690 3347 ad
1714 3315 1942 3357 operationem,
1958 3316 1990 3346 in
2014 3316 2180 3346 communi
2198 3315 2372 3359 loquendo,
2392 3318 2439 3346 est
2462 3314 2561 3345 deter-

1502 3361 1620 3392 minare
1637 3361 1814 3401 potentiam
1827 3360 1866 3391 ad
1883 3360 2044 3391 obiectum
2059 3360 2295 3400 attingendum
2315 3357 2389 3390 etin
2401 3357 2561 3389 intellectu

1501 3415 1583 3445 opus
1599 3413 1644 3436 est
1667 3405 1725 3436 ista
1741 3404 2013 3440 determinatione,
2038 3404 2112 3445 quia
2129 3404 2188 3434 nisi
2211 3403 2317 3445 aliqua
2337 3401 2440 3444 specie
2462 3402 2560 3432 deter-

1501 3450 1648 3485 minetur,
1673 3449 1751 3480 nihil
1773 3448 1944 3488 intelligere
1977 3455 2094 3489 potest;
2118 3448 2152 3479 in
2180 3448 2344 3481 voluntate
2373 3452 2498 3482 autem,
2530 3452 2561 3476 et

1501 3493 1716 3524 universaliter
1742 3492 1900 3533 appetitu,
1925 3502 1991 3523 non
2023 3499 2069 3523 est
2091 3502 2174 3532 opus
2195 3491 2255 3523 ista
2285 3489 2561 3525 determinatione,
