2846 4146
79 1203 92 1215 ¹*
105 1202 161 1230 cap.
177 1208 200 1230 v,
215 1207 238 1224 n.
253 1207 274 1223 2.

88 2828 98 2838 '¹
112 2827 170 2855 Cap.
185 2821 217 2849 :vt

89 3035 99 3044 ·
113 3033 173 3055 lbid.

1007 219 1272 266 QUAESTIO
1302 220 1404 267 LIX,
1434 220 1728 257 ARTICULUS
1759 221 1789 256 11

2411 223 2485 259 381.

990 331 1320 364 commentaria
1342 331 1590 365 Cardinalis
1611 331 1810 364 Caietani

323 439 370 500 IN
386 435 452 459 tota
467 427 652 468 quaestione
668 427 995 468 quiquagesimanona
1011 428 1090 458 nihil
1105 428 1305 459 scribendum
1323 438 1376 459 oc-

1430 429 1509 459 citur
1532 429 1620 469 quod
1643 428 1741 460 virtus
1763 429 1891 460 moralis
1907 439 1969 460 non
1990 435 2035 460 est
2050 429 2221 461 secundum
2239 433 2404 462 essentiam
2422 442 2485 462 me-

351 472 455 508 currit,
479 471 538 502 nisi
558 471 591 502 in
608 471 712 512 primo
736 471 877 508 articulo,
892 471 926 502 in
949 472 1154 512 responsione
1170 473 1209 502 ad
1226 471 1375 512 primum,
1429 471 1483 503 dia
1507 474 1590 503 inter
1605 474 1784 513 passiones,
1807 472 1864 504 sed
1885 473 2058 504 secundum
2083 473 2246 514 effectum:
2269 476 2344 515 quia
2367 475 2486 506 scilicet

318 526 449 546 monere
464 515 553 556 quod
567 515 665 546 virtus
681 515 810 545 moralis
827 515 989 546 materiam
1005 526 1105 552 suam,
1121 522 1198 556 puta
1215 516 1376 556 passiones
1430 518 1514 547 inter
1525 518 1690 556 passiones
1705 518 1867 548 constituit
1883 517 2032 555 medium,
2047 517 2191 557 eligendo
2207 528 2258 548 eas
2270 518 2303 548 in
2317 519 2370 548 illa
2386 529 2484 559 quan-

318 560 369 590 vel
391 559 599 600 operationes,
617 558 702 598 eligit
722 560 898 590 secundum
913 560 1070 600 quosdam
1086 559 1210 596 limites,
1228 560 1286 590 sub
1306 560 1375 600 qui-

318 603 378 634 bus
401 603 539 634 formam
569 602 664 633 medii
687 603 874 644 suscipiunt.
898 604 939 634 Et
961 610 1127 644 propterea
1150 603 1182 634 in
1205 603 1306 634 littera
1327 603 1375 633 di-

1429 560 1525 596 titate‚
1549 567 1617 597 etc„
1642 570 1705 601 qua
1727 561 1761 590 in
1783 561 1890 591 medio
1914 561 2090 591 secundum
2113 561 2267 591 rationem
2291 562 2484 592 constituun-

1429 610 1489 634 tur.
1514 604 1586 634 Hoc
1609 604 1695 634 enim
1717 603 1843 635 effectus
1866 605 1987 636 virtutis
2013 605 2141 635 moralis
2165 611 2220 636 est.

1085 765 1399 806 ARTICULUS
1429 765 1725 807 SECUNDUS

809 862 964 896 UTRUM
988 862 1144 895 VIRTUS
1167 862 1355 895 MORALIS
1378 862 1524 895 POSSIT
1548 863 1648 895 ESSE
1673 863 1764 896 CUM
1788 864 1990 897 PASSIONE

1265 929 1287 966 11'
1306 940 1400 971 Ethic„
1421 943 1479 968 lect.
1499 950 1539 969 ms

353 1049 411 1087 ἢῆ»
433 1048 506 1093 213¹(
529 1042 551 1067 D
567 1042 757 1068 SECUNDUM
774 1042 827 1067 S1c
842 1038 1080 1067 PROCEDITUR.
1096 1027 1254 1067 Videtur
1272 1029 1377 1079 quod

346 1073 510 1143 &⁹¹53ae
529 1083 648 1120 virtus
677 1082 832 1120 moralis
860 1095 948 1119 cum
982 1081 1160 1131 passione
1190 1095 1271 1119 esse
1299 1095 1378 1119 non

337 1140 360 1183 ”,
397 1152 457 1178 η
473 1133 659 1184 possit.
690 1133 787 1172 Dicit
815 1132 917 1172 enim
952 1134 1227 1184 Philosophus,
1261 1134 1299 1172 in
1327 1136 1378 1172 IV

355 1164 661 1236 effiyTopicg
689 1188 720 1235 ⁴,
751 1187 856 1236 quod
886 1186 984 1224 mitis
1012 1192 1067 1224 est
1092 1186 1158 1236 qui
1172 1185 1257 1224 ‘'non
1279 1188 1378 1235 pati-

321 1246 393 1286 tur,
417 1241 564 1288 patiens
592 1246 717 1278 autem
747 1241 813 1288 qui
833 1240 980 1288 patitur
1008 1246 1043 1276 et
1066 1252 1139 1276 non
1172 1239 1376 1277 deducitur.

321 1291 371 1330 Et
400 1292 535 1330 eadem
563 1292 656 1330 ratio
686 1299 742 1329 est
777 1292 825 1330 de
858 1290 1037 1328 omnibus
1065 1291 1265 1329 virtutibus
1294 1304 1377 1329 mo-

323 1342 473 1383 ralibus.
504 1343 606 1392 Ergo
636 1343 762 1381 omnis
789 1343 908 1380 virtus
937 1344 1091 1380 moralis
1117 1352 1172 1381 est
1194 1344 1273 1381 sine
1292 1356 1378 1392 pas-

322 1397 439 1443 sione.
466 1407 474 1443 j
493 1437 497 1439 Α

334 1446 420 1487 ‘2⁷5‘
430 1445 663 1495 PRAETEREA,
692 1446 811 1484 virtus
840 1455 895 1484 est
923 1447 1115 1496 quaedam
1145 1455 1245 1484 recta
1272 1447 1378 1484 habi-

321 1502 413 1540 tudo
443 1501 605 1548 animae,
634 1498 729 1537 sicut
748 1499 886 1537 sanitas
915 1499 1094 1548 corporis,
1123 1507 1164 1536 ut
1190 1499 1322 1537 dicitur
1339 1498 1379 1537 in

246 1572 253 1579 ·
285 1573 292 1605 g
320 1552 390 1592 VII
409 1552 602 1602 Physic.*:
617 1552 719 1590 unde
734 1553 852 1589 virtus
871 1552 1056 1601 quaedam
1074 1551 1215 1589 sanitas
1229 1553 1379 1589 animae

321 1619 399 1645 esse
425 1607 584 1652 videtur,
612 1612 654 1642 ut
681 1604 829 1642 Tullius
869 1603 965 1652 dicit,
995 1605 1032 1642 in
1072 1602 1123 1641 IV
1149 1605 1195 1641 de
1230 1605 1266 1642 T
1263 1605 1377 1642 uscul.

325 1659 473 1703 Quaest.
486 1659 508 1681 ’Β
530 1658 732 1696 Passiones
752 1665 880 1694 autem
901 1656 1047 1694 animae
1069 1657 1244 1694 dicuntur
1257 1658 1382 1694 morbi

346 1713 474 1750 uidam
502 1713 663 1759 animae,
684 1717 725 1747 ut
744 1710 782 1747 in
802 1710 939 1750 eodem
958 1709 1054 1747 libro
1073 1708 1094 1731 '¹‘
1111 1708 1258 1747 Tullius
1279 1710 1376 1748 dicit.

321 1725 471 1803 {imitas
501 1771 628 1801 autem
660 1775 738 1800 non
767 1763 994 1812 compatitur
1021 1774 1152 1800 secum
1185 1762 1377 1800 morbum.

321 1816 423 1866 Ergo
443 1829 568 1866 neque
586 1815 706 1853 virtus
727 1815 954 1865 compatitur
978 1815 1128 1853 animae
1147 1816 1378 1864 passionem.

352 1871 354 1875 ⁴
376 1869 409 1908 3.
430 1870 662 1916 PRAETEREA,
684 1866 802 1906 virtus
822 1869 976 1906 moralis
996 1867 1150 1917 requirit
1167 1868 1378 1917 perfectum

320 1935 434 1960 usum
462 1921 615 1960 rationis
644 1921 757 1958 etiam
784 1921 823 1958 in
849 1921 1147 1970 particularibus.
1173 1920 1249 1958 Sed
1268 1922 1343 1958 hoc
1362 1927 1379 1943 ¹²

321 1974 526 2025 impeditur
544 1987 614 2023 per
631 1973 844 2024 passiones:
874 1972 961 2011 dicit
990 1974 1092 2011 enirn
1111 1973 1378 2023 Philosophus,

264 2050 293 2060 --
322 2026 360 2066 in
391 2025 443 2065 VI
476 2027 595 2065 Ethic.
624 2026 663 2074 ¹⁵,
701 2027 805 2075 quod
842 2026 1099 2063 delectationes
1135 2033 1383 2075 corrumpunt

273 2080 279 2087 ‘
322 2079 634 2124 existimationem
657 2076 898 2128 prudentiae;
926 2086 962 2116 et
982 2079 1178 2116 Sallustius
1207 2079 1312 2127 dicit,
1341 2079 1380 2117 in

286 2159 292 2166 ·
327 2132 548 2171 Catilinario
571 2132 591 2154 ’¹‘
604 2162 613 2180 ‚
650 2131 753 2181 quod
787 2144 862 2169 non
885 2130 1009 2180 facile
1041 2144 1173 2169 verum
1203 2132 1383 2180 perspicit

322 2186 491 2231 animus,
522 2184 586 2222 ubi
612 2182 675 2222 illa
704 2185 893 2233 officiunt,
922 2182 1063 2221 scilicet
1095 2184 1211 2222 animi
1235 2184 1380 2233 passio-

322 2251 402 2276 nes.
435 2237 562 2275 Virtus
598 2250 686 2285 ergo
721 2237 874 2274 moralis
907 2249 985 2274 non
1018 2244 1143 2286 potest
1176 2250 1258 2274 esse
1291 2249 1379 2274 cum

321 2291 510 2340 passione.

346 2388 347 2391 Ἴ
374 2345 451 2381 SED
480 2354 626 2380 CONTRA
653 2354 719 2380 EST
738 2341 843 2390 quod
862 2341 1094 2389 Augustinus
1119 2339 1218 2388 dicit,
1235 2341 1274 2378 in
1292 2340 1382 2378 XIV

322 2394 368 2443 de
392 2393 472 2433 Civ.
491 2394 567 2443 Dei
582 2394 618 2431 *ε
640 2393 682 2431 Si
694 2405 876 2443 perversa
904 2398 958 2430 est
973 2394 1157 2441 voluntas,
1181 2405 1382 2442 perversos

322 2442 471 2495 habebit
495 2446 563 2484 hos
590 2453 729 2495 motus,
760 2446 899 2484 scilicet
930 2445 1169 2495 passionum:
1197 2446 1232 2483 si
1256 2449 1381 2484 autem

323 2507 424 2540 'recta
443 2505 506 2548 est,
523 2512 597 2538 non
615 2496 737 2537 Solum
757 2498 1008 2547 inculpabiles,
1023 2510 1155 2535 verum
1171 2498 1281 2536 etiam
1302 2499 1381 2536 lau-

323 2551 463 2591 dabiles
481 2558 600 2589 erunt.
623 2552 700 2589 Sed
719 2552 864 2589 nullum
882 2550 1071 2588 laudabile
1091 2550 1296 2588 excluditur
1314 2564 1382 2600 per

323 2606 504 2644 virtutem
531 2605 729 2642 moralem.
757 2602 885 2640 Virtus
914 2615 1002 2651 ergo
1032 2603 1186 2641 moralis
1213 2615 1292 2640 non
1322 2615 1382 2640 ex-

326 2657 441 2696 cludit
466 2657 673 2706 passiones,
694 2656 762 2693 sed
788 2662 913 2704 potest
942 2668 1023 2692 esse
1052 2668 1140 2693 cum
1168 2654 1270 2704 ipsis.

377 2710 603 2748 RESPONDEo
619 2720 803 2746 DICENDUM
822 2709 927 2756 quod
943 2707 1040 2745 cirea
1058 2709 1133 2745 hoc
1155 2707 1224 2746 fuit
1243 2706 1381 2745 discor-

327 2762 388 2810 dia
407 2761 504 2800 inter
519 2761 667 2799 Stoicos
683 2769 719 2798 et
738 2760 1018 2810 Peripateticos,
1038 2759 1134 2798 sicut
1151 2761 1381 2809 Augustinus

326 2813 425 2863 dicit,
442 2814 496 2853 IX
509 2815 555 2852 de
573 2813 652 2852 Ciu.
668 2812 752 2851 Dei.
767 2814 789 2835 '¹‘
804 2813 918 2851 Stoici
935 2813 1037 2850 enim
1049 2821 1258 2862 posuerunt
1277 2813 1382 2863 quod

325 2866 521 2918 passiones
549 2867 699 2904 animae
727 2878 806 2903 non
833 2873 993 2915 possunt
1025 2878 1106 2903 esse
1134 2865 1173 2903 in
1201 2866 1380 2916 sapiente,

327 2921 407 2959 sive
434 2921 622 2958 virtuoso:
652 2919 890 2968 Peripatetici
909 2930 1015 2966 ver0,
1045 2931 1210 2968 quorum
1239 2926 1382 2956 sectam

326 2973 547 3011 Aristoteles
566 2970 732 3019 instituit,
761 2976 802 3008 ut
824 2969 1056 3019 Augustinus
1084 2968 1172 3008 dicit
1198 2971 1237 3007 in
1265 2970 1318 3008 IX
1337 2972 1383 3008 de

332 3026 411 3063 Civ.
434 3024 515 3063 Dei.
535 3024 568 3073 ²¹²,
596 3031 804 3075 posuerunt
823 3023 928 3074 quod
945 3023 1141 3073 passiones
1163 3023 1274 3060 simul
1294 3035 1381 3060 curn

325 3079 463 3116 virtute
491 3076 627 3115 morali
655 3089 738 3114 esse
763 3083 936 3126 possunt,
965 3076 1031 3113 sed
1059 3077 1108 3114 ad
1136 3076 1307 3114 medium
1327 3089 1383 3113 re-

327 3131 473 3169 ductae.

380 3183 487 3221 Haec
519 3189 647 3220 autem
681 3181 894 3229 diversitas,
928 3181 1023 3218 sicut
1054 3180 1284 3230 Augustinus
1314 3178 1382 3218 ibi-

328 3236 417 3274 dem
456 3235 562 3283 dicit,
592 3234 712 3282 magis
749 3241 828 3271 erat
856 3233 1067 3271 secundum
1095 3234 1234 3281 verba,
1264 3245 1380 3283 quam

327 3289 540 3327 secundum
570 3300 704 3324 eorum
724 3285 739 3316 β
766 3286 979 3324 sententias.
1010 3284 1110 3333 Quia
1137 3286 1238 3323 enim
1268 3285 1383 3322 Stoici

327 3355 405 3380 non
436 3341 712 3389 distinguebant
740 3340 835 3377 inter
862 3339 1068 3389 appetitum
1100 3337 1380 3386 intellectivum,

379 3455 407 3488 α)
427 3455 483 3480 hoc.
501 3468 520 3473 —
537 3454 579 3479 hic
597 3454 676 3478 etiam
696 3453 742 3478 Pa.

380 3489 406 3523 β)
425 3497 525 3515 eorum.
537 3503 556 3509 —
571 3496 660 3514 rerum
680 3488 925 3513 PABCDGHIKLa.

380 3526 407 3559 γ)
426 3525 543 3550 veniunt.
556 3538 575 3543 -
594 3532 644 3549 non
665 3524 773 3549 veniunt
791 3523 989 3555 ABCGHleD,
1004 3522 1167 3554 proveniunt
1186 3522 1236 3546 EF.

1433 1029 1497 1077 qui
1526 1037 1581 1066 est
1608 1031 1796 1077 voluntas,
1822 1038 1858 1067 et
1886 1030 1981 1068 inter
2009 1032 2216 1080 appetitum
2245 1033 2484 1080 sensifivum,

1432 1082 1496 1131 qui
1524 1095 1592 1131 per
1619 1081 1846 1119 irascibilem
1876 1091 1912 1120 et
1931 1082 2262 1132 concupiscibilem
2287 1084 2485 1132 dividitur3

1433 1147 1511 1172 non
1545 1135 1823 1183 distinguebant
1850 1135 1887 1172 in
1924 1136 1998 1172 hoc
2026 1137 2221 1184 passiones
2259 1136 2408 1175 animae
2437 1138 2485 1175 ab

1433 1187 1511 1224 aliis
1526 1187 1790 1224 affectionibus
1804 1186 1992 1235 humanis,
2010 1189 2114 1237 quod
2128 1186 2324 1237 passiones
2337 1189 2486 1227 animae

1433 1239 1505 1276 sint
1523 1247 1651 1276 motus
1679 1240 1865 1288 appetitus
1885 1239 2064 1288 sensitivi‚
2094 1241 2187 1278 aliae
2206 1254 2300 1279 vero
2321 1242 2486 1280 affectio-

1433 1304 1512 1340 nes,
1532 1304 1630 1340 quae
1656 1305 1734 1329 non
1755 1300 1840 1329 sunt
1857 1292 2053 1352 passiones
2073 1293 2235 1340 animae,
2256 1302 2342 1332 sunt
2360 1301 2486 1332 motus

1433 1344 1619 1392 appetitus
1653 1342 1888 1392 intellectiw,
1917 1345 1981 1394 qui
2010 1346 2142 1383 dicitur
2167 1345 2364 1394 voluntem,
2395 1345 2488 1385 sicut

1432 1395 1668 1445 Peripatetici
1698 1396 1959 1434 distinxerunt:
1989 1398 2056 1435 sed
2080 1399 2204 1435 solum
2234 1406 2417 1447 quantum
2437 1396 2486 1437 ad

1433 1449 1520 1495 hoc,
1549 1449 1655 1496 quod
1686 1449 1882 1497 passiones
1912 1462 1994 1486 esse
2023 1450 2197 1488 dicebant
2224 1464 2486 1504 quascumque

1434 1500 1652 1537 affectiones
1676 1501 1810 1538 rationi
1838 1510 2100 1550 repugnantes.
2131 1503 2240 1550 Quae
2269 1502 2300 1541 si
2329 1517 2373 1541 ex
2398 1504 2486 1542 deli-

1433 1552 1628 1589 beratione
1657 1553 1834 1602 oriantur,
1863 1554 1902 1590 in
1930 1554 2109 1603 sapiente,
2140 1568 2206 1592 seu
2235 1556 2272 1592 in
2299 1556 2483 1604 virtuoso,

1435 1618 1516 1642 esse
1546 1618 1624 1642 non
1652 1613 1821 1654 possunt.
1852 1604 1891 1643 Si
1919 1613 2046 1643 autem
2072 1604 2194 1644 subito
2216 1606 2393 1656 oriantur,
2413 1610 2488 1646 hoc

1433 1658 1472 1694 in
1497 1656 1668 1694 virtuoso
1697 1665 1822 1707 potest
1845 1657 2030 1696 accidere:
2062 1672 2107 1696 eo
2136 1661 2241 1708 quod
2269 1661 2388 1698 animi
2407 1661 2487 1698 visa

1434 1723 1530 1759 quae
1561 1710 1751 1759 appellant
1773 1712 2010 1758 phantasias,
2045 1724 2118 1749 non
2152 1716 2205 1749 est
2241 1713 2277 1749 in
2309 1718 2489 1761 potestate

1434 1769 1561 1800 nostra
1590 1768 1714 1800 utrum
1743 1762 1945 1812 aliquando
1973 1764 2139 1802 incidant
2166 1766 2312 1809 anim0;
2339 1771 2376 1802 et
2402 1778 2487 1803 cum

1433 1817 1586 1852 veniunt
1603 1819 1619 1843 'f
1647 1828 1696 1852 ex
1723 1815 1946 1853 terribilibus
1973 1818 2094 1864 rebus,
2125 1829 2270 1854 necesse
2289 1823 2343 1854 est
2369 1824 2408 1855 ut
2428 1831 2488 1856 sa-

1428 1869 1563 1918 pientis
1589 1869 1759 1905 animum
1787 1875 1973 1917 moveant,
2003 1870 2053 1906 ita
2074 1876 2112 1906 ut
2133 1870 2326 1919 paulisper
2343 1869 2489 1920 velpa-

1432 1926 1559 1958 vescat
1575 1924 1686 1967 metu,
1705 1921 1767 1958 vel
1788 1922 1932 1958 tristitia
1961 1923 2215 1969 contrahatur,
2236 1927 2414 1971 tanquam
2433 1925 2489 1960 his

1427 1974 1665 2022 passionibus
1686 1974 2013 2021 praevenientibus
2036 1974 2190 2012 rationis
2209 1976 2397 2023 officium‚·
2421 1988 2488 2013 nec

1434 2032 1557 2063 tamen
1582 2026 1793 2075 approbant
1819 2027 1903 2073 ista,
1934 2027 2057 2076 eisque
2085 2028 2333 2073 consentiunt‚·
2350 2035 2392 2065 ut
2410 2030 2488 2065 Au-

1434 2079 1602 2127 gustinus
1629 2085 1755 2116 narrat
1778 2079 1816 2116 in
1836 2078 1888 2116 IX
1906 2077 1967 2116 De
1990 2078 2069 2117 civ.
2089 2078 2164 2116 Dei
2179 2080 2211 2128 ³²,
2241 2081 2287 2117 ab
2307 2079 2452 2128 Agellio
2474 2077 2488 2103 ὃ

1434 2132 1588 2169 dictum.

1487 2184 1551 2220 Sic
1569 2182 1689 2231 igitur,
1710 2182 1740 2220 si
1755 2188 1767 2204 Ε
1781 2183 1977 2232 passiones
1998 2184 2167 2221 dicantur
2185 2182 2418 2222 inordinatae
2438 2185 2489 2222 af-

1434 2236 1627 2282 fectiones,
1656 2248 1735 2272 non
1762 2242 1922 2284 possunt
1949 2249 2031 2273 esse
2056 2237 2094 2274 in
2112 2234 2295 2285 virtuoso,
2315 2237 2365 2274 ita
2385 2238 2490 2286 quod

1434 2295 1521 2338 post
1555 2286 1866 2325 deliberationem
1904 2285 1957 2325 eis
1995 2289 2270 2335 consentiatur3
2298 2294 2339 2327 ut
2372 2286 2488 2327 Stoici

1435 2347 1656 2390 posuerunt.
1678 2339 1719 2377 Si
1737 2352 1831 2377 vero
1850 2339 2046 2389 passiones
2068 2341 2238 2378 dicantur
2258 2341 2489 2391 quicumque

1436 2400 1563 2430 motus
1591 2390 1777 2442 appetitus
1806 2390 1983 2441 sensitivi‚
2003 2393 2057 2430 sic
2074 2402 2235 2443 possunt
2259 2407 2340 2431 esse
2360 2395 2399 2432 in
2418 2393 2490 2432 vir-

1435 2453 1568 2493 tuoso,
1598 2445 1811 2482 secundum
1840 2447 1944 2504 quod
1973 2454 2059 2483 sunt
2086 2459 2107 2483 a
2135 2445 2279 2483 ratione
2318 2446 2488 2485 ordinati.

1435 2497 1547 2536 Unde
1579 2498 1799 2535 Aristoteles
1829 2496 1927 2546 d1cit,
1955 2498 1994 2536 in
2022 2497 2054 2535 II
2081 2498 2201 2536 Ethic.
2221 2498 2253 2547 ³⁶,
2282 2498 2387 2548 quod
2415 2513 2489 2537 non

1436 2551 1528 2587 bene
1556 2550 1708 2598 quidam
1736 2548 1986 2587 determinant
2004 2551 2156 2588 virtutes
2184 2550 2490 2600 impassibilitates

1436 2603 1619 2651 quasdam
1647 2608 1683 2639 et
1708 2603 1861 2651 quietes,
1890 2601 2068 2651 quoniam
2102 2601 2316 2652 simpliciter
2341 2602 2490 2642 dicunt.-

1437 2654 1504 2692 sed
1525 2652 1705 2692 deberent
1733 2655 1855 2692 dicere
1885 2655 1990 2703 quod
2018 2662 2103 2693 sunt
2129 2654 2274 2704 quietes
2301 2669 2324 2693 a
2346 2657 2490 2706 passio-

1436 2706 1548 2745 nibus
1576 2720 1675 2756 quae
1703 2715 1789 2745 sunt
1817 2712 1858 2744 ut
1882 2720 1956 2745 non
1986 2714 2147 2757 oportet,
2176 2715 2211 2745 et
2237 2710 2386 2758 quando
2415 2723 2489 2747 non

1436 2763 1588 2808 oportet.

1489 2810 1549 2850 An
1587 2825 1723 2850 PmMUM
1751 2825 1848 2850 ERGO
1882 2825 2065 2851 D1CENDUM
2094 2813 2197 2862 quod
2233 2811 2489 2863 Philosophus

1438 2863 1656 2914 exemplum
1670 2864 1760 2902 illud
1780 2863 1933 2913 inducit,
1954 2865 2048 2902 sicut
2063 2863 2099 2903 et
2117 2864 2235 2904 multa
2250 2866 2321 2903 alia
2335 2865 2373 2903 in
2387 2864 2490 2904 libris

1436 2915 1667 2965 logicalibus,
1696 2929 1774 2955 non
1802 2917 2012 2956 secundum
2034 2917 2255 2967 opinionem
2281 2915 2489 2968 propriam,

1437 2969 1503 3007 sed
1532 2970 1744 3008 secundum
1773 2971 1993 3020 opinionem
2023 2968 2197 3008 aliorum.
2226 2971 2334 3008 Haec
2362 2979 2490 3008 autem

1438 3022 1504 3060 fuit
1532 3019 1662 3071 opinio
1692 3020 1920 3070 Stoicorum,
1951 3020 2055 3071 quod
2080 3023 2236 3061 virtutes
2266 3028 2389 3071 essent
2410 3022 2490 3063 sine

1436 3074 1677 3125 passionibus
1705 3073 1866 3113 animae.
1896 3075 2024 3122 Quam
2049 3073 2268 3126 opinionem
2288 3075 2300 3101 ζ
2319 3073 2490 3117 Philoso-

1436 3126 1535 3177 phus
1563 3127 1724 3164 excludit
1751 3126 1789 3164 in
1818 3126 1850 3164 II
1877 3126 1996 3165 Ethic.
2016 3127 2048 3176 ²¹²,
2075 3125 2202 3167 dicens
2229 3129 2384 3166 virtutes
2413 3132 2490 3168 no'n

1439 3193 1520 3218 esse
1554 3177 1878 3229 impassibilitates
1906 3201 1930 3208 -
1958 3181 2088 3218 Potest
2115 3188 2243 3219 tamen
2272 3179 2345 3219 dici
2373 3182 2489 3230 quod,

1438 3246 1525 3270 cum
1546 3232 1679 3270 dicitur
1702 3229 1808 3281 quod
1827 3232 1925 3271 mitis
1944 3245 2023 3271 non
2041 3233 2188 3282 patitur,
2208 3231 2492 3282 intelligendum

1438 3293 1493 3323 est
1520 3285 1730 3322 secundum
1756 3285 1973 3334 passionem
2001 3284 2267 3323 inordinatam.

1489 3340 1548 3375 AD
1568 3349 1756 3375 SECUNDUM
1775 3349 1958 3376 memnon
1977 3339 2082 3387 quod
2103 3339 2195 3376 ratio
2215 3339 2289 3387 illa,
2306 3346 2342 3376 et
2356 3351 2490 3376 omnes

1488 3450 1512 3483 δ)
1532 3451 1645 3484 Agellio.
1658 3464 1677 3469 -
1689 3451 1757 3475 Aulo
1779 3451 1863 3475 Gellio
1882 3451 1910 3475 P.

1489 3486 1511 3517 ε)
1532 3486 1577 3510 Sic
1596 3485 1686 3518 igitur,
1706 3485 1738 3511 si.
1755 3498 1774 3505 -
1793 3485 1824 3510 Si
1842 3485 1926 3518 igitur
1944 3486 1997 3510 PK.

1487 3520 1513 3553 ζ)
1532 3521 1690 3552 opinionem.
1702 3534 1722 3540 -
1740 3520 1800 3545 Om.
1819 3521 1864 3545 Pa.

2515 2089 2525 2098 “
2540 2088 2598 2110 lbid.
2615 2115 2628 2123 κ

2517 2505 2599 2554 ὲῗῗξῑ
2609 2511 2668 2554 {¹2¹th
2672 2511 2730 2553 3312·

2517 3145 2527 3153 ·
2540 3143 2595 3165 Loc.
2608 3143 2648 3165 cit.
