2852 4152
141 750 150 759 ·
162 748 199 770 cf.
209 754 248 776 qu.
256 748 351 775 v1n,1n-

140 775 201 796 trod.

141 1665 192 1680 ΙΙΙΙΙ

219 2645 352 2665 111111111

372 252 423 288 94

1083 239 1347 285 QUAESTIO
1379 239 1464 283 Xll,
1494 237 1788 274 ARTlCULUS
1820 238 1831 272 I

998 418 1408 497 QUAESTIO
1451 418 1928 473 DUODECIMA

1214 528 1296 566 DE
1329 527 1702 567 INTENTIONE

1164 633 1198 657 IN
1229 632 1388 663 QUINQUE
1416 632 1617 657 ARTICULOS
1644 631 1760 657 DlVISA

463 742 570 767 ElNDE
599 728 917 766 considerandum
947 734 1002 764 est
1030 727 1077 763 de
1105 725 1310 762 intentione
1325 725 1356 763 ²¹⁶.

463 784 512 820 Et
540 782 638 819 circa
665 782 739 818 hoc
767 787 999 828 quaeruntur
1027 778 1206 827 quinque.

433 835 583 872 Primo:
612 842 738 871 utrum
768 832 923 869 intentio
944 831 989 868 sit
1008 839 1114 868 actus
1132 832 1351 878 intellectus,
1372 831 1433 868 vel

483 886 697 925 voluntatis.

433 940 630 979 Secundo:
660 946 786 975 utrum
815 937 859 974 sit
887 944 1033 973 tanturn
1062 936 1148 973 finis
1175 936 1308 973 ultimi.

1541 725 1691 762 Tertio:
1703 733 1831 762 utrum
1846 727 1980 775 aliquis
1990 728 2109 776 possit
2123 728 2235 766 simul
2247 729 2324 766 duo
2339 730 2546 768 intendere.

1542 779 1709 825 Quarto:
1749 786 1876 815 utrum
1913 779 2069 818 intentio
2107 781 2193 819 finis
2227 781 2274 819 sit
2306 782 2409 820 idem
2442 790 2548 820 actus

1595 843 1683 867 cum
1711 831 1906 873 voluntate
1936 829 2016 868 eius
2044 833 2150 880 quod
2178 842 2233 871 est
2259 835 2308 872 ad
2334 835 2466 873 finem.

1545 883 1710 930 Quinto:
1739 891 1866 920 utrum
1901 883 2056 922 intentio
2091 886 2293 924 conveniat
2324 888 2441 924 brutis
2470 887 2548 926 ani-

1595 936 1768 974 malibus.

1190 1044 1506 1087 ARTICULUS
1537 1044 1741 1085 PRIMUS

718 1180 726 1183 ⁷
758 1140 913 1170 UTRUM
938 1138 1148 1169 INTENTIO
1173 1137 1238 1167 SIT
1258 1136 1400 1167 ACTus
1426 1135 1736 1173 1NTELLECTus,
1763 1136 1847 1167 VEL
1872 1135 2151 1179 VOLUNTATis

1025 1217 1045 1240 11
1065 1216 1147 1244 Sent„
1166 1215 1227 1240 dist.
1244 1221 1346 1245 xxxvxn,
1365 1219 1412 1239 art.
1433 1213 1462 1245 33
1482 1214 1524 1238 De
1543 1213 1631 1241 Verit„
1651 1221 1696 1246 qu.
1713 1221 1774 1245 xxxi,
1793 1220 1840 1239 art.
1855 1214 1910 1251 13.-

468 1324 473 1336 ι
499 1329 548 1356 „4-
574 1317 614 1341 D
642 1316 778 1341 PmMUM
806 1316 858 1340 Sic
886 1315 1129 1340 PROCEDITUR.
1154 1302 1312 1340 Videtur
1330 1301 1436 1349 quod

520 1357 565 1403 ²²„
591 1357 746 1393 intentio
768 1356 814 1393 sit
841 1364 945 1393 actus
974 1357 1194 1403 intellectus,
1217 1363 1253 1392 et
1271 1367 1348 1392 non
1368 1367 1437 1391 vo-

417 1446 445 1459 x*
505 1430 511 1434 ‚
538 1408 752 1451 (luntatis.
792 1409 936 1446 Dicitur
971 1410 1073 1446 enim
1107 1409 1240 1446 Matth.
1266 1421 1301 1445 vi
1325 1407 1365 1444 *z
1396 1408 1438 1443 Si

438 1478 447 1489 =
470 1466 477 1488 ἴ
492 1456 525 1498 Ἴ
548 1455 720 1499 Koculus
738 1468 822 1499 tuus
834 1463 960 1511 fuerit
975 1463 1146 1511 simplex,
1165 1467 1280 1499 totum
1300 1472 1436 1509 corpus

378 1522 481 1553 tuum
515 1515 678 1552 lucidum
705 1515 795 1552 erit:
822 1516 888 1552 ubi
914 1528 983 1564 per
1015 1517 1169 1552 oculum
1207 1514 1435 1563 significatur

377 1568 554 1615 intentio,
587 1576 629 1605 ut
661 1567 749 1605 dicit
775 1569 1008 1616 Augustinus
1042 1569 1080 1605 in
1116 1568 1212 1605 libro
1241 1569 1286 1604 de
1313 1569 1432 1604 Serm.

300 1638 326 1653 ca
345 1647 350 1653 -
378 1623 490 1659 Dom.
512 1622 548 1657 in
568 1622 691 1658 Mont.
713 1621 732 1643 ²⁸
761 1621 838 1657 Sed
866 1623 1010 1669 oculus,
1031 1634 1118 1658 cum
1141 1621 1185 1658 sit
1209 1622 1434 1658 instrumen-

377 1683 458 1712 tum
486 1674 610 1721 visus,
640 1674 825 1722 significat
861 1675 1180 1724 apprehensivam
1212 1674 1432 1723 potentiam.

379 1729 480 1775 Ergo
509 1727 664 1764 intentio
689 1740 768 1764 non
788 1735 843 1765 est
862 1736 965 1765 actus
985 1728 1211 1777 appetitivae
1230 1727 1432 1776 potentiae,

380 1781 446 1818 sed
475 1780 786 1829 apprehensivae.

433 1845 467 1870 2.
497 1834 733 1880 PRAETEREA,
763 1833 904 1870 ibidem
922 1838 938 1854 α
957 1833 1188 1880 Augustinus
1223 1833 1311 1870 dicit
1329 1834 1434 1881 quod

334 1902 352 1918 s·
377 1886 534 1923 intentio
569 1887 699 1923 lumen
726 1890 887 1923 vocatur
915 1898 937 1922 a
965 1887 1151 1933 Domino,
1180 1885 1245 1922 ubi
1283 1886 1371 1922 dicit
1393 1885 1432 1923 *ε

378 1940 420 1975 Si
444 1939 569 1975 lumen
589 1940 689 1987 quod
714 1939 750 1975 in
780 1945 814 1975 te
840 1945 903 1984 est,
933 1940 1107 1976 tenebrae
1133 1944 1229 1984 sunt,
1257 1946 1326 1975 etc.
1357 1939 1433 1976 Sed

377 1993 507 2028 lumen
526 1991 575 2028 ad
605 1991 857 2039 cognitionem
886 1992 1056 2040 pertinet.
1087 1993 1189 2039 Ergo
1211 1999 1246 2027 et
1265 1991 1432 2029 intentio.

431 2046 465 2081 3.
496 2046 736 2091 ΡΒΑΕΤΕΒΕΑ,
765 2044 923 2081 intentio
953 2044 1121 2092 designat
1155 2043 1432 2081 ordinationem

377 2097 571 2145 quandam
607 2098 646 2134 in
682 2098 812 2134 finem.
853 2097 929 2134 Sed
965 2097 1140 2134 ordinare
1178 2104 1232 2134 est
1269 2097 1432 2134 rationis.

377 2151 478 2198 Ergo
507 2150 662 2187 intentio
696 2163 774 2187 non
811 2150 971 2199 pertinet
1003 2150 1051 2187 ad
1078 2151 1336 2197 voluntatem,
1366 2150 1434 2187 sed

378 2204 427 2241 ad
454 2203 651 2240 rationem.

430 2268 467 2303 4.
497 2257 729 2302 PRAETEREA,
759 2262 863 2292 actus
889 2255 1092 2292 voluntatis
1112 2267 1190 2292 non
1210 2262 1265 2292 est
1283 2255 1354 2292 nisi
1372 2256 1434 2292 vel

378 2310 465 2348 finis
484 2308 510 2357 β,
539 2310 601 2346 vel
623 2320 757 2345 eorum
776 2320 874 2356 quae
899 2315 985 2345 sunt
1004 2308 1052 2345 ad
1070 2308 1201 2344 finem.
1232 2308 1308 2345 Sed
1329 2315 1434 2345 actus

378 2362 583 2400 voluntatis
620 2369 792 2410 respectu
824 2361 929 2408 finis,
963 2368 1122 2398 vocatur
1156 2361 1334 2398 voluntas
1365 2372 1434 2398 seu

379 2416 524 2453 fruitio:
554 2422 727 2463 respectu
755 2421 882 2451 autem
911 2426 1045 2450 eorum
1075 2425 1172 2462 quae
1200 2421 1287 2451 sunt
1313 2414 1362 2451 ad
1389 2413 1435 2451 fi-

379 2481 481 2516 nem,
512 2476 567 2505 est
596 2467 748 2504 electio:
778 2479 799 2503 a
828 2467 964 2516 quibus
984 2466 1107 2504 differt
1133 2466 1302 2504 intentio.
1331 2467 1434 2515 Ergo

378 2521 533 2558 intentio
561 2533 640 2558 non
669 2528 723 2557 est
750 2527 854 2557 actus
881 2519 1096 2556 voluntatis.

433 2575 507 2611 SED
535 2585 682 2611 CONTRA
709 2585 774 2622 EsT
801 2573 907 2621 quod
934 2572 1167 2620 Augustinus
1195 2571 1293 2619 dicit,
1323 2571 1361 2608 in
1380 2573 1432 2608 XI

380 2629 424 2665 de
447 2629 482 2664 T
479 2628 549 2664 rin.
565 2627 596 2675 ²¹⁴,
626 2626 729 2675 quod
748 2626 947 2663 voluntatis
962 2625 1112 2662 intentio
1133 2625 1283 2673 copulat
1299 2636 1435 2673 corpus

378 2682 498 2718 visum
522 2680 635 2726 visui,
665 2685 700 2716 et
724 2679 892 2716 similiter
917 2679 1076 2727 speciem
1096 2679 1132 2715 in
1152 2678 1335 2715 memoria
1355 2678 1433 2714 exi-

378 2740 529 2771 stentem
558 2734 609 2770 ad
631 2734 750 2770 aciem
770 2732 888 2769 animi
912 2731 1065 2768 interius
1084 2737 1099 2759 Υ
1127 2731 1335 2780 cogitantis.
1365 2731 1434 2767 Est

378 2787 487 2835 igitur
514 2787 667 2823 intentio
697 2793 801 2822 actus
828 2784 1042 2822 voluntatis.

433 2841 656 2876 RESPONDEO
676 2850 858 2876 DlCENDUM
878 2838 983 2886 quod
1001 2837 1169 2883 intentio,
1190 2836 1285 2873 sicut
1307 2836 1432 2885 ipsum

379 2905 521 2929 nomen
540 2900 659 2940 sonat,
682 2891 865 2939 significat
884 2891 921 2927 in
941 2890 1084 2938 aliquid
1095 2887 1108 2911 δ
1124 2890 1282 2926 tendere.
1309 2891 1351 2925 In
1371 2889 1434 2925 ali-

379 2946 470 2994 quid
503 2953 629 2982 autem
662 2945 780 2982 tendit
812 2952 847 2980 et
880 2944 976 2980 actio
1006 2942 1213 2988 moventis,
1245 2949 1281 2978 et
1307 2949 1433 2978 motus

380 2999 541 3035 mobilis.
573 2999 648 3035 Sed
677 2999 750 3034 hoc
779 2997 884 3045 quod
908 3004 1034 3033 motus
1063 2995 1211 3032 mobilis
1234 2995 1272 3031 in
1292 2994 1432 3043 aliquid

379 3052 514 3099 tendit,
545 3052 591 3087 ab
621 3051 768 3088 actione
798 3049 987 3087 moventis
1021 3048 1203 3097 procedit.
1239 3047 1350 3085 Unde
1378 3047 1432 3084 in-

379 3104 494 3141 tentio
524 3104 645 3152 primo
676 3111 710 3140 et
738 3103 991 3151 principaliter
1017 3101 1177 3150 pertinet
1202 3101 1249 3138 ad
1269 3100 1308 3137 id
1327 3101 1432 3149 quod

1490 1309 1623 1338 movet
1651 1302 1699 1339 ad
1722 1302 1862 1339 finem:
1892 1303 1994 1340 unde
2014 1303 2174 1340 dicimus
2193 1304 2492 1352 architectorem,
2514 1313 2549 1343 et

1491 1366 1648 1391 omnem
1670 1355 1974 1404 praecipientem,
2003 1367 2164 1394 movere
2183 1369 2253 1394 suo
2273 1357 2434 1406 imperio
2455 1358 2548 1395 alios

1491 1407 1539 1443 ad
1558 1407 1596 1444 id
1616 1407 1722 1455 quod
1749 1407 1830 1456 ipse
1857 1408 2016 1446 intendit
2034 1413 2057 1445 ⁸.
2086 1409 2271 1447 Voluntas
2304 1418 2431 1447 autem
2465 1423 2548 1448 mo—

1489 1467 1556 1496 vet
1573 1472 1709 1497 omnes
1724 1461 1814 1498 alias
1831 1461 1933 1498 vires
1952 1461 2102 1498 animae
2122 1463 2171 1499 ad
2189 1463 2321 1511 finem²
2341 1471 2382 1500 ut
2401 1476 2515 1512 supra
2528 1463 2549 1486 '¹‘

1489 1512 1660 1549 habitum
1689 1521 1755 1550 est.
1785 1514 1896 1551 Unde
1915 1514 2160 1551 manifestum
2181 1523 2235 1552 est
2267 1516 2373 1563 quod
2390 1516 2547 1553 intentio

1489 1566 1642 1614 proprie
1671 1574 1726 1603 est
1753 1574 1857 1603 actus
1883 1567 2099 1604 voluntatis.

1542 1620 1600 1655 AD
1629 1631 1765 1656 ptumum
1793 1631 1891 1656 ERGO
1920 1631 2104 1656 mel-:Noun
2124 1620 2229 1669 quod
2248 1620 2405 1657 intentio
2425 1621 2549 1658 nomi-

1489 1678 1600 1708 natur
1627 1673 1760 1709 oculus
1789 1672 2060 1721 metaphorice,
2090 1685 2168 1710 non
2193 1673 2282 1722 quia
2301 1673 2350 1710 ad
2369 1674 2549 1722 cognitio-

1490 1737 1578 1761 nem
1597 1725 1781 1774 pertineat
1795 1723 1823 1770 ζ;
1844 1725 1911 1762 sed
1932 1725 2019 1774 quia
2039 1726 2292 1774 cognitionem
2312 1739 2546 1776 praesuppo-

1490 1777 1553 1824 nit,
1574 1790 1643 1826 per
1662 1789 1777 1826 quam
1797 1778 2022 1826 proponitur
2039 1779 2225 1816 voluntati
2243 1779 2330 1816 finis
2362 1780 2411 1818 ad
2431 1792 2547 1828 quem

1489 1838 1649 1876 movet;
1688 1831 1783 1867 sicut
1820 1832 1931 1868 oculo
1967 1831 2239 1879 praevidemus
2279 1844 2356 1880 quo
2393 1834 2548 1870 tendere

1490 1883 1733 1931 corporaliter
1760 1883 1982 1920 debeamus.

1542 1938 1601 1972 An
1630 1947 1819 1973 SECUNDUM
1838 1949 2022 1974 mcaNDUM
2041 1938 2147 1985 quod
2165 1937 2323 1974 intentio
2343 1937 2476 1975 dicitur
2493 1938 2549 1974 lu-

1489 2001 1591 2035 men,
1607 1988 1697 2036 quia
1716 1989 1913 2026 manifesta
1933 1997 1989 2026 est
2005 1990 2224 2027 intendenti.
2245 1989 2357 2028 Unde
2377 1997 2413 2026 et
2431 2002 2549 2039 opera

1491 2041 1665 2079 dicuntur
1691 2042 1884 2089 tenebrae,
1913 2042 2002 2090 quia
2029 2044 2148 2080 homo
2178 2042 2246 2079 scit
2268 2043 2360 2092 quid
2378 2042 2547 2089 intendit,

1490 2094 1558 2131 sed
1586 2094 1704 2131 nescit
1735 2094 1825 2143 quid
1855 2106 1899 2131 ex
1928 2107 2044 2143 opere
2072 2103 2267 2144 sequatur3
2298 2095 2393 2132 sicut
2419 2097 2548 2143 Augu-

1489 2147 1607 2184 stinus
1634 2147 1776 2185 ibidem
1806 2147 1969 2195 exponit.

1542 2202 1600 2237 AD
1633 2211 1792 2237 TERTIUM
1828 2212 2011 2237 monimum
2044 2201 2150 2249 quod
2180 2201 2357 2238 voluntas
2395 2201 2550 2250 quidem

1489 2265 1568 2290 non
1597 2252 1755 2300 ordinat,
1785 2253 1853 2289 sed
1879 2260 2009 2289 tamen
2037 2253 2075 2290 in
2103 2253 2243 2302 aliquid
2271 2253 2390 2290 tendit
2415 2266 2550 2290 secun-

1489 2305 1583 2342 dum
1602 2305 1778 2342 ordinem
1798 2305 1961 2342 rationis.
1990 2306 2101 2343 Unde
2125 2307 2200 2342 hoc
2226 2318 2370 2343 nomen
2397 2306 2548 2343 intentio

1488 2357 1661 2396 nominat
1687 2365 1815 2395 aetum
1842 2358 2057 2405 voluntatis,
2085 2358 2376 2407 praesupposita
2398 2358 2548 2396 ordina-

1486 2410 1590 2457 tione
1618 2410 1772 2448 rationis
1800 2410 2007 2447 ordinantis
2034 2410 2176 2459 aliquid
2202 2411 2241 2448 in
2268 2412 2400 2448 finem.

1541 2466 1600 2501 An
1629 2475 1801 2506 QUARTUM
1829 2475 2012 2500 mci-:NDUM
2040 2464 2147 2511 quod
2173 2464 2331 2501 intentio
2360 2471 2416 2501 est
2442 2471 2547 2501 actus

1488 2516 1694 2554 voluntatis
1714 2524 1887 2565 respectu
1905 2516 2004 2553 finis.
2035 2516 2113 2554 Sed
2130 2518 2306 2554 voluntas
2335 2517 2485 2566 respicit
2502 2518 2547 2555 fi-

1489 2582 1579 2607 nem
1594 2569 1794 2619 tripliciter.
1816 2570 1902 2607 Uno
1924 2569 2056 2616 modo,
2073 2570 2265 2607 absolute:
2287 2577 2323 2606 et
2342 2570 2394 2606 sic
2413 2570 2547 2607 dicitur

1487 2623 1670 2669 voluntas,
1699 2630 1812 2671 prout
1840 2623 2010 2659 absolute
2038 2623 2220 2660 volumus
2247 2623 2309 2660 vel
2330 2622 2545 2670 sanitatem,

1487 2677 1550 2714 vel
1570 2676 1600 2712 si
1618 2675 1708 2724 quid
1727 2675 1826 2712 aliud
1855 2682 1911 2712 est
1938 2675 2168 2712 huiusmodi.
2198 2674 2284 2712 Alio
2314 2675 2433 2712 modo
2456 2687 2546 2712 con-

2577 1469 2585 1478 ·
2601 1468 2650 1496 Qu.
2664 1474 2697 1496 ix,
2711 1471 2754 1490 nrt.
2769 1474 2793 1491 ι,

1487 2729 1671 2766 sideratur
1698 2728 1785 2765 finis
1813 2728 2026 2765 secundum
2054 2727 2159 2776 quod
2186 2728 2225 2764 in
2258 2740 2304 2764 eo
2324 2728 2544 2776 quiescitur:
2603 2763 2615 2769 ,

1487 2790 1524 2819 et
1549 2783 1624 2818 hoc
1651 2781 1769 2818 modo
1792 2781 1925 2828 fruitio
1949 2780 2099 2829 respicit
2117 2781 2247 2817 finem.
2277 2780 2406 2817 Tertio
2426 2780 2545 2818 modo

1488 2834 1747 2872 consideratur
1773 2834 1860 2870 finis
1893 2834 2104 2870 secundum
2139 2833 2244 2882 quod
2273 2841 2327 2871 est
2364 2833 2546 2871 terminus

1487 2887 1642 2924 alicuius
1675 2887 1779 2936 quod
1797 2886 1835 2923 in
1855 2886 1981 2935 ipsum
2006 2886 2219 2923 ordinatur:
2250 2893 2286 2923 et
2313 2886 2365 2923 sic
2394 2887 2544 2925 intentio

1487 2939 1637 2989 respicit
1670 2940 1800 2976 finem'.
1838 2940 1928 2976 Non
1958 2939 2060 2976 enim
2093 2939 2219 2976 solum
2248 2951 2292 2975 ex
2319 2940 2394 2976 hoc
2426 2939 2546 2978 inten-

1487 2994 1576 3031 dere
1597 2992 1756 3030 dicimur
1775 2992 1985 3039 sanitatem,
2006 2991 2095 3041 quia
2112 2992 2292 3029 volumus
2307 2997 2326 3019 η
2347 3004 2451 3028 eam:
2478 2992 2546 3031 sed

1486 3046 1574 3095 quia
1602 3046 1781 3082 volumus
1810 3045 1858 3082 ad
1887 3057 1972 3082 eam
2000 3057 2068 3093 per
2100 3044 2241 3093 aliquid
2275 3044 2378 3082 aliud
2411 3057 2546 3094 perve-

1487 3112 1577 3136 nire.

434 3210 460 3242 α)
480 3210 583 3234 ibidem.
602 3222 620 3226 -
639 3209 707 3232 idem
726 3208 851 3232 ABDGL.

433 3244 457 3277 β)
478 3246 518 3269 vel
529 3244 602 3277 finis.
620 3243 716 3275 —finis
736 3243 828 3267 PFG-a.

432 3282 458 3313 γ)
479 3280 598 3305 interius.
616 3293 635 3298 —
653 3279 789 3303 interioris
809 3277 1076 3309 ABCEFGHIKLpD.

434 3315 458 3349 ὃ)
477 3315 588 3347 aliquid.
604 3329 624 3333 -
641 3315 754 3346 aliquem
775 3313 827 3342 ΒΚ,
846 3313 920 3337 aliud
940 3314 984 3337 Pa.

1543 3205 1564 3236 ε)
1583 3204 1654 3236 quod
1673 3204 1728 3235 ipse
1747 3202 1869 3228 intendit.
1886 3215 1905 3221 -
1922 3201 1959 3226 ad
1977 3201 2048 3233 quod
2066 3201 2121 3233 ipse
2139 3201 2225 3226 tendit
2243 3201 2289 3226 Pa.

1542 3239 1567 3270 ζ)
1582 3239 1727 3271 pertineat.
1744 3252 1763 3257 —
1776 3237 1896 3270 pertinet
1914 3237 1959 3261 Pa.

1542 3276 1568 3306 η)
1589 3275 1716 3299 volumus.
1733 3287 1752 3292 —
1769 3273 1887 3298 absolute
1907 3273 2026 3296 volumus
2045 3272 2074 3295 F.

1050 3377 1380 3410 commentaria
1403 3375 1651 3408 Oardjnalis
1674 3374 1873 3407 Caietam

447 3465 518 3486 1RcA
539 3453 779 3494 responsionem
803 3453 842 3482 ad
857 3459 1006 3492 quartum
1021 3451 1053 3481 in
1071 3451 1202 3481 articulo
1218 3450 1322 3491 primo
1339 3459 1434 3490 quae-

386 3466 558 3530 Cstionis
574 3497 790 3533 duodecimae,
805 3496 930 3526 adverte
948 3495 1182 3535 diligentissime
1203 3493 1435 3525 distinctionem

382 3543 415 3574 in
438 3543 536 3573 littera
560 3542 710 3583 positam:
736 3540 889 3581 quoniam
909 3540 1007 3570 multa
1028 3539 1100 3569 hinc
1117 3539 1307 3569 documenta
1330 3538 1434 3568 habes.

1490 3449 1576 3479 Finis
1600 3449 1632 3479 in
1654 3448 1772 3489 primis,
1797 3447 1988 3488 inquantum
2010 3446 2095 3483 finis,
2120 3453 2157 3477 ut
2178 3446 2252 3478 hinc
2274 3445 2379 3482 habes,
2403 3445 2546 3475 conside-

1490 3500 1574 3524 ratur
1597 3492 1771 3533 tripliciter:
1796 3491 1839 3522 ita
1862 3491 1959 3532 quod,
1983 3491 2055 3521 licet
2077 3490 2110 3520 id
2132 3490 2221 3531 quod
2243 3496 2290 3520 est
2313 3489 2353 3520 ad
2374 3488 2485 3525 finem,
2511 3496 2547 3520 ut

1490 3537 1542 3574 sic,
1559 3547 1624 3567 non
1641 3536 1699 3567 nisi
1716 3545 1781 3566 uno
1797 3535 1896 3566 modo
1914 3534 2127 3565 consideretur
2141 3541 2172 3565 et
2190 3540 2312 3564 ametur
2318 3542 2326 3570 ;
2350 3533 2416 3573 ipse
2439 3540 2546 3564 tamen
