2852 4152
136 747 145 755 ¹
163 745 220 772 Cap.
238 751 273 770 iv,
295 751 318 766 n.
335 751 346 766 2

222 771 347 825 ,aaa

135 830 167 851 xi,
182 830 204 845 n.
215 830 248 851 ²3·
291 830 294 843 ι

137 852 145 859 ·
161 849 219 877 Cap.
229 856 261 876 xi,
276 856 299 871 n.
310 855 346 876 24.

134 1651 142 1659 ·
154 1649 189 1671 ef.
198 1653 240 1671 art.
248 1655 264 1675 ι,
273 1649 343 1671 Com-

133 1679 205 1699 ment.
220 1682 283 1697 num.
298 1682 329 1697 v1.

372 185 447 222 230

372 262 500 311 ipsius.
531 263 579 299 Et
606 263 692 301 ideo
722 263 921 300 admiratio
951 270 1007 300 est
1027 276 1141 300 causa
1161 262 1429 308 delectationis,

372 316 597 363 inquantum
630 317 745 353 habet
782 316 998 354 adiunctam
1031 328 1138 364 spem
1173 314 1430 362 consequendi

374 368 628 415 cognitionem
658 369 737 406 eius
757 369 862 416 quod
890 369 984 405 scire
1014 368 1210 405 desiderat.
1231 388 1254 394 -
1275 368 1323 403 Et
1341 379 1428 414 pro-

372 428 455 468 pter
473 422 548 457 hoc
576 422 705 458 omnia
732 422 916 458 mirabilia
935 419 949 450 β
968 428 1054 457 sunt
1074 419 1315 468 delectabilia,
1337 419 1431 455 sicut

374 485 471 521 quae
500 482 586 510 sunt
618 486 721 510 rara:
752 482 788 510 et
816 486 950 510 ornnes
984 471 1345 520 repraesentationes
1375 483 1430 506 re-

374 538 469 573 rum,
491 526 603 563 etiarn
624 539 722 574 quae
740 527 778 563 in
797 539 837 563 se
861 538 939 562 non
958 532 1044 561 sunt
1067 523 1321 568 delectabile83
1341 534 1431 570 gau-

375 579 437 616 det
466 578 565 615 enirn
596 579 722 615 anima
749 579 788 615 in
816 577 1013 615 collatione
1042 576 1153 613 unius
1182 577 1230 613 ad
1250 576 1427 622 alterum,

374 631 463 679 quia
500 631 668 668 conferre
697 643 817 667 unum
847 630 950 666 alteri
983 637 1038 665 est
1069 628 1244 677 proprius
1272 636 1309 664 et
1341 641 1429 665 con-

374 684 551 720 naturalis
584 691 687 720 actus
724 682 891 729 rationis,
921 689 963 720 ut
989 681 1244 730 Philosophus
1277 681 1364 718 dicit
1391 681 1429 718 in

374 749 442 773 sua
468 737 617 772 Poetica
636 736 665 772 ²⁸.
696 737 745 772 Et
775 742 930 783 propter
963 735 1038 770 hoc
1070 734 1184 770 etiam
1221 734 1375 771 liberari
1404 746 1428 770 a

373 789 523 838 magnis
549 788 727 836 periculis
758 788 882 836 magis
914 793 968 823 est
997 786 1227 833 delectabile,
1258 788 1345 835 quia
1378 793 1432 824 est

373 841 604 886 admirabile,
634 847 675 876 ut
702 840 835 876 dicitur
862 840 899 876 in
928 841 942 875 I
970 840 1158 876 Rhetoric.
1175 840 1195 861 *

426 895 484 930 AD
513 904 648 929 PRIMUM
677 904 774 929 ERGO
803 904 987 931 chssunum
1006 893 1111 940 quod
1130 893 1329 929 admiratio
1350 905 1429 929 non

374 953 429 982 est
444 945 671 982 delectabilis
692 945 916 992 inquantum
935 945 1050 982 habet
1069 945 1336 993 ignorantiam:
1361 946 1428 982 sed

372 998 595 1046 inquantum
623 998 739 1034 habet
758 997 987 1034 desiderium
1011 998 1232 1035 addiscendi
1253 1010 1428 1043 causam;

373 1058 408 1087 et
435 1050 660 1099 inquantum
688 1051 880 1087 admirans
908 1050 1049 1098 aliquid
1076 1063 1222 1088 novum
1251 1051 1427 1097 addiscit,

371 1103 510 1140 scilicet
536 1103 650 1140 talem
680 1116 762 1140 esse
790 1116 907 1152 quem
930 1109 945 1131 Υ
974 1116 1052 1140 non
1077 1104 1308 1140 aestimabat.

423 1158 481 1193 AD
510 1167 698 1194 SECUNDUM
722 1168 904 1193 morannum
925 1157 1028 1204 quod
1049 1156 1246 1193 delectatio
1267 1157 1343 1193 duo
1364 1156 1429 1192 ha-

371 1209 450 1245 bet:
477 1209 616 1246 scilicet
640 1209 805 1257 quietern
831 1209 869 1245 in
889 1210 1005 1255 bono,
1023 1216 1058 1246 et
1076 1209 1297 1246 huiusmodi
1326 1208 1430 1256 quie-

370 1261 415 1298 tis
444 1262 740 1311 perceptionem.
772 1262 966 1308 Quantum
1003 1262 1113 1309 igitur
1150 1262 1197 1299 ad
1234 1261 1428 1310 primum,

1022 186 1286 232 QUAESTIO
1315 186 1476 231 XXXII,
1505 184 1799 220 ARTICULUS
1827 184 1912 219 VIII

1484 274 1569 297 cum
1587 262 1632 298 sit
1650 260 1849 309 perfectius
1870 261 2115 310 contemplari
2133 261 2331 299 veritatem
2349 261 2537 309 cognitam

1484 326 1598 361 quam
1627 313 1813 362 inquirere
1840 312 2020 360 ignotam,
2050 314 2386 363 contemplationes
2410 326 2537 351 rerum

1484 366 1674 412 scitatum,
1690 378 1758 413 per
1773 377 1813 401 se
1833 365 2037 413 loquendo,
2054 374 2140 404 sunt
2159 367 2279 414 magis
2298 367 2538 404 delectabiles

1484 430 1599 466 quam
1620 417 1878 465 inquisitiones
1897 430 2023 455 rerum
2044 419 2270 467 ignotarum.
2300 420 2451 456 Tamen
2469 431 2538 468 per

1483 470 1669 516 accidens,
1699 477 1884 518 quantum
1913 470 1962 507 ad
1990 472 2213 519 secundum,
2235 472 2414 519 contingit
2432 472 2537 521 quod

1482 522 1742 570 inquisitiones
1770 530 1856 559 sunt
1883 524 2114 572 quandoque
2143 524 2451 572 delectabiliores,
2480 537 2538 561 se—

1484 574 1650 611 cundum
1670 575 1775 622 quod
1795 587 1839 611 ex
1858 575 1993 613 maiori
2011 577 2197 614 desiderio
2217 578 2444 627 procedunt:
2473 577 2536 614 de-

1483 627 1662 667 siderium
1696 635 1825 664 autem
1859 628 1982 666 maius
2015 630 2193 667 excitatur
2221 642 2266 667 ex
2292 629 2536 679 perceptione

1481 680 1724 728 ignorantiae.
1754 681 1865 717 Unde
1903 681 2067 718 maxime
2104 683 2222 720 homo
2258 683 2462 720 delectatur
2498 683 2536 719 in

1481 733 1538 770 his
1567 745 1664 781 quae
1695 733 1742 769 de
1770 745 1876 770 novo
1902 733 2045 770 invenit
2072 742 2136 772 aut
2161 735 2331 773 addiscit.

1534 788 1593 823 An
1620 797 1779 822 TERTmM
1802 797 1985 822 DJCENDUM
2013 787 2116 834 quod
2145 799 2190 824 ea
2217 800 2312 837 quae
2341 797 2428 826 sunt
2447 801 2537 826 con-

1482 847 1599 886 sueta,
1620 846 1706 876 sunt
1725 838 1956 876 delectabilia
1975 839 2023 876 ad
2042 840 2292 888 operandum,
2312 842 2537 890 inquantum

1482 900 1568 928 sunt
1587 892 1694 939 quasi
1714 892 1980 928 connaturalia.
2011 892 2087 928 Sed
2110 899 2238 930 tamen
2263 906 2306 931 ea
2329 907 2427 943 quae
2451 902 2537 931 sunt

1482 957 1576 991 rara,
1597 952 1756 993 possunt
1779 943 1860 981 es‘se
1890 945 2133 991 delectabilia,
2157 946 2220 982 vel
2248 946 2390 983 ratione
2411 948 2536 995 cogni-

1480 997 1604 1044 tionis,
1634 997 1723 1046 quia
1752 997 1985 1034 desideratur
2013 1010 2148 1034 eorum
2177 997 2346 1046 scientia,
2379 1000 2537 1049 inquan-

1482 1058 1562 1086 tum
1590 1057 1676 1086 sunt
1703 1050 1816 1096 mira;
1844 1050 1906 1086 vel
1935 1050 2079 1086 ratione
2108 1050 2350 1099 operationis,
2380 1053 2468 1100 quia
2487 1064 2538 1090 ex

1483 1103 1663 1139 desiderio
1691 1103 1816 1152 magis
1843 1102 2044 1139 inclinatur
2070 1115 2175 1140 mens
2202 1104 2254 1140 ad
2278 1105 2349 1140 hoc
2366 1106 2468 1153 quod
2483 1106 2545 1143 in-,

1483 1162 1582 1192 tense
1600 1156 1637 1192 in
1658 1156 1819 1192 novitate
1842 1161 2025 1203 operetur,
2045 1163 2087 1192 ut
2106 1155 2240 1193 dicitur
2257 1156 2296 1193 in
2315 1158 2349 1193 X
2367 1158 2486 1194 Ethic.
2501 1157 2537 1204 *3
2565 1163 2575 1172 ·

1483 1208 1683 1257 perfectior
1705 1208 1806 1245 enim
1833 1208 2004 1257 operatio
2035 1216 2163 1246 causat
2188 1209 2453 1258 perfectiorem
2473 1210 2538 1248 de-

1482 1261 1740 1299 lectationem.'
2032 1259 2035 1262 ’

424 1391 449 1426 β)
470 1392 612 1417 mirabilia.
629 1406 648 1412 —
666 1392 837 1417 admirabilia
857 1393 902 1417 Pa.

1500 1394 1562 1454 ddy)
1576 1395 1661 1454 ¹talem
1681 1401 1736 1419 esse
1755 1401 1839 1426 quem.
1852 1408 1871 1414 —
1883 1395 1961 1419 talem
1980 1401 2036 1419 esse
2049 1394 2151 1426 qualem
2171 1394 2216 1423 F1;
2229 1395 2308 1419 talem
2327 1402 2354 1419 se
2366 1401 2421 1420 esse
2435 1395 2538 1427 qualem

1483 1438 1497 1454 e
1535 1447 1542 1454 .
1561 1437 1574 1453 a
1586 1437 1669 1462 lquae.

1045 1516 1375 1549 Commentaria
1397 1516 1645 1552 Cardinalis
1667 1516 1865 1550 Caietam

437 1604 499 1635 irca
528 1610 676 1635 octavum
704 1603 845 1634 eiusdem
872 1604 1205 1644 trigesimaesecundae
1233 1605 1427 1646 quaestionis

374 1615 622 1684 Cardeulum,
646 1647 775 1689 reliquis
798 1658 864 1678 non
893 1648 981 1679 aliter
1004 1649 1150 1679 discussis
1173 1649 1206 1685 *,
1231 1649 1309 1679 scito
1338 1650 1426 1690 quod

372 1692 529 1723 admirans
557 1692 591 1722 in
620 1692 691 1732 ipso
719 1692 934 1722 admirationis
964 1698 1036 1723 actu
1063 1693 1186 1723 videtur
1214 1693 1327 1723 habere
1351 1693 1424 1723 tria:

372 1737 486 1776 primo,
508 1746 619 1772 novae,
643 1746 728 1766 rarae
748 1736 799 1766 vel
822 1736 937 1766 arduae
960 1737 1003 1767 rei
1026 1736 1177 1767 intuitum
1200 1737 1424 1772 desideratum;

372 1781 522 1816 secundo,
547 1780 750 1810 collationem
769 1780 853 1810 illius
873 1790 948 1810 curn
970 1780 1094 1811 occulta
1115 1789 1221 1816 causa;
1245 1780 1348 1818 tertio,
1372 1790 1425 1810 na-

371 1824 505 1855 turalem
535 1824 695 1865 quandam
725 1824 1012 1864 concupiscentiam
1043 1823 1253 1864 cognoscendi
1281 1834 1423 1860 causam,

371 1868 452 1899 sicut
470 1867 684 1899 universaliter
699 1868 882 1907 imperfecta
897 1874 1051 1908 appetunt
1066 1867 1180 1908 perfici,
1201 1868 1242 1898 Et
1260 1874 1426 1908 propterea

1480 1605 1625 1636 admirari
1655 1605 1818 1636 constituit
1847 1605 2016 1637 habentem
2043 1606 2076 1636 in
2104 1606 2136 1636 id
2164 1606 2252 1646 quod
2283 1611 2329 1637 est
2362 1606 2547 1643 secundum¹

1479 1655 1637 1679 naturam:
1663 1659 1757 1679 nosse
1781 1649 1876 1686 enim,
1893 1656 1924 1680 et
1947 1650 2096 1686 conferre,
2121 1656 2152 1680 et
2175 1655 2322 1690 appetere
2345 1649 2436 1687 scire,
2462 1660 2539 1681 con-

1479 1692 1631 1723 naturalia
1654 1699 1741 1729 sum,
1766 1700 1796 1724 et
1819 1693 2002 1724 naturaliter
2023 1693 2056 1723 in
2080 1693 2128 1724 his
2151 1693 2268 1733 gaudet
2291 1693 2404 1725 anima.

1533 1736 1656 1767 Praeter
1671 1736 1748 1767 haec
1771 1743 1879 1768 autem
1901 1737 1967 1774 tria,
1985 1747 2067 1778 quae
2090 1737 2180 1768 omni
2203 1737 2330 1770 miranti
2353 1737 2539 1768 communia

1478 1780 1632 1817 videntur,
1657 1780 1738 1812 inest
1762 1781 1987 1812 scrutatoribus
2011 1791 2177 1812 causarum
2205 1781 2365 1813 rationalis
2387 1781 2538 1822 concupi-

1479 1824 1594 1854 scentia
1617 1824 1735 1855 sciendi
1759 1835 1895 1862 causam,
1920 1835 2000 1867 quae
2027 1832 2073 1856 est
2091 1836 2185 1857 causa
2207 1825 2432 1863 delectationis,
2457 1826 2546 1858 sicin.

1479 1874 1580 1898 cetera
1610 1868 1778 1905 desideria,
1802 1875 1838 1900 ut
1860 1869 1893 1899 in
1916 1876 1971 1900 art.
1992 1870 2020 1906 3,
2042 1869 2082 1900 ad
2108 1870 2136 1906 3,
2160 1870 2268 1901 habes.
