2846 4146
149 516 159 526 '‘
173 514 239 538 Vera.
254 521 285 543 ¹7.

149 883 159 891 ·
173 881 199 902 ln
213 886 318 908 corpore.

149 1039 158 1048 ⁶
167 1037 220 1060 Vid.
226 1038 358 1063 Comment-

149 1063 220 1086 Cniet.
229 1068 282 1094 post
292 1067 334 1086 art.
341 1070 358 1085 1.

147 1194 205 1243 'sc-1⁸-
223 1210 229 1217 ·
242 1200 339 1242 ι’ἑξΗ·
348 1205 359 1210 “

245 1286 260 1316 t

244 1504 262 1528 η

147 2144 157 2153 ·
166 2143 217 2166 Lib.
228 2143 258 2171 V,
272 2143 296 2165 in
306 2149 357 2172 cap.

146 2174 178 2196 vt,
191 2175 253 2192 ven.
267 2175 301 2192 22.

143 2781 154 2791 '⁵
168 2780 235 2803 Vei-s.
250 2781 282 2803 18.

1049 227 1314 275 QUAESTIO
1344 228 1484 274 LXIX,
1513 227 1808 264 ARTICULUS
1838 228 1887 263 ΙΙΙ

388 304 445 341 nis
472 305 712 353 passionibus
731 319 808 343 non
836 306 1061 354 inquinetur.
1082 307 1192 343 Unde
1221 314 1323 343 sexta
1351 306 1438 342 bea-

1497 306 1701 342 serendum
1728 317 1821 341 vero
1843 305 2046 354 praecipue
2067 313 2196 341 movet
2227 304 2424 340 consilium
2453 303 2550 347 Dei;

387 357 507 394 titudo
541 358 711 406 ponitur,
744 359 854 396 Beati
883 359 1023 395 mundo
1051 360 1173 395 corde.
1195 380 1219 385 -
1244 359 1439 404 Quantum
1497 357 1708 395 secundum
1736 358 1824 394 illud
1846 359 1946 394 Dan.
1968 370 2002 393 1v
2021 357 2060 393 *ε
2096 357 2299 394 Consilium
2324 369 2447 393 meum
2468 355 2553 404 regi

387 421 481 446 vero
502 410 549 446 ad
577 410 734 447 virtutes
763 419 798 447 et
827 412 928 448 dona
954 411 1091 460 quibus
1110 412 1229 448 horno
1249 411 1442 459 perficitur

388 461 427 497 in
455 462 738 510 comparatione
767 463 814 499 ad
843 463 1076 512 proximum,
1112 463 1268 500 effectus
1297 463 1440 500 activae

387 513 488 550 vitae
503 522 558 550 est
571 526 661 562 pax3
682 515 892 552 secundum
909 516 999 552 illud
1019 516 1135 552 Isaiae
1155 528 1250 552 xxxu
1267 517 1306 552 *ε
1341 516 1442 564 Opus

388 565 545 602 iustitiae
565 578 661 614 pax.
691 568 740 603 Et
767 567 853 604 ideo
874 568 1035 616 septima
1063 569 1255 605 beatitudo
1275 568 1439 616 ponitur,

378 618 498 654 >Beati
516 619 678 666 pacifici.
719 632 727 635 ’

442 672 500 707 An
520 682 656 708 ramum
675 683 773 708 ano
794 684 976 709 D1CENDUM
995 673 1100 720 quod
1127 681 1232 709 actus
1252 673 1442 709 donorum

387 722 655 770 pertinentium
683 724 732 760 ad
759 725 878 762 vitam
905 725 1085 771 activam,
1116 725 1376 773 exprimuntur
1405 725 1443 761 in

373 773 476 822 ‘ipsis
494 775 656 812 meritis:
686 776 754 813 sed
773 784 876 814 actus
896 777 1086 814 donorum
1107 777 1372 825 pertinentium
1394 777 1442 814 ad

386 825 505 863 vitam
535 829 881 877 contemplativam,
904 830 1163 878 exprimuntur
1190 830 1227 866 in
1251 829 1441 877 praemiis,

387 878 532 915 ratione
552 879 628 916 iam
647 880 667 902 ²¹⁸
687 881 796 918 dicta.
813 881 952 919 Videre
973 881 1074 918 enim
1093 883 1220 918 Deum
1240 882 1443 929 respondet

387 929 491 967 dono
511 931 733 979 intellectus3
755 942 792 970 et
811 933 1040 971 conformari
1059 935 1143 970 Deo
1163 934 1330 981 quadam
1349 933 1442 970 filia-

387 982 489 1019 tione
518 985 710 1032 adoptiva,
731 986 891 1034 pertinet
919 986 968 1022 ad
997 987 1143 1023 donum
1171 986 1387 1034 sapientiae.

438 1037 498 1073 An
516 1048 704 1075 SECUNDUM
724 1050 907 1076 monimum
927 1039 947 1059 *
975 1039 1080 1087 quod
1098 1039 1136 1075 in
1156 1038 1214 1075 his
1233 1051 1331 1086 quae
1359 1051 1442 1087 per-

386 1087 504 1125 tinent
531 1089 580 1126 ad
608 1090 771 1128 activam
798 1087 930 1137 vitam,
952 1091 1115 1138 cognitio
1144 1103 1222 1127 non
1251 1091 1443 1139 quaeritur

385 1147 541 1188 propter
576 1142 760 1190 seipsam,
795 1143 863 1180 sed
895 1151 1049 1192 propter
1083 1143 1366 1192 operationem,
1402 1152 1443 1180 ut

386 1192 500 1229 etiam
516 1194 769 1243 Philosophus
789 1195 887 1242 dicit,
908 1195 947 1232 in
963 1197 994 1232 11
1008 1195 1151 1232 Ethic.*
1169 1197 1218 1232 Et
1237 1196 1335 1242 ideo,
1357 1197 1443 1244 quia

386 1244 580 1283 beatitudo
609 1247 748 1295 aliquid
776 1248 952 1284 ultimum
970 1248 1158 1296 importat,
1180 1260 1258 1284 non
1287 1261 1442 1297 compu-

385 1303 512 1334 tantur
538 1296 550 1322 ἶ
578 1297 674 1336 inter
701 1300 950 1337 beatitudines
987 1309 1092 1337 actus
1127 1301 1318 1337 donorum
1357 1301 1442 1338 diri-

386 1349 554 1396 gentium
573 1350 612 1387 in
640 1351 718 1388 vita
737 1352 871 1399 activa,
892 1365 988 1400 quos
1007 1353 1146 1389 scilicet
1167 1353 1326 1400 eliciunt,
1348 1354 1443 1390 sicut

370 1401 573 1447 Aegusiitiari
600 1410 656 1439 est
682 1410 787 1440 actus
816 1404 969 1450 consilii,
997 1412 1033 1440 et
1059 1405 1226 1441 iudicare
1256 1413 1311 1441 est
1338 1414 1443 1442 actus

386 1452 578 1490 scientiae:
607 1455 674 1492 sed
694 1456 812 1503 magis
831 1456 1085 1497 attribuuntur
1104 1457 1157 1492 eis
1176 1464 1280 1493 actus
1309 1469 1443 1506 opera-

385 1504 452 1542 tivi
479 1505 517 1543 in
545 1506 684 1555 quibus
717 1505 880 1556 dirigunt
899 1514 935 1555 η,
970 1509 1064 1545 sicut
1092 1508 1267 1546 scientiae
1296 1510 1441 1558 lugere,

387 1564 424 1607 et
451 1558 606 1596 consilio
635 1560 816 1599 misereri.

439 1611 499 1648 An
526 1623 685 1650 TERTIUM
704 1625 888 1651 mcaNDUM
915 1614 1019 1661 quod
1039 1613 1077 1650 in
1097 1613 1336 1651 attributione
1356 1615 1444 1652 bea-

385 1661 588 1701 titudinum
607 1666 656 1703 ad
676 1666 788 1713 dona,
805 1674 964 1714 possunt
983 1666 1059 1704 duo
1080 1666 1319 1704 considerari.
1338 1668 1444 1715 Quo-

387 1728 473 1754 rum
500 1729 620 1755 unum
659 1726 714 1756 est
740 1719 985 1756 conformitas
1012 1718 1203 1756 materiae.
1233 1720 1282 1756 Et
1309 1733 1442 1758 secun-

387 1771 480 1808 dum
507 1772 602 1817 hoc,
637 1783 773 1808 omnes
814 1771 959 1820 primae
996 1772 1164 1820 quinque
1191 1772 1462 1811 beatitudines·

386 1830 545 1873 possunt
562 1824 711 1861 attribui
730 1824 907 1862 scientiae
936 1832 972 1861 et
991 1824 1159 1871 consilio,
1181 1832 1363 1873 tanquam
1389 1827 1442 1863 di-

387 1876 604 1924 rigentibus.
625 1877 703 1914 Sed
725 1876 823 1914 inter
842 1877 944 1914 dona
972 1877 1194 1926 exequentia
1215 1877 1442 1928 distribuun-

386 1936 463 1967 tur:
489 1929 540 1967 ita
567 1929 706 1967 scilicet
733 1931 838 1978 quod
867 1930 1008 1967 esuries
1042 1938 1078 1967 et
1105 1929 1182 1966 sitis
1210 1929 1381 1978 iustitiae,
1407 1941 1443 1969 et

384 1982 502 2020 etiam
529 1982 798 2027 misericordia,
817 1983 1030 2031 pertineant
1056 1983 1105 2020 ad
1131 1982 1322 2030 pietatem,
1343 1997 1442 2033 quae

384 2034 532 2083 perficit
559 2035 756 2072 hominem
783 2035 823 2072 in
850 2035 908 2073 his
936 2048 1034 2083 quae
1069 2043 1155 2072 sunt
1182 2035 1232 2072 ad
1259 2037 1440 2083 alterum;

386 2087 524 2125 mititas
550 2095 679 2125 autem
708 2088 757 2125 ad
785 2088 1065 2135 fortitudinem,
1095 2088 1184 2125 dicit
1212 2089 1314 2126 enim
1349 2092 1443 2127 Am-

381 2140 547 2187 brosius,
561 2152 674 2188 super
692 2141 838 2178 Lucam
852 2141 883 2188 ³¹²,
903 2141 1008 2189 quod
1022 2140 1253 2188 fortitudinis
1271 2148 1326 2179 est
1343 2143 1440 2180 iram

384 2193 548 2239 vincere,
578 2193 873 2243 indignationem
902 2195 1074 2231 cohibere
1089 2223 1098 2240 ,
1128 2201 1183 2231 est
1211 2194 1312 2231 enim
1339 2195 1442 2233 forti—

379 2245 476 2282 ·tudo
510 2245 608 2283 circa
639 2246 835 2295 passiones
867 2246 1080 2292 irascibilis;
1113 2255 1315 2296 paupertas
1347 2261 1441 2286 vero

385 2305 421 2334 et
446 2298 568 2335 luctus
595 2299 645 2336 ad
663 2296 676 2320 ⁰
705 2299 850 2336 donum
877 2299 1039 2345 timoris,
1068 2312 1146 2347 quo
1175 2301 1294 2337 homo
1319 2313 1359 2337 se
1388 2313 1443 2337 re-

383 2351 494 2390 trahit
521 2363 543 2389 a
570 2351 837 2399 cupiditatibus
856 2359 893 2388 et
912 2351 1222 2390 delectationibus
1250 2353 1396 2390 mundi.

435 2402 522 2440 Alio
541 2404 661 2440 modo
679 2415 886 2452 possumus
905 2404 943 2441 in
961 2404 1020 2441 his
1040 2404 1331 2443 beatitudinibus
1352 2418 1441 2442 con-

380 2455 548 2494 siderare
566 2456 712 2493 motiva
740 2456 929 2505 ipsarum:
960 2465 996 2494 et
1015 2457 1079 2502 sie,
1105 2466 1290 2505 quantum
1311 2458 1360 2495 ad
1379 2458 1442 2495 ali-

382 2520 459 2556 qua
487 2521 640 2554 eorum,
670 2517 820 2556 oportet
852 2509 957 2546 aliter
984 2509 1198 2547 attribuere.
1232 2510 1441 2558 Praecipue

383 2561 487 2598 enim
524 2561 574 2598 ad
606 2561 939 2599 mansuetudinem
975 2570 1107 2599 movet
1142 2563 1354 2600 reverentia
1393 2564 1441 2600 ad

382 2613 528 2658 Deum;
562 2625 662 2660 quae
680 2614 840 2662 pertinet
855 2614 912 2651 -ad
930 2613 1120 2662 pietatem.
1142 2615 1205 2652 Ad
1232 2616 1440 2662 lugendum

383 2673 511 2703 autem
531 2673 664 2703 movet
680 2666 884 2715 praecipue
907 2666 1072 2713 scientia,
1093 2679 1161 2716 per
1184 2680 1300 2716 quam
1320 2669 1440 2706 homo

384 2718 576 2766 cognoscit
605 2718 772 2756 defectus
799 2731 890 2757 suos
918 2726 955 2757 et
982 2731 1109 2757 rerum
1138 2720 1439 2767 mundanarum;

378 2771 596 2808 secundum
623 2770 714 2808 illud
740 2771 863 2808 Eccle.
885 2784 896 2809 1
920 2771 960 2808 *τ
993 2772 1068 2815 Qui
1096 2773 1201 2810 addit
1225 2773 1439 2820 scientiam,

381 2824 486 2861 addit
511 2829 547 2861 et
571 2824 751 2861 dolorem.
771 2824 833 2862 Ad
861 2824 1104 2862 esuriendum
1125 2833 1253 2863 autem
1280 2826 1440 2864 iustitiae

383 2888 512 2925 opera,
531 2876 736 2925 praecipue
765 2885 897 2914 movet
924 2877 1041 2914 animi
1067 2877 1258 2917 fortitudo.
1280 2879 1341 2916 Ad
1369 2880 1437 2916 mi-

434 2988 460 3024 ζ)
479 2993 675 3022 computantur.
689 3003 708 3008 -
724 2993 894 3022 computatur
912 2991 1139 3024 ACDEFGl-itp33
1159 2999 1206 3024 pro
1225 2999 1298 3024 quos,
1313 2993 1384 3024 quod
1397 2993 1440 3017 AB

382 3024 489 3055 CDHL,
508 3032 576 3057 quae
593 3025 622 3054 E,
641 3033 716 3058 quem
738 3025 765 3056 F,
785 3026 848 3057 quia
866 3026 898 3055 G¹
917 3033 995 3057 quam
1015 3026 1033 3052 l.

433 3057 462 3093 η)
482 3059 612 3092 dirigunt.
625 3074 644 3079 -
658 3060 815 3093 diriguntur
832 3061 860 3085 Ρ.

434 3092 460 3128 θ)
478 3095 524 3120 ad.
535 3107 555 3115 —-
568 3095 724 3127 pertineant
742 3095 779 3120 ad
797 3096 838 3121 ed.
852 3103 877 3126 a,
891 3096 1031 3128 pertinent
1048 3097 1085 3121 ad
1103 3097 1132 3121 P.

1490 411 1661 459 placeat:
1684 416 1839 459 peccata
1868 416 1931 446 tua
1959 410 2203 458 eleemosynis
2235 410 2392 454 redime,
2422 414 2457 444 et
2483 408 2551 444 ini-

1497 463 1652 511 quitates
1679 469 1762 499 tuas
1789 462 2052 499 misericordiis
2073 473 2298 509 pauperum.
2324 482 2347 488 -
2374 462 2422 497 Et
2448 461 2551 497 hunc

1498 515 1659 552 modum
1679 515 1927 551 attributionis
1947 514 2115 563 sequitur
2133 514 2376 561 Augustinus,
2399 513 2436 549 in
2456 513 2549 549 libro

1497 568 1542 604 de
1570 569 1688 604 Serm.
1711 569 1821 604 Dom.
1843 568 1879 604 in
1909 568 2042 603 Monte
2060 566 2090 603 ²⁸.

1550 622 1608 656 An
1637 632 1810 662 QUARTUM
1838 631 2021 656 DlCENDUM
2046 619 2150 667 quod
2179 629 2332 655 necesse
2356 625 2411 653 est
2437 616 2551 653 beati-

1497 672 1647 709 tudines
1667 684 1802 709 omnes
1820 684 1919 720 quae
1939 672 1977 708 in
1996 683 2102 708 sacra
2132 671 2323 718 Scriptura
2346 677 2550 718 ponuntur,

1498 726 1546 761 ad
1574 726 1642 761 has
1663 725 1790 761 reduci
1819 725 1882 761 vel
1902 731 2084 772 quantum
2114 724 2161 761 ad
2182 723 2326 768 merita,
2345 723 2407 759 vel
2435 733 2553 770 quan-

1497 784 1578 813 tum
1605 777 1653 814 ad
1681 777 1871 825 praemia:
1901 777 1989 824 quia
2013 788 2167 813 necesse
2198 783 2252 812 est
2284 775 2389 823 quod
2417 786 2552 810 omnes

1497 829 1708 877 pertineant
1736 829 1860 878 aliquo
1895 829 2014 866 modo
2043 829 2106 866 vel
2143 828 2192 865 ad
2219 828 2339 865 vitam
2368 827 2551 872 activam,

1497 882 1558 917 vel
1580 881 1627 917 ad
1646 881 1764 917 vitam
1786 881 2132 929 contemplativam.
2153 881 2264 918 Unde
2284 880 2389 928 quod
2409 878 2551 924 dicitur,

1497 935 1636 970 Beatus
1662 934 1722 970 vir
1749 935 1814 981 qui
1840 934 2042 982 corripitur
2069 946 2092 970 a
2119 934 2296 978 Domino,
2317 932 2477 980 pertinet
2505 931 2553 967 ad

1498 985 1770 1022 beatitudinem
1799 987 1933 1022 luctus.
1964 986 2080 1033 Quod
2108 998 2202 1022 vero
2232 985 2384 1031 dicitur,
2413 986 2553 1020 Beatus

1495 1039 1556 1075 vir
1583 1039 1648 1086 qui
1673 1050 1748 1075 non
1777 1039 1868 1075 abiit
1894 1039 1930 1075 in
1958 1039 2112 1075 consilio
2141 1039 2362 1086 impiorum,
2395 1036 2555 1086 pertinet

1497 1091 1546 1127 ad
1574 1091 1800 1128 munditiam
1827 1091 1962 1127 cordis.
2000 1091 2117 1137 Quod
2135 1103 2229 1127 vero
2251 1090 2395 1136 dicitur,
2415 1091 2554 1126 Beatus

1496 1144 1555 1179 vir
1583 1144 1648 1191 qui
1674 1144 1813 1180 invenit
1838 1144 2070 1191 sapientiam,
2090 1143 2251 1191 pertinet
2274 1143 2321 1179 ad
2341 1141 2553 1191 praemium

1496 1196 1679 1244 septimae
1709 1196 1958 1232 beatitudinis.
1985 1197 2034 1232 Et
2060 1195 2163 1232 idem
2189 1202 2291 1243 patet
2310 1195 2358 1232 de
2378 1194 2554 1230 omnibus

1497 1248 1576 1284 aliis
1596 1261 1694 1296 quae
1723 1256 1882 1297 possunt
1909 1254 1916 1269 ²
1946 1248 2084 1285 induci.

1550 1304 1608 1337 An
1638 1300 1834 1343 QUINTUM*
1857 1313 2039 1338 DICENDUM
2067 1300 2171 1349 quod
2197 1307 2332 1336 octava
2361 1300 2553 1336 beatitudo

1497 1361 1553 1390 est
1572 1354 1763 1402 quaedam
1784 1353 2023 1390 confirmatio
2045 1360 2080 1389 et
2108 1352 2359 1389 manifestatio
2380 1352 2554 1389 omniurn

1496 1406 1817 1454 praecedentium.
1849 1406 1908 1442 Ex
1943 1406 2018 1442 hoc
2051 1405 2151 1441 enim
2194 1404 2298 1453 quod
2333 1405 2465 1452 aliquis
2501 1413 2556 1442 est

1499 1459 1746 1494 confirmatus
1773 1463 1789 1479 κ
1818 1458 1856 1494 in
1888 1465 2108 1506 paupertate
2146 1457 2296 1505 spiritus
2326 1465 2361 1494 et
2398 1458 2554 1494 mititate

1498 1518 1535 1547 et
1562 1510 1640 1546 aliis
1668 1510 1925 1558 sequentibus,
1946 1510 2122 1558 provenit
2149 1510 2254 1558 quod
2283 1511 2330 1546 ab
2359 1510 2417 1546 his
2445 1511 2555 1547 bonis

1496 1570 1652 1612 propter
1688 1563 1829 1599 nullam
1869 1562 2172 1610 persecutionem
2206 1560 2219 1583 λ
2254 1562 2404 1599 recedit.
2443 1563 2555 1600 Unde

1497 1623 1634 1652 octava
1662 1614 1855 1651 beatitudo
1875 1615 2167 1662 quodammodo
2197 1615 2246 1651 ad
2273 1622 2419 1663 septem
2447 1628 2555 1663 prae-

1498 1669 1675 1705 cedentes
1703 1667 1874 1715 pertinet.

1549 1722 1608 1757 An
1624 1719 1794 1757 sanum*
1812 1731 1994 1757 DlCENDUM
2011 1719 2114 1767 quod
2130 1719 2254 1755 Lucas
2269 1726 2394 1755 narrat
2414 1732 2556 1756 sermo-

1495 1785 1586 1810 nem
1607 1772 1765 1810 Domini
1784 1772 1925 1809 factum
1943 1784 2023 1808 esse
2043 1772 2090 1808 ad
2107 1772 2235 1808 turbas
2252 1772 2282 1809 ³⁶.
2310 1772 2421 1809 Unde
2442 1773 2556 1809 beati-

1497 1826 1645 1863 tudines
1673 1832 1921 1862 numerantur
1938 1825 1987 1861 ab
2009 1837 2054 1860 eo
2075 1825 2287 1861 secundum
2308 1825 2555 1873 capacitatem

1497 1879 1706 1923 turbarum,
1728 1890 1827 1926 quae
1855 1878 1977 1914 solam
2001 1877 2272 1925 voluptuosam
2302 1885 2339 1914 et
2365 1885 2555 1926 tempora-

1497 1932 1572 1968 lem
1616 1938 1651 1967 et
1683 1938 1872 1967 terrenam
1911 1929 2183 1966 beatitudinem
2212 1938 2413 1967 noverunt.
2444 1931 2554 1968 Unde

1497 1983 1688 2021 Dominus
1721 1995 1790 2031 per
1824 1990 1987 2030 quatuor
2015 1982 2265 2019 beatitudines
2300 1991 2462 2031 quatuor
2495 1997 2555 2021 ex-

1498 2036 1614 2073 cludit
1633 2048 1730 2084 quae
1751 2035 1799 2072 ad
1818 2035 2049 2084 praedictam
2070 2035 2342 2072 beatitudinem
2366 2037 2554 2084 pertinere

1496 2089 1685 2127 videntur.
1707 2089 1884 2135 Quorum
1902 2088 2070 2137 primum
2096 2096 2152 2124 est
2184 2088 2415 2125 abundantia
2435 2090 2556 2126 bono-

1497 2155 1583 2179 rum
1613 2141 1861 2179 exteriorum:
1883 2141 1985 2189 quod
2008 2141 2169 2178 excludit
2188 2153 2255 2189 per
2273 2142 2348 2178 hoc
2376 2143 2481 2190 quod
2502 2143 2555 2179 di-

1498 2195 1557 2242 cit,
1578 2194 1688 2231 Beati
1702 2206 1902 2242 pauperes.
1918 2215 1941 2221 -
1960 2194 2182 2230 Secundum
2198 2202 2254 2230 est
2268 2195 2373 2242 quod
2392 2195 2438 2231 sit
2456 2196 2554 2232 bene

1496 2247 1643 2284 homini
1672 2254 1857 2294 quantum
1887 2247 1935 2284 ad
1965 2259 2118 2295 coerS,
2147 2247 2186 2284 in
2215 2246 2305 2283 cibis
2339 2254 2375 2283 et
2402 2248 2554 2296 potibus

1498 2307 1533 2336 et
1559 2300 1638 2336 aliis
1657 2299 1896 2336 huiusmodi:
1927 2306 1962 2335 et
1981 2299 2055 2336 hoc
2075 2299 2237 2336 excludit
2255 2312 2324 2347 per
2343 2301 2554 2337 secundum

1497 2353 1602 2401 quod
1620 2351 1738 2400 ponit,
1758 2352 1870 2388 Beati
1885 2352 1950 2400 qui
1967 2352 2123 2389 esuritis.
2140 2373 2163 2379 -
2184 2352 2356 2388 Tertium
2377 2361 2431 2390 est
2450 2354 2555 2402 quod

1496 2405 1544 2442 sit
1562 2404 1708 2442 homini
1728 2405 1826 2441 bene
1846 2412 2030 2453 quantum
2050 2404 2098 2441 ad
2119 2404 2243 2441 cordis
2262 2404 2554 2443 iucunditatem:

1497 2465 1534 2494 et
1561 2458 1636 2494 hoc
1672 2457 1834 2494 excludit
1869 2457 2000 2502 tertio,
2035 2456 2181 2503 dicens,
2219 2458 2330 2494 Beati
2361 2459 2427 2506 qui
2456 2471 2556 2495 nunc

1486 2511 1600 2559 fletis.
1621 2531 1644 2537 -
1667 2510 1852 2555 Quartum
1876 2510 2112 2546 essexterior
2130 2510 2332 2546 hominum
2361 2511 2488 2548 favor:
2520 2519 2556 2547 et

1496 2563 1571 2600 hoc
1592 2562 1754 2599 excludit
1777 2570 1923 2610 quarto,
1945 2562 2084 2608 dicens‘,
2114 2563 2224 2599 Beati
2247 2563 2347 2599 eritis
2375 2575 2460 2600 cum
2487 2575 2554 2601 vos

1497 2615 1642 2652 oderint
1655 2615 1834 2651 homines.
1849 2637 1875 2641 —
1891 2615 1939 2651 Et
1958 2615 2053 2651 sicut
2066 2615 2293 2651 Ambrosius
2309 2616 2397 2652 dicit
2410 2616 2442 2662 ²¹²,
2456 2628 2555 2664 pau-

1491 2674 1620 2716 pertas
1641 2668 1804 2715 pertinet
1829 2668 1880 2704 ad
1898 2668 2192 2715 temperantiam,
2214 2680 2310 2716 quae
2338 2669 2553 2706 illecebrosa

1498 2733 1572 2758 non
1593 2720 1760 2769 quaerit;
1787 2720 1926 2756 esuries
1945 2720 1997 2756 aa'
2022 2721 2208 2766 iustitiam,
2230 2722 2318 2769 quia
2337 2722 2403 2770 qui
2428 2723 2552 2768 esurit,

1498 2773 1741 2821 compatitur,
1770 2778 1822 2818 et,
1851 2773 2123 2820 compatiendo,
2155 2773 2341 2823 largitur;
2362 2775 2478 2823 fletus
2505 2775 2556 2812 ad

1491 2826 1754 2879 prudentiam,
1785 2826 1890 2862 cuius
1916 2831 1970 2862 est
1989 2826 2090 2874 flere
2117 2827 2291 2871 occidua,·
2312 2827 2398 2875 pati
2426 2828 2553 2864 odium

1495 2879 1702 2924 hominum,
1732 2879 1784 2915 ad
1796 2878 2073 2926 fortitudinem.

1549 2992 1568 3026 ι)
1584 2995 1706 3024 possunt.
1721 3006 1740 3011 —
1753 2996 1863 3024 possent
1881 2991 2085 3017 ABCDEFGHI.

1547 3027 1572 3060 κ)
1592 3028 1801 3061 confirmatus.—
1811 3028 1941 3060 firmatus
1960 3027 2184 3051 ABCDEFHIKL.

1492 3060 1704 3122 ηοηλῖὶένιοῃίεν
1717 3062 1816 3087 nullam
1827 3061 2047 3094 persecutionem.
2059 3075 2078 3080 —
2086 3065 2201 3094 propter
2213 3062 2330 3094 aliquam
2341 3063 2551 3094 persecutionem

2577 363 2587 375 ⁶
2600 362 2667 384 Vers.
2683 369 2719 389 24.

2578 565 2586 573 ·
2598 562 2648 584 Lib.
2664 562 2682 590 1,
2697 568 2746 589 cap.
2758 568 2790 584 iv.

2683 1248 2689 1263 ῑ

2582 1305 2592 1315 “
2606 1305 2663 1332 Arg.
2678 1303 2727 1326 Sed
2739 1309 2795 1325 con-

2583 1333 2630 1352 tra.

2583 1727 2594 1738 ⁸
2610 1728 2666 1758 Arg.
2677 1733 2688 1748 2
2703 1728 2727 1748 in
2738 1734 2794 1749 con-

2585 1755 2693 1775 trarmm.

2584 1779 2633 1801 ·Cf.
2642 1786 2691 1807 cap.
2698 1787 2729 1807 vt,
2735 1787 2795 1802 vers.

2583 1812 2614 1833 17.

2585 2631 2594 2640 ·
2615 2630 2671 2652 Loc.
2695 2631 2714 2651 ci

2582 2663 2642 2678 vers.
2663 2663 2691 2678 20

2583 2683 2619 2705 Cf.
2630 2687 2672 2704 art.
2689 2689 2709 2710 1,

2717 2634 2732 2651 t.
2740 2646 2746 2657 ,
2770 2630 2792 2651 in

2715 2662 2792 2704 ⁵331.-
