2852 4152
90 1448 301 1470 ·comment.num.

91 1481 115 1496 n.

91 2850 103 2861 ⁴
117 2851 168 2872 Art.
184 2856 199 2876 1,
216 2856 237 2872 2.

337 213 382 248 58

386 291 596 327 Perfectam
621 291 730 338 igitur
750 292 1003 340 cognitionem
1033 293 1119 329 finis
1139 293 1306 342 sequitur
1324 305 1393 330 vo-

332 343 535 381 luntarium
564 344 774 381 secundum
804 345 988 381 rationem
1023 345 1247 393 perfectam:
1281 353 1394 393 prout

333 397 481 443 scilicet,
502 398 741 445 apprehenso
761 397 850 444 fine,
872 397 1005 445 aliquis
1024 405 1160 445 potest,
1182 397 1391 434 deliberans

333 451 379 487 de
399 450 476 486 fine
497 450 598 486 etde
626 450 684 486 his
713 462 810 498 quae
840 458 926 486 sunt
953 449 1002 486 ad
1026 450 1155 495 finem,
1185 450 1333 486 moveri
1353 449 1391 486 in

331 503 449 539 finem
477 502 538 539 vel
571 515 649 539 non
677 502 837 539 moveri.
869 502 1132 550 Imperfectam
1167 509 1294 538 autem
1329 514 1392 538 co-

331 555 538 602 gnitionem
566 555 652 591 finis
685 555 852 603 sequitur
883 554 1142 591 voluntarium
1177 554 1389 590 secundum

331 608 516 644 rationem
547 607 830 656 imperfectam:
860 614 972 654 prout
1006 605 1144 642 scilicet
1179 608 1390 655 apprehen-

331 661 425 697 dens
453 660 571 697 finem
601 672 678 696 non
698 659 889 704 deliberat,
916 659 982 695 sed
1009 658 1133 695 subito
1154 666 1333 696 movetur
1351 659 1390 696 in

330 713 468 761 ipsum.
498 712 608 749 Unde
637 712 706 749 soli
735 711 905 748 rationali
933 719 1088 748 naturae
1117 712 1298 759 competit
1320 725 1389 748 vo-

330 765 532 801 luntarium
553 766 762 802 secundum
783 764 967 800 rationem
992 764 1217 812 perfectam:
1244 765 1312 801 sed
1331 777 1388 801 se-·

331 818 499 854 cundum
528 818 712 854 rationem
742 817 1023 865 imperfectam,
1058 817 1239 866 competit
1275 817 1387 854 etiam

330 870 447 907 brutis
476 870 701 907 animalibus
721 874 747 905 Υ.

382 925 440 960 AD
470 935 605 959 PRIMUM
634 934 730 959 ERGO
759 933 943 958 DlCENDUM
973 922 1076 970 quod
1110 922 1285 959 voluntas
1320 935 1387 959 no—

329 976 447 1012 minat
474 976 694 1012 rationalem
724 974 955 1023 appetitum:
987 982 1023 1012 et
1050 975 1136 1013 ideo
1165 987 1244 1012 non
1263 982 1387 1023 potest

330 1040 410 1065 esse
430 1028 469 1064 in
487 1028 545 1064 his
565 1040 662 1076 quae
692 1028 836 1064 ratione
866 1035 1004 1064 carent.
1030 1028 1296 1064 Voluntarium
1321 1040 1386 1064 au-

327 1088 405 1117 tern
434 1080 717 1117 denominative
749 1080 883 1117 dicitur
911 1082 933 1117 a'
959 1081 1168 1127 voluntate,
1201 1088 1236 1117 et
1262 1087 1388 1128 potest
1411 1076 1414 1127 Ι
1441 1079 1479 1116 in
1507 1079 1637 1116 brutis.

1045 215 1309 260 QUAESTIO
1339 216 1404 262 VI,
1435 217 1729 253 ARTICULUS
1760 218 1807 252 Ill

1447 294 1543 330 trahi
1571 295 1619 331 ad
1649 307 1693 330 ea
1713 295 1749 330 in
1768 295 1906 342 quibus
1935 304 1990 333 est
2017 297 2142 345 aliqua
2171 298 2406 346 participatio
2434 310 2504 334 vo-

1446 346 1606 392 luntatis,
1623 347 1834 383 secundum
1855 348 2021 397 aliquam
2042 350 2347 387 convenientiam
2367 350 2416 388 ad
2435 363 2503 388 vo-

1445 398 1638 435 luntatem.
1675 400 1722 435 Et
1749 400 1824 436 1100
1859 401 1976 437 1110ἀο
2011 403 2267 440 voluntarium
2296 403 2505 440 attribuitur

1445 450 1670 487 animalibus
1699 451 1834 488 brutis:
1862 451 2086 501 inquantum
2115 455 2254 492 scilicet
2280 468 2349 504 per
2377 457 2502 504 cogni-

1444 502 1588 539 tionem
1616 503 1783 551 aliquam
1810 513 2013 543 moventur
2039 507 2077 543 in
2105 508 2235 545 finem.

1496 557 1554 591 AD
1583 567 1772 592 SECUNDUM
1799 568 1982 595 111οΕΝοοΜ
2011 561 2115 607 quod
2149 573 2194 597 ex
2221 561 2296 597 hoc
2325 561 2504 608 contingit

1443 607 1548 655 quod
1577 608 1696 644 homo
1726 615 1782 645 est
1813 609 1991 647 dominus
2020 612 2077 648 sui
2106 620 2227 659 actus,
2257 613 2361 662 quod
2388 613 2504 650 habet

1443 659 1754 698 deliberationem
1776 661 1822 698 de
1842 663 1918 699 suis
1938 663 2098 702 actibus:
2121 677 2166 701 ex
2184 666 2259 702 hoc
2279 666 2379 702 enim
2399 666 2503 714 quod

1443 712 1536 749 ratio
1570 712 1781 750 deliberans
1815 726 1854 750 se
1882 715 1998 753 habet
2025 716 2074 753 ad
2102 717 2294 766 opposita,
2323 719 2502 756 voluntas

1442 765 1480 801 in
1507 772 1712 812 utrumque
1741 773 1876 813 potest.
1912 768 1988 805 Sed
2021 770 2231 807 secundum
2265 771 2340 807 hoc
2366 771 2502 808 volun-

1441 817 1578 854 tarium
1608 830 1686 854 non
1716 825 1771 854 est
1799 818 1836 855 in
1866 819 1983 856 brutis
2011 821 2256 869 animalibus,
2291 831 2331 860 ut
2359 823 2501 860 dictum

1443 878 1498 907 est
1524 870 1555 907 ²⁸.

1494 925 1553 960 An
1576 934 1735 960 TERTmM
1762 936 1945 961 DICENDUM
1974 925 2078 973 quod
2105 925 2187 962 laus
2216 933 2252 963 et
2269 927 2502 977 vituperium

1442 983 1727 1024 consequuntur
1754 984 1880 1013 actum
1904 977 2163 1014 voluntarium
2182 980 2394 1018 secundum
2417 994 2502 1030 per-

1439 1028 1577 1064 fectam
1605 1028 1808 1065 voluntarii
1836 1029 2040 1075 rationem;
2070 1030 2189 1096 qualis
2217 1043 2295 1068 non
2313 1032 2503 1071 invenitur

380 1203 406 1236 γ)
425 1203 593 1228 animalibus.
611 1217 630 1222 -
649 1203 710 1228 Om.
729 1203 775 1227 Pa.

1001 1273 1333 1305 Commentaria
1357 1272 1608 1306 Cardinalis
1631 1274 1830 1308 Caietani

358 1365 378 1385 N
401 1355 540 1385 secundo
564 1354 714 1391 articulo,
739 1353 863 1383 adverte
887 1353 975 1393 quod
997 1352 1029 1382 id
1053 1353 1142 1393 quod
1170 1353 1331 1393 superius,
1355 1353 1388 1383 in

331 1367 459 1439 Iprima
479 1398 594 1428 scilicet
617 1397 810 1437 quaestione,
835 1403 889 1427 art.
909 1407 938 1433 2,
962 1396 1130 1437 appellavit
1153 1399 1274 1427 Auctor
1292 1397 1388 1427 unico

326 1443 483 1473 vocabulo
509 1451 702 1482 cognoscere
725 1442 882 1471 rationem
895 1441 989 1482 finis,
1013 1448 1044 1471 et
1066 1451 1125 1471 nos
1150 1442 1355 1482 exposuimus
1370 1441 1388 1459 '¹‘

327 1487 495 1518 consistere
511 1486 543 1516 in
559 1485 740 1525 cognitione
759 1485 974 1525 proportionis
996 1485 1076 1516 inter
1091 1484 1188 1515 finem
1204 1491 1235 1515 et
1252 1486 1285 1515 id
1299 1486 1388 1526 quod

327 1538 372 1561 est
390 1531 430 1560 ad
445 1530 557 1566 finem;
584 1530 682 1559 modo
703 1529 874 1569 explicatur
897 1539 934 1559 ex
956 1536 1043 1569 parte
1065 1529 1230 1569 utriusque
1246 1529 1386 1567 extremi,

327 1574 442 1605 scilicet
459 1573 539 1611 finis,
558 1581 588 1604 et
603 1574 670 1604 eius
694 1574 784 1613 quod
807 1579 853 1603 est
867 1574 906 1603 ad
921 1573 1028 1604 finem.
1053 1574 1093 1604 Et
1109 1573 1222 1604 dicitur
1237 1574 1325 1614 quod
1342 1580 1388 1604 est

327 1628 524 1659 cognoscere,
545 1628 582 1648 ex
597 1625 684 1658 parte
702 1617 783 1654 finis,
800 1617 954 1647 rationem
970 1617 1054 1647 finis:
1076 1627 1112 1647 ex
1128 1624 1214 1656 parte
1230 1627 1304 1648 vero
1321 1617 1388 1648 eius

327 1663 415 1704 quod
430 1669 476 1693 est
490 1663 529 1692 ad
544 1662 651 1698 finem,
667 1662 911 1702 proportionem
926 1661 1010 1692 illius
1026 1662 1066 1691 ad
1081 1661 1188 1692 finem.
1202 1662 1243 1692 Et
1254 1662 1388 1692 intendit

327 1717 383 1747 per
398 1708 552 1738 rationem
562 1707 656 1747 finis,
677 1716 742 1736 non
758 1706 843 1746 quod
857 1706 933 1746 quid
949 1711 995 1736 est
1010 1712 1046 1736 ut
1061 1705 1264 1745 distinguitur
1280 1712 1388 1736 contra

326 1751 541 1787 individuum;
567 1751 622 1781 sed
644 1750 800 1781 rationem
816 1749 994 1786 formalem,
1014 1750 1078 1780 sive
1094 1750 1308 1780 universaliter
1323 1750 1387 1780 sive

1441 1353 1676 1393 particulariter,
1690 1361 1726 1386 ut
1740 1354 1943 1395 distinguitur
1953 1362 2062 1387 contra
2078 1356 2261 1394 rem3'idest,
2273 1357 2362 1398 quod
2377 1365 2504 1399 oportet

1441 1407 1629 1437 cognoscere
1652 1408 1720 1428 rem
1739 1409 1821 1439 quae
1840 1399 2064 1430 denominatur
2081 1399 2162 1437 finis,
2187 1408 2223 1431 ut
2246 1407 2306 1432 stat
2320 1403 2379 1433 sub
2403 1403 2502 1434 deno-

1441 1441 1615 1472 minatione
1634 1442 1715 1473 finis.
1733 1443 1828 1473 Verbi
1844 1443 1951 1483 grafia,
1969 1444 2083 1474 mulier
2097 1452 2319 1485 praeparatura
2334 1456 2392 1487 pro
2408 1456 2501 1488 pran-

1441 1485 1512 1522 dio,
1537 1484 1612 1516 non*
1627 1486 1733 1517 solum
1757 1487 1846 1517 novit
1869 1487 1929 1517 hoc
1951 1487 2096 1518 futurum
2122 1488 2306 1528 prandium,
2336 1491 2392 1520 sed
2413 1491 2504 1522 novit

1439 1530 1546 1569 ipsum
1562 1537 1598 1561 ut
1612 1529 1709 1560 finem
1723 1537 1809 1567 tunc,
1826 1530 1879 1567 ibi,
1895 1538 1964 1567 etc.‚
1982 1541 2057 1562 suae
2075 1533 2335 1572 praeparationis:
2359 1534 2502 1576 alioquin

1440 1583 1507 1604 non
1534 1574 1771 1605 ratiocinaretur
1794 1585 1830 1605 ex
1853 1575 1986 1615 prandio
2002 1576 2042 1605 ad
2065 1577 2288 1616 praeparanda,
2312 1587 2370 1608 nec
2392 1588 2502 1610 move-

1440 1623 1525 1648 retur
1543 1618 1582 1648 ad
1598 1618 1882 1658 praeparationem.
1906 1619 1947 1650 Et
1962 1619 2105 1650 similiter
2128 1620 2217 1651 novit
2239 1631 2306 1651 non
2321 1621 2428 1652 solum
2445 1622 2502 1653 has

1441 1671 1558 1698 carnes,
1582 1662 1663 1692 hanc
1677 1662 1800 1699 horam,
1820 1669 1889 1699 etc.‚
1914 1663 1968 1693 sed
1992 1670 2028 1694 ut
2042 1664 2297 1704 proportionatas
2320 1675 2415 1702 nunc,
2439 1666 2500 1704 hic,

1439 1706 1497 1742 sic,
1522 1713 1596 1742 etc.‚
1620 1707 1660 1736 ad
1682 1706 1779 1737 talem
1801 1706 1908 1737 finem.
1937 1707 1979 1738 Et
2001 1707 2063 1738 hoc
2086 1715 2133 1739 est
2154 1709 2290 1748 perfecte
2313 1719 2502 1750 cognoscere

1440 1749 1546 1786 finem,
1571 1757 1602 1781 et
1624 1760 1718 1780 nosse
1737 1750 1892 1782 rationem
1914 1750 1995 1783 finis.
2217 1761 2221 1764 ”

1127 1894 1442 1936 ARTICULUS
1470 1895 1698 1937 TERTIUS

786 1986 941 2017 UTRUM
964 1985 1284 2016 VOLUNTARIUM
1306 1985 1453 2016 Possm*
1477 1985 1576 2016 ESSE
1599 1986 1768 2023 ABSQUE
1793 1986 1906 2018 OMNr
1925 1987 2045 2020 ACTU

740 2064 814 2094 Infra,
834 2073 879 2097 qu.
898 2072 963 2096 Lm,
983 2069 1030 2090 art.
1051 2063 1080 2094 5,
1099 2064 1131 2089 ad
1152 2071 1181 2095 2;
1200 2064 1220 2088 11
1241 2064 1322 2093 Sent„
1343 2063 1402 2089 dist.
1421 2072 1493 2096 xxxv,
1513 2069 1560 2089 art.
1581 2063 1607 2095 3;
1628 2065 1670 2089 De
1687 2064 1770 2094 Malo,
1791 2073 1836 2097 qu.
1854 2073 1881 2095 11,
1901 2070 1947 2091 art.
1965 2065 1983 2098 i,
2003 2067 2034 2091 ad
2055 2073 2078 2091 2.

475 2184 485 2191 ,
538 2167 560 2192 D
589 2166 747 2191 TERTmM
772 2165 825 2190 stc
845 2163 1083 2190 PROCEDITUR.
1104 2152 1264 2190 Videtur
1283 2152 1387 2202 quod

539 2207 796 2244 voluntarium
824 2219 903 2243 non
930 2206 1049 2255 possit
1078 2218 1160 2243 esse
1189 2206 1268 2242 sine
1289 2213 1386 2242 actu.

390 2300 393 2305 ,
441 2291 466 2307 ,
485 2266 514 2309 ἦ.
539 2260 806 2297 Voluntarium
841 2259 942 2296 enim
977 2259 1111 2296 dicitur
1143 2259 1248 2307 quod
1283 2266 1339 2295 est
1366 2271 1389 2295 a

384 2288 747 2350 fflvoluntate.
784 2312 861 2349 Sed
889 2311 979 2348 nihil
1006 2319 1132 2360 potest
1160 2324 1242 2348 esse
1271 2324 1293 2348 a
1320 2324 1389 2348 vo—

328 2366 470 2402 luntate
499 2366 567 2403 nisi
595 2379 663 2415 per
692 2365 856 2415 aliquem
886 2373 1023 2412 actum,
1053 2365 1102 2402 ad
1121 2364 1248 2402 minus
1272 2365 1388 2414 ipsius

328 2418 543 2456 voluntatis.
565 2420 667 2467 Ergo
687 2418 945 2456 voluntarium
966 2430 1044 2454 non
1061 2425 1187 2467 potest
1207 2430 1288 2454 esse
1309 2418 1388 2455 sine

330 2479 427 2508 actu.

384 2537 418 2561 2.
449 2526 687 2571 PRAETEREA,
717 2524 812 2561 sicut
835 2535 904 2572 per
922 2531 1050 2560 actum
1077 2523 1281 2561 voluntatis
1302 2523 1391 2561 dici-

329 2585 389 2614 tur
415 2577 548 2626 aliquis
567 2579 677 2624 velle,
708 2577 758 2614 ita
777 2584 946 2614 cessante
972 2584 1057 2613 actu
1076 2576 1280 2614 voluntatis
1303 2577 1391 2614 dici-

329 2638 388 2668 tur
407 2643 486 2667 non
503 2631 613 2668 velle.
637 2631 713 2668 Sed
731 2643 809 2667 non
824 2630 921 2667 velle
937 2629 1233 2667 involuntarium
1249 2637 1390 2677 causat,

331 2684 436 2733 quod
452 2684 659 2733 opponitur
671 2683 899 2721 voluntario.
921 2683 1023 2731 Ergo
1038 2683 1296 2720 voluntarium
1312 2695 1391 2720 non

330 2744 454 2787 potest
483 2750 576 2784 esse,
606 2744 691 2774 actu
717 2736 922 2774 voluntatis
951 2743 1132 2773 cessante.

385 2792 419 2828 3.
449 2791 686 2837 PRAETEREA,
717 2790 763 2827 de
793 2789 938 2826 ratione
965 2788 1167 2826 voluntarii
1188 2796 1243 2825 est
1266 2789 1391 2836 cogni-

330 2844 394 2891 tio,
423 2851 465 2880 ut
493 2844 634 2881 dictum
657 2850 712 2880 est
729 2842 760 2879 *.
782 2843 859 2880 Sed
882 2841 1043 2890 cognitio
1064 2849 1120 2878 est
1138 2853 1207 2890 per
1225 2841 1391 2889 aliquem

331 2905 470 2934 actum.
493 2898 594 2944 Ergo
613 2896 871 2934 voluntarium
890 2907 969 2932 non
991 2902 1117 2944 potest
1141 2907 1223 2931 esse
1247 2895 1391 2943 absque

331 2950 458 2998 aliquo
488 2957 586 2987 actu.

385 3004 459 3040 SED
488 3014 648 3049 CONTRA,
679 3002 768 3039 illud
797 3001 903 3038 cuius
924 3000 1069 3038 domini
1095 3013 1238 3048 sumus,
1260 3000 1393 3038 dicitur

403 2276 457 2294 ‘Vr‘

332 3068 413 3092 esse
446 3056 715 3092 voluntarium.
751 3055 827 3092 Sed
861 3067 932 3091 nos
966 3054 1111 3092 domini
1145 3066 1277 3091 sumus
1312 3053 1392 3090 eius

332 3108 438 3157 quod
467 3115 522 3145 est
549 3120 660 3156 agere
690 3115 726 3145 et
752 3120 831 3144 non
860 3119 982 3155 agere,
1007 3105 1104 3144 velle
1130 3114 1167 3144 et
1184 3116 1262 3144 non
1282 3107 1391 3144 velle.

331 3163 432 3210 Ergo
453 3161 548 3198 sicut
575 3174 685 3209 agere
715 3169 751 3198 et
777 3161 873 3197 velle
903 3168 958 3197 est
984 3160 1261 3208 voluntarium,
1289 3159 1338 3197 ita
1357 3166 1394 3196 et

333 3227 411 3252 non
439 3226 549 3262 agere
579 3221 615 3251 et
643 3226 722 3252 non
749 3214 858 3251 velle.

413 3268 638 3305 REsponnEo
657 3278 841 3304 DICENDUM
861 3266 965 3315 quod
980 3266 1239 3303 voluntarium
1260 3265 1394 3302 dicitur

334 3321 439 3369 quod
459 3328 515 3357 est
533 3333 556 3357 a
569 3321 776 3358 voluntate.
794 3319 854 3356 Ab
870 3318 997 3367 aliquo
1018 3326 1145 3356 autem
1163 3318 1298 3356 dicitur
1311 3330 1394 3355 esse

335 3373 475 3422 aliquid
494 3373 700 3422 dupliciter.
721 3373 808 3411 Uno
828 3371 960 3420 modo,
982 3372 1139 3409 directe:
1166 3371 1272 3420 quod
1301 3371 1395 3408 scili-

1442 2160 1500 2189 cet
1522 2153 1695 2201 procedit
1721 2153 1769 2190 ab
1796 2153 1922 2202 aliquo
1942 2154 2169 2202 inquantum
2190 2163 2246 2192 est
2263 2168 2390 2204 agens,
2410 2157 2506 2194 sieut

1443 2206 1634 2242 calefactio
1659 2218 1681 2242 a
1707 2206 1842 2243 calore.
1873 2207 1959 2244 Alio
1989 2208 2119 2255 modo,
2149 2208 2340 2256 indirecte,
2361 2222 2407 2246 ex
2431 2210 2506 2247 hoc

1442 2258 1525 2307 ipso
1546 2259 1649 2307 quod
1678 2271 1757 2296 non
1777 2259 1867 2306 agit:
1897 2259 1991 2296 sicut
2010 2261 2222 2297 submersio
2243 2261 2351 2299 navis
2371 2262 2506 2300 dicitur

1445 2323 1526 2348 esse
1555 2324 1577 2348 a
1605 2311 1872 2359 gubernatore,
1900 2312 2126 2360 inquantum
2155 2313 2297 2351 desistit
2325 2326 2346 2351 a
2370 2315 2505 2362 guber-

1444 2364 1585 2401 nando.
1617 2363 1694 2401 Sed
1714 2364 1911 2402 sciendum
1932 2365 2037 2414 quod
2056 2378 2135 2402 non
2154 2378 2306 2415 semper
2333 2366 2371 2404 id
2400 2368 2506 2416 quod

1445 2417 1614 2466 sequitur
1641 2417 1689 2454 ad
1718 2417 1907 2454 defectum
1936 2418 2105 2466 actionis,
2135 2419 2327 2456 reducitur
2353 2420 2449 2457 sicut
2467 2421 2506 2458 in

1445 2482 1600 2507 causam
1619 2470 1658 2507 in
1677 2482 1804 2518 agens,
1826 2483 1871 2507 ex
1890 2483 1935 2507 eo
1955 2471 2061 2519 quod
2079 2484 2159 2509 non
2179 2472 2268 2520 agit:
2293 2473 2361 2510 sed
2379 2473 2505 2511 solum

1445 2530 1534 2560 tunc
1558 2535 1646 2560 cum
1679 2530 1803 2572 potest
1822 2531 1858 2560 et
1877 2523 1991 2560 debet
2017 2536 2141 2572 agere.
2171 2525 2212 2562 Si
2241 2525 2342 2562 enim
2370 2526 2505 2574 guber-

1446 2584 1555 2613 nator
1573 2588 1653 2612 non
1670 2583 1801 2624 posset
1819 2589 1961 2614 navem
1981 2577 2152 2625 dirigere,
2171 2579 2236 2615 vel
2255 2590 2335 2616 non
2353 2586 2452 2616 esset
2471 2578 2505 2616 ei

1446 2629 1651 2666 commissa
1678 2629 1900 2676 gubernatio
1930 2630 2058 2677 navis,
2087 2643 2167 2668 non
2193 2630 2444 2679 imputaretur
2472 2631 2507 2669 ei

1446 2682 1555 2719 navis
1587 2682 1817 2729 submersio,
1847 2694 1945 2732 quae
1979 2695 2048 2732 per
2078 2683 2290 2721 absentiam
2322 2685 2491 2732 guberna

1445 2735 1536 2772 toris
1556 2740 1573 2756 α
1598 2734 1840 2782 contingeret.
2490 2752 2491 2755 =
2515 2765 2517 2769 .

2529 883 2538 892 ·
2553 881 2579 903 In
2594 886 2701 908 corpore.

1500 2787 1600 2834 Quia
1619 2787 1729 2835 igitur
1746 2789 1935 2835 voluntas,
1955 2788 2124 2825 volendo
2146 2796 2181 2825 et
2200 2789 2361 2837 agendo,
2382 2797 2517 2839 potest
2563 2815 2565 2817 ·

1446 2840 1630 2889 impedire
1657 2841 1733 2877 hoc
1760 2841 1865 2890 quod
1886 2848 1942 2878 est
1960 2853 2039 2878 non
2057 2842 2155 2878 velle
2175 2849 2212 2879 et
2229 2854 2308 2880 non
2327 2855 2450 2890 agere,
2471 2851 2507 2880 et

1447 2894 1650 2943 aliquando
1681 2893 1808 2940 debet;
1837 2894 1912 2931 hoc
1940 2894 2046 2942 quod
2074 2902 2130 2931 est
2157 2907 2236 2932 non
2253 2895 2352 2932 velle
2371 2903 2408 2932 et
2423 2907 2506 2932 non

1447 2959 1569 2995 agere,
1585 2946 1793 2995 imputatur
1808 2946 1853 2994 ei,
1869 2947 1978 2994 quasi
1996 2947 2044 2984 ab
2064 2947 2147 2996 ipsa
2161 2945 2176 2976 β
2195 2947 2368 2984 existens.
2385 2949 2434 2984 Et
2452 2948 2507 2986 sic

1445 2999 1703 3037 voluntarium
1723 3007 1849 3048 potest
1876 3012 1958 3037 esse
1979 3000 2122 3048 absque
2142 3007 2244 3037 actu:
2273 3001 2517 3050 quandoque*

1447 3052 1603 3101 quidem
1623 3053 1768 3102 absque
1788 3059 1873 3089 actu
1894 3052 2081 3100 exteriori,
2107 3064 2195 3089 cum
2219 3060 2304 3090 actu
2327 3053 2518 3102 interiori,

1448 3106 1540 3143 sicut
1569 3118 1656 3142 cum
1684 3107 1766 3143 vult
1797 3118 1876 3143 non
1907 3117 2038 3153 agere;
2073 3104 2276 3154 aliquando
2309 3114 2438 3144 autem
2471 3113 2518 3144 etz

1448 3159 1592 3207 absque
1620 3165 1705 3195 actu
1733 3158 1916 3205 interiori,
1945 3158 2041 3195 sicut
2068 3169 2156 3194 cum
2185 3169 2264 3195 non
2290 3159 2372 3196 vult
2397 3164 2424 3196 Υ.

1500 3213 1559 3249 Ab
1595 3223 1732 3249 ramum
1764 3222 1863 3248 ERGO
1895 3222 2079 3247 DLCENDUM
2111 3211 2218 3258 quod
2248 3211 2506 3249 voluntarium

1450 3264 1584 3302 dicitur
1610 3277 1689 3302 non
1717 3264 1842 3301 solum
1870 3263 1975 3311 quod
2003 3263 2176 3311 procedit
2198 3276 2220 3300 a
2237 3264 2432 3302 voluntate
2451 3264 2506 3302 di-

1449 3325 1561 3364 recte,
1590 3317 1686 3354 sicut
1713 3317 1761 3354 ab
1789 3323 1940 3364 agente;
1970 3316 2037 3353 sed
2062 3315 2175 3353 etiam
2195 3317 2300 3366 quod
2318 3325 2374 3354 est
2393 3317 2440 3354 ab
2460 3329 2506 3354 ea

1449 3370 1641 3416 indirecte,
1672 3369 1766 3407 sicut
1793 3381 1815 3405 a
1842 3381 1921 3405 non
1950 3375 2095 3416 agente.

388 3497 414 3529 α)
434 3497 628 3529 gubernatoris.
645 3510 664 3516 —
681 3496 855 3529 gubernantis
875 3496 985 3522 codices.

389 3531 413 3563 β)
433 3532 498 3564 ipsa.
517 3547 534 3551 —
554 3533 609 3564 ipso
628 3532 870 3564 ABCDEFGILpl-l.

1417 3493 1421 3558 A

1499 3495 1525 3527 γ)
1546 3495 1609 3519 vult.
1628 3507 1647 3514 -
1665 3494 1722 3519 vult
1739 3499 1820 3526 agere
1838 3493 1903 3518 velle
1922 3493 1950 3522 F,
1970 3493 2026 3517 vult
2044 3499 2125 3525 agere
2143 3493 2174 3517 K.
