2852 4152
1055 224 1319 270 QUAESTIO
1349 225 1414 271 lV,
1445 225 1738 263 ARTICULUS
1768 227 1782 262 I

974 508 982 514 ἡ
1030 423 1438 500 QUAESTIO
1478 424 1812 501 QUARTA

713 548 796 588 DE
829 548 926 589 HIS
961 549 1131 601 QUAE
1164 551 1249 591 AD
1283 551 1744 611 BEATITUDINEM
1776 552 2131 592 EXIGUNTUR

1155 665 1189 690 IN
1219 665 1316 690 OCTO
1346 665 1545 691 ARTICULOS
1573 666 1690 691 DIVISA

419 765 527 791 EINDE
556 753 875 792 considerandum
905 763 959 792 est
978 756 1025 793 de
1044 756 1101 793 his
1121 769 1219 805 quae
1240 757 1392 804 exigun-

419 814 479 843 tur
499 812 516 828 α
544 807 592 844 ad
621 807 891 844 beatitudinem
920 808 950 845 *.

336 859 386 896 Et
413 859 510 896 circa
537 860 612 896 hoc
640 868 874 908 quaeruntur
901 868 1000 898 octo.

388 912 535 949 Primo:
563 919 691 949 utrum
712 912 909 950 delectatio
930 913 1140 962 requiratur
1162 913 1210 950 ad
1237 913 1394 950 beatitu-

443 963 585 1002 dinem.

390 1017 588 1054 Secundo:
617 1017 709 1066 quid
738 1018 784 1055 sit
809 1017 1052 1066 principalius
1079 1018 1118 1055 in
1146 1018 1392 1066 beatitudine,

442 1077 570 1107 utrum
599 1070 797 1108 delectatio
824 1071 887 1107 vel
913 1071 1025 1108 visio.

97 833 160 882 gg.
174 839 214 862 qu.
227 838 261 860 n,1
275 832 310 854 In-

1499 756 1652 793 Tertio:
1680 765 1808 794 utrum
1837 757 2047 804 requiratur
2075 757 2377 806 comprehensio.

1500 810 1666 855 Quarto:
1695 817 1821 846 utrum
1850 810 2066 858 requiratur·
2083 810 2265 847 rectitudo
2285 810 2500 847 voluntatis.

1501 861 1662 908 Quinto:
1691 869 1818 898 utrum
1837 862 1886 899 ad
1906 862 2174 900 beatitudinem
2195 862 2360 900 hominis
2378 863 2503 912 requi-

1555 921 1657 950 ratur
1685 926 1833 962 corpus.

1503 966 1634 1003 Sexto:
1664 974 1791 1003 utrum
1819 967 1998 1015 perfectio
2029 967 2209 1016 corporis.

1503 1019 1694 1067 Septimo:
1722 1026 1849 1056 utrum
1877 1020 2001 1067 aliqua
2030 1020 2213 1057 exteriora
2241 1020 2356 1058 bona.

1503 1071 1672 1108 Octavo:
1700 1079 1828 1108 utrum
1856 1072 2066 1120 requiratur
2093 1073 2252 1110 societas
2280 1073 2501 1110 amicorum.

1146 1160 1461 1221 ARTICULUS
1493 1179 1696 1221 PRIMUS

821 1273 977 1303 UTRUM
999 1271 1280 1303 DELECTATIO
1303 1271 1587 1309 REQUIRATUR
1609 1273 1668 1303 AD
1691 1273 2019 1304 BEATITUDINEM

583 1357 675 1390 Supra,
694 1365 739 1390 qu.
757 1365 794 1387 111.
814 1363 861 1383 art.
878 1366 909 1389 4;
928 1358 947 1382 11
967 1358 1049 1387 Sent„
1070 1358 1127 1382 dist.
1146 1365 1251 1388 xxxvm,
1271 1363 1318 1383 art.
1339 1365 1367 1387 23
1387 1359 1428 1387 lv,
1448 1358 1507 1383 di.st
1525 1366 1589 1388 xux,
1609 1367 1653 1391 qu.
1671 1367 1688 1388 ι,
1708 1365 1755 1384 art.
1773 1367 1790 1389 1,
1811 1362 1857 1393 qu·
1878 1368 1906 1392 2;
1926 1369 1971 1394 qu.
1989 1368 2032 1392 111,
2051 1366 2097 1385 art.
2115 1368 2140 1392 4,
2159 1362 2205 1393 qu·
2226 1359 2255 1391 3;

1020 1393 1163 1424 Compend.
1187 1392 1284 1423 ΤΙιεοΙ.,
1303 1400 1357 1424 cap.
1377 1399 1437 1423 cvn,
1456 1400 1533 1424 cnxv3
1551 1394 1575 1417 X
1594 1394 1688 1423 Ethic„
1709 1395 1820 1420 lect.v1.

484 1572 649 1623 'Quem
683 1585 785 1622 Dicit
817 1585 919 1623 enim
952 1586 1206 1633 Augustinus,
1236 1586 1274 1622 in
1303 1587 1317 1622 I
1350 1586 1395 1622 de

448 1633 461 1665 T
470 1652 488 1669 »a
518 1658 537 1673 x.
551 1639 619 1676 T
583 1651 654 1676 rm
674 1638 695 1660 '¹‘
698 1638 832 1687 ,quod
849 1638 942 1675 visio
962 1644 1017 1675 est
1033 1644 1108 1675 tota
1127 1651 1269 1675 merces
1287 1639 1392 1697 fidei.

442 1691 482 1729 id
509 1691 614 1740 quod
642 1698 698 1728 est
725 1691 940 1747 praemium
966 1691 1030 1728 vel
1057 1703 1203 1729 merces
1234 1691 1393 1738 virtutis,

332 1752 394 1783 est
425 1743 642 1792 beatitudo,
679 1751 722 1780 ut
756 1745 860 1793 patet
895 1756 965 1792 per
999 1744 1278 1803 Philosophum
1312 1744 1350 1780 in
1379 1746 1393 1781 Ι

331 1797 455 1836 -ΕΙΙιίε,
475 1796 496 1819 *
523 1797 627 1844 Ergo
654 1796 745 1834 nihil
773 1796 874 1834 aliud
903 1796 1103 1845 requiritur
1130 1797 1178 1834 ad
1197 1797 1394 1834 beatitudi-

333 1862 428 1888 nem
455 1849 527 1887 nisi
555 1850 638 1887 sola
662 1849 772 1886 visio.

390 1914 426 1940 2.
456 1903 690 1950 Parmam,
719 1902 912 1939 beatitudo
942 1909 998 1938 est
1020 1913 1092 1950 per
1106 1914 1148 1939 se
1164 1903 1396 1950 sufficientis-

98 1986 150 2010 ·s·
174 1964 309 2008 ·f¹¹,geg·g2
332 1956 472 1994 simum
508 1956 670 2001 bonum,
703 1962 746 1992 ut
778 1955 1033 2003 Philosophus
1068 1954 1154 1991 dicit
1191 1956 1205 1991 I
1232 1955 1352 1992 Ethic.
1376 1955 1396 1977 '¹‘

196 2013 212 2047 β
255 2016 257 2018 ’
336 2008 455 2056 Quod
483 2015 611 2046 autem
641 2014 726 2067 eget
753 2007 879 2055 aliquo
908 2007 1000 2054 alio,
1029 2019 1108 2044 non
1136 2015 1191 2044 est
1217 2019 1286 2056 per
1313 2020 1353 2044 se
1380 2006 1395 2037 β

335 2060 540 2099 sufficiens.
568 2061 676 2098 Cum,
697 2060 806 2108 igitur
833 2060 995 2097 essentia
1021 2060 1293 2097 beatitudinis
1283 2073 1323 2097 1n
1341 2060 1395 2097 vi-

97 2121 173 2151 ·Qn.
186 2127 220 2150 m,
234 2121 308 2144 nrt-8·
335 2113 445 2152 sione
476 2113 550 2151 Dei
578 2113 773 2159 consistat,
801 2120 844 2149 ut
871 2119 1067 2150 ostensum
1103 2120 1160 2149 est
1176 2112 1216 2159 *3
1245 2113 1396 2150 videtur

337 2166 443 2215 quod
471 2166 520 2203 ad
548 2165 821 2203 beatitudinem
850 2178 929 2202 non
957 2166 1166 2214 requiratur
1185 2165 1393 2202 delectatio.

392 2220 427 2256 3.
447 2220 680 2266 PRAETEREA,
700 2219 953 2266 operationem
970 2218 1164 2266 felicitatis
1183 2230 1251 2254 seu
1279 2218 1395 2254 beati-

98 1666 284 1718 &fiam-,n
267 1691 309 1713 lib.
333 1692 416 1729 Sed

87 1719 126 1748 -1n
138 1724 192 1749 ‘Q-
203 1723 256 1743 *¹¹¹-

97 1795 309 1847 ἐῗῆεΐὲἳιῖ

96 1959 112 1971 ὑ

335 2270 476 2309 tudinis
505 2278 655 2320 oportet
678 2283 761 2308 esse
789 2283 864 2308 non
892 2270 1118 2318 impeditam,
1136 2277 1179 2306 ut
1206 2270 1340 2307 dicitur
1357 2270 1395 2307 in

176 2331 269 2375 ·⁸¹¹¹¹·¹¹
271 2332 310 2348 ·²·
335 2324 405 2361 vu
431 2324 552 2363 Ethic.
573 2323 606 2346 ²⁸
595 2323 694 2370 Sed
714 2323 910 2360 delectatio
938 2323 1097 2383 impedit
1123 2322 1311 2359 actionem
1341 2323 1396 2360 in-

331 2377 522 2415 tellectus
551 2377 760 2435 corrumpit
786 2376 887 2413 enirn
912 2376 1206 2413 aestimationem
1230 2376 1394 2424 pruden-

96 2435 186 2486 sq'ffl'
189 2436 309 2485 ’,ἐῢ--
332 2430 420 2475 tiae,
440 2436 482 2466 ut
501 2429 661 2466 dicitur'
653 2441 693 2466 in
711 2430 763 2466 VI
782 2429 901 2466 Ethic.
922 2428 943 2451 '¹‘
970 2429 1071 2476 Ergo
1098 2428 1296 2466 delectatio
1317 2441 1395 2466 non

118 2478 126 2485 ⁹
336 2481 537 2531 requiritur
564 2482 612 2519 ad
641 2481 925 2519 beatitudinem.

391 2535 465 2572 SED
494 2546 639 2571 CONTRA
658 2546 724 2571 EST
743 2535 849 2582 quod
867 2534 1100 2582 Augustinus
1120 2533 1218 2581 dicit,
1239 2535 1275 2570 X
1299 2535 1395 2571 Con-

323 2589 421 2636 fess.
441 2587 473 2635 *,
493 2587 599 2636 quod
626 2587 820 2624 beatitudo
845 2594 901 2623 est
927 2586 1110 2636 gaudium
1139 2587 1185 2623 de
1210 2587 1375 2624 veritate.

390 2641 615 2677 REsponnEo
648 2651 832 2676 DICENDUM
869 2639 974 2687 quod
1011 2639 1305 2687 quadrupliciter
1333 2639 1396 2676 ali-

337 2692 429 2740 quid
452 2693 651 2740 requiritur
679 2692 728 2729 ad
757 2691 867 2728 aliud.
898 2692 984 2728 Uno
1014 2691 1145 2738 modo,
1176 2691 1271 2728 sicut
1289 2704 1396 2740 prae-

337 2745 537 2782 ambulum
571 2746 634 2782 vel
668 2745 994 2793 praeparatorium
1028 2745 1077 2781 ad
1113 2744 1261 2792 ipsum:
1300 2744 1396 2781 sicut

98 2352 141 2376 -8,

97 2595 109 2605 ·
123 2594 181 2622 οφ.
195 2599 264 2616 xxm.

94 2805 220 2834 ‘D-n07·
338 2797 532 2846 disciplina
560 2797 760 2846 requiritur
788 2797 836 2834 ad
865 2797 1060 2834 scientiam
1080 2797 1111 2834 *.
1142 2797 1226 2834 Alio
1256 2797 1390 2844 modo,

336 2850 431 2887 sicut
448 2849 651 2898 perficiens
679 2849 837 2898 aliquid:
867 2849 967 2890 sicut,
980 2850 1107 2886 anima
1127 2849 1327 2899 requiritur
1346 2851 1394 2888 ad

335 2903 452 2941 vitam
481 2903 661 2951 corporis.
692 2902 821 2939 Tertio
859 2902 1000 2948 modo,
1029 2902 1124 2939 sicut
1161 2902 1393 2939 coadiuvans

194 2960 211 2986 Υ
336 2956 608 2993 extrinsecum:
639 2955 734 2992 sicut
760 2954 869 2991 amici
888 2954 1128 3003 requiruntur
1146 2960 1161 2983 Ὺ
1181 2955 1229 2992 ad
1253 2955 1393 3003 aliquid

1448 1480 1651 1528 agendum.
1681 1482 1828 1527 Quarto
1855 1483 1990 1529 modo,
2020 1483 2114 1519 sicut
2142 1483 2283 1531 aliquid
2311 1482 2503 1520 concomi-

1448 1540 1546 1569 tans:
1566 1540 1608 1569 ut
1622 1533 1652 1569 si
1668 1533 1837 1570 dicamus
1852 1535 1957 1581 quod
1972 1535 2074 1571 calor
2088 1535 2287 1583 requiritur
2302 1535 2349 1572 ad
2363 1536 2501 1583 ignem.

1449 1585 1497 1621 Et
1523 1586 1599 1622 hoc
1625 1586 1744 1622 modo
1773 1587 1968 1623 delectatio
2002 1587 2200 1636 requiritur
2227 1588 2275 1624 ad
2303 1587 2500 1625 beatitudi-

1447 1649 1549 1674 nem.
1565 1638 1773 1674 Delectatio
1794 1639 1895 1675 enim
1917 1647 2090 1676 causatur
2110 1652 2154 1676 ex
2173 1641 2246 1676 hoc
2265 1642 2369 1688 quod
2388 1652 2503 1689 appe-

1448 1690 1535 1727 titus
1555 1690 1754 1738 requiescit
1776 1691 1814 1727 in
1834 1692 1936 1728 bono
1966 1692 2116 1740 adepto.
2138 1693 2260 1739 Unde,
2282 1705 2370 1729 curn
2389 1692 2504 1729 beati-

1448 1743 1540 1780 tudo
1569 1743 1660 1779 nihil
1689 1743 1788 1780 aliud
1821 1744 1867 1780 sit
1894 1756 2011 1791 quam
2048 1745 2197 1793 adeptio
2227 1746 2365 1782 summi
2394 1745 2502 1792 boni,

1449 1807 1528 1832 non
1555 1803 1680 1843 potest
1706 1807 1789 1832 esse
1817 1797 2010 1834 beatitudo
2035 1797 2114 1834 sine
2141 1798 2386 1835 delectatione
2415 1810 2503 1834 con-

1450 1855 1667 1885 comitante.

1502 1902 1560 1937 AD
1589 1913 1724 1938 PRIMUM
1753 1912 1850 1938 ERGO
1882 1914 2065 1939 DICENDUM
2093 1902 2198 1950 quod
2232 1915 2277 1939 ex
2312 1903 2387 1939 hoc
2419 1902 2503 1951 ipso

1449 1953 1554 2001 quod
1586 1966 1732 1990 merces
1766 1953 1873 1990 alicui
1902 1954 2089 2002 redditur,
2123 1956 2298 1992 voluntas
2325 1955 2504 1992 merentis

1448 2006 1648 2054 requiescit
1673 2004 1699 2053 δ,
1720 2007 1823 2054 quod
1847 2013 1903 2043 est
1923 2007 2108 2044 delectari.
2135 2008 2243 2044 Unde
2271 2007 2309 2044 in
2336 2008 2419 2056 ipsa
2446 2020 2504 2045 ra-

1447 2058 1549 2095 tione
1577 2059 1763 2095 mercedis
1791 2059 1958 2096 redditae
1988 2059 2184 2096 delectatio
2213 2060 2424 2097 includitur.

1501 2113 1559 2148 AD
1578 2118 1767 2148 SECUNDUM
1786 2123 1968 2149 DICENDUM
1983 2112 2088 2160 quod
2108 2124 2154 2149 ex
2171 2113 2253 2162 ipsa
2271 2113 2416 2150 visione
2428 2113 2503 2150 Dei

1447 2171 1623 2200 causatur
1650 2164 1860 2201 delectatio.
1888 2164 1999 2201 Unde
2035 2165 2095 2201 ille
2123 2165 2188 2214 qui
2215 2167 2342 2202 Deum
2375 2166 2501 2213 videt,

1448 2216 1696 2253 delectatione
1724 2216 1890 2264 indigere
1918 2229 1996 2253 non
2023 2225 2158 2266 potest.

1501 2270 1559 2304 AD
1587 2280 1746 2305 TERnUM
1765 2281 1947 2306 mCENDuM
1972 2270 2077 2318 quod
2097 2270 2293 2307 delectatio
2314 2270 2504 2307 concomi-

1447 2328 1530 2358 tans
1549 2322 1812 2369 operationem
1835 2322 2054 2370 intellectus,
2079 2334 2158 2359 non
2184 2322 2341 2372 impedit
2368 2323 2502 2371 ipsam,

1448 2375 1516 2411 sed
1535 2374 1656 2421 magis
1684 2386 1770 2411 eam
1791 2375 1986 2422 confortat,
2006 2382 2047 2412 ut
2067 2375 2200 2412 dicitur
2217 2375 2256 2412 in
2275 2377 2310 2413 X
2327 2375 2483 2412 Ethic.*

1448 2439 1494 2463 ea
1522 2426 1625 2463 enim
1653 2439 1749 2475 quae
1779 2427 2044 2471 delectabiliter
2071 2428 2241 2475 facimus,
2266 2428 2440 2465 attentius
2469 2436 2544 2465 et

1447 2480 1750 2527 perseverantius
1787 2492 2003 2529 operamur.
2039 2481 2248 2518 Delectatio
2281 2488 2408 2518 autern
2443 2493 2504 2517 ex-

1447 2539 1577 2569 tranea
1605 2532 1763 2581 impedit
1781 2533 2063 2582 operationem:
2093 2534 2325 2582 quandoque
2347 2534 2502 2582 quidem

1449 2597 1494 2621 ex
1512 2585 1728 2622 intentionis
1748 2585 2006 2632 distractione;
2036 2586 2136 2635 qui'a,
2157 2586 2252 2623 sicut
2275 2586 2416 2623 dictum
2437 2594 2502 2634 est,

1449 2638 1497 2674 ad
1518 2650 1562 2674 ea
1580 2637 1618 2674 in
1633 2643 1645 2658 ⁸
1660 2638 1796 2686 quibus
1811 2639 2054 2685 delectamur,
2075 2639 2195 2686 magis
2209 2638 2338 2676 intenti
2355 2651 2502 2685 sumus3

1449 2698 1485 2726 et
1509 2691 1600 2727 dum
1628 2691 1693 2727 uni
1720 2691 1970 2727 vehementer
1998 2691 2238 2738 intendimus,
2266 2704 2420 2728 necesse
2449 2699 2505 2729 est

1448 2743 1553 2792 quod
1581 2744 1628 2780 ab
1657 2743 1729 2780 alio
1750 2743 1904 2780 intentio
1925 2745 2143 2781 retrahatur.
2175 2745 2418 2792 Quandoque
2438 2757 2504 2781 au-

1447 2804 1524 2833 tern
1542 2796 1654 2833 etiam
1675 2808 1720 2832 ex
1740 2797 2016 2834 contrarietate:
2038 2797 2132 2834 sicut
2152 2797 2348 2834 delectatio
2368 2810 2502 2834 sensus

1449 2849 1633 2886 contraria
1652 2849 1797 2896 rationi,
1827 2849 1983 2897 impedit
2010 2850 2308 2886 aestimationem
2337 2850 2501 2898 pruden-

1447 2898 1666 2949 tiae'magis
1694 2914 1810 2950 quam
1839 2902 2139 2939 aestimationem
2161 2901 2173 2927 ζ
2201 2902 2419 2950 speculativi
2448 2903 2503 2940 in·

1447 2955 1626 2991 tellectus.

389 3085 416 3117 α)
434 3085 591 3118 exiguntur.
609 3098 628 3103 -
645 3084 827 3117 coexiguntur
845 3084 1014 3108 ABCEGHL.

388 3119 414 3154 β)
429 3127 482 3152 per
499 3127 536 3145 se.
553 3133 573 3139 -
585 3120 704 3153 perfecte
722 3121 768 3144 Pa.

386 3156 413 3189 γ)
432 3154 627 3180 extrinsecum.-
645 3155 712 3179 sicut
723 3154 804 3179 amici
817 3155 998 3187 requiruntur.

334 3191 483 3223 requiritur
500 3190 538 3214 Pa
543 3198 553 3220 ,·
571 3197 619 3222 pro
636 3190 724 3218 amici,
744 3190 858 3214 animati
875 3189 907 3214 Κ.

1012 3168 1031 3173 -
1043 3153 1209 3178 extrinsecus
1222 3154 1291 3179 sicut
1303 3154 1395 3178 anima

1501 3083 1527 3115 ὃ)
1546 3085 1692 3117 requiescit.
1710 3098 1730 3103 —
1748 3084 1858 3116 quiescit
1876 3085 1904 3110 P.

1501 3120 1523 3150 ε)
1543 3120 1578 3144 in.
1597 3134 1615 3138 —
1633 3120 1694 3144 Om.
1713 3120 1740 3144 P.

1501 3154 1525 3186 ζ)
1541 3155 1703 3186 prudentiae
1721 3154 1807 3187 magis
1825 3161 1904 3187 quam
1923 3154 2142 3180 aestimationem.
2155 3169 2174 3175 -
2192 3155 2253 3180 Om.
2273 3156 2319 3180 Pa.

1013 3258 1340 3292 Commentaria
1363 3259 1610 3292 Cardinalis
1631 3259 1830 3292 Caietani

365 3357 384 3378 u
404 3347 466 3378 hoc
481 3347 614 3378 articulo
630 3346 734 3388 primo
751 3353 879 3387 quartae
897 3347 1101 3388 quaestionis,
1121 3347 1317 3377 novitiorum
1337 3348 1393 3378 du-

338 3359 455 3422 Ibium
480 3391 625 3427 occurrit,
649 3391 817 3431 quomodo
832 3391 934 3422 littera
953 3391 1098 3427 salvetur,
1116 3391 1221 3421 dicens
1237 3391 1326 3432 quod
1340 3392 1392 3422 de-

335 3435 461 3467 lectatio
484 3440 640 3466 causatur
653 3444 696 3465 ex
717 3435 777 3466 hoc
791 3435 875 3475 quod
897 3437 1054 3476 appetitus
1076 3436 1243 3475 requiescit
1262 3436 1294 3465 in
1314 3435 1394 3466 bono

335 3479 449 3519 adepto
454 3486 467 3516 ,¹
483 3489 572 3521 cum,
585 3479 671 3518 apud
686 3476 869 3515 Auctorem,
883 3479 1046 3510 delectatio
1063 3479 1102 3509 sit
1122 3479 1210 3519 quies
1227 3479 1393 3519 appetitus,

334 3529 372 3554 ut
393 3522 443 3554 hic
467 3522 571 3559 etiam,
588 3523 621 3553 in
635 3523 841 3563 responsione
860 3523 900 3553 ad
917 3523 1067 3563 primum,
1085 3533 1226 3563 expresse
1250 3522 1372 3554 dicitur.

1500 3348 1551 3378 Ad
1573 3348 1636 3378 hoc
1659 3348 1772 3378 dicitur
1789 3348 1887 3388 quod,
1905 3358 1979 3379 cum
1998 3355 2120 3379 constat
2135 3349 2174 3378 de
2193 3354 2274 3379 certa
2289 3349 2503 3379 conclusione»

1447 3392 1540 3422 verba
1563 3402 1645 3432 quae
1668 3398 1820 3432 apparent
1835 3393 2029 3432 quandoque
2052 3393 2188 3429 dissona,
2205 3392 2256 3432 pie
2275 3392 2504 3432 interpretanda

1448 3442 1532 3466 sunt.
1556 3436 1596 3466 Et
1619 3436 1662 3466 sic
1685 3442 1731 3466 est
1751 3446 1863 3467 sensus
1886 3436 2006 3467 litterae
2024 3436 2128 3472 huius,
2145 3437 2234 3476 quod
2253 3436 2417 3467 delectatio
2433 3446 2504 3467 cau-

1449 3486 1535 3510 satur
1558 3490 1594 3510 ex
1617 3479 1678 3510 hoc
1708 3480 1796 3520 quod
1819 3480 1976 3520 appetitus
2003 3480 2170 3520 requiescit
2192 3479 2223 3509 in
2253 3481 2341 3510 bono
2369 3480 2502 3521 adepto,

1449 3523 1544 3554 idest:
1568 3523 1751 3560 Delectatio,
1775 3534 1856 3564 quae
1879 3531 1926 3555 est
1946 3524 2013 3564 ipsa
2037 3524 2165 3554 actualis
2181 3523 2284 3564 quies,
2307 3530 2452 3555 causatur
2468 3534 2505 3555 ex

2530 2378 2669 2405 *Cap.1v,
2704 2377 2740 2399 .6

2531 2411 2601 2432 sqq-
2591 2384 2740 2426 -S.Tlilect.

2625 2897 2640 2926 t
