2846 4146
66 517 77 526 ·
93 515 122 537 D.
136 514 188 536 206.

70 730 79 738 ·
100 728 205 776 01ξὶ1νὶ
218 733 241 749 n.
257 733 280 769 ¹.³

87 796 94 803 .
113 770 119 776 ¹
137 759 278 808 dect—13¹¹.

70 2647 214 2671 'Debwenk
221 2648 282 2671 Rhe-

71 2677 127 2702 tor„
136 2675 177 2697 lib.
190 2674 221 2702 n,
232 2681 274 2703 cap
283 2691 289 2696 .

141 2815 207 2837 .‚x1n
214 2816 237 2832 ιι.
246 2815 281 2832 20.

161 2826 231 2859 dect.
242 2843 281 2858 xx.

154 2869 192 2890 .1,
207 2869 230 2884 n.
246 2869 262 2885 ι.

72 2889 98 2912 S.
107 2869 153 2912 Th.
169 2879 219 2912 le'et.
236 2895 251 2911 1.

990 225 1254 270 QUAESTIO
1284 226 1384 273 Lv1,

306 302 437 339 sitivus
469 313 509 337 se
543 302 658 338 habet
685 301 734 338 ad
761 303 1009 349 voluntatem,
1039 315 1137 351 quae
1166 311 1220 340 est
1249 316 1363 352 appe-

305 354 390 391 titus
418 353 593 399 rationis,
623 353 718 390 sicut
749 361 876 391 motus
904 356 951 391 ab
981 368 1039 392 eo.
1074 356 1122 391 Et
1150 355 1235 392 ideo
1265 368 1361 404 opus

306 405 533 455 appetitivae
560 405 705 442 virtutis
731 414 1018 443 consummatur
1038 407 1075 444 in
1095 408 1260 456 appetitu
1279 421 1363 445 sen-

306 458 429 495 sitivo.
465 459 514 495 Et
547 465 703 506 propter
729 459 819 505 hoc,
850 459 1035 507 appetitus
1072 459 1272 496 sensitivus
1310 468 1364 497 est

306 511 519 548 subiectum
546 510 693 548 virtutis
707 510 738 547 ²¹⁴.
764 532 787 537 -
816 511 980 548 Virtutes
1009 520 1137 548 autem
1163 513 1362 550 sensitivae

307 563 608 612 apprehensivae
623 562 743 610 magis
758 575 797 599 se
813 564 954 600 habent
967 571 1008 600 ut
1022 572 1222 601 moventes
1237 577 1364 613 respe-

307 623 369 653 ctu
396 616 623 653 intellectus:
654 627 700 652 eo
729 617 835 663 quod
861 616 1126 664 phantasmata
1157 629 1196 653 se
1224 617 1366 654 habent

307 668 357 706 ad
384 668 555 706 animam
572 668 853 715 intellectivam,
879 668 973 705 sicut
993 670 1139 705 colores
1159 669 1208 706 ad
1227 669 1363 715 visum,

306 729 349 758 ut
376 721 510 758 dicitur
539 720 578 758 in
606 721 656 756 111
685 721 731 756 de
755 721 896 757 Anima
916 720 946 757 ²⁸.
978 722 1025 757 Et
1053 721 1139 758 ideo
1174 733 1271 769 opus
1305 734 1367 757 co-

307 773 482 821 gnitionis
509 773 547 810 in
575 773 764 810 intellectu
787 773 1019 810 terminatur.
1040 774 1089 809 Et
1108 781 1262 820 propter
1280 774 1365 817 hoc,

360 884 384 918 δ)
400 888 486 917 patet.
498 899 516 904 —
535 885 614 910 etiam
630 888 708 917 patet
726 885 897 909 ABCDGHI..

1414 225 1706 262 ARTICULUS
1735 225 1785 261 Vl
2396 228 2464 264 361

1415 304 1572 341 virtutes
1602 302 1879 350 cognoscitivae
1909 311 1995 340 sunt
2022 304 2060 340 in
2088 304 2168 352 ipso
2197 304 2383 342 intellectu
2410 307 2470 343 vel

1418 357 1572 393 ratione.

1470 410 1519 445 Et
1546 420 1614 457 per
1641 409 1716 444 hoc
1742 415 1844 456 patet
1861 405 1875 429 δ
1903 407 2039 444 solutio
2068 408 2116 445 ad
2144 410 2364 446 secundum.

1469 463 1529 498 AD
1557 472 1716 498 TER‘nuM
1741 472 1923 498 DicENDUM
1951 460 2055 508 quod
2083 461 2269 497 memoria
2296 474 2374 498 non
2402 475 2470 511 po-

1418 514 1516 550 nitur
1542 526 1631 562 pars
1659 513 1899 572 prudentiae,
1929 514 2023 549 sicut
2050 512 2193 571 species
2222 521 2277 550 est
2304 526 2390 561 pars
2409 527 2470 562 ge-

1419 566 1536 612 neris,
1571 566 1677 614 quasi
1713 566 1794 614 ipsa
1828 565 2015 602 memoria
2050 565 2095 602 sit
2131 566 2319 613 quaedam
2355 566 2471 603 virtus

1419 630 1487 666 per
1515 630 1575 654 se:
1605 618 1672 655 sed
1700 618 1788 667 quia
1815 630 1936 655 unum
1965 630 2099 654 eorum
2119 630 2216 666 quae
2231 618 2473 677 requiruntur

1420 670 1469 706 ad
1504 670 1766 718 prudentiam,
1807 679 1862 707 est
1897 670 2046 708 bonitas
2078 670 2307 716 memoriae;
2346 679 2386 708 ut
2421 671 2473 707 sic

1421 723 1710 810 quoldammodo
1739 735 1779 759 se
1802 724 1939 760 habeat
1966 735 2034 772 per
2061 723 2221 760 modurn
2245 723 2359 771 partis
2383 724 2473 760 inte-

1421 785 1541 820 grais.

980 961 1310 994 Commentario,
1334 962 1582 995 Cardinalis
1605 964 1801 996 Caietani

338 1054 359 1075 ιι
386 1043 517 1075 arficulo
548 1042 662 1084 quinto
692 1042 835 1073 eiusdem
866 1042 1250 1083 quinquagesimaesextae
1273 1051 1368 1082 quae-

311 1057 460 1124 Istionis,
476 1088 610 1123 adverte,
629 1086 756 1123 novitie,
773 1093 901 1127 propter
917 1086 1072 1117 rationem
1087 1095 1169 1127 quae
1191 1085 1252 1116 fit·
1244 1095 1277 1115 m
1300 1095 1367 1116 cor—

308 1142 386 1174 pore
398 1131 529 1168 articuli,
543 1131 620 1162 duo·
636 1131 790 1167 Primum,
803 1131 892 1172 quod
908 1130 984 1161 haec
999 1131 1065 1161 duo
1077 1137 1264 1170 repugnant,
1277 1129 1367 1170 quod

308 1176 423 1217 aliquis
446 1175 571 1206 habitus
587 1175 627 1206 sit
641 1175 754 1211 virtus;
775 1181 806 1206 et
821 1175 910 1215 quod
933 1174 1110 1206 subiectum
1126 1174 1193 1204 eius
1216 1173 1255 1204 sit
1273 1174 1368 1204 altera

308 1220 450 1262 potentia
473 1220 512 1250 ab
542 1219 596 1250 illa
614 1229 696 1260 quae
726 1225 772 1250 est
804 1218 1056 1250 consummativa
1087 1217 1191 1258 operis
1218 1217 1304 1247 illius
1328 1217 1367 1247 ad

309 1265 398 1306 quod
413 1263 641 1304 perficiendum
662 1263 793 1304 ponitur
808 1263 862 1293 illa
884 1262 993 1293 virtus.
1010 1262 1050 1292 Et
1072 1260 1280 1302 repugnantia
1295 1261 1366 1291 fun-

309 1309 401 1340 datur
414 1317 510 1348 super
523 1308 596 1343 hoc,
613 1307 701 1348 quod
719 1307 817 1338 virtus
836 1306 880 1337 sie
903 1306 1004 1337 reddit
1019 1315 1101 1346 opus
1121 1315 1217 1336 suum
1232 1305 1366 1340 bonurn

309 1352 398 1394 quod
420 1361 487 1382 non
509 1351 664 1390 contingit
679 1360 762 1391 opus
785 1350 875 1386 illud,
891 1350 1005 1380 virtute
1025 1350 1159 1380 habente
1178 1358 1275 1379 suum
1298 1358 1370 1389 per-

308 1395 410 1432 ficere,
435 1395 559 1435 malum
580 1404 664 1431 esse,
689 1401 724 1424 ut
746 1394 779 1424 in
801 1394 903 1424 littera
925 1393 1060 1424 breviter
1090 1393 1212 1424 dicitur.
1237 1393 1284 1423 Ex
1306 1393 1368 1422 hoc

254 1466 267 1469 ,
303 1439 400 1470 onim
415 1436 524 1470 statim
539 1444 624 1478 patet
643 1438 741 1479 quod,
765 1437 792 1468 si
815 1447 898 1478 opus
917 1437 1048 1478 aliquod
1069 1437 1110 1467 ad
1133 1437 1223 1477 quod
1239 1436 1369 1477 ponitur

307 1483 416 1520 virtus,
433 1482 473 1513 sit
491 1480 788 1513 'consummandum
810 1492 828 1512 a
846 1481 988 1521 potentia
1003 1481 1039 1517 B,
1063 1487 1094 1511 et
1115 1480 1214 1511 virtus
1238 1480 1291 1510 illa
1310 1490 1368 1520 po-

308 1534 402 1558 natur
423 1527 456 1557 in
479 1526 620 1567 potentia
639 1528 682 1560 Α;
701 1526 790 1567 quod
805 1531 1103 1566 quantumcumque
1124 1524 1224 1555 virtus
1239 1524 1293 1554 illa
1315 1525 1368 1554 ha-

307 1572 380 1602 beat
409 1580 506 1602 suum
535 1569 682 1611 perficere
710 1570 743 1600 in
772 1569 916 1609 potentia
941 1571 971 1600 A
999 1575 1030 1599 et
1052 1575 1123 1599 actu
1147 1568 1235 1605 eius,
1266 1568 1369 1598 adhuc

309 1624 392 1656 opus
426 1615 506 1646 illud
533 1614 616 1646 male
651 1613 925 1645 consummabitur
953 1623 970 1643 a
999 1612 1142 1653 potentia
1168 1613 1204 1643 B.
1234 1612 1370 1653 Oportet

1423 1052 1506 1082 ergo,
1528 1043 1552 1072 si
1578 1044 1674 1074 virtus
1697 1044 1749 1074 illa
1772 1044 1863 1074 debet
1886 1045 1963 1075 illud
1988 1055 2069 1085 opus
2089 1047 2211 1077 bonum
2227 1047 2270 1078 sic
2291 1048 2417 1079 reddere
2439 1055 2475 1079 ut

1423 1096 1488 1116 non
1511 1087 1705 1128 relinquatur
1727 1088 1815 1128 quod
1835 1087 1888 1118 fiat
1906 1089 2022 1125 malus;
2039 1091 2126 1130 quod
2143 1091 2182 1121 sit
2196 1091 2229 1121 in
2245 1092 2383 1131 potentia
2399 1102 2474 1123 con·

1423 1131 1612 1161 summativa
1635 1131 1748 1172 operis,
1773 1138 1809 1162 ut
1823 1132 1855 1161 in
1872 1132 2021 1163 subiecto.

1480 1174 1661 1205 Secundum
1685 1182 1731 1206 est
1753 1185 1811 1215 pro
1835 1175 1967 1212 minore,
1984 1177 2071 1216 quod
2086 1177 2165 1208 vires
2181 1178 2342 1209 interiores
2365 1189 2475 1219 appre-

1422 1217 1568 1248 hensivae
1592 1219 1758 1260 dupliciter
1780 1226 1958 1250 sumuntur.
1974 1220 2090 1257 Primo,
2119 1222 2293 1252 secundum
2317 1229 2474 1253 naturam:

1423 1268 1453 1292 et
1469 1262 1512 1292 sic
1528 1272 1545 1292 a
1561 1270 1680 1299 natura,
1699 1266 1729 1294 et
1743 1273 1809 1293 non
1825 1273 1842 1293 a
1857 1263 1970 1294 virtute
1985 1273 2042 1294 nec
2065 1265 2172 1295 habitu
2189 1266 2442 1297 determinantur.
2454 1284 2475 1289 -

1422 1305 1496 1336 Alio
1520 1307 1629 1343 modo,
1650 1314 1685 1338 ut
1707 1308 1841 1338 subsunt
1859 1307 1988 1338 rationi:
2013 1315 2043 1338 et
2058 1308 2102 1339 sic
2117 1309 2302 1340 ordinantur
2325 1310 2365 1340 ad
2386 1311 2476 1341 intel-

1422 1349 1521 1380 lectus
1544 1350 1778 1390 perfectionem.
1795 1351 1928 1391 Propter
1946 1352 2044 1402 quod,
2061 1352 2120 1392 ipsi
2139 1353 2263 1384 habitus
2279 1354 2334 1394 qui
2355 1361 2428 1385 sunt
2442 1354 2475 1384 in

1422 1393 1470 1423 his
1490 1394 1639 1433 partibus,
1656 1401 1730 1425 sunt
1747 1395 1968 1435 praeparatorii
1984 1396 2023 1425 ad
2038 1396 2212 1428 intellectus
2228 1404 2349 1434 actum;
2367 1405 2397 1428 et
2411 1408 2476 1428 non

1423 1444 1497 1468 sunt
1519 1438 1678 1488 perfectivi
1704 1448 1812 1469 earum
1835 1439 1874 1468 ad
1898 1439 2043 1479 proprios
2066 1447 2155 1470 actus
2176 1442 2351 1471 secundum
2374 1452 2416 1472 se.
2436 1442 2478 1472 Et

1423 1481 1495 1511 ideo
1518 1482 1551 1511 in
1574 1482 1675 1512 littera
1704 1483 1817 1513 dicitur
1839 1483 1927 1523 quod
1951 1483 2088 1522 cognitio
2112 1484 2185 1520 veri,
2210 1485 2249 1515 ad
2272 1495 2369 1525 quam
2392 1485 2476 1515 ordi-

1424 1532 1516 1556 natur
1539 1526 1644 1556 omnis
1667 1526 1766 1557 virtus
1785 1527 1907 1556 bonum
1927 1527 2114 1566 cognitionis
2130 1527 2255 1564 faciens,
2276 1538 2478 1559 consumma-

1424 1575 1476 1599 tur
1497 1569 1530 1599 in
1553 1569 1712 1601 intellectu
1735 1576 1869 1601 tantum.
1893 1570 1933 1600 Et
1955 1578 2120 1610 propterea
2143 1572 2174 1601 in
2198 1572 2246 1602 his
2261 1572 2378 1603 viribus
2393 1573 2479 1603 nulla

1425 1619 1471 1643 est
1493 1613 1602 1645 virtus.

1121 1765 1439 1808 ARTICULUS
1469 1765 1677 1807 SEXTUS

798 1859 952 1891 UTRUM
976 1859 1208 1891 VOLUNTAS
1232 1858 1379 1890 POSSIT
1403 1858 1503 1889 ESSE
1526 1858 1774 1890 SUBIECTUM
1797 1859 1998 1889 VIRTUTIS

566 1939 597 1965 111
617 1940 700 1970 Sent„
721 1940 779 1964 dist.
797 1947 870 1969 xxm.
890 1947 933 1972 qu.
948 1946 971 1968 1,
990 1944 1036 1964 art.
1054 1946 1080 1970 4,
1100 1939 1147 1971 qu
1167 1946 1192 1970 1;
1213 1937 1271 1963 dist.
1290 1946 1372 1970 xxvii,
1392 1946 1436 1971 qu.
1455 1946 1486 1969 11,
1507 1943 1553 1963 art.
1568 1937 1596 1969 3,
1616 1939 1647 1962 ad
1668 1937 1695 1968 5,
1716 1938 1757 1962 De
1774 1938 1862 1968 Ver-it„
1882 1946 1927 1971 qu.
1946 1946 2017 1967 xxiv,
2036 1944 2081 1963 art.
2100 1947 2126 1970 4,
2145 1940 2176 1964 ad
2195 1948 2226 1973 93

970 1973 1011 1998 De
1035 1974 1138 2004 Vir-tut„
1158 1981 1203 2006 qu.
1221 1981 1243 2005 1,
1263 1979 1308 1998 art.
1329 1972 1357 2004 5;
1377 1979 1422 1998 art.
1441 1981 1484 2002 ια,
1504 1974 1535 1998 ad
1554 1980 1596 2003 105
1616 1981 1661 2006 qu.
1675 1981 1707 2002 11
1726 1978 1772 1998 art.
1794 1980 1818 1998 2.

852 2010 887 2037 N

354 2085 404 2111 5
520 2076 542 2101 D
562 2075 704 2101 SEXTUM
729 2074 782 2100 Sic
811 2074 1049 2100 PROCEmTUR.
1078 2061 1238 2099 Videtur
1265 2061 1370 2111 quod

337 2103 487 2177 ἦ,
520 2117 696 2155 voluntas
724 2128 803 2153 non
821 2116 869 2153 sit
887 2115 1101 2153 subiectum
1121 2115 1277 2152 alieuius
1296 2114 1371 2151 vir-

327 2175 331 2181 '
345 2174 364 2217 ’
495 2170 619 2211 tutis.
648 2169 711 2207 Ad
734 2169 772 2206 id
793 2169 895 2206 enim
915 2170 1020 2218 quod
1041 2168 1219 2206 convenit
1237 2175 1371 2216 poten-

328 2177 464 2266 Ᾰζ·
505 2251 508 2253 >
521 2231 593 2260 tiae
622 2234 666 2259 ex
695 2222 776 2271 ipsa
804 2222 951 2259 ratione
973 2222 1184 2282 potentiae,
1215 2233 1293 2258 non
1314 2233 1370 2257 re-

310 2277 470 2327 quiritur
483 2268 617 2335 aliquis
635 2275 798 2313 habitus.
816 2275 894 2312 Sed
910 2275 981 2312 de'
972 2287 1054 2324 1psa
1069 2274 1214 2312 ratione
1233 2275 1371 2311 volun-

309 2329 410 2377 tatis,
435 2341 523 2366 cum
544 2329 590 2366 sit
609 2328 647 2366 in
671 2328 828 2375 ratione,
860 2328 1073 2366 seeundum
1091 2327 1369 2387 Philosophum

270 2396 281 2433 ζ
308 2382 349 2422 in
377 2359 427 2420 11’1
455 2382 502 2420 de
526 2382 669 2419 Anima
687 2380 718 2428 ²⁸³,
749 2389 805 2418 est
831 2381 938 2430 quod
971 2381 1101 2419 tendat
1128 2381 1166 2418 in
1193 2380 1232 2417 id
1265 2380 1370 2427 quod

309 2443 367 2473 est
393 2436 542 2473 bonum
575 2436 788 2472 secundum
821 2434 1026 2482 rationem,
1055 2434 1104 2471 ad
1136 2433 1243 2482 quod
1271 2432 1370 2469 ordi-

309 2495 420 2526 natur
447 2488 575 2524 omnis
601 2487 737 2534 virtus,
767 2488 856 2534 quia
883 2487 1189 2536 unumquodque
1222 2493 1371 2522 natura-

308 2541 391 2578 liter
427 2540 569 2589 appetit
599 2540 799 2588 proprium
834 2541 1000 2576 bonum:
1033 2540 1152 2576 virtus
1184 2538 1287 2574 enirn
1320 2543 1374 2574 est

309 2593 456 2632 habitus
464 2604 538 2642 per
550 2593 703 2629 modum
719 2597 889 2637 naturae,
906 2597 1173 2628 consentaneus
1189 2596 1205 2611 α
1220 2590 1369 2635 rationi,

309 2653 352 2684 ut
369 2645 518 2683 Tullius
537 2644 625 2682 dicit
645 2644 684 2681 in
703 2646 772 2681 sua
790 2645 992 2682 Rhetorica
1011 2643 1042 2681 ³¹⁴.
1063 2645 1165 2691 Ergo
1194 2643 1370 2680 voluntas

310 2711 389 2736 non
419 2706 474 2735 est
502 2697 714 2734 subiectum
742 2697 902 2734 virtutis.

365 2763 400 2788 2.
420 2752 653 2796 PRAETEREA‚
670 2751 794 2787 omnis
813 2750 932 2787 virtus
948 2756 1012 2786 aut
1031 2756 1086 2785 est
1100 2748 1369 2795 intellectualis,

311 2811 375 2841 aut
388 2803 553 2850 moralis,
569 2811 610 2839 ut
630 2802 763 2840 dicitur
781 2803 819 2839 in
835 2804 849 2839 Ι
868 2802 888 2824 *
904 2809 939 2838 et
955 2803 986 2838 ΙΙ
1005 2801 1125 2838 Ethic.
1141 2800 1182 2823 ²¹⁸*
1202 2801 1279 2838 Sed
1298 2800 1371 2838 vir-

273 2864 370 2894 -tus
389 2855 645 2894 intellectualis
665 2862 732 2903 est,
753 2856 848 2893 sicut
866 2855 904 2892 in
923 2854 1105 2901 subiecto,
1126 2854 1164 2891 in
1185 2854 1372 2891 intellectu

312 2917 348 2947 et
367 2909 522 2957 ratione,
552 2921 630 2946 non
650 2915 776 2946 autern
797 2908 836 2946 in
854 2908 1067 2945 voluntate:
1095 2906 1214 2944 virtus
1242 2915 1371 2944 autern

312 2962 466 3000 moralis
487 2969 553 3009 est,
577 2961 672 2998 sicut
700 2961 738 2998 in
767 2961 948 3007 subiecto,
974 2960 1012 2997 in
1032 2959 1206 2996 irascibili
1227 2967 1263 2996 et
1283 2972 1372 2996 con-

312 3015 530 3064 cupiscibili,
561 3027 658 3063 quae
688 3022 774 3051 sunt
797 3014 997 3051 rationales
1025 3025 1094 3061 per
1121 3012 1373 3061 participatio-

311 3080 414 3105 nem.
443 3069 546 3116 Ergo
576 3068 676 3105 nulla
703 3067 822 3104 virtus
851 3074 905 3104 est
933 3065 971 3103 in
989 3067 1184 3103 voluntate
1213 3065 1308 3102 sicut
1334 3065 1372 3102 in

312 3120 494 3158 subiecto.

368 3175 402 3211 3.
431 3175 672 3220 PRAETEREA,
703 3185 838 3210 omnes
867 3180 971 3209 actus
998 3170 1168 3219 humani,
1197 3170 1247 3208 ad
1276 3182 1372 3219 quos

311 3226 468 3264 virtutes
497 3226 728 3272 ordinantur,
759 3233 845 3262 sunt
869 3224 1084 3262 voluntarii.
1115 3223 1155 3260 Si
1183 3223 1292 3271 igitur
1316 3235 1373 3260 re-

313 3287 458 3339 spectu
472 3279 686 3328 aliquorum
713 3279 974 3316 humanorum
1002 3284 1154 3314 actuum
1184 3276 1228 3313 sit
1246 3276 1372 3324 aliqua

311 3333 430 3370 virtus
450 3332 487 3369 in
506 3332 715 3378 voluntate,
739 3331 822 3380 pari
842 3331 985 3368 ratione
1006 3336 1178 3379 respectu
1197 3328 1370 3366 omnium

313 3393 469 3423 actuum
497 3386 756 3422 humanorum
786 3384 853 3422 erit
871 3384 990 3422 virtus
1009 3383 1047 3420 in
1065 3383 1271 3420 voluntate.
1296 3383 1374 3418 Aut

368 3509 394 3540 α)
413 3511 643 3534 consentaneus.-
661 3507 825 3532 consentiens
843 3506 895 3531 EF.

385 3597 495 3622 Summi-2
514 3596 615 3621 Tin-:ot-
634 3596 665 3621 D.
678 3596 791 3620 Tnomn
810 3595 842 3621 Τ.
858 3595 896 3619 111.

1426 2073 1513 2109 ergo
1543 2061 1581 2097 in
1609 2062 1710 2098 nulla
1739 2060 1810 2098 alia
1836 2061 2005 2109 potentia
2029 2062 2096 2099 erit
2120 2062 2243 2112 aliqua
2261 2062 2396 2100 virtus:
2417 2073 2481 2101 aut

1425 2114 1473 2150 ad
1506 2114 1671 2151 eundern
1706 2121 1831 2150 actum
1864 2114 2138 2152 ordinabuntur
2172 2116 2269 2153 duae
2303 2116 2479 2162 virtutes;

1425 2167 1530 2214 quod
1567 2166 1716 2203 videtur
1751 2166 2035 2205 inconveniens.
2064 2169 2248 2205 Voluntas
2282 2181 2369 2216 ergo
2403 2182 2480 2206 non

1423 2227 1547 2268 potest
1575 2232 1656 2256 esse
1686 2219 1897 2256 subiectum
1925 2220 2084 2257 virtutis.

1478 2273 1552 2309 SED
1586 2284 1730 2309 CONTRA
1763 2283 1828 2308 EST
1860 2274 1965 2320 quod
2001 2273 2124 2310 maior
2151 2274 2330 2322 perfectio
2359 2274 2481 2324 requi-

1425 2325 1516 2362 ritur
1548 2325 1586 2362 in
1615 2332 1795 2362 movente
1829 2337 1944 2374 quarn
1974 2326 2011 2363 in
2049 2333 2166 2363 moto.
2203 2327 2278 2364 Sed
2305 2328 2481 2364 voluntas

1423 2386 1556 2415 movet
1573 2377 1799 2415 irascibilem
1820 2386 1856 2414 et
1875 2379 2220 2428 concupiscibilem.
2249 2381 2371 2417 Multo
2391 2392 2480 2428 ergo

1423 2432 1543 2478 magis
1563 2431 1675 2468 debet
1704 2442 1786 2467 esse
1805 2430 1924 2468 virtus
1943 2432 1981 2468 in
1995 2433 2201 2479 voluntate,
2219 2445 2334 2480 quam
2355 2433 2391 2469 in
2411 2433 2482 2469 ira-

1424 2484 1542 2520 scibili
1570 2491 1607 2520 et
1635 2483 1928 2531 concupiscibili.

1478 2537 1702 2572 RESPONm-:o
1736 2547 1918 2572 DICENDUM
1946 2536 2186 2584 quod,1cum
2214 2549 2283 2586 per
2310 2538 2480 2574 habiturn

1424 2589 1642 2637 perficiatur
1668 2588 1836 2636 potentia
1864 2589 1911 2625 ad
1940 2590 2143 2636 agendum,
2172 2590 2223 2626 ibi
2246 2590 2387 2639 indiget
2413 2603 2481 2639 po-

1425 2641 1539 2678 tentia
1566 2641 1696 2678 habitu
1728 2640 1946 2689 perficiente
1975 2642 2024 2678 ad
2052 2642 2149 2679 bene
2177 2643 2386 2690 agendum,
2415 2643 2480 2691 qui

1425 2694 1580 2742 quidem
1608 2693 1758 2730 habitus
1779 2701 1833 2730 est
1850 2693 1980 2741 virtus,
2001 2694 2066 2731 ubi
2084 2696 2133 2732 ad
2152 2696 2227 2732 hoc
2246 2708 2323 2732 non
2343 2696 2480 2732 sufficit

1424 2747 1577 2796 propria
1606 2746 1699 2783 ratio
1727 2746 1929 2795 potentiae.
1966 2747 2102 2784 Omnis
2131 2755 2256 2784 autem
2291 2749 2480 2797 potentiae

1424 2799 1579 2848 propria
1607 2799 1700 2836 ratio
1736 2799 1936 2841 attenditur
1966 2800 2004 2837 in
2037 2800 2171 2837 ordine
2199 2801 2247 2838 ad
2276 2801 2479 2838 obiectum.

1425 2853 1536 2890 Unde
1565 2865 1673 2899 cum,
1704 2852 1799 2889 sicut
1827 2852 1968 2890 dictum
1997 2861 2052 2890 est
2070 2852 2101 2899 ²¹²,
2131 2854 2321 2890 obiectum
2348 2855 2482 2891 volun-

1425 2905 1508 2942 tatis
1546 2905 1591 2942 sit
1627 2906 1773 2942 bonum
1811 2905 1964 2942 rationis
2000 2906 2184 2942 voluntati
2220 2907 2482 2955 proportiona-

1425 2966 1507 2995 tum
1526 2957 1553 3006 β,
1583 2965 1766 3006 quantum
1796 2958 1845 2995 ad
1864 2959 1939 2994 hoc
1958 2970 2035 2995 non
2055 2958 2196 3007 indiget
2211 2961 2388 2996 voluntas
2406 2960 2482 2997 vir-

1425 3018 1503 3048 tute
1534 3011 1765 3059 perficiente.
1805 3011 1881 3048 Sed
1914 3011 1944 3047 si
1973 3011 2078 3059 quod
2106 3012 2251 3048 bonum
2286 3012 2483 3049 immineat

1425 3063 1571 3101 homini
1607 3063 1835 3110 volendum,
1871 3063 1975 3112 quod
2009 3064 2163 3101 excedat
2194 3065 2482 3114 proportionem

1426 3116 1608 3162 volentis;
1630 3116 1710 3153 sive
1733 3123 1919 3164 quantum
1947 3117 1994 3154 ad
2022 3124 2140 3154 totam
2155 3118 2320 3166 speciem
2348 3118 2482 3155 huma-

1426 3182 1528 3216 nam,
1563 3169 1657 3206 sicut
1684 3170 1830 3206 bonum
1860 3168 2042 3216 divinum,
2071 3170 2176 3218 quod
2195 3171 2424 3208 transcendit
2442 3171 2482 3207 li-

1427 3222 1535 3259 mites
1563 3222 1752 3258 humanae
1782 3229 1948 3269 naturae,
1977 3222 2057 3259 sive
2077 3231 2263 3270 quantum
2283 3224 2332 3260 ad
2350 3223 2482 3260 indivi-

1427 3275 1558 3320 duum,
1580 3275 1673 3311 sicut
1700 3275 1846 3311 bonum
1873 3275 2055 3323 proximi;
2080 3276 2130 3312 ibi
2149 3277 2324 3312 voluntas
2343 3276 2483 3324 indiget

1425 3329 1573 3365 virtute.
1596 3328 1645 3364 Et
1663 3327 1750 3364 ideo
1769 3327 1988 3365 huiusmodi
2011 3328 2167 3365 virtutes
2192 3341 2287 3377 quae
2308 3329 2483 3366 ordinant

1429 3381 1607 3418 affectum
1622 3379 1785 3418 hominis
1803 3380 1843 3417 in
1861 3381 1989 3419 Deum
2008 3382 2069 3418 vel
2088 3381 2126 3423 in
2145 3381 2375 3430 proximum,
2397 3390 2483 3419 sunt

1483 3501 1506 3534 β)
1528 3502 1658 3527 voluntati
1678 3502 1920 3534 proportionatum.
1935 3516 1953 3521 —
1972 3502 2070 3527 volenti
2089 3503 2322 3534 proportionatum
2348 3502 2482 3526 ACDFGL

1428 3539 1500 3570 pet-1,
1518 3538 1542 3562 si
1561 3538 1655 3562 bonum
1676 3537 1807 3562 voluntati
1823 3538 2055 3569 proportionatum
2076 3538 2107 3562 Κ.

2309 3590 2343 3622 46

2508 2864 2518 2874 ‘
2530 2863 2576 2891 Qu.
2588 2870 2636 2890 xix,
2647 2868 2687 2885 art.
2698 2870 2716 2892 3.
