2852 4152
117 888 197 936 ἱῃῑίὲἓά
206 894 243 916 qu.
261 893 325 915 xvm,

117 1648 126 1656 ⁶
135 1646 167 1668 ca
187 1652 246 1673 ‚v111,
255 1652 278 1667 n.
287 1646 309 1667 8.
317 1657 326 1662 -

117 1673 142 1695 S.
152 1652 196 1694 Tlit.
212 1673 263 1694 lect.
278 1679 326 1694 xw.

215 1709 232 1725 α

116 1856 248 1904 ;3{d.;1¹.3.—
255 1856 326 1878 S.Th.

117 2015 125 2023 '¹
136 2014 168 2036 Ca
187 2030 192 2035 .
202 2014 248 2040 cit„
257 2020 280 2035 n.
289 2014 327 2035 8.—

116 2020 255 2062 S.Tii.1ect.
266 2047 312 2061 xiv.

367 201 439 246 164

1061 201 1327 247 QUAESTio
1357 202 1464 247 XXI,
1494 201 1788 237 ARTmULUS
1818 202 1831 236 1

894 371 1301 449 QUAESTIO
1345 371 2011 427 VIGESIMAPRIMA

692 500 775 539 DE
808 498 879 538 IIS
916 498 1085 549 QUAE
1119 496 1619 548 CONSEQUUNTUR
1652 497 1855 555 ACTUS
1889 491 2188 542 HUMANOS

911 555 1183 598 RATIONE
1216 556 1541 598 BONITATIS
1575 556 1653 597 ET
1686 557 1980 600 MALITIAE
2199 558 2201 560 ’

1139 673 1173 697 rN
1203 672 1375 703 QUATUOR
1403 673 1605 698 ART1CULOS
1633 672 1750 712 mylsA

407 783 410 788 '
439 771 553 825 rums,
579 776 896 814 considerandum
931 782 987 811 est
1020 775 1067 811 de
1100 775 1158 812 his
1191 787 1289 824 quae
1325 786 1414 812 con-

357 788 647 880 Dsequuntur
684 837 787 866 actus
824 828 1013 865 humanos
1056 828 1200 865 ratione
1239 828 1414 865 bonitatis

353 879 416 921 vel
438 883 603 920 'malitiae
630 882 661 918 ⁹²³.
794 891 796 893 ’

355 938 403 973 Et
431 937 528 973 circa
554 937 629 972 hoc
657 940 890 982 quaeruntur
918 940 1089 982 quatuor.

407 989 556 1025 Primo:
586 995 712 1024 utrum
742 994 846 1023 actus
874 987 1076 1034 humanus,
1106 986 1330 1035 inquantum
1360 994 1415 1023 est

460 1042 584 1077 bonus
611 1041 674 1076 vel
702 1040 843 1083 malm,
873 1040 1012 1076 habeat
1048 1039 1233 1076 rationem
1267 1039 1414 1075 rectitu-

460 1093 556 1131 dinis
577 1094 645 1134 ‚yet
673 1092 828 1141 peccati.

1525 779 1721 817 Secundo:
1744 787 1872 817 utrum
1891 781 2030 817 habeat
2049 781 2233 821 rationem
2251 783 2448 823 laudabilis
2468 785 2530 822 vel

1577 841 1784 890 culpabilis.
2259 875 2261 877 ,
2384 892 2387 894 d

1523 903 1654 939 Tertio
1669 916 1686 939 :v
1706 910 1833 940 utrum
1861 903 2000 940 habeat
2028 904 2215 944 rationem
2242 907 2363 945 meriti
2382 908 2445 945 vel
2465 908 2530 945 de-

1576 964 1709 1001 meriti.

1524 1016 1691 1070 Quarto:
1720 1032 1846 1062 utrum
1867 1026 2005 1062 habeat
2025 1026 2210 1064 rationem
2230 1028 2353 1065 meriti
2379 1030 2441 1066 vel
2466 1030 2529 1067 de-

1577 1087 1700 1124 meriti
1726 1087 1831 1135 apud
1859 1088 1998 1125 Deum.

1170 1198 1486 1241 ARTICULUS
1517 1182 1730 1241 PRIMUS.

739 1294 894 1324 UTRUM
916 1292 1058 1323 ACTUS
1082 1292 1308 1328 HUMANUS,
1335 1290 1597 1334 INQUANTUM
1620 1289 1701 1323 EST
1724 1288 1865 1323 BONUS
1887 1292 1971 1324 VEL
1995 1292 2154 1330 MALUS,
2183 1315 2185 1317 μ

902 1337 1078 1366 ΗΑΒΕΑΤ
1102 1336 1330 1367 RATIONEM
1354 1336 1659 1367 RECTITUDINIS
1683 1337 1767 1367 VEL
1791 1336 1975 1367 PECCATI

440 1445 446 1459 1
472 1451 518 1475 ‚s
566 1438 588 1462 D
616 1436 752 1461 PRIMUM
780 1436 833 1461 stc
861 1435 1099 1461 PROCEDrrUR.
1127 1423 1285 1460 Videtur
1307 1423 1412 1472 quod

480 1471 540 1527 ³3⁷³,
566 1485 670 1515 actus
706 1478 913 1524 humanus,
943 1476 1166 1525 inquantum
1196 1484 1251 1513 est
1288 1477 1412 1513 bonus

416 1548 485 1577 ,xta
538 1530 628 1568 vel
654 1531 793 1576 malus,
823 1542 901 1566 non
930 1530 1068 1566 habeat
1096 1530 1280 1566 rationem
1306 1529 1412 1565 recti-

411 1560 508 1620 ἑῶν)
566 1583 703 1620 tudinis
729 1583 791 1619 vel
819 1582 974 1631 peccati.
1004 1582 1294 1619 Peccatarenim
1329 1588 1415 1618 sunt

354 1643 520 1674 monstra
541 1637 577 1673 in
598 1642 746 1682 natura,
771 1643 811 1672 ut
831 1635 965 1672 dicitur
983 1634 1021 1671 in
1041 1636 1073 1671 II
1088 1636 1236 1683 Physic.
1253 1635 1273 1656 '⁸
1302 1636 1413 1671 Mon-

355 1698 430 1727 stra
458 1697 585 1726 autem
614 1701 692 1725 non
721 1696 807 1725 sunt
835 1695 950 1735 actus,
980 1688 1048 1724 sed
1072 1696 1158 1725 sunt
1177 1693 1194 1709 ‘²
1222 1688 1413 1735 quaedam

354 1756 414 1780 res
433 1749 630 1790 generatae
651 1749 799 1790 praeter
819 1741 993 1778 ordinem
1013 1748 1180 1778 naturae.
1209 1742 1266 1777 Ea
1286 1748 1413 1777 autem

354 1808 452 1844 quae
482 1802 568 1831 sunt
595 1794 806 1831 secundum
836 1801 956 1830 artem
986 1801 1022 1830 et
1049 1793 1246 1840 rationem,
1268 1793 1414 1830 imitan-

354 1857 414 1886 tur
442 1860 486 1884 ea
514 1859 611 1896 quae
632 1854 717 1883 sunt
737 1847 948 1883 secundum
969 1853 1155 1893 naturam,
1176 1855 1216 1882 ut
1235 1846 1378 1882 ibidem
1394 1846 1415 1867 ‘¹‘

355 1901 498 1939 dicitur.
529 1901 631 1947 Ergo
661 1906 765 1935 actus
794 1911 838 1935 ex
866 1899 940 1935 hoc
964 1899 1069 1946 quod
1099 1906 1154 1935 est
1181 1899 1415 1935 inordinatus

355 1961 390 1990 et
418 1953 553 1999 malus,
583 1964 661 1988 non
689 1952 803 1988 habet
831 1951 1016 1987 rationem
1044 1950 1201 1998 peccati.

409 2018 442 2042 2.
460 2007 692 2050 PRAETEREA,
703 2011 914 2052 peccatum,
927 2011 968 2040 ut
983 2004 1117 2055 dicitur
1131 2003 1169 2040 in
1185 2005 1217 2040 ΙΙ
1227 2004 1412 2051 Physz'c.*,

355 2058 489 2096 accidit
516 2057 554 2094 in
583 2065 716 2094 natura
745 2063 781 2093 et
808 2064 898 2104 arte,
925 2069 1013 2093 cum
1034 2069 1111 2093 non
1131 2057 1349 2105 pervenitur
1367 2057 1416 2093 ad

354 2112 473 2149 finem
510 2111 696 2147 intentum
725 2122 747 2146 a
775 2117 909 2146 natura
936 2110 998 2146 vel
1036 2116 1126 2146 arte.
1158 2109 1235 2146 Sed
1267 2109 1415 2146 bonitas

353 2166 416 2202 vel
443 2163 585 2200 malitia
613 2170 717 2199 actus
745 2162 904 2198 humani
933 2162 1098 2198 maxime
1120 2162 1286 2199 consistit
1305 2162 1342 2198 in
1362 2162 1434 2205 inf

354 2217 521 2254 tentione
549 2215 648 2262 finis,
679 2222 714 2251 et
739 2215 817 2251 eius
837 2214 1115 2263 prosecutione.
1146 2214 1417 2266 Ergospvidetufr

356 2270 461 2319 quod
489 2268 630 2306 malitia
659 2275 763 2304 actus
782 2280 861 2304 non
885 2267 1038 2317 inducat
1057 2266 1419 2321 rationem!peccati.v

412 2324 446 2359 3.
467 2323 699 2367 PRAETEREA,
730 2320 759 2356 si
787 2320 927 2357 malitia
955 2320 1282 2358 actus-induceret
1303 2320 1417 2358 ratio·-

356 2388 446 2412 nem
474 2374 638 2423 peccati,
668 2381 888 2421 sequeretur
916 2373 1021 2422 quod
1057 2372 1291 2422 ubicumque
1321 2374 1441 2414 esset,

356 2429 513 2474 malum,
541 2427 592 2463 ibi
621 2433 717 2463 esset
744 2434 956 2474 peccatum.
988 2426 1074 2462 Hoc
1109 2433 1237 2463 autem
1265 2434 1322 2463 est
1354 2427 1427 2470 fal--

356 2493 458 2518 sum:
483 2492 573 2516 nam
593 2491 730 2528 poena,
751 2479 836 2515 licet
854 2479 992 2515 habeat
1012 2478 1197 2515 rationem
1217 2479 1318 2526 mali,
1340 2491 1418 2517 non

356 2541 485 2570 tamen
504 2533 619 2569 habet
643 2531 828 2568 rationem
856 2531 1012 2580 peccati.
1035 2531 1125 2567 Non
1155 2543 1244 2579 ergo
1275 2544 1319 2568 ex
1344 2533 1434 2569 hoc.

358 2585 463 2634 quod
497 2585 630 2634 aliquis
668 2591 772 2621 actus
811 2592 866 2629 est
903 2585 1046 2631 malus,
1081 2585 1196 2621 habet
1232 2584 1416 2621 rationem

357 2638 513 2688 peccati.

412 2692 487 2728 SED
515 2702 671 2736 CONTRA,
698 2690 846 2726 bonitas
875 2697 979 2726 actus
1008 2689 1178 2736 humani,
1199 2697 1241 2726 ut
1268 2702 1382 2739 supra
1401 2691 1421 2712 *

359 2752 554 2781 ostensum
571 2750 636 2789 est,
653 2742 905 2791 principaliter
916 2743 1107 2790 dependet
1117 2755 1138 2779 a
1153 2743 1235 2790 lege
1251 2750 1419 2780 aeterna:

360 2804 395 2833 et
421 2809 490 2846 per
527 2807 764 2844 consequens
792 2795 934 2832 malitia
964 2795 1043 2831 eius
1072 2795 1109 2831 in
1138 2796 1212 2831 hoc
1241 2796 1419 2843 consistit,

359 2850 462 2898 quod
487 2848 676 2886 discordat
705 2861 727 2885 a
754 2849 835 2896 lege
860 2856 1023 2885 aeterna.
1046 2848 1123 2884 Sed
1149 2848 1224 2884 hoc
1251 2849 1338 2885 facit
1365 2861 1420 2885 ra-

357 2903 502 2939 tionem
516 2901 680 2950 peccati:
703 2901 791 2939 dicit
806 2901 908 2938 enim
927 2901 1171 2948 Augustinus,
1193 2902 1298 2938 XXII
1325 2902 1421 2938 Con-

359 2961 417 2992 tra
445 2956 626 2992 Faustum
640 2954 671 3000 ²⁸,
693 2955 796 3003 quod
810 2960 1006 3002 peccatum
1034 2959 1088 2990 est
1108 2954 1258 3000 dictum,
1279 2955 1338 2991 vel
1353 2956 1421 3003 sa-

359 3014 470 3053 ctum,
495 3008 554 3044 vel
581 3008 816 3055 concupitum
839 3007 991 3055 ,aliquid
1008 3004 1023 3035 β
1050 3012 1181 3043 contra
1211 3007 1331 3057 Iegem
1360 3019 1421 3044 ae-

360 3066 517 3096 ternam.
547 3061 649 3107 Ergo
685 3068 789 3097 actus
822 3061 1012 3097 humanus
1033 3072 1092 3106 ¹ex
1121 3060 1195 3096 hoc
1229 3060 1334 3108 quod
1368 3068 1422 3097 est

360 3113 494 3159 malus,
515 3113 630 3149 habet
658 3113 843 3150 rationem
870 3114 1025 3161 peccati.

414 3166 639 3202 Respounsso
668 3177 850 3202 DICENDUM
880 3167 982 3213 quod
1016 3166 1159 3202 malurn
1189 3166 1227 3203 in
1253 3167 1338 3214 plus
1368 3173 1423 3202 est

361 3230 477 3267 quam
497 3226 709 3267 peccatum,
731 3218 826 3255 sicut
846 3226 881 3254 et
901 3219 1047 3255 bonum
1068 3218 1105 3255 in
1125 3219 1209 3267 plus
1229 3226 1285 3255 est
1304 3231 1421 3266 quam

361 3279 518 3308 rectum.
541 3271 741 3317 Quaelibet
761 3270 859 3307 enim
887 3271 1048 3319 privatio
1069 3271 1160 3308 boni
1180 3272 1218 3308 in
1237 3283 1422 3320 quocum—

361 3336 436 3372 que
466 3324 654 3360 constituit
673 3323 858 3360 rationem
887 3324 995 3360 mali:
1022 3324 1089 3361 sed
1108 3332 1308 3373 peecatum
1335 3336 1423 3372 pro-

416 3446 442 3477 α)
462 3449 533 3470 sunt.
551 3459 569 3464 —
589 3446 648 3470 Om.
669 3446 778 3470 codices.

416 3479 441 3512 β)
461 3480 570 3512 aliquid.
589 3495 608 3499 —-
627 3481 689 3505 Om.
704 3481 804 3505 codices
824 3485 849 3504 et
867 3488 892 3504 a.

415 3516 441 3548 γ)
463 3516 584 3545 Quando.
605 3530 621 3534 —
643 3517 706 3540 Cum
727 3516 755 3547 B,
777 3516 1001 3547 Quandocumque
1022 3516 1050 3540 Ρ.

1466 1423 1547 1472 prie
1582 1424 1748 1461 consistit
1779 1424 1818 1461 in
1851 1433 1936 1462 actu
1969 1425 2033 1473 qui
2067 1426 2186 1474 agitur
2222 1436 2378 1477 propter
2410 1430 2528 1467 finem

1467 1476 1644 1525 aliquem,
1666 1489 1754 1513 cum
1783 1489 1862 1514 non
1881 1478 1995 1514 habet
2024 1479 2192 1516 debitum
2216 1481 2390 1518 ordinem
2419 1482 2466 1519 ad
2486 1483 2529 1519 fi-

1467 1541 1556 1566 nem
1576 1529 1691 1566 illum.
1713 1530 1873 1566 Debitus
1894 1538 2022 1567 autem
2048 1532 2143 1568 ordo
2173 1533 2220 1569 ad
2249 1533 2368 1570 finem
2397 1547 2529 1571 secun-

1468 1582 1560 1618 dum
1589 1582 1756 1631 aliquam
1777 1583 1946 1630 regulam
1966 1591 2215 1621 mensuratur.
2238 1586 2348 1632 Quae
2373 1587 2528 1635 quidem

1468 1635 1597 1682 regula
1615 1634 1654 1671 in
1681 1635 1738 1671 his
1767 1647 1863 1683 quae
1889 1636 2100 1673 secundum
2128 1644 2303 1674 naturam
2328 1646 2453 1686 agunt,
2475 1647 2531 1676 est

1467 1687 1549 1736 ipsa
1576 1687 1694 1724 virtus
1714 1695 1882 1734 naturae,
1903 1700 2001 1737 quae
2029 1688 2182 1726 inclinat
2194 1689 2238 1738 ,in
2266 1691 2380 1727 talem
2399 1692 2527 1729 finem.

1469 1740 1635 1786 Quando
1675 1752 1764 1788 ergo
1798 1748 1901 1777 actus
1938 1742 2111 1790 procedit
2145 1755 2168 1779 a
2198 1743 2334 1780 virtute
2371 1745 2529 1782 naturali

1468 1793 1681 1830 secundum
1701 1794 1910 1830 naturalem
1930 1794 2211 1831 inclinationem
2231 1795 2269 1832 in
2289 1796 2420 1844 finem,
2440 1805 2529 1834 tunc

1469 1853 1639 1882 servatur
1663 1846 1846 1883 rectitudo
1865 1846 1903 1883 in
1924 1854 2025 1884 actu:
2047 1847 2135 1896 quia
2160 1848 2331 1885 medium
2359 1861 2438 1886 non
2459 1850 2530 1887 exit

1469 1898 1516 1934 ab
1547 1898 1734 1945 extremis,
1755 1899 1894 1936 scilicet
1921 1907 2026 1936 actus
2055 1901 2102 1936 ab
2132 1901 2263 1938 ordine
2293 1902 2403 1939 activi
2429 1903 2529 1951 prin-

1469 1950 1555 1998 cipii
1583 1951 1647 1988 ad*
1659 1951 1790 1988 finem.
1821 1952 1987 1998 Quando
2016 1961 2143 1990 autem
2171 1966 2193 1990 a
2221 1954 2441 1992 rectitudine
2468 1956 2531 1992 tali

1470 2010 1574 2039 actus
1603 2004 1736 2051 aliquis
1756 2004 1908 2052 recedit,
1929 2013 2018 2041 tunc
2045 2005 2174 2042 incidit
2193 2007 2286 2043 ratio
2310 2007 2466 2055 peccati.

1525 2057 1566 2092 In
1603 2056 1660 2092 his
1696 2068 1790 2093 vero
1829 2069 1928 2105 quae
1967 2065 2129 2105 aguntur
2167 2071 2237 2107 per
2271 2060 2530 2108 voluntatem,

1470 2109 1598 2156 regula
1625 2109 1798 2158 proxima
1828 2117 1882 2146 est
1911 2109 2003 2146 ratio
2032 2111 2216 2158 humana;
2246 2113 2375 2160 regula
2403 2121 2531 2150 autem

1471 2174 1648 2211 suprema
1668 2170 1723 2198 est
1741 2163 1800 2198 lex
1819 2170 1982 2199 aeterna.
2005 2163 2171 2210 Quando
2190 2169 2206 2192 Υ
2231 2176 2320 2212 ergo
2341 2173 2445 2202 actus
2464 2167 2532 2203 ho-

1470 2214 1583 2251 minis
1601 2215 1772 2263 procedit
1790 2215 1829 2251 in
1847 2215 1965 2251 finem
1989 2217 2199 2253 secundum
2227 2217 2401 2255 ordinem
2422 2219 2532 2255 ratio-

1437 2292 1439 2294 ·
1455 2264 1540 2306 nis*
1551 2274 1589 2304 et
1602 2267 1694 2315 legis
1709 2275 1894 2314 aeternae,
1912 2275 2001 2304 tunc
2020 2277 2125 2305 actus
2141 2277 2196 2306 est
2211 2277 2354 2306 rectus:
2376 2271 2530 2319 quando

1470 2320 1674 2359 autemab
1699 2320 1774 2369 -hac
1794 2320 2015 2357 rectitudine
2044 2321 2270 2369 obliquatur,
2290 2330 2379 2359 tunc
2399 2323 2533 2360 dicitur

1472 2384 1555 2410 esse
1574 2370 1587 2394 ⁶
1615 2380 1828 2421 peceatum.
1858 2373 2101 2410 Manifestum
2133 2382 2187 2411 est
2211 2382 2339 2411 autem
2361 2388 2404 2412 ex
2423 2388 2532 2424 prae-

1473 2425 1596 2465 missis
1611 2425 1635 2468 ,Ψ
1663 2425 1766 2474 quod
1795 2425 1920 2462 omnis
1939 2433 2043 2463 actus
2061 2427 2296 2464 voluntarius
2325 2436 2381 2465 est
2407 2430 2531 2466 malus
2558 2438 2769 2491 2Qu-xtmrt-a,

1472 2490 1540 2527 per
1567 2479 1641 2515 hoc
1669 2478 1775 2526 quod
1804 2478 1945 2515 recedit
1972 2479 2019 2515 ab
2045 2479 2176 2516 ordine
2197 2480 2351 2518 rationis
2380 2489 2415 2518 et
2442 2482 2532 2530 legis

1473 2539 1668 2568 aeternae:
1699 2538 1735 2567 et
1762 2531 1887 2568 omnis
1907 2539 2012 2568 actus
2031 2532 2155 2568 bonus
2175 2533 2380 2570 concordat
2399 2534 2532 2572 rationi

1474 2592 1510 2621 et
1538 2583 1609 2631 legi
1637 2591 1822 2620 aeternae.
1857 2583 1968 2620 Unde
1997 2584 2164 2632 sequitur
2200 2585 2304 2633 quod
2333 2594 2437 2624 actus
2464 2588 2532 2624 hu-

1475 2649 1610 2674 manus
1640 2648 1684 2672 ex
1711 2636 1787 2672 hoc
1814 2636 1919 2684 quod
1940 2643 1995 2673 est
2019 2637 2142 2673 bonus
2160 2638 2223 2674 vel
2242 2639 2376 2687 malus,
2396 2639 2534 2677 habeat

1475 2690 1659 2727 rationem
1687 2688 1916 2725 rectitudinis
1943 2690 2006 2726 vel
2033 2689 2188 2738 peccati.

1528 2745 1586 2779 An
1607 2753 1743 2779 PRIMUM
1771 2753 1869 2778 ERGO
1889 2753 2073 2779 DICENDUM
2093 2743 2199 2790 quod
2217 2751 2386 2781 monstra
2405 2744 2533 2782 dicun-

1475 2802 1534 2832 tur
1567 2806 1648 2831 esse
1686 2802 1861 2843 peccata,
1889 2794 2113 2844 inquantum
2147 2796 2333 2844 producta
2369 2805 2456 2834 sunt
2489 2809 2534 2835 ex

1475 2855 1631 2897 peccato
1660 2847 1698 2884 in
1727 2854 1812 2884 actu
1841 2855 1995 2884 naturae
2025 2848 2214 2886 existente.

1527 2902 1586 2937 An
1615 2912 1804 2939 SECUNDUM
1832 2912 2016 2938 DICENDUM
2043 2901 2148 2949 quod
2178 2902 2317 2950 duplex
2345 2910 2401 2940 est
2426 2902 2533 2940 finis:

1476 2953 1615 2990 scilicet
1641 2953 1806 3000 ultimus,
1829 2960 1864 2990 et
1887 2953 2133 3002 propinquus.
2155 2955 2197 2991 In
2224 2962 2381 3003 peccato
2406 2963 2533 2992 autem

1476 3013 1643 3052 naturae,
1665 3006 1792 3043 deficit
1819 3006 1974 3054 quidem
2003 3014 2107 3044 actus
2135 3019 2158 3043 a
2184 3007 2262 3044 fine
2289 3008 2441 3056 ultimo,
2471 3008 2535 3056 qui

1477 3067 1532 3096 est
1559 3059 1737 3108 perfectio
1767 3059 1949 3106 generati;
1978 3071 2057 3096 non
2076 3067 2204 3096 tamen
2222 3064 2235 3081 ⁸
2255 3060 2382 3097 deficit
2400 3073 2422 3098 a
2442 3073 2534 3110 quo-

1477 3124 1642 3160 cumque
1662 3112 1739 3148 fine
1767 3112 1965 3160 proximo;
1995 3119 2172 3160 operatur
2191 3112 2292 3150 enim
2321 3121 2452 3150 natura
2470 3113 2533 3153 ali-

1477 3165 1569 3214 quid
1597 3165 1811 3201 formando.
1842 3164 2019 3201 Similiter
2050 3164 2088 3201 in
2115 3173 2273 3214 peccato
2310 3165 2531 3212 voluntatis,

1477 3230 1627 3266 semper
1647 3225 1703 3254 est
1729 3217 1896 3255 defectus
1924 3217 1972 3253 ab
2000 3217 2133 3254 ultimo
2162 3219 2239 3255 fine
2266 3218 2420 3266 intento,
2445 3218 2534 3267 quia

1477 3271 1601 3307 nullus
1634 3277 1738 3307 acms
1769 3269 2006 3307 voluntarius
2029 3269 2041 3293 ἶ
2070 3271 2193 3308 malus
2227 3279 2282 3308 est
2318 3270 2533 3308 ordinabilis

1477 3324 1526 3360 ad
1545 3322 1829 3370 beatitudinem,
1855 3335 1953 3371 quae
1974 3330 2029 3359 est
2046 3323 2201 3361 ultimus
2219 3324 2324 3361 finis:
2352 3323 2437 3360 licet
2455 3335 2533 3360 non

1531 3444 1554 3476 ὃ)
1575 3452 1638 3469 esse.
1656 3458 1675 3463 —
1693 3445 1754 3468 Om.
1775 3444 1821 3468 Pa.

1530 3481 1551 3511 ε)
1571 3483 1667 3504 tamen.
1686 3492 1704 3498 —
1723 3483 1810 3504 autem
1832 3479 1899 3503 PEa.

1529 3515 1553 3547 ζ)
1575 3514 1748 3539 voluntarius.
1765 3528 1785 3533 —
1803 3515 1947 3539 voluntatis
1968 3516 2013 3539 Pa.

2657 2167 2674 2193 Υ

2657 2373 2671 2398 δ

2662 3073 2672 3090 ε

2659 3270 2673 3299 ζ
