2846 4146
139 482 191 529 ἓξὲξ.
200 481 325 507 Moral.,lo
328 486 348 502 c.

138 639 149 650 ⁴*
164 638 230 660 Vers.
246 644 276 665 ιγ.

135 956 147 968 ’
162 957 212 978 Art.
229 962 244 977 1.

377 243 454 287 450
1012 238 1276 285 QUAESTio
1306 237 1479 283 vam,
1509 236 1803 273 ARTmULUs
1834 237 1884 272 1v

378 331 423 355 ex
450 318 693 366 inspiratione
724 318 862 364 divina,
892 317 941 354 ita
970 325 1005 353 et
1031 317 1176 353 donum
1197 315 1430 364 prophetiae.
1488 314 1652 349 morales
1681 326 1721 350 se
1749 314 1891 350 habent
1918 314 1967 350 ad
1993 314 2072 351 vim
2107 313 2352 362 appetitivam
2381 312 2419 349 in
2439 323 2544 349 com·

379 371 453 407 Sed
482 371 680 419 prophetia
701 383 779 407 non
799 378 854 406 est
873 370 1042 406 habitus:
1072 381 1145 406 non
1167 368 1267 404 enim
1287 378 1433 414 semper
1487 366 1681 413 paratione
1714 366 1762 402 ad
1795 366 1992 403 rationem.
2026 366 2190 403 Virtutes
2223 373 2350 402 autem
2379 365 2543 402 morales

375 424 524 471 spiritus
545 424 765 471 prophetiae
791 423 895 459 adest
915 422 1120 470 prophetis,
1150 428 1191 456 ut
1228 419 1431 466 Gregorius
1486 418 1634 454 habitus
1655 417 1810 466 quidam
1831 425 1928 464 sunt,
1949 418 2086 466 quibus
2105 419 2205 455 vires
2223 417 2450 466 appetitivae
2470 417 2544 454 dis-

378 476 475 522 dicit,
498 476 535 512 in
556 477 568 512 I
591 475 758 512 Homilia
778 475 985 511 Ezechielis
1004 474 1023 495 ‘¹‘
1027 475 1152 520 .Ergo
1173 484 1298 519 neque
1319 471 1430 507 etiam
1485 478 1679 518 ponuntur
1707 470 1756 507 ad
1779 478 1956 518 prompte
1976 471 2233 508 obediendum
2254 469 2402 507 rationi.
2431 469 2543 506 Unde

377 528 478 565 dona
507 528 664 576 Spiritus
694 528 820 564 Sancti
850 534 936 563 sunt
964 503 1125 562 habitus.
1487 533 1522 559 et
1551 524 1652 559 dona
1673 522 1832 570 Spiritus
1852 523 1979 559 Sancti
1998 531 2084 560 sunt
2102 523 2258 571 quidam
2277 521 2440 568 habitus,
2460 521 2543 570 qui-

431 582 504 618 SED
533 592 677 617 CONTRA
696 592 761 616 EST
789 579 893 628 quod
913 578 1101 615 Dominus
1122 577 1209 614 dicit
1228 575 1430 623 discipulis,
1486 577 1557 612 bus
1572 576 1691 612 homo
1712 575 1904 623 perficitur
1923 576 1970 612 ad
1989 583 2165 624 prompte
2186 574 2443 612 obediendum
2461 573 2543 622 Spi-

378 634 424 670 de
454 633 592 681 Spiritu
614 634 752 670 Sancto
776 633 947 679 loquens,
969 632 1072 666 Ioan.
1092 642 1152 666 xlv
1170 629 1207 665 ²¹⁶:
1236 629 1350 676 Apud
1366 639 1433 665 vos
1486 627 1570 664 ritui
1600 628 1751 664 Sancto.

377 686 549 732 manebit,
578 692 614 722 et
640 686 676 721 in
704 685 808 721 vobis
836 684 914 719 erit.
946 682 1103 730 Spiritus
1123 690 1250 718 autem
1272 682 1432 717 Sanctus
1539 683 1598 716 An
1618 691 1755 716 PR1MUM
1777 691 1874 716 ERGO
1903 691 2086 716 DICENDUM
2106 680 2210 728 quod
2239 678 2444 727 Gregorius
2475 677 2543 714 ibi-

377 751 455 775 non
485 746 539 775 est
571 738 609 774 in
636 737 851 773 hominibus
885 736 1029 782 absque
1064 734 1173 771 donis
1203 734 1293 770 eius.
1330 734 1431 780 Ergo
1487 732 1609 770 dem*
1624 732 1747 778 solvit,
1763 731 1892 769 dicens
1911 732 2016 779 quod
2035 733 2072 768 in
2098 732 2168 770 illis
2186 733 2291 769 donis
2314 732 2393 768 sine
2411 730 2544 779 quibus

377 793 478 828 dona
498 791 576 827 eius
596 797 752 826 manent
770 789 807 825 in
827 787 1058 824 hominibus.
1088 788 1189 834 Ergo
1210 799 1287 823 non
1307 787 1431 822 solum
1486 786 1537 822 ad
1562 786 1677 822 vitam
1699 785 1895 832 perveniri
1913 796 1986 821 non
2001 785 2310 832 potest„Spiritus
2328 785 2486 821 Sanctus
2505 783 2542 820 in

376 851 462 879 sunt
489 850 593 879 actus
621 843 682 878 vel
710 841 917 889 passiones,
948 840 1015 876 sed
1045 839 1157 876 etiam
1177 839 1328 876 habitus
1348 851 1433 887 per·
1486 838 1608 875 electis
1640 838 1811 874 omnibus
1843 849 1990 885 semper
2023 843 2170 874 manet.-
2196 838 2262 873 sed
2291 837 2329 873 in
2357 837 2440 873 alitis
2468 847 2542 872 non

375 903 582 932 manentes.
1484 902 1632 938 semper
1659 895 1795 927 manet.
1830 891 1985 938 Septem
2015 897 2142 926 autem
2172 889 2273 926 dona
2301 897 2387 925 sunt
2414 900 2544 925 neces-

429 948 653 984 RssspoNDEo
682 957 866 983 DICENDUM
894 945 1011 994 quod,
1033 945 1128 981 sicut
1155 944 1297 981 dictum
1327 951 1382 980 est
1399 943 1430 990 ²¹²,
1486 943 1582 980 saria
1610 943 1660 979 ad
1684 943 1857 988 salutem,
1878 949 1918 978 ut
1938 942 2080 978 dictum
2106 949 2161 978 est
2178 941 2208 978 ²⁸.
2229 941 2340 979 Unde
2360 948 2544 989 quantum

376 1001 477 1037 dona
505 1007 590 1036 sunt
613 999 803 1047 quaedam
823 998 1075 1046 perfectiones
1094 997 1273 1043 hominis,
1294 996 1432 1045 quibus
1486 997 1535 1032 ad
1564 1008 1620 1041 ea,
1652 995 1809 1043 Spiritus
1839 996 1999 1031 Sanctus
2019 1007 2171 1042 semper
2189 1002 2318 1030 manet
2335 993 2374 1030 in
2393 992 2542 1030 sanctis.

376 1053 587 1101 disponitur
615 1052 663 1088 ad
690 1052 765 1087 hoc
793 1051 897 1098 quod
917 1051 1036 1086 homo
1062 1050 1159 1086 bene
1180 1057 1359 1097 sequatur
1378 1049 1432 1085 in·
1538 1050 1596 1085 An
1617 1059 1806 1084 SECUNDUM
1831 1059 2015 1084 DICENDUM
2044 1047 2149 1095 quod
2177 1047 2269 1083 ratio
2295 1046 2355 1082 illa
2374 1045 2546 1093 p'rocedit

375 1106 555 1142 stinctum
582 1104 740 1152 Spiritus
775 1103 910 1140 Sancti.
947 1102 1192 1139 Manifestum
1222 1109 1277 1138 est
1304 1109 1432 1138 autem
1486 1101 1533 1138 de
1562 1101 1811 1137 instrumento
1842 1099 1947 1136 cuius
1975 1112 2054 1136 non
2083 1107 2139 1136 est
2167 1111 2293 1146 agere,
2323 1098 2392 1135 sed
2419 1098 2544 1134 solum

189 1171 201 1186 u
228 1170 282 1212 3¹¹1}
304 1170 347 1211 gg·
376 1171 419 1194 ex
449 1157 670 1206 supradictis
690 1156 709 1177 ’¹‘
738 1157 839 1204 quod
868 1155 1024 1192 virtutes
1044 1156 1208 1191 morales
1232 1154 1433 1202 perficiunt
1486 1154 1557 1201 agi.
1573 1153 1668 1189 Tale
1688 1159 1815 1189 autem
1836 1152 2126 1189 instrumentum
2147 1164 2225 1188 non
2245 1159 2300 1188 est
2319 1151 2456 1196 hom03
2477 1149 2545 1187 sed

284 1207 289 1217 ’
340 1206 346 1211 ’
373 1211 451 1248 vim
480 1210 722 1258 appetitivam
757 1209 966 1245 secundum
1003 1208 1106 1256 quod
1135 1207 1332 1256 participat
1368 1207 1432 1243 ali·
1485 1207 1538 1243 sic
1566 1206 1686 1253 agitur
1705 1218 1727 1242 a
1747 1205 1888 1253 Spiritu
1917 1206 2068 1251 Sancto,
2098 1205 2204 1252 quod
2233 1203 2346 1240 etiam
2371 1202 2460 1250 agit,
2490 1202 2544 1239 in-

375 1264 532 1313 qualiter
552 1263 748 1308 rationem,
765 1261 989 1320 inquantum
1011 1260 1149 1297 scilicet
1170 1269 1256 1297 nata
1276 1267 1332 1296 est
1351 1272 1433 1296 mo-
1486 1266 1672 1307 quantum
1703 1266 1758 1295 est
1785 1258 1893 1294 liberi
1921 1257 2073 1294 arbitrii.
2104 1257 2214 1298 Unde
2242 1256 2384 1303 indiget
2401 1254 2543 1292 habitu.

373 1316 453 1353 veri
472 1328 540 1364 per
559 1315 760 1364 imperium
781 1314 945 1350 rationis.
970 1314 1056 1350 Hoc
1071 1321 1181 1360 igitur
1195 1312 1313 1349 modo
1331 1312 1432 1348 dona
1538 1313 1597 1348 An
1630 1322 1790 1348 TERTltJM
1823 1322 2006 1348 mcennum
2033 1311 2142 1358 quod
2175 1308 2376 1358 prophetia
2410 1315 2466 1344 est
2497 1308 2545 1344 de

376 1369 534 1417 Spiritus
565 1367 690 1404 Sancti
715 1379 754 1403 se
775 1367 915 1403 habent
934 1368 980 1404 ad
1005 1366 1241 1403 hominem2
1269 1365 1307 1402 in
1327 1377 1432 1402 com-
1486 1364 1596 1401 donis
1615 1376 1714 1412 quae
1734 1370 1820 1400 sunt
1839 1363 1887 1400 ad
1907 1362 2249 1400 manifestationem
2274 1361 2446 1410 Spiritus,
2466 1371 2545 1397 non

373 1421 569 1470 paratione
606 1421 654 1457 ad
693 1419 875 1468 Spiritum
910 1420 1112 1466 Sanctum,
1149 1419 1244 1456 sicut
1274 1418 1430 1455 virtutes
1485 1424 1611 1454 autern
1628 1417 1676 1454 ad
1687 1416 1950 1453 necessitatem
1970 1415 2109 1452 salutis.
2122 1415 2232 1453 Unde
2248 1427 2327 1451 non
2342 1421 2398 1450 est
2411 1412 2543 1450 simile.

427 1535 454 1568 α)
474 1535 613 1559 hominem.
627 1548 645 1552 -
663 1534 780 1558 homines
800 1533 845 1559 Ρα.

1152 1684 1468 1726 ARTICULUS
1499 1682 1769 1735 QUARTUS

662 1788 815 1818 UTRUM
840 1785 1179 1817 CONVENIENTER
1202 1785 1370 1815 SEPTEM
1393 1783 1514 1814 DONA
1538 1782 1726 1813 SPIRITUS
1750 1782 1904 1813 sANCTl
1929 1782 2260 1813 ENUMERENTUR

827 1864 857 1889 11·
875 1865 925 1895 11¹⁸,
945 1872 990 1896 qu.
1007 1871 1061 1894 vm,
1081 1868 1127 1887 art.
1146 1862 1176 1893 6;
1196 1862 1227 1886 111
1247 1862 1330 1891 Sent„
1346 1862 1404 1886 dist.
1422 1869 1503 1890 xxx1v,
1519 1869 1563 1893 qu.
1583 1868 1599 1890 ι,
1620 1865 1666 1885 art.
1688 1868 1715 1891 2;
1737 1861 1766 1885 In
1789 1860 1895 1890 Isaiam,
1916 1868 1970 1892 cap.
1988 1868 2022 1885 n.

401 1969 467 2027 (55¹⁵
489 1972 546 2004 2!ae
523 1975 562 2022 5(
585 1965 606 1990 D
627 1964 801 1994 QUARTUM
821 1963 874 1988 sle
891 1962 1128 1987 PROCEDlTUR.
1149 1949 1308 1987 Videtur
1326 1949 1431 1998 quod
1481 1947 1611 1996 pietati
1637 1960 1732 1984 vero
1762 1948 1928 1984 scientia.
1958 1948 2061 1995 Ergo
2091 1955 2126 1984 et
2153 1948 2280 1985 timori
2308 1948 2439 1985 debuit
2456 1948 2546 1986 addi

407 1996 564 2064 ἱαῗ-ὃ·
584 2004 893 2042 inconvenienter
933 2011 1079 2051 septem
1128 2003 1230 2039 dona
1271 2001 1430 2050 Spiritus
1483 2000 1638 2049 aliquod
1667 2000 1812 2037 donum
1842 2000 2078 2037 directivum.
2109 2001 2423 2038 inconvenienter
2455 2013 2545 2049 ergo

391 2060 440 2118 ᾖ,
502 2108 506 2109 7
545 2057 711 2109 (Sancti
741 2064 1020 2093 enumerentur.
1052 2057 1094 2092 In
1122 2055 1183 2092 illa
1212 2055 1312 2092 enirn
1340 2067 1431 2091 enu-
1484 2061 1631 2102 septem
1661 2053 1763 2090 dona
1791 2053 1950 2101 Spiritus
1979 2053 2105 2090 Sancti
2135 2062 2415 2091 enumerantur.

431 2126 442 2139 κ
464 2113 519 2147 Ἔτ’
543 2104 790 2149 &meratione
814 2116 1008 2158 ponuntur
1026 2115 1189 2157 quatuor
1207 2107 1431 2156 pertinentia
1538 2107 1612 2143 SED
1650 2118 1684 2142 {N
1723 2117 1957 2143 CONTRARIUM
1985 2118 2051 2143 EST
2082 2106 2282 2143 auctoritas
2311 2106 2543 2156 Scripturae,

374 2164 423 2200 ad
449 2155 605 2200 virtutes
633 2163 911 2209 intellectuales,
941 2161 1081 2198 scilicet
1109 2161 1303 2220 sapientia,
1326 2161 1431 2197 intel·
1484 2159 1602 2196 Isaiae
1621 2171 1656 2195 XI
1675 2159 1706 2195 *.

373 2217 502 2263 lectus,
519 2216 672 2253 scientia
694 2224 730 2252 et
746 2215 955 2262 consilium,
979 2214 1084 2274 quod
1098 2214 1260 2263 pertinet
1275 2213 1323 2250 ad
1342 2226 1430 2262 pru-
1537 2213 1761 2248 Resposnzo
1793 2223 1978 2248 DICENDUM
2006 2212 2122 2259 quod,
2144 2211 2250 2248 sicut
2267 2211 2408 2249 dictum
2439 2219 2494 2249 est
2510 2211 2580 2259 ξ·

375 2269 561 2307 dentiam:
592 2269 681 2306 nihil
709 2275 837 2305 autern
864 2267 916 2304 ibi
938 2267 1092 2315 ponitur
1120 2267 1224 2315 quod
1248 2266 1432 2314 pertineat
1484 2266 1586 2302 dona
1615 2271 1702 2301 sunt
1729 2264 1887 2311 quidam
1914 2264 2065 2301 habitus
2089 2264 2326 2312 perficientes
2345 2264 2543 2304 hominem

375 2322 425 2359 ad
457 2329 596 2368 artem,
632 2333 728 2369 quae
762 2327 818 2357 est
850 2320 979 2368 quinta
1007 2320 1125 2356 virtus
1161 2319 1430 2355 intellectualis.
1484 2318 1533 2354 ad
1560 2318 1635 2353 hoc
1663 2317 1769 2364 quod
1796 2324 1973 2365 prompte
2001 2324 2179 2365 sequatur
2209 2317 2425 2354 instinctum
2459 2316 2545 2366 Spi-

377 2374 554 2411 Similiter
582 2374 694 2410 etiam
722 2374 876 2421 ponitur
894 2372 1034 2420 aliquid
1052 2371 1244 2421 pertinens
1263 2371 1312 2407 ad
1331 2371 1432 2408 iusti·
1485 2370 1574 2406 ritus
1595 2369 1734 2416 Sancti,
1755 2369 1849 2405 sicut
1867 2369 2022 2405 virtutes
2042 2370 2207 2406 morales
2224 2369 2424 2418 perficiunt
2441 2369 2544 2407 vires

375 2427 479 2473 tiam,
508 2426 646 2463 scilicet
673 2426 802 2474 pietaS‚
834 2432 869 2461 et
897 2424 1037 2473 aliquid
1066 2424 1257 2473 pertinens
1285 2424 1334 2460 ad
1359 2424 1432 2460 for·
1484 2421 1707 2470 appetitivas
1736 2422 1785 2458 ad
1813 2421 2073 2458 obediendum
2106 2421 2252 2459 rationi.
2286 2422 2390 2459 Sicut
2417 2430 2544 2460 autem

342 2479 346 2483 “
375 2479 585 2525 titudinem,
607 2479 743 2515 scilicet
764 2478 908 2514 donum
928 2477 1174 2514 fortitudinis:
1195 2476 1284 2512 nihil
1304 2484 1430 2512 autem
1482 2475 1583 2511 vires
1603 2474 1830 2533 appetitivae
1850 2482 1959 2510 natae
1979 2482 2065 2511 sunt
2089 2474 2236 2511 moveri
2255 2487 2323 2524 per
2340 2475 2543 2524 imperium

375 2532 528 2581 ponitur
554 2531 604 2567 ibi
631 2530 822 2579 pertinens
851 2531 899 2567 ad
922 2529 1224 2578 temperantiam.
1255 2529 1356 2576 Ergo
1377 2529 1431 2566 in·
1485 2527 1659 2573 rationis,
1699 2527 1749 2563 ita
1783 2539 1918 2563 omnes
1946 2527 2046 2563 vires
2080 2528 2272 2564 humanae
2309 2535 2420 2564 natae
2457 2535 2545 2565 sunt

376 2584 604 2621 sufficienter
633 2590 901 2620 enumerantur
929 2582 1038 2619 dona.
1485 2579 1634 2617 moveri
1662 2591 1730 2630 per
1757 2579 1973 2615 instinctum
2001 2579 2085 2626 Dei,
2115 2579 2210 2616 sicut
2237 2592 2260 2616 a
2287 2580 2455 2628 quadarn
2483 2593 2544 2619 su-

431 2649 464 2674 2.
482 2639 713 2683 PRAETEREA,
729 2636 847 2683 pietas
868 2643 922 2671 est
941 2647 1027 2683 pars
1047 2634 1217 2671 iustitiae.
1240 2634 1316 2670 Sed
1334 2633 1432 2670 circa
1483 2632 1621 2691 periori
1648 2631 1827 2680 potentia.
1858 2631 1906 2668 Et
1933 2632 2019 2668 ideo
2049 2632 2087 2669 in
2115 2631 2294 2669 omnibus
2312 2633 2457 2670 viribus
2476 2634 2544 2670 ho—

376 2690 633 2727 fortitudinem
665 2701 743 2725 non
776 2688 929 2736 ponitur
963 2688 1087 2735 aliqua
1118 2699 1206 2735 pars
1235 2687 1335 2732 eius,
1365 2687 1433 2723 sed
1485 2685 1596 2722 minis
1629 2697 1727 2733 quae
1756 2692 1916 2733 possunt
1949 2697 2030 2722 esse
2067 2684 2251 2733 principia
2286 2686 2545 2723 humanorum

376 2743 458 2791 ipsa
486 2742 676 2779 fortitudo.
708 2743 808 2788 Ergo
839 2753 916 2777 non
947 2740 1076 2777 debuit
1103 2739 1195 2788 poni
1214 2739 1345 2788 pietas,
1366 2739 1433 2776 sed
1485 2746 1651 2783 actuum,
1682 2737 1777 2773 sicut
1805 2745 1890 2773 sunt
1916 2737 2084 2783 virtutes,
2104 2737 2153 2774 ita
2178 2738 2291 2774 etiam
2311 2746 2398 2775 sunt
2421 2739 2543 2776 dona:

376 2796 457 2844 ipsa
484 2795 631 2831 iustitia.
1486 2791 1624 2828 scilicet
1643 2790 1680 2826 in
1702 2790 1856 2836 ratione,
1880 2797 1916 2826 et
1933 2790 1972 2827 in
1990 2790 2029 2826 vi
2049 2790 2264 2839 appetitiva.
2439 2806 2442 2808 ’

432 2849 466 2885 3.
496 2849 727 2892 PRAETEREA,
757 2846 913 2883 virtutes
933 2845 1170 2893 theologicae
1188 2844 1354 2881 maxime
1374 2857 1434 2880 or—
1540 2843 1651 2879 Ratio
1680 2850 1807 2879 autern
1836 2850 1891 2879 est
1919 2844 2150 2891 speculativa
2179 2850 2215 2880 et
2230 2844 2420 2892 practica:
2443 2851 2479 2880 et
2506 2843 2544 2881 in

378 2901 507 2938 dinant
535 2913 605 2936 nos
634 2899 683 2936 ad
711 2900 850 2935 Deum.
883 2899 983 2935 Cum
1008 2910 1097 2946 ergo
1119 2898 1220 2934 dona
1239 2897 1436 2946 perficiant
1486 2904 1645 2944 utraque
1675 2895 1933 2932 consideratur
1956 2896 2209 2944 apprehensio
2236 2896 2416 2944 veritatis,
2445 2908 2544 2944 quae

377 2953 574 2990 hominem
607 2953 817 2988 secundum
851 2953 956 3000 quod
990 2958 1169 2987 movetur
1197 2962 1219 2986 a
1248 2951 1350 2996 Deo,
1378 2950 1435 2987 vi·
1487 2949 1646 2998 pertinet
1666 2948 1715 2985 ad
1734 2947 2012 2995 inventionem3
2039 2956 2074 2986 et
2101 2949 2282 2986 iudicium
2303 2950 2349 2986 de
2373 2948 2543 2986 veritate.

378 3007 486 3043 detur
518 3006 620 3054 quod
654 3005 872 3042 debuissent
907 3004 999 3053 poni
1032 3004 1157 3052 aliqua
1190 3003 1291 3040 dona
1323 3003 1435 3052 perti·
1487 3002 1549 3039 Ad
1572 3001 1915 3050 apprehensionem
1931 3002 2040 3049 igitur
2061 3001 2239 3049 veritatis,
2254 3001 2448 3050 perficitur
2460 3013 2546 3052 spe-

378 3058 504 3095 nentia
533 3058 581 3094 ad
608 3058 838 3106 theologicas
865 3057 1033 3094 virtutes.
1490 3054 1651 3092 culativa
1686 3054 1778 3091 ratio
1810 3066 1880 3103 per
1893 3054 2136 3099 mtellectum
2163 3054 2328 3103 practica
2354 3064 2450 3092 vero
2476 3063 2547 3117 per

430 3123 467 3158 4.
497 3111 736 3157 ΡΒΑΕΤΕΒΕΑ,
766 3111 860 3147 sicut
891 3111 998 3147 Deus
1029 3109 1200 3156 timetur,
1234 3108 1284 3146 ita
1322 3108 1436 3145 etiam
1490 3107 1697 3144 consilium.
1709 3107 1771 3144 Ad
1786 3114 1886 3144 recte
1901 3083 2546 3169 autemiudicandum,speculattva

379 3171 538 3210 amatur,
569 3171 605 3199 et
632 3163 670 3200 in
691 3163 816 3212 ipsum
837 3162 971 3210 aliquis
991 3169 1127 3210 sperat,
1148 3169 1185 3198 et
1203 3162 1250 3198 de
1271 3173 1318 3198 eo
1339 3161 1438 3198 dele-
1491 3160 1646 3209 quidem
1661 3172 1730 3208 per
1742 3160 1974 3208 saptentzam,
1985 3167 2150 3208 practica
2162 3172 2257 3197 vero
2271 3172 2341 3219 per
2353 3160 2544 3198 scientum

379 3224 509 3253 ctatur.
535 3218 656 3253 Amor
675 3223 813 3262 autem,
835 3228 921 3264 spes
950 3223 988 3252 et
1015 3214 1212 3251 delectatio
1241 3221 1328 3251 sunt
1354 3226 1439 3262 pas·
1490 3213 1694 3262 perficitur.
1710 3233 1735 3240 -
1751 3213 1968 3261 Appetitiva
1995 3220 2123 3250 autem
2151 3212 2287 3259 virtus,
2313 3214 2352 3250 in
2378 3213 2437 3251 his
2463 3211 2545 3262 quiq

379 3270 504 3306 siones
520 3268 739 3306 condivisae
758 3268 895 3306 timori.
917 3269 1032 3315 Ergo,
1049 3267 1143 3304 sicut
1158 3268 1273 3304 timor
1285 3266 1441 3315 ponitur
1493 3267 1581 3304 dem
1597 3278 1696 3314 quae
1711 3273 1798 3303 sunt
1817 3265 1865 3302 ad
1880 3266 2052 3312 alterum,
2069 3265 2260 3314 perficitur
2274 3277 2342 3314 per
2356 3266 2544 3314 pietatem}

381 3322 538 3367 donum,
568 3321 619 3358 ita
647 3329 684 3358 et
711 3321 782 3358 alia
811 3321 880 3358 tria
908 3320 1048 3357 debent
1068 3325 1084 3341 α
1113 3320 1204 3368 poni
1234 3320 1348 3357 dona.
1493 3321 1535 3356 In
1555 3319 1613 3356 his
1632 3326 1759 3356 autem
1780 3329 1878 3366 quae
1898 3326 1984 3355 sunt
2003 3318 2052 3356 ad
2070 3318 2252 3367 seipsum,
2267 3318 2460 3366 perficitur
2477 3328 2547 3366 per

437 3376 468 3412 5.
501 3376 738 3421 Pmnrmm,
768 3373 969 3411 intellectui
999 3372 1210 3420 adiungitur
1237 3372 1440 3421 sapientia,
1482 3372 1746 3420 fortitudinem
1770 3378 1901 3408 contra
1923 3379 2108 3408 terrorem
2127 3369 2142 3400 β
2160 3371 2436 3420 periculorum:
2457 3382 2545 3408 con-

379 3439 479 3476 quae
508 3427 600 3474 regit
637 3427 784 3475 ipsum;
814 3426 1020 3463 fortitudini
1058 3433 1185 3462 autem
1222 3425 1441 3472 consilium,
1493 3432 1550 3461 tra
1580 3424 1925 3472 concupiscentiam
1948 3436 2042 3461 vero
2071 3423 2323 3461 inordinatam
2348 3423 2547 3461 delectabi-

432 3544 460 3578 α)
481 3545 582 3571 debent.
596 3558 614 3564 -
633 3545 756 3569 deberent
774 3545 824 3569 EF.
1460 3538 1464 3577 Ι
1543 3543 1568 3577 β)
1590 3547 1730 3568 terror-em.
1745 3557 1762 3561 -
1781 3543 1902 3567 timorem
1922 3541 2028 3574 PFHpE
2048 3546 2073 3566 et
2091 3549 2118 3567 a.

2570 721 2659 764 ‘'Cnp.
2681 739 2731 759 nvi,
2751 734 2780 755 al.

2570 766 2631 787 xxix,
2640 766 2663 781 m
2671 763 2716 782 vet.
2723 765 2781 781 zur.

2570 947 2582 958 ⁸
2596 948 2647 968 Art.
2662 953 2683 968 2.

2572 2163 2664 2186 'Ven-
2677 2170 2698 2191 a,
2712 2170 2733 2193 3.

2595 2222 2647 2244 Ast.
2663 2222 2770 2250 praeced.
