2852 4152
167 905 230 937 Intro
249 931 254 936 .

173 1807 191 1833 1,
172 1780 273 1833 ξέξκ
269 1779 383 1831 ῖἚέἏῙηῗ-
482 1808 485 1810 ·
1001 1821 1017 1837 α

174 1839 220 1859 ma
233 1836 291 1860 part
302 1832 319 1858 1
333 1838 383 1859 cap·
411 1771 568 1867 druplex
585 1826 639 1855 est
658 1829 831 1864 movens,
849 1816 986 1853 scilicet
1026 1816 1237 1864 perficiens,
1255 1816 1462 1864 disponens,

174 1990 185 2000 ¹·
201 1989 248 2016 Qu.
264 1995 299 2014 tx,
315 1992 355 2011 art.
366 1995 382 2011 1.

173 2570 184 2580 ⁸
204 2569 336 2595 Nemesim,
355 2568 385 2590 de

175 2596 228 2618 Nat.
243 2596 321 2621 Hom„
333 2601 357 2616 ca
377 2610 383 2615 .

174 2629 222 2649 xvi,
236 2623 265 2643 al.
283 2622 322 2643 lib.
338 2622 347 2642 1

174 2655 286 2701 cagthilci',
302 2674 341 2695 lib.
361 2674 383 2699 1,

176 2708 225 2729 cap.
242 2691 297 2723 xni.
320 2706 342 2721 n.
362 2706 383 2727 ι7

174 2734 242 2775 :qq-
231 2728 271 2749 -S.
279 2727 324 2748 Th.
332 2727 383 2748 lect.

175 2815 229 2836 D.
244 2815 317 2843 11.t3b

178 3310 185 3319 ·
198 3309 245 3356 gu.
255 3315 302 3334 xvr,
317 3312 357 3330 art.
369 3315 385 3330 ι.

176 3347 187 3351 -
226 3351 231 3356 .
246 3341 300 3357 1210.

179 3362 253 3389 ''Qu.
264 3367 309 3388 xm,
318 3365 359 3382 art.
370 3368 385 3382 ι.

403 265 473 300 118

1097 269 1361 315 QUAESTlo
1392 269 1514 314 XVII,
1543 267 1836 304 ART1CULUS
1866 268 1879 303 1

929 481 1334 557 QUAESTIO
1372 480 2048 538 DECIMASEPTIMA

806 611 888 649 DE
933 607 1220 648 ACTIBUS
1259 607 1620 647 IMPERATIS
1662 608 1703 647 A
1743 608 2161 650 VOLUNTATE

1205 721 1239 746 IN
1268 721 1392 746 NOVEM
1420 721 1621 746 ARTICULOS
1649 722 1764 746 DIVISA

407 837 594 918 DEtNDE
630 824 949 862 considerandum
984 831 1039 860 est
1075 824 1121 861 de
1159 823 1303 860 actibus
1339 823 1459 872 impe-

184 889 215 911 (A
244 895 257 910 u
284 895 290 910 1
313 893 319 909 ι
353 894 368 909 ιι

490 879 576 915 ratis
604 891 625 914 a
656 878 846 914 voluntate
866 876 896 912 ²⁸.

405 932 455 968 Et
483 931 580 967 circa
607 931 681 966 hoc
708 935 940 977 quaeruntur
967 940 1122 965 novem.

458 983 608 1019 Primo:
629 989 755 1018 utrum
776 981 960 1029 imperare
981 980 1025 1017 sit
1044 989 1148 1018 actus
1167 981 1382 1029 voluntatis,
1398 982 1459 1018 vel

511 1034 674 1072 rationis.

459 1087 656 1124 Secundo:
687 1094 813 1123 utrum
848 1087 1036 1135 imperare
1063 1086 1248 1135 pertineat
1275 1086 1324 1123 ad
1351 1087 1460 1123 bruta

510 1139 698 1176 animalia.

458 1193 610 1229 Tertio:
641 1193 688 1230 de
718 1192 850 1229 ordine
879 1191 1027 1240 imperii
1057 1193 1104 1228 ad
1131 1203 1255 1228 usum.

1570 825 1737 870 Quarto:
1767 831 1894 860 utrum
1930 825 2132 873 imperium
2167 835 2201 863 et
2230 835 2333 865 actus
2366 829 2571 877 imperatus

1622 885 1694 922 sint
1721 897 1820 922 unus
1849 892 1971 933 actus,
2000 887 2062 922 vel
2091 886 2240 925 diversi.

1568 947 1735 993 Quinto:
1763 954 1891 983 utrum
1920 954 2024 983 actus
2052 948 2256 986 voluntatis
2284 949 2500 999 imperetur.

1571 1008 1706 1044 Sexto:
1734 1016 1862 1044 utrum
1891 1015 1995 1044 actus
2023 1008 2188 1045 rationis.

1570 1069 1763 1117 Septimo:
1791 1076 1919 1105 utrum
1948 1077 2053 1106 actus
2082 1069 2268 1118 appetitus
2297 1071 2474 1109 sensitivi.

1569 1131 1740 1167 Octavo:
1769 1137 1896 1166 utrum
1925 1137 2030 1166 actus
2059 1131 2210 1167 animae
2238 1133 2468 1180 vegetabilis.

1569 1191 1708 1228 Nono:
1738 1198 1866 1227 utrum
1895 1197 1999 1227 actus
2026 1192 2253 1229 exteriorum
2270 1194 2546 1243 membrorum.

1215 1299 1530 1342 ARTICULUS
1559 1299 1764 1342 PRIMUS

840 1398 994 1428 UTRUM
1019 1397 1234 1428 IMPERARE
1258 1397 1324 1428 SIT
1347 1396 1490 1428 ACTus
1514 1397 1732 1436 RAT10N18‚
1756 1397 1840 1428 VEL
1864 1398 2141 1430 VOLUNTATIS

670 1482 701 1506 ΙΙ·
721 1482 773 1512 11“·,
793 1489 837 1514 qu.
851 1489 951 1512 Lxxxm,
971 1486 1017 1506 art.
1035 1488 1061 1512 ις
1080 1481 1114 1505 IV
1133 1481 1215 1510 Sent„
1237 1463 1294 1505 dist.
1313 1489 1352 1511 xv,
1372 1489 1416 1513 qu.
1435 1489 1468 1510 ιν,
1489 1486 1534 1506 art.
1553 1489 1573 1510 1,
1594 1483 1640 1513 qu·
1658 1489 1679 1512 1,
1699 1482 1730 1506 ad
1751 1481 1780 1512 33
1801 1481 1842 1506 De
1859 1481 1948 1511 verit..
1968 1489 2011 1514 qu.
2029 1489 2090 1513 xxxi,
2108 1487 2155 1507 art.
2172 1490 2211 1514 12,
2230 1483 2262 1508 ad
2275 1491 2310 1515 ·4;

1292 1516 1413 1546 Quodlib.
1432 1516 1473 1546 IX,
1494 1524 1538 1549 qu.
1550 1524 1574 1546 V,
1594 1521 1640 1541 art.
1661 1524 1684 1541 2.

494 1626 500 1640 ι
527 1651 529 1656 ,
542 1632 577 1651 V
599 1630 604 1633 »
619 1620 641 1645 ι)
653 1618 790 1643 PRIMUM
800 1618 852 1642 su:
863 1617 1101 1642 PROCEanUR.
1110 1604 1269 1642 Videtur
1281 1605 1384 1653 quod
1394 1604 1463 1641 im-

476 1660 482 1667 '
547 1655 593 1709 ²⁷³„
620 1672 751 1709 perare
767 1671 845 1695 non
865 1658 910 1694 sit
931 1665 1036 1695 actus
1055 1658 1220 1705 rationis,
1242 1658 1309 1695 sed
1327 1658 1463 1694 volun-

565 1712 714 1763 fftatis.
745 1713 936 1760 Imperare
966 1710 1069 1747 enim
1090 1718 1145 1747 est
1164 1722 1323 1747 movere
1342 1711 1463 1759 quod-

597 1765 733 1802 darn:
761 1764 849 1801 dicit
873 1763 975 1800 enim
995 1763 1193 1800 Avicenna
1206 1764 1227 1784 ³*
1248 1763 1351 1812 quod
1371 1776 1463 1812 qua-

411 1873 599 1920 imperans
619 1879 654 1907 et
670 1869 879 1907 consilians.
898 1869 975 1905 Sed
990 1869 1038 1905 ad
1053 1870 1288 1906 voluntatem
1304 1869 1466 1918 pertinet

411 1937 569 1961 movere
589 1935 725 1960 omnes
744 1923 835 1959 alias
853 1922 953 1958 vires
982 1921 1143 1968 animae,
1173 1929 1214 1958 ut
1244 1922 1386 1958 dictum
1411 1930 1466 1958 est

410 1989 524 2025 supra
545 1978 576 2013 ’Ξῖ
606 1977 707 2023 Ergo
736 1975 922 2023 imperare
947 1981 1003 2010 est
1030 1981 1134 2010 actus
1162 1974 1377 2011 voluntatis.

464 2041 498 2066 2.
532 2031 775 2074 Pmmmm,
815 2027 909 2063 sicut
942 2026 1118 2074 imperari
1149 2026 1310 2074 pertinet
1342 2027 1390 2064 ad
1428 2027 1466 2064 id

409 2082 514 2131 quod
543 2089 598 2118 est
625 2080 848 2126 subiectum,
878 2079 928 2116 ita
947 2078 1134 2127 imperare
1153 2079 1341 2127 pertinere
1360 2079 1466 2117 vide-

409 2142 468 2171 tur
495 2135 544 2171 ad
571 2134 608 2172 id
637 2133 740 2182 quod
771 2141 825 2169 est
853 2131 1019 2169 maxime
1047 2131 1219 2168 liberum.
1257 2132 1334 2169 Sed
1362 2133 1466 2170 radix

409 2187 586 2224 libertatis
606 2194 661 2223 est
687 2185 853 2223 maxime
874 2183 888 2214 β
916 2185 955 2222 in
972 2185 1179 2222 voluntate.
1209 2185 1311 2233 Ergo
1331 2187 1466 2223 volun-

409 2240 492 2277 tatis
522 2248 576 2276 est
603 2240 801 2288 imperare.

466 2294 499 2330 3.
529 2294 770 2338 PRAETEREA,
811 2290 860 2327 ad
896 2290 1099 2339 imperium
1138 2289 1262 2326 statim
1298 2291 1467 2339 sequitur

411 2353 526 2382 actus.
557 2345 635 2382 Sed
663 2344 710 2382 ad
740 2350 864 2380 actum
885 2343 1039 2380 rationis
1058 2355 1136 2379 non
1156 2342 1279 2379 statim
1300 2343 1467 2392 sequitur

411 2406 536 2435 actus:
566 2410 644 2434 non
674 2396 775 2433 enim
804 2395 869 2444 qui
896 2395 1036 2433 iudicat
1063 2395 1203 2444 aliquid
1227 2408 1308 2432 esse
1328 2397 1466 2434 facien-

413 2451 520 2498 dum,
551 2450 675 2487 statim
703 2449 794 2486 illud
823 2457 1011 2498 operatur.
1041 2449 1142 2496 Ergo
1171 2448 1359 2497 imperare
1387 2462 1466 2487 non

413 2511 467 2540 est
495 2512 599 2540 actus
627 2502 791 2548 rationis,
821 2502 888 2538 sed
915 2501 1130 2539 voluntatis.

465 2558 538 2593 SED
576 2568 721 2593 CONTRA
753 2567 819 2592 EST
851 2555 954 2604 quod
990 2554 1194 2601 Gregorius
1228 2555 1427 2603 Nyssenus
1446 2555 1466 2577 '¹‘

377 2610 509 2655 dicit,
532 2617 567 2646 et
595 2609 707 2646 etiam
726 2608 980 2656 Philosophus
999 2607 1030 2654 ²¹²,
1061 2607 1165 2656 quod
1192 2608 1431 2656 appetitivum
1451 2613 1465 2636 Υ

410 2663 531 2700 obedit
557 2662 704 2699 rationi.
734 2661 835 2708 Ergo
865 2660 1017 2697 rationis
1047 2667 1101 2696 est
1128 2660 1326 2708 imperare.

462 2716 686 2752 Responmzo
714 2726 895 2750 DICENDUM
925 2713 1030 2762 quod
1056 2713 1244 2762 imperare
1279 2722 1333 2750 est
1362 2721 1466 2751 actus

410 2768 563 2805 rationis
581 2768 620 2814 ²¹³,
649 2766 938 2816 praesupposito
976 2774 1105 2802 tamen
1137 2774 1222 2802 actu
1249 2767 1464 2804 voluntatis.

410 2821 471 2858 Ad
501 2821 604 2858 cuius
633 2820 876 2867 evidentiam,
908 2819 1225 2855 considerandum
1255 2827 1310 2855 est
1338 2820 1464 2867 quod,

411 2874 499 2923 quia
518 2882 622 2910 actus
641 2873 845 2910 voluntatis
870 2880 906 2908 et
925 2872 1077 2908 rationis
1103 2884 1217 2920 supra
1237 2884 1276 2908 se
1300 2872 1464 2909 invicem

410 2934 569 2975 possunt
596 2926 693 2973 ferri,
714 2934 827 2974 prout
852 2925 990 2961 scilicet
1008 2924 1130 2961 ratio0
1159 2925 1399 2961 ratiocinatur
1419 2925 1466 2962 de

410 2980 598 3026 volendo,
638 2987 674 3015 et
707 2980 883 3015 voluntas
911 2978 993 3014 vult
1025 2977 1257 3023 ratiocinari3
1288 2977 1468 3025 contingit

412 3040 537 3069 actum
565 3032 769 3068 voluntatis
797 3030 1011 3080 praeveniri
1040 3031 1087 3067 ab
1117 3037 1202 3066 actu
1230 3030 1401 3077 rationis,
1433 3037 1468 3067 et

387 3131 389 3133 Ι
413 3098 433 3121 e
462 3097 660 3121 converso.
690 3086 739 3121 Et
766 3084 854 3133 quia
881 3084 1000 3121 virtus
1018 3083 1153 3131 prioris
1173 3090 1277 3119 actus
1298 3091 1468 3120 remanet

412 3138 450 3174 in
478 3144 564 3173 actu
592 3137 778 3185 sequenti,
809 3137 987 3184 contingit
1016 3137 1245 3185 quandoque
1275 3136 1380 3186 quod
1413 3144 1468 3172 est

413 3189 545 3238 aliquis
575 3198 678 3226 actus
711 3189 928 3235 voluntatis,
960 3189 1169 3226 secundum
1202 3190 1306 3238 quod
1338 3197 1468 3226 manet

411 3243 548 3280 virtute
577 3243 614 3279 in
642 3242 724 3291 ipso
749 3242 889 3290 aliquid
910 3242 955 3278 de
976 3250 1061 3279 actu
1080 3242 1244 3289 rationis,
1265 3250 1306 3278 ut
1326 3242 1467 3283 dictum

414 3303 468 3332 est
496 3296 544 3332 de
571 3307 643 3332 usu
670 3295 690 3316 ‘⁴‘
718 3302 754 3330 et
782 3295 828 3331 de
867 3294 1048 3331 electione
1075 3294 1135 3339 **;
1166 3302 1202 3330 et
1230 3307 1251 3331 e
1280 3307 1466 3332 converso

413 3348 546 3396 aliquis
575 3355 629 3384 est
657 3355 761 3384 actus
790 3347 953 3393 rationis,
979 3348 1189 3384 secundum
1210 3348 1314 3395 quod
1331 3347 1467 3384 virtute

413 3409 542 3438 manet
569 3401 605 3437 in
633 3401 716 3449 ipso
746 3399 885 3448 aliquid
915 3400 961 3436 de
991 3408 1075 3436 actu
1098 3400 1312 3437 voluntatis.

467 3515 493 3546 α)
512 3514 618 3538 scilicet.
636 3528 654 3532 —
673 3514 734 3538 Om.
748 3513 974 3538 ABCDFGHIKL.

468 3548 492 3580 β)
513 3549 638 3573 maxime.
656 3562 675 3567 -
693 3549 753 3573 Om.
770 3549 878 3572 codices.

468 3585 494 3617 γ)
513 3584 694 3615 appetitivum.
712 3597 731 3602 —-
748 3583 882 3615 appetitus
900 3583 946 3607 Pa.

1569 1606 1761 1653 Imperare
1782 1612 1909 1641 autem
1939 1612 1995 1642 est
2013 1604 2169 1654 quidem
2200 1605 2443 1644 essentialiter
2470 1615 2577 1645 actus

1516 1658 1687 1695 rationis:
1709 1658 1899 1706 imperans
1920 1657 2022 1694 enim
2042 1658 2191 1695 ordinat
2210 1670 2300 1695 eum
2321 1659 2382 1695 cui
2400 1659 2572 1708 imperat,

1517 1710 1566 1747 ad
1594 1710 1735 1758 aliquid
1755 1710 1959 1758 agendum,
1985 1710 2193 1747 intimando
2213 1711 2277 1759 vel
2297 1711 2575 1759 denuntiand03

1517 1764 1569 1800 sic
1589 1771 1715 1800 autem
1735 1763 1908 1800 ordinare
1927 1775 1996 1811 per
2024 1763 2186 1801 modum
2207 1755 2406 1801 cuiusdam
2431 1764 2577 1803 intima-

1517 1816 1639 1863 tionis‚
1670 1823 1724 1852 est
1752 1815 1916 1852 rationis.
1947 1816 2024 1853 Sed
2053 1816 2145 1852 ratio
2174 1823 2299 1870 potest
2327 1816 2467 1865 aliquid
2497 1817 2578 1855 inti-

1519 1881 1622 1905 mare
1642 1870 1704 1905 vel
1732 1868 1952 1906 denuntiare
1974 1868 2179 1917 dupliciter.
2201 1858 2288 1907 Uno
2311 1870 2442 1917 modo,
2468 1868 2579 1908 abso-

1518 1922 1608 1958 lute:
1626 1934 1723 1970 quae
1739 1921 1894 1970 quidem
1910 1921 2094 1959 intimatio
2111 1922 2329 1975 exprimitur
2337 1934 2406 1971 per
2414 1923 2578 1960 verbum

1518 1974 1708 2011 indicativi
1737 1974 1863 2020 modi;
1894 1974 1989 2011 sicut
2012 1975 2041 2011 si
2062 1975 2195 2023 aliquis
2215 1971 2323 2011 alicui
2343 1975 2461 2021 dicat,
2489 1976 2580 2012 Hoc

1519 2027 1656 2063 esttibi
1666 2023 1905 2075 faciendum.
1935 2027 2151 2076 Aliquando
2173 2035 2300 2065 autem
2319 2027 2412 2064 ratio
2432 2027 2579 2065 intimat

1519 2079 1659 2138 aliquid
1688 2079 1814 2126 alicui,
1844 2081 2039 2117 movendo
2074 2079 2200 2129 ipsum
2233 2081 2282 2119 ad
2309 2080 2404 2117 hoc:
2435 2087 2471 2118 et
2496 2074 2580 2140 talis

1518 2132 1705 2169 intimatio
1722 2132 1940 2180 exprimitur
1952 2144 2022 2180 per
2039 2133 2204 2170 verbum
2223 2132 2438 2181 imperativi
2456 2124 2579 2180 modi;

1518 2192 1610 2233 puta
1639 2197 1727 2222 curn
1753 2185 1862 2222 alicui
1881 2185 2033 2233 dicitur,
2057 2186 2139 2222 Fac
2155 2187 2238 2222 hoc.
2259 2185 2431 2223 Primum
2451 2193 2579 2223 autem

1520 2249 1682 2275 movens
1710 2238 1748 2274 in
1775 2237 1919 2275 viribus
1953 2238 2101 2275 animae
2129 2238 2178 2276 ad
2206 2238 2424 2275 exercitium
2452 2246 2579 2287 actus,

1520 2298 1576 2327 est
1601 2291 1793 2337 voluntas,
1822 2297 1864 2327 ut
1896 2303 2011 2339 supra
2033 2291 2054 2312 ⁸¹²
2081 2291 2223 2328 dictum
2258 2298 2323 2328 est.
2356 2291 2458 2328 Cum
2488 2302 2616 2340 ergo·

1520 2342 1731 2380 secundum
1772 2355 1934 2380 movens
1967 2355 2047 2380 non
2079 2351 2235 2381 moveat
2265 2343 2336 2381 nisi
2369 2343 2407 2381 in
2439 2344 2581 2390 virtute
2606 2343 2676 2383 Lm·

1519 2395 1632 2444 primi
1658 2395 1861 2442 moventis,
1891 2395 2058 2443 sequitur
2085 2396 2191 2456 quod
2217 2396 2292 2434 hoc
2319 2396 2445 2445 ipsum
2472 2391 2578 2446 quod

1498 2449 1612 2486 'ratio
1641 2455 1774 2486 movet
1799 2448 2038 2496 imperando,
2068 2449 2114 2485 sit
2142 2449 2176 2485 ei
2205 2461 2249 2486 ex
2276 2449 2415 2486 virtute
2442 2450 2577 2488 volun·

1519 2501 1613 2538 tatis.
1649 2502 1759 2539 Unde
1795 2500 2013 2549 relinquitur
2045 2502 2151 2549 quod
2185 2502 2370 2550 imperare
2400 2502 2445 2538 sit
2472 2510 2578 2541 actus

1520 2554 1685 2602 rationis⁷
1713 2553 2004 2602 praesupposito
2034 2561 2119 2591 actu
2147 2554 2372 2602 voluntatis,
2403 2555 2440 2591 in
2471 2555 2577 2593 cuius

1519 2608 1653 2645 virtute
1683 2606 1776 2644 ratio
1805 2614 1937 2643 movet
1964 2619 2032 2655 per
2060 2607 2261 2656 imperium
2290 2609 2338 2645 ad
2359 2608 2576 2646 exercitium

1519 2668 1635 2697 actus.

1572 2715 1630 2750 AD
1659 2724 1795 2749 PRIMUM
1823 2724 1921 2749 ERGO
1947 2724 2130 2749 DICENDUM
2150 2714 2255 2760 quod
2283 2712 2471 2760 imperare
2500 2725 2579 2751 non

1521 2774 1575 2802 est
1603 2778 1761 2802 movere
1790 2777 2035 2814 quocumque
2064 2765 2195 2812 modo,
2218 2766 2285 2803 sed
2305 2777 2391 2802 cum
2412 2765 2580 2814 quadam

1519 2818 1753 2855 intimatione
1791 2817 2049 2854 denuntiativa
2082 2819 2131 2855 ad
2168 2820 2339 2855 alterum.
2369 2818 2486 2864 Quod
2525 2825 2580 2855 est

1520 2871 1683 2908 rationis.

1573 2926 1631 2961 An
1652 2935 1841 2960 SECUNDUM
1861 2935 2044 2960 DICENDUM
2069 2923 2174 2970 quod
2194 2923 2299 2960 radix
2326 2922 2503 2960 libertatis
2523 2931 2579 2960 est

1518 2977 1695 3014 voluntas
1734 2976 1828 3013 sicut
1861 2976 2094 3013 subiectum:
2125 2976 2193 3012 sed
2225 2976 2318 3014 sicut
2355 2987 2488 3023 causa,
2523 2983 2602 3012 est-

1520 3029 1625 3066 ratio.
1655 3030 1713 3066 Ex
1741 3029 1815 3065 hoc
1844 3029 1945 3066 enim
1973 3029 2150 3065 voluntas
2178 3028 2294 3066 libere
2314 3035 2438 3076 potest
2457 3028 2505 3065 ad
2525 3028 2578 3065 di-

1519 3095 1631 3119 versa
1651 3082 1748 3128 ferri,
1769 3082 1858 3131 quia
1878 3082 1971 3118 ratio
1991 3088 2115 3129 potest
2133 3081 2274 3119 habere
2301 3080 2470 3118 diversas
2490 3093 2579 3118 con-

1522 3135 1714 3183 ceptiones
1742 3135 1844 3171 boni.
1867 3135 1916 3171 Et
1939 3134 2025 3171 ideo
2054 3133 2272 3182 philosophi
2301 3133 2485 3171 definiunt
2504 3138 2516 3155 ⁸
2540 3133 2580 3170 li-

1520 3189 1655 3224 berum
1685 3187 1878 3224 arbitrium
1908 3186 2014 3234 quod
2034 3193 2088 3224 est
2106 3186 2264 3223 liberum
2293 3186 2339 3223 de
2362 3187 2507 3224 ratione
2524 3186 2579 3222 iu-

1520 3241 1657 3278 dicium
1685 3240 1705 3262 *
1708 3239 1849 3288 ‚quasi
1877 3239 1970 3276 ratio
1999 3239 2043 3277 sit
2071 3251 2184 3276 causa
2212 3239 2400 3276 libertatis.

1522 3346 1626 3394 quod
1655 3345 1856 3394 imperium
1890 3357 1968 3382 non
1996 3344 2042 3381 sit
2070 3353 2175 3382 actus
2203 3344 2357 3382 rationis
2385 3344 2578 3391 absolute,

1522 3399 1589 3435 sed
1619 3411 1707 3435 curn
1736 3397 1902 3447 quadam
1927 3397 2111 3444 motione,
2141 3405 2182 3434 ut
2211 3397 2351 3434 dictum
2381 3403 2436 3433 est
2453 3396 2484 3434 ³¹².

1575 3511 1599 3543 δ)
1620 3513 1699 3536 ratio.
1716 3526 1736 3530 -
1754 3511 1815 3536 Om.
1835 3511 1863 3535 Ρ.

1576 3548 1598 3579 ε)
1619 3547 1756 3579 definiunt.
1774 3560 1792 3564 —
1811 3546 1971 3578 definierunt
1990 3545 2100 3570 codices.

2657 2312 2740 2356 ΙιΡιιιτί.
2743 2310 2822 2361 ⁸11:th

2678 2365 2693 2387 1,
2709 2363 2753 2383 m.
2765 2366 2790 2386 4.

2605 3249 2822 3272 ·ct.Boet.101n-

1574 3296 1632 3330 An
1652 3305 1811 3330 TERTmM
1834 3303 2018 3329 mCENDuM
2045 3291 2150 3340 quod
2179 3291 2273 3328 ratio
2302 3292 2363 3329 illa
2391 3290 2580 3328 concludit
2606 3275 2825 3351 ᾗέἶῖῗῖῗῖἱὸἓῧῗῦἶ

2606 3406 2657 3428 ‘In
2672 3411 2779 3434 corpore.
