2852 4152
138 397 349 446 §.Cipt.vlz.{2¹÷f⁵‘x3:'

140 502 149 511 *
164 501 232 524 Vers.
245 509 264 530 5.

134 873 145 884 ⁴
160 873 216 901 Cap.
232 880 262 901 tv,
278 880 300 895 n.
315 880 344 902 3¹·

134 1036 143 1044 '
158 1034 215 1061 Cap.
229 1040 251 1061 n,
267 1041 301 1056 111.

133 1088 142 1097 ⁶
157 1088 208 1109 Art.
225 1088 329 1115 praeced.

129 1611 140 1622 *
154 1610 204 1632 Art.
217 1617 240 1637 4,
256 1610 283 1632 ad
298 1617 319 1632 2.

125 1930 134 1938 ·
140 1928 198 1950 Vide
205 1928 336 1950 Comment.

126 1954 198 2002 8Caiet.
214 1959 274 1982 post.
293 1959 335 1976 art.

126 2486 136 2495 '
146 2481 248 2505 De'Fide
261 2484 335 2510 Orth„

125 2511 166 2532 lib.
181 2511 211 2537 ΙΙ,
227 2517 276 2538 cap.
292 2517 337 2532 xw.
380 2538 384 2543 '
410 2492 418 2541 ἰ

130 3017 140 3026 ’“
155 3015 211 3044 Cap.
226 3022 258 3037 rx.

130 3283 142 3294 ⁴¹
156 3283 213 3310 Cap.
227 3289 249 3310 v,
264 3283 293 3304 al.
312 3289 341 3304 rv-

381 213 454 259 298

433 302 466 326 2.
499 292 735 339 PRAETEREA,
766 304 840 329 non
870 298 923 329 est
948 293 1085 329 iustitia
1119 293 1279 329 hominis
1307 293 1357 328 ad
1381 304 1437 328 se-

378 343 509 390 ipsum,
535 355 602 380 nec
629 345 681 381 ad
706 357 750 381 ea
779 357 875 393 quae
901 346 960 381 sui
979 346 1091 393 ipsius
1117 351 1213 390 sunt,
1234 353 1275 381 ut
1304 344 1436 381 dicitur

377 395 415 431 in
442 396 477 432 V
495 397 614 433 Ethic.
635 396 655 418 '¹‘
684 397 760 434 Sed
788 399 907 434 homo
934 398 1166 446 quandoque
1186 397 1255 433 sibi
1275 396 1345 445 ipsi
1365 396 1435 432 ira-

377 448 508 495 scitur,
539 449 633 486 sicut
660 450 859 497 poenitens
896 458 1051 498 propter
1083 457 1303 497 peccatum:
1333 449 1435 485 unde

378 500 511 538 dicitur
539 501 576 538 in
603 503 757 539 Psalmo
778 515 812 539 1v
830 502 865 539 ³³:
894 502 1123 547 Irascimini,
1153 507 1188 537 et
1215 501 1326 537 nolite
1347 512 1434 548 pec-

376 565 475 591 care.
506 555 607 602 Ergo
634 554 688 591 ira
707 567 786 591 non
805 556 931 591 solum
953 562 1007 590 est
1025 554 1074 590 ad
1093 566 1191 601 quos
1212 561 1267 589 est
1285 553 1432 589 iustitia.

432 607 465 643 3.
495 607 736 654 PRAETEREA,
765 607 900 643 iustitia
929 614 966 643 et
997 606 1172 642 iniustitia
1199 613 1324 654 potest
1352 617 1433 642 esse

376 659 531 695 alicuius
565 660 613 696 ad
645 667 767 695 totum
796 659 949 707 aliquod
981 671 1116 706 genus,
1146 659 1208 695 vel
1237 658 1285 695 ad
1314 665 1432 694 totam

375 711 540 759 aliquam
557 712 888 748 communitatem:
903 719 994 759 puta
1015 723 1102 747 cum
1123 711 1251 747 civitas
1267 710 1432 759 aliquem

373 764 489 801 laesit.
521 765 596 801 Sed
626 765 679 800 ira
707 776 784 800 non
813 771 869 800 est
892 765 939 801 ad
960 763 1115 811 aliquod
1135 775 1265 811 genus,
1287 764 1352 800 sed
1373 776 1433 800 so-

373 817 452 853 lum
473 817 524 853 ad
545 817 698 864 aliquod
717 816 982 865 singularium,
998 824 1040 852 ut
1059 815 1146 853 dicit
1164 816 1431 865 Philosophus,

372 869 410 906 in
430 871 461 905 II
481 870 668 905 Rhetoric.
689 869 708 890 '¹‘
727 870 828 915 Ergo
849 869 904 905 ira
923 881 1001 905 non
1019 869 1172 917 proprie
1194 877 1248 906 est
1268 870 1316 906 ad
1335 881 1432 918 quos

374 929 429 958 est
456 929 591 957 iustitia
621 929 657 957 et
684 929 871 957 iniustitia.

426 975 499 1010 SED
528 985 760 1010 CONTRARIUM
789 973 907 1022 accipi
934 981 1059 1022 potest
1087 987 1109 1011 a
1134 974 1369 1022 Philosopho
1393 975 1431 1010 in

373 1028 403 1062 ΙΙ
423 1027 611 1063 Rhetoric.
632 1027 652 1047 '³‘

424 1080 648 1115 RESPONDEo
669 1090 851 1116 DICENDUM
871 1079 987 1127 quod,
1004 1079 1099 1116 sicut
1118 1091 1232 1127 supra
1253 1080 1272 1100 ’¹‘
1289 1079 1431 1116 dictum

371 1139 442 1178 est,
472 1131 527 1168 ira
555 1131 698 1180 appetit
726 1132 886 1178 malurn,
917 1132 1143 1180 inquantum
1176 1132 1291 1168 habet
1320 1132 1430 1168 ratio-

370 1196 460 1220 nem
488 1184 574 1221 iusti
600 1184 830 1222 vindicativi.
860 1186 909 1221 Et
932 1185 1020 1222 ideo
1041 1185 1089 1222 ad
1110 1185 1268 1222 eosdem
1290 1191 1344 1220 est
1362 1185 1428 1232 ira,

370 1237 418 1273 ad
446 1249 543 1284 quos
564 1244 619 1273 est
638 1237 775 1274 iustitia
795 1245 830 1274 et
849 1237 1037 1274 iniustitia.
1068 1238 1171 1274 Nam
1192 1237 1328 1274 inferre
1346 1237 1429 1274 vin-

369 1289 508 1326 dictam
537 1290 585 1326 ad
613 1290 792 1326 iustitiam
821 1290 1001 1339 pertinet:
1031 1290 1181 1327 laedere
1210 1298 1338 1327 autem
1365 1290 1428 1327 ali-

369 1354 484 1390 quem
510 1342 671 1390 pertinet
700 1343 748 1380 ad
771 1342 998 1380 iniustitiam.
1028 1343 1139 1380 Unde
1160 1351 1237 1380 tam
1259 1355 1303 1380 ex
1322 1351 1429 1392 parte

369 1407 523 1442 causae,
553 1407 651 1443 quae
687 1403 742 1432 est
773 1395 889 1432 laesio
924 1396 1023 1432 illata
1061 1396 1109 1433 ab
1142 1397 1282 1443 altero;
1311 1409 1427 1445 quam

369 1448 479 1484 etiarn
509 1460 554 1484 ex
582 1455 687 1496 parte
711 1448 902 1485 vindictae
930 1447 956 1495 β,
978 1461 1092 1497 quam
1123 1449 1264 1497 appetit
1291 1449 1427 1495 iratus;

367 1500 609 1537 manifestum
635 1508 690 1537 est
708 1501 813 1550 quod
842 1501 890 1538 ad
919 1502 1078 1538 eosdem
1097 1502 1258 1550 pertinet
1284 1502 1350 1550 ira,
1381 1502 1429 1539 ad

367 1562 463 1601 quos
491 1553 627 1590 iustitia
656 1562 692 1591 et
719 1554 907 1591 iniustitia.

419 1607 478 1642 An
502 1618 639 1643 PRIMUM
667 1619 765 1644 ERGO
794 1619 977 1644 DICENDUM
1007 1607 1123 1655 quod,
1154 1607 1248 1644 sicut
1276 1620 1390 1656 supra
1409 1607 1428 1629 ’¹‘

368 1658 510 1695 dictum
541 1666 606 1706 est,
632 1659 698 1707 ira,
719 1660 895 1708 quamvis
924 1660 970 1697 sit
998 1673 1086 1697 cum
1115 1660 1276 1706 ratione,
1305 1668 1429 1709 potest

366 1718 493 1748 tamen
523 1711 635 1748 etiam
665 1725 746 1749 esse
775 1712 812 1749 in
842 1713 958 1750 brutis
987 1713 1226 1759 animalibus,
1253 1725 1351 1760 quae
1372 1725 1428 1750 ra-

366 1763 468 1801 tione
506 1772 652 1812 carent,
691 1766 915 1813 inquantum
954 1766 1113 1802 naturali
1148 1766 1324 1802 instinctu
1359 1778 1428 1814 per

365 1816 675 1864 imaginationem
709 1826 915 1855 moventur
943 1819 991 1855 ad
1021 1818 1161 1867 aliquid
1190 1818 1308 1855 simile
1338 1831 1428 1867 ope-

365 1868 467 1905 ribus
496 1869 661 1906 rationis.
700 1871 761 1907 Sic
788 1871 916 1918 igitur,
948 1883 1036 1907 cum
1065 1871 1103 1907 in
1131 1871 1288 1907 homine
1318 1871 1364 1907 sit
1393 1879 1428 1907 et

365 1922 458 1958 ratio
489 1930 524 1959 et
551 1922 788 1970 imaginatio,
819 1923 1018 1971 dupliciter
1053 1923 1090 1960 in
1118 1923 1274 1960 homine
1302 1931 1428 1971 potest

364 1982 491 2011 motus
510 1975 586 2011 irae
607 1975 798 2023 insurgere
818 1975 848 2013 *.
870 1977 957 2013 Uno
978 1976 1110 2022 modo,
1134 1988 1177 2012 ex
1197 1977 1278 2012 sola
1297 1976 1427 2023 imagi—

1031 215 1295 261 QUAESTIO
1326 215 1466 261 XLVI,
1496 214 1790 254 ARTICULUS
1820 215 1905 251 vm

1491 291 1643 328 natione
1672 292 1866 329 nuntiante
1899 293 2118 331 laesionem.
2149 296 2197 332 Et
2225 295 2278 331 sic
2305 295 2459 342 insurgit
2488 295 2551 332 ali-

1492 344 1576 391 quis
1596 351 1723 381 motus
1747 344 1822 381 irae
1848 344 1961 381 etiarn
1981 346 2029 383 ad
2049 359 2108 383 res
2127 346 2358 384 irrationales
2379 355 2415 384 et
2433 348 2550 384 inani-

1491 403 1627 443 matas,
1654 397 1864 434 secundum
1893 397 2175 447 similitudinem
2204 400 2300 436 illius
2329 407 2456 437 motus
2485 401 2549 449 qui

1492 456 1547 484 est
1561 449 1599 484 in
1620 449 1844 486 animalibus
1865 457 1995 487 contra
2009 452 2206 499 quodlibet
2220 452 2414 489 nocivum.
2427 474 2450 480 -
2462 453 2547 489 Alio

1491 501 1622 548 modo,
1645 513 1689 537 ex
1717 501 1859 538 ratione
1883 503 2077 540 nuntiante
2104 505 2324 541 laesionem.
2354 506 2404 541 Et
2422 505 2486 551 sic,
2507 513 2549 542 ut

1489 553 1745 602 Philosophus
1766 554 1854 591 dicit
1874 556 1905 591 11
1929 557 2116 594 Rhetoric.
2133 557 2164 604 ³⁶,
2182 557 2283 594 nullo
2303 558 2413 593 modo
2428 563 2550 605 potest

1489 617 1567 642 esse
1600 606 1658 642 ira
1691 607 1743 642 ad
1774 619 1833 644 res
1860 608 2106 655 insensibiles,
2135 622 2254 658 neque
2285 610 2336 646 ad
2367 615 2545 647 mortuos.

1489 659 1593 695 Tum
1629 659 1717 706 quia
1745 671 1823 695 non
1852 661 1998 697 dolent:
2027 662 2133 709 quod
2164 662 2328 699 maxime
2362 670 2549 711 quaerunt

1488 711 1570 747 irati
1597 711 1636 748 in
1670 711 1722 747 eis
1756 712 1893 760 quibus
1924 713 2144 751 irascuntur.
2174 716 2278 752 Tum
2312 714 2425 752 etiam
2459 715 2547 764 quia

1489 776 1568 800 non
1601 771 1658 801 est
1689 764 1737 800 ad
1771 776 1837 800 eos
1869 765 2058 802 vindicta:
2093 765 2181 803 cum
2219 779 2352 804 eorum
2388 780 2466 805 non
2501 768 2547 804 sit

1488 816 1664 853 iniuriam
1693 817 1827 854 facere.

1540 871 1599 906 AD
1624 881 1812 907 SECUNDUM
1837 881 2020 907 mCENDUM
2040 870 2156 919 quod,
2178 871 2273 908 sicut
2290 872 2545 922 Philosophus

1487 922 1575 959 dicit
1602 922 1640 959 in
1667 923 1703 959 V
1729 923 1848 959 Ethic.
1869 922 1900 970 ³¹⁶,
1931 923 2116 970 quaedam
2136 925 2389 972 metaphorica
2409 926 2545 962 iustitia

1487 981 1522 1011 et
1549 975 1724 1011 iniustitia
1761 981 1815 1011 est
1846 976 2007 1012 hominis
2034 975 2086 1012 ad
2110 976 2291 1023 seipsum,
2321 977 2545 1026 inquantum

1487 1027 1626 1064 scilicet
1652 1027 1747 1064 ratio
1775 1028 1867 1075 regit
1894 1028 2120 1064 irascibilem
2141 1035 2177 1065 et
2196 1030 2542 1078 concupiscibilem.

1486 1080 1535 1116 Et
1562 1080 1775 1117 secundum
1803 1081 1878 1116 hoc
1906 1080 2020 1117 etiam
2049 1081 2169 1117 homo
2199 1080 2333 1119 dicitur
2351 1083 2399 1120 de
2418 1083 2543 1132 seipso

1484 1132 1691 1169 vindictam
1707 1132 1843 1180 facere,
1861 1141 1896 1170 et
1910 1145 1979 1182 per
1994 1145 2232 1182 consequens
2248 1133 2316 1170 sibi
2336 1134 2407 1183 ipsi
2423 1135 2543 1173 irasci.

1485 1185 1642 1234 Proprie
1670 1192 1797 1222 autem
1829 1193 1864 1222 et
1891 1198 1960 1234 per
1979 1198 2039 1232 se,
2064 1198 2143 1223 non
2172 1186 2352 1235 contingit
2381 1187 2546 1237 aliquem

1485 1237 1555 1274 sibi
1583 1238 1654 1287 ipsi
1672 1243 1687 1266 Υ
1715 1237 1835 1275 irasci.
2040 1265 2043 1268 ψ

1536 1292 1596 1328 AD
1623 1302 1783 1328 TERTIUM
1810 1303 1994 1328 DlCENDUM
2022 1291 2128 1340 quod
2156 1291 2423 1341 Philosophus,
2443 1292 2482 1329 in
2511 1293 2543 1330 II

1483 1344 1671 1381 Rhetorzc.
1682 1343 1714 1391 ²¹²,
1725 1343 1887 1391 assignat
1901 1356 2019 1380 unam
2036 1344 2286 1381 differentiam
2301 1344 2396 1382 inter
2411 1345 2544 1383 odium

1485 1403 1521 1433 et
1539 1397 1647 1444 iram,
1669 1396 1774 1445 quod
1798 1397 1924 1433 odium
1938 1402 2061 1445 potest
2077 1409 2155 1433 esse
2172 1398 2224 1434 ad
2240 1397 2394 1446 aliquod
2409 1410 2542 1448 genus,

1482 1450 1577 1486 sicut
1593 1450 1774 1486 hahemus
1792 1450 1876 1486 odio
1897 1461 2008 1486 omne
2026 1449 2215 1486 latronum
2233 1462 2375 1499 genus:
2401 1451 2468 1487 sed
2485 1451 2544 1488 ira

1484 1514 1558 1538 non
1579 1508 1633 1539 est
1649 1502 1722 1539 nisi
1738 1502 1790 1539 ad
1806 1502 1960 1550 aliquod
1984 1502 2190 1552 singulare.
2221 1503 2338 1539 Cuius
2361 1503 2455 1540 ratio
2476 1511 2542 1551 est,

1484 1555 1573 1603 quia
1602 1555 1735 1592 odium
1764 1562 1940 1591 causatur
1974 1567 2019 1591 ex
2051 1555 2126 1591 hoc
2159 1556 2264 1603 quod
2293 1556 2452 1604 qualitas
2480 1556 2544 1593 ali-

1485 1607 1591 1644 cuius
1620 1607 1673 1644 rei
1699 1607 1994 1656 apprehenditur
2020 1614 2062 1643 ut
2082 1607 2280 1644 dissonans
2300 1615 2450 1645 nostrae
2472 1608 2544 1646 dis-

1482 1660 1677 1709 positioni:
1709 1667 1744 1696 et
1771 1661 1846 1696 hoc
1865 1667 1989 1708 potest
2009 1672 2091 1696 esse
2110 1661 2173 1696 vel
2191 1660 2229 1696 in
2247 1660 2461 1708 universali,
2481 1662 2544 1698 vel

1484 1713 1521 1749 in
1549 1713 1774 1761 particulari.
1805 1713 1883 1749 Sed
1910 1712 1964 1749 ira
1993 1719 2168 1749 causatur
2194 1725 2242 1749 ex
2262 1713 2337 1749 hoc
2355 1710 2462 1762 quod
2480 1713 2545 1750 ali-

1483 1765 1567 1813 quis
1602 1778 1673 1802 nos
1710 1765 1814 1802 laesit
1847 1777 1915 1814 per
1948 1777 2061 1802 suum
2094 1772 2234 1802 actum.
2264 1767 2382 1802 Actus
2415 1766 2543 1803 auter‘n

1483 1830 1618 1855 omnes
1647 1825 1733 1854 sunt
1761 1817 2019 1866 singularium.
2041 1818 2089 1854 Et
2114 1818 2201 1855 ideo
2230 1818 2284 1855 ira
2312 1830 2464 1868 semper
2488 1826 2543 1856 est

1483 1870 1581 1907 circa
1599 1871 1754 1919 aliquod
1773 1871 1972 1919 singulare.
1994 1892 2017 1898 —
2039 1871 2139 1908 Cum
2159 1878 2287 1908 autem
2305 1878 2383 1908 tota
2412 1871 2542 1909 civitas

1482 1935 1552 1960 nos
1580 1924 1741 1971 laeserit,
1770 1931 1849 1960 tota
1878 1923 2008 1961 civitas
2038 1931 2280 1972 computatur
2308 1924 2404 1961 sicut
2421 1937 2542 1961 unum

1483 1975 1681 2023 singulare.

418 2092 441 2126 β)
462 2092 602 2118 vindictae.
621 2107 639 2111 —
657 2093 713 2118 eius
732 2094 828 2118 addunt
848 2094 892 2118 Pa.

1532 2094 1558 2127 γ)
1578 2094 1628 2118 sibi
1646 2094 1706 2126 ipsi.
1724 2108 1742 2113 -
1760 2094 1809 2118 sibi
1827 2094 2038 2124 ABCDEGHIL;
2057 2093 2221 2125 Proprie...
2241 2093 2322 2119 irasci
2339 2102 2393 2119 orn.
2411 2094 2440 2119 F.

1142 2246 1459 2288 ARTICULUS
1489 2246 1761 2288 OCTAVUS

870 2339 1025 2369 UTRUM
1050 2339 1390 2370 CONVENIENTER
1413 2337 1716 2370 AssmNENTUR
1739 2339 1908 2369 SPECIES
1934 2339 2032 2369 1RAE

481 2462 495 2476 n,
556 2428 597 2463 'D
619 2438 790 2463 OCTAVUM
810 2438 862 2462 sm
882 2437 1120 2463 PROCEDITUR.
1141 2426 1300 2472 Videtur
1319 2426 1423 2474 quod

488 2472 552 2528 '¹7⁷'
575 2481 839 2516 Damascenus
863 2479 883 2500 ²³⁶
915 2479 1228 2516 inconvenienter
1264 2479 1425 2526 assignet

566 2541 650 2580 *tres
671 2532 816 2580 species
836 2531 930 2568 irae:
952 2531 1093 2568 scilicet
1104 2532 1177 2580 fel,
1193 2532 1362 2568 maniam
1391 2538 1426 2568 et

496 2619 502 2622 A
550 2603 564 2615 x
595 2597 757 2622 urorem.
795 2584 942 2620 Nullius
972 2584 1074 2620 enim
1103 2584 1250 2631 generis
1279 2584 1424 2632 species

367 2632 670 2677 diversificantur
698 2637 910 2674 secundum
939 2636 1095 2684 aliquod
1123 2637 1310 2674 accidens.
1349 2637 1425 2673 Sed

366 2693 436 2730 ista
463 2692 533 2729 tria
566 2690 867 2729 diversificantur
896 2690 1107 2727 secundum
1141 2690 1296 2739 aliquod
1329 2690 1424 2726 acci-

368 2746 477 2783 dens:
502 2744 731 2794 principium
767 2743 868 2779 enim
906 2749 1027 2779 motus
1056 2743 1136 2779 irae
1153 2743 1216 2791 sel
1247 2748 1426 2788 vocatur,-

366 2800 424 2836 ira
452 2804 576 2835 autem
590 2808 819 2845 permanens
838 2796 972 2832 dicitur
994 2796 1122 2832 mania
1132 2809 1146 2840 ,·
1161 2797 1282 2844 furor
1301 2801 1425 2832 autem

367 2858 421 2888 est
446 2852 503 2888 ira
531 2851 733 2887 observans
757 2855 899 2897 tempus
923 2849 960 2885 in
979 2849 1193 2885 vindictam.
1225 2850 1326 2896 Ergo
1348 2861 1426 2885 non

367 2912 452 2940 sunt
480 2904 651 2940 diversae
681 2902 826 2950 species
854 2902 942 2938 irae.

422 2969 458 2993 2.
496 2957 734 3002 PRAETEREA,
768 2955 937 3001 Tullius,
967 2954 1006 2990 in
1043 2954 1094 2990 IV
1131 2953 1176 2990 de
1208 2953 1428 2990 Tusculanis

372 3010 518 3051 Quaest.
538 3008 569 3055 ²⁸,
600 3008 687 3044 dicit
711 3008 816 3055 quod
842 3007 1149 3044 excandescentia
1176 3018 1316 3056 graece
1341 3007 1428 3043 dici-

368 3067 429 3097 tur
442 3061 621 3109 thymosis
636 3066 669 3105 ‘²3
690 3067 725 3096 et
741 3066 795 3097 est
811 3061 870 3097 ira
889 3061 1000 3097 modo
1017 3071 1171 3096 nascens
1190 3065 1226 3095 et
1242 3060 1352 3096 modo
1368 3060 1428 3096 de-

367 3115 505 3150 sistens.
522 3115 557 3150 T
553 3114 719 3161 hymosis
741 3121 879 3160 autem,
901 3114 1113 3150 secundum
1129 3113 1427 3159 Damascenum,

370 3175 425 3204 est
439 3167 541 3204 idem
557 3166 661 3214 quod
664 3167 795 3213 furor.
813 3167 904 3202 Non
920 3178 1008 3214 ergo
1024 3166 1128 3202 furor
1146 3173 1298 3215 tempus
1314 3178 1429 3214 quae—

370 3220 413 3256 rit
441 3221 489 3257 ad
516 3219 743 3265 vindictam,
774 3218 841 3255 sed
869 3226 1042 3267 ternpore
1071 3218 1208 3255 deficit.

424 3273 458 3309 3.
478 3273 711 3318 PRAETEREA,
733 3271 949 3318 Gregorius,
980 3272 1067 3307 XXI
1096 3271 1239 3308 Moral.
1260 3271 1292 3318 *,
1321 3270 1428 3320 ponit

368 3333 443 3362 tres
471 3325 608 3372 gradus
637 3324 725 3371 irae,
747 3324 886 3360 scilicet
910 3325 1008 3360 iram
1037 3324 1115 3360 sine
1142 3335 1243 3370 voce,
1266 3332 1301 3360 et
1329 3324 1426 3360 iram

370 3390 455 3414 cum
474 3389 575 3423 voce,
593 3385 628 3413 et
647 3377 744 3413 iram
765 3388 850 3412 cum
869 3378 983 3413 verbo
999 3388 1194 3424 expresso:
1215 3377 1426 3414 secundum

1477 2426 1538 2462 illa
1562 2425 1630 2462 tria
1650 2437 1747 2474 quae
1774 2426 1964 2463 Dominus
1992 2426 2100 2475 ponit
2119 2427 2253 2464 Matth.
2275 2438 2299 2463 v
2317 2427 2353 2464 *τ
2379 2428 2453 2470 Qui
2465 2429 2540 2466 ira—

1476 2479 1592 2515 scitur
1617 2479 1742 2525 sratri
1771 2491 1855 2524 suo,
1885 2478 1951 2515 ubi
1979 2478 2140 2526 tangitur
2173 2479 2231 2516 ira
2259 2481 2339 2517 sine
2364 2492 2478 2526 voce‚·
2506 2489 2542 2519 et

1478 2538 1612 2579 postea
1645 2530 1791 2567 subdit:
1826 2532 1899 2573 Qui
1924 2532 2062 2568 dixerit
2074 2532 2200 2579 fratri
2225 2545 2306 2579 suo,
2326 2534 2446 2580 Raca,
2475 2534 2542 2571 ubi

1478 2584 1638 2631 tangitur
1671 2584 1729 2620 ira
1757 2595 1843 2620 cum
1870 2595 1979 2630 voce,
2007 2585 2074 2620 sed
2101 2585 2258 2622 necdum
2284 2585 2399 2633 pleno
2426 2588 2540 2624 verbo

1466 2637 1666 2684 formata‚·
1691 2643 1727 2673 et
1744 2643 1879 2684 postea
1899 2636 2006 2673 dicit:
2041 2637 2116 2678 Qui
2133 2642 2257 2674 autem
2277 2638 2416 2674 dixerit
2426 2639 2545 2686 fratri

1477 2701 1557 2735 suo,
1577 2690 1708 2734 Fatue,
1729 2689 1795 2725 ubi
1814 2689 1986 2737 expletur
2007 2701 2086 2726 vox
2097 2691 2330 2738 perfectione
2346 2692 2540 2729 sermonis.

1479 2743 1581 2789 Ergo
1603 2741 1874 2778 insufficienter
1898 2741 2023 2779 divisit
2042 2743 2304 2780 Damascenus
2324 2743 2432 2792 iram,
2453 2744 2542 2782 nihil

1479 2806 1628 2844 ponens
1657 2806 1702 2831 ex
1729 2802 1835 2843 parte
1863 2795 1982 2832 vocis.

1534 2848 1608 2884 SED
1630 2859 1775 2884 CONTRA
1794 2859 1859 2884 EST
1888 2847 2088 2884 auctoritas
2107 2849 2337 2885 Damasceni
2355 2850 2376 2870 *
2394 2857 2430 2886 et
2449 2850 2542 2887 Gre-

1481 2900 1574 2948 gorii
1603 2900 1769 2949 Nysseni
1786 2900 1817 2937 *.

1535 2954 1758 2990 RESPONDEO
1796 2964 1980 2990 DICENDUM
2023 2954 2126 3002 quod
2167 2961 2241 2990 tres
2283 2954 2429 3003 species
2465 2954 2542 2992 irae

1482 3019 1576 3055 quas
1604 3007 1867 3043 Damascenus
1887 3006 2005 3054 ponit,
2027 3014 2064 3043 et
2083 3007 2196 3044 etiam
2217 3007 2422 3055 Gregorius
2442 3009 2542 3056 Nys-

1482 3071 1616 3106 senus,
1646 3066 1848 3096 sumuntur
1881 3059 2092 3096 secundum
2127 3072 2172 3096 ea
2211 3072 2308 3108 quae
2347 3060 2437 3097 dant
2464 3061 2542 3098 irae

1483 3112 1639 3161 aliquod
1667 3119 1925 3160 augmentum.
1956 3112 2074 3158 Quod
2102 3111 2258 3161 quidem
2282 3113 2462 3161 contingit
2480 3114 2541 3151 tri-

1482 3165 1635 3214 pliciter.
1665 3166 1752 3202 Uno
1782 3164 1913 3211 modo,
1939 3177 1984 3201 ex
2008 3164 2181 3202 facilitate
2199 3165 2317 3214 ipsius
2337 3173 2484 3204 motus:
2505 3173 2542 3203 et

1483 3219 1597 3255 talem
1626 3218 1721 3255 iram
1747 3224 1861 3254 vocat
1883 3217 1950 3265 fel,
1979 3218 2067 3266 quia
2095 3218 2168 3255 cito
2197 3218 2423 3256 accenditur.
2453 3219 2539 3256 Alio

1483 3271 1615 3318 modo,
1646 3283 1691 3307 ex
1710 3278 1815 3319 parte
1835 3270 2002 3307 tristitiae
2022 3270 2210 3308 causantis
2229 3271 2337 3318 iram,
2358 3283 2456 3320 quae
2476 3270 2541 3309 diu

1482 3324 1521 3360 in
1547 3323 1733 3361 memoria
1759 3330 1908 3360 manet:
1939 3330 1974 3359 et
1997 3324 2092 3360 haec
2111 3324 2273 3372 pertinet
2292 3324 2340 3362 ad
2359 3324 2538 3370 maniam,

1483 3389 1580 3425 quae
1609 3390 1631 3413 a
1659 3377 1847 3413 manendo
1885 3375 2028 3413 dicitur.
2059 3377 2208 3424 Tertio,
2239 3389 2284 3414 ex
2316 3383 2422 3426 parte
2459 3376 2540 3414 eius

423 3491 449 3522 α)
470 3491 607 3523 thymosis.
626 3504 644 3509 —
662 3491 756 3515 cismos
775 3491 811 3521 A,
837 3490 945 3515 scismos
971 3490 1046 3514 ceteri
1071 3495 1096 3514 et
1114 3497 1146 3518 a;
1170 3491 1251 3514 altero
1270 3491 1328 3514 loco
1351 3490 1459 3515 scismos
1484 3491 1584 3515 codices
1609 3496 1634 3515 et
1657 3498 1682 3516 a.
1708 3490 1734 3514 In
1759 3490 1929 3522 responsione
1957 3490 1988 3513 ad
2013 3494 2210 3521 argumentum,
2234 3489 2330 3514 thimos
2352 3488 2539 3519 ABCDGHIL,

369 3525 463 3550 cismos
483 3526 515 3555 E,
535 3526 643 3550 thismos
663 3526 703 3550 vel
721 3526 827 3550 scismos
841 3520 874 3555 F,
893 3525 1001 3550 scismos
1019 3526 1050 3554 Κ,
1071 3525 1176 3557 thymos
1196 3526 1235 3549 ed.
1249 3532 1274 3550 a.

2574 565 2585 575 '¹
2600 565 2657 593 Cap.
2667 571 2700 592 m,
2716 572 2738 588 n.
2753 567 2786 589 16.

2572 930 2626 952 *Ca
2645 936 2728 958 .xr,n.
2741 936 2786 959 9.-

2572 957 2597 979 S.
2607 957 2629 978 T
2647 972 2653 978 .
2663 958 2716 979 lect.
2725 963 2783 979 xvn.

2702 1051 2753 1084 st,-

2698 1079 2734 1095 Α,

2669 1246 2686 1272 Υ

2571 1357 2582 1368 ·
2589 1356 2646 1379 Loc.
2654 1356 2694 1379 cit.
2703 1356 2727 1379 in
2733 1361 2783 1385 arg.

2569 2441 2578 2450 ·
2593 2439 2661 2461 Vei-s.
2675 2445 2709 2461 22.

2569 2862 2581 2874 ¹⁸
2594 2861 2630 2884 Cf.
2647 2867 2695 2890 arg.
2711 2868 2726 2884 1.

2570 2912 2579 2920 ·
2603 2909 2723 2937 Nemesii,
2752 2910 2781 2932 de

2569 2936 2627 2958 Nat.
2637 2936 2714 2961 Hom„
2729 2941 2781 2984 einp.

2569 2969 2623 2990 xxi,
2638 2963 2668 2985 al.
2683 2962 2722 2984 lib.
2773 2979 2779 2988 ,

2569 2995 2621 3017 cap.
2630 2995 2676 3016 xiv,
2683 2989 2718 3011 vel
2729 2995 2779 3010 xiix.
