2852 4152
124 858 135 868 ⁸
146 857 182 878 Cf.
198 831 239 884 q:
247 862 284 883 xz,
299 855 338 877 ln-

125 883 186 905 trod.

125 936 134 945 '¹
151 935 199 962 Qu.
213 941 267 956 xLu.

124 970 136 980 ⁴
152 970 199 1023 Ἡ.
214 975 277 990 me.

124 997 145 1006 ”¹
186 1002 209 1018 u.
223 1001 285 1016 κων.

127 1398 136 1406 ·
148 1396 183 1417 De
193 1395 250 1416 Fide
261 1395 336 1421 Orth„

128 1422 337 1449 iib.111,cap.xx1u.

128 1558 178 1580 *Ca
198 1563 339 1586 .v,n.3,4.-

128 1584 183 1606 S.T
202 1600 208 1605 .
223 1585 275 1605 lect.
290 1590 311 1604 v.

130 1823 138 1830 ·
149 1821 184 1842 De
193 1820 251 1841 Fide
263 1820 338 1845 Orth,

127 1848 167 1868 lib.
182 1847 214 1874 11,
230 1852 282 1874 cap.
296 1852 338 1868 xii.

128 2192 137 2199 '¹
153 2189 209 2216 Cap.
224 2195 238 2210 v
253 2195 304 2216 sqq.

358 259 429 296 272

1068 247 1333 294 QUAESTIO
1363 246 1465 290 XLI,
1495 241 1790 279 ARTICULUS
1821 241 1834 276 Ι

772 419 1180 497 QUAESTIO
1221 413 2122 498 QUADRAGESIMAPRIMA

1027 546 1110 584 DE
1148 543 1381 583 TIMORE
1420 541 1758 583 SECUNDUM
1795 540 1869 581 SE

1143 658 1177 683 IN
1208 657 1380 688 QUATUOR
1406 656 1607 682 ARTICULOS
1635 655 1751 681 DIVISA

446 776 708 808 ONSEQUENTER
737 761 1056 799 considerandum
1085 768 1158 807 est,
1195 761 1341 810 prim0,
1378 759 1425 797 de
1481 763 1591 800 Circa
1617 762 1784 811 primum
1813 769 2046 810 quaeruntur
2073 764 2247 810 quatuor.

446 820 581 856 timore
602 824 635 863 ‘²;
666 824 701 853 et
729 815 910 862 secundo,
939 814 987 851 de
1016 814 1175 851 audacia
1192 814 1224 851 ⁹⁸.

420 873 527 909 Circa
546 871 723 907 timorem
744 867 1019 905 consideranda
1042 876 1128 904 sunt
1147 875 1328 916 quatuor:
1351 867 1426 916 pri-

366 938 443 972 mo,
466 925 513 961 de
540 924 623 972 ipso
652 922 810 967 timore,
840 921 1022 968 secundo,
1044 920 1091 958 de
1112 921 1262 958 obiecto
1282 921 1362 957 eius
1383 921 1424 967 *3

365 977 485 1024 tertio,
517 977 562 1013 de
592 987 706 1012 causa
733 974 850 1023 ipsius
878 973 918 1020 *3
948 981 1095 1023 quarto,
1126 974 1173 1011 de
1203 974 1341 1010 effectu
1355 973 1406 1011 *²¹2

1533 815 1685 852 Primo:
1713 822 1842 851 utrum
1869 814 1984 852 timor
2011 814 2056 852 sit
2083 816 2208 863 passio
2238 815 2399 853 animae.

1535 868 1734 905 Secundo:
1762 875 1891 904 utrum
1920 868 1966 904 sit
1993 867 2165 916 specialis
2190 869 2328 916 passio.

1533 921 1686 958 Tertio:
1715 927 1843 958 utrum
1872 920 1918 957 sit
1946 920 2078 969 aliquis
2106 920 2220 958 timor
2246 921 2435 958 naturalis.

1534 974 1703 1020 Quarto:
1733 974 1780 1011 de
1809 973 2008 1022 speciebus
2037 973 2191 1010 timoris.
2248 975 2252 980 “

1177 1082 1492 1124 ARTICULUS
1523 1082 1727 1123 PRIMUS

1070 1184 1225 1215 UTRUM
1249 1183 1391 1214 TIMOR
1413 1183 1480 1214 SIT
1503 1183 1648 1214 PASSIO
1671 1183 1838 1214 ANIMAE

404 1299 460 1326 με
485 1295 598 1353 Ιὶἓς(ι)
619 1293 755 1319 PRiMUM
784 1293 837 1318 sle
866 1292 1104 1318 PROCEDITUR.
1134 1279 1293 1318 Videtur
1321 1279 1426 1328 quod

496 1323 566 1401 ᾖ
576 1336 689 1373 timor
707 1347 786 1372 non
805 1334 850 1371 sit
869 1334 997 1383 passio
1017 1333 1180 1371 animae.
1206 1332 1305 1371 Dicit
1323 1332 1427 1370 enim

383 1390 406 1445 ,A
422 1403 511 1469 4:03⁹
524 1392 550 1435 5—
577 1390 852 1448 Damascenus,
877 1387 915 1424 in
944 1387 1039 1424 libro
1070 1387 1119 1423 III
1139 1386 1170 1433 ²¹⁶,
1191 1385 1296 1445 quod
1315 1386 1428 1422 timor

376 1485 383 1487 ξ
422 1454 434 1467 *
455 1441 519 1475 ‘fi
536 1435 632 1479 est
655 1447 773 1478 vzrtus
795 1439 999 1478 secundum
1017 1439 1192 1488 systolen,
1213 1439 1310 1476 idest
1337 1451 1427 1476 con-

366 1494 600 1542 tractionem,
620 1494 799 1532 essentiae
817 1493 1076 1531 desiderativa.
1098 1492 1175 1530 Sed
1194 1492 1295 1529 nulla
1309 1491 1428 1528 virtus

368 1555 422 1585 est
449 1547 588 1597 passio,
617 1555 658 1584 ut
684 1548 869 1596 probatur
893 1546 932 1584 in
951 1548 983 1584 ΙΙ
1003 1546 1123 1583 Ethic.
1143 1545 1163 1567 ’¹‘
1191 1546 1294 1593 Ergo
1313 1545 1428 1582 timor

366 1614 445 1639 non
475 1608 529 1638 est
556 1601 694 1649 passio,

421 1666 456 1691 2.
478 1655 710 1700 PRAETEREA,
728 1651 853 1689 omnis
871 1651 998 1700 passio
1016 1658 1072 1688 est
1087 1650 1244 1687 effectus
1260 1662 1305 1687 ex
1321 1662 1428 1699 prae-

368 1707 487 1745 sentia
515 1706 658 1754 agentis
685 1705 928 1754 proveniens.
961 1705 1038 1741 Sed
1065 1704 1179 1740 timor
1206 1716 1284 1740 non
1305 1711 1360 1740 est
1381 1703 1427 1740 de

368 1761 495 1808 aliquo
523 1759 724 1808 praesenti,
756 1758 824 1795 sed
852 1758 899 1795 de
928 1758 1065 1804 futuro,
1094 1764 1136 1793 ut
1163 1758 1427 1793 Damascenus

367 1813 456 1851 dicit
482 1812 520 1849 in
550 1814 580 1849 11
610 1812 706 1848 libro
725 1811 756 1848 ²¹².
787 1812 889 1869 Ergo
919 1810 1033 1847 timor
1061 1822 1141 1846 non
1171 1817 1225 1846 est
1251 1809 1391 1858 passio.

422 1867 456 1903 3.
478 1865 711 1911 PRAETER'EA,
738 1875 863 1901 omnis
882 1863 1008 1912 passio
1038 1863 1188 1899 animae
1218 1869 1275 1898 est
1302 1869 1441 1899 motus*

367 1918 553 1968 appetitus
581 1917 765 1963 sensitivi,
796 1916 861 1964 qui
888 1915 1057 1964 sequitur
1085 1915 1428 1963 apprehensionem

367 1984 511 2009 sensus.
543 1971 685 2007 Sensus
715 1977 842 2005 autem
870 1980 948 2005 non
978 1975 1035 2004 est
1053 1967 1355 2017 apprehensivus
1374 1968 1430 2004 fu-

366 2024 450 2072 turi,
481 2023 548 2060 sed
575 2021 795 2072 praesentis.
828 2022 927 2058 Cum
951 2033 1041 2069 ergo
1061 2021 1175 2058 timor
1194 2020 1239 2057 sit
1259 2021 1306 2057 de
1326 2021 1426 2057 malo

367 2079 505 2124 futuro,
532 2076 684 2114 videtur
711 2075 817 2124 quod
844 2084 924 2112 non
952 2074 998 2111 sit
1023 2074 1152 2123 passio
1181 2073 1343 2110 animae.

409 2131 496 2168 ,Si-:n
525 2140 764 2177 CONTRAEST
796 2127 902 2177 quod
930 2126 1181 2175 Augustinus,
1198 2126 1248 2163 'in
1276 2127 1365 2163 XIV
1384 2126 1430 2162 de

373 2185 452 2221 Cin.
473 2182 594 2230 Dei-⁷²¹⁸,
625 2186 823 2219 enumerat
848 2181 1028 2218 timorem
1055 2181 1150 2217 inter
1168 2179 1258 2216 alias
1278 2179 1428 2216 animae

367 2236 575 2286 passiones.
624 2280 633 2286 v·
822 2251 825 2254 >
860 2255 864 2258 ·
900 2256 903 2258 >

421 2291 646 2326 Responmo
661 2297 850 2324 *DICENDUM
868 2285 1099 2333 quod,inter
1114 2292 1259 2322 eeteros
1278 2284 1428 2321 animae

324 2336 327 2340 ’
367 2349 506 2391 motus,
535 2348 622 2390 post
648 2338 845 2389 tristitiam,
867 2338 988 2376 rtim'or
1015 2337 1339 2386 magissrationem
1359 2337 1428 2373 ob-

129 2407 138 2415 ¹
152 2404 263 2432 Qu.xxu.

367 2394 683 2443 tinet‘pass'io'nis.
710 2393 776 2441 Ut
792 2391 894 2429 enim
923 2390 1076 2441 supra*
1104 2390 1246 2428 dictum
1275 2397 1350 2437 est,
1380 2389 1428 2426 ad

368 2448 554 2485 rationem
582 2445 769 2496 passionis
791 2444 926 2494 primo
952 2443 1108 2493 quidem
1134 2443 1296 2493 pertinet
1324 2442 1429 2491 quod

368 2499 764 2553 §emotuspassivae
783 2497 1008 2545 virtutis,ad
1030 2508 1146 2546 quam
1166 2496 1305 2533 seilicet
1325 2507 1430 2532 com-

366 2559 519 2602 paretur
546 2560 658 2590 suum
690 2551 982 2601 obiectumjper
1008 2550 1169 2586 modum
1203 2548 1314 2586 activi
1347 2560 1430 2585 mo-

366 2607 510 2657 ventis:
539 2618 586 2643 eo
621 2605 731 2654 quod
756 2604 887 2653 *passio
918 2610 976 2640 est
1012 2602 1168 2640 effectus
1198 2601 1351 2650 agentis.
1382 2602 1431 2638 Et

366 2663 435 2710 per
454 2661 565 2697 hunc
591 2658 770 2705 modum,
785 2653 899 2705 etiam
925 2656 1063 2693 sentire
1093 2663 1128 2693 et
1155 2654 1360 2702 intelligere
1381 2653 1432 2691 di-

369 2718 503 2751 cuntur
521 2711 536 2742 β
555 2712 643 2761 pati.
666 2711 860 2759 Secunde,
877 2709 998 2757 magis
1016 2708 1171 2758 proprie
1193 2708 1332 2745 dicitur¹
1345 2719 1431 2756 pas·-

369 2767 423 2804 sio
457 2773 584 2803 motus
617 2764 845 2814 appetitivae
870 2762 1037 2800 ²virtuti&
1073 2763 1122 2799 Et
1153 2761 1279 2798 adhuc
1311 2760 1432 2808 magis

367 2819 532 2869 proprie,
553 2826 680 2856 motus
705 2816 932 2866 appetitivae
961 2815 1108 2853 virtutis
1130 2819 1147 2842 Υ
1170 2813 1345 2851 habentis
1373 2824 1432 2850 or-

368 2885 510 2921 ganum
538 2871 749 2921 corporale,
779 2871 843 2920 qui
872 2869 915 2906 fit
942 2881 1030 2906 cum
1052 2868 1176 2917 aliqua
1204 2874 1432 2904 transmuta-

368 2926 470 2963 tione
499 2924 697 2974 corporali.
725 2924 774 2961 Et
802 2923 927 2960 adhuc
946 2921 1206 2971 propriissime
1227 2920 1277 2956 illi
1303 2926 1430 2956 motus

423 3049 449 3080 α)
465 3048 564 3080 primo,
577 3048 610 3072 de
629 3048 732 3072 timore.
750 3061 769 3066 —
788 3047 820 3071 de
840 3046 935 3073 timore
947 3046 1038 3077 primo
1052 3045 1235 3078 ABCDGHIL,
1251 3046 1284 3070 de
1296 3046 1391 3070 timore
1405 3047 1431 3069 et

370 3084 485 3109 audacia
503 3086 528 3109 et
542 3083 633 3114 primo
652 3083 684 3108 de
703 3083 798 3107 timore
817 3083 850 3111 E,
869 3082 903 3106 de
922 3082 1018 3106 timore
1036 3085 1062 3106 et
1077 3082 1168 3113 primo
1187 3082 1220 3106 de
1239 3081 1334 3105 timore
1350 3080 1379 3110 F,
1399 3079 1432 3104 de

1477 1279 1675 1329 passiones
1705 1279 1890 1326 dicuntur,
1917 1279 1981 1328 qui
2010 1279 2215 1329 important
2242 1279 2397 1328 aliquod
2424 1292 2542 1318 nocu-

1481 1339 1666 1370 mentum.

1534 1385 1781 1424 Manifestum
1810 1392 1866 1423 est
1887 1393 2017 1422 autem
2042 1385 2148 1434 quod
2166 1385 2290 1433 timor,
2312 1397 2401 1423 cum
2429 1386 2475 1423 sit
2493 1385 2542 1423 de

1481 1439 1607 1486 malo,
1632 1438 1682 1476 ad
1714 1438 1959 1488 appetitivam
1989 1438 2200 1487 potentiam
2236 1438 2414 1487 pertinet,
2443 1450 2542 1488 quae

1480 1504 1549 1540 per
1577 1504 1618 1529 se
1646 1492 1797 1540 respicit
1814 1492 1962 1528 bonum
1983 1499 2018 1528 et
2045 1492 2201 1528 malum.
2231 1492 2396 1528 Pertinet
2414 1489 2554 1528 autem'

1481 1544 1531 1582 ad
1549 1545 1759 1594 appetitum
1788 1544 2031 1581 sensitivum:
2059 1545 2104 1581 fit
2128 1544 2229 1581 enim
2259 1556 2346 1581 cum
2376 1544 2542 1593 quadam

1481 1598 1807 1645 transmutatione,
1827 1597 1966 1634 scilicet
1994 1608 2080 1633 cum
2108 1598 2373 1643 contractione,
2398 1605 2440 1634 ut
2466 1598 2543 1635 Da-

1482 1663 1683 1687 mascenus
1712 1650 1799 1687 dicit
1816 1649 1847 1686 ⁹¹⁴.
1869 1651 1918 1686 Et
1945 1649 2124 1698 importat
2144 1650 2257 1686 etiam
2281 1650 2543 1687 habitudinem

1482 1704 1531 1740 ad
1546 1704 1702 1750 malum,
1719 1702 1930 1739 secundum
1947 1702 2052 1749 quod
2068 1702 2212 1739 malurn
2227 1703 2344 1740 habet
2358 1703 2545 1751 quodam-

1482 1756 1601 1793 modo
1634 1755 1834 1793 victoriam
1869 1767 1983 1803 super
2020 1754 2174 1804 aliquod
2206 1755 2354 1792 bonum
2378 1753 2402 1792 δ.
2433 1755 2545 1793 Unde

1481 1808 1677 1846 verissime
1707 1808 1777 1844 sibi
1806 1807 1986 1856 competit
2014 1807 2106 1844 ratio
2135 1808 2334 1856 passionis.
2356 1809 2546 1847 -Tarnen

1481 1869 1569 1910 post
1595 1861 1789 1909 tristitiam,
1819 1873 1918 1909 quae
1948 1868 2003 1897 est
2026 1860 2073 1897 de
2094 1861 2196 1897 malo
2215 1861 2424 1910 praesenti:
2453 1874 2545 1898 nam

1481 1914 1596 1951 timor
1625 1921 1680 1951 est
1708 1914 1755 1951 de
1784 1914 1886 1951 malo
1921 1914 2064 1961 futuro,
2093 1914 2199 1962 quod
2227 1926 2306 1951 non
2334 1914 2384 1951 ita
2413 1921 2546 1952 movet

1483 1974 1579 2004 Sicut
1605 1978 1797 2016 praesens.
2118 1976 2124 1980 ·

1535 2021 1593 2057 AD
1623 2031 1759 2057 Panium
1787 2031 1886 2056 ERGO
1906 2031 2090 2056 DICENDUM
2110 2019 2214 2068 quod
2233 2019 2354 2057 virtus
2374 2019 2547 2056 nominat

1483 2072 1680 2121 quoddam
1699 2071 1927 2123 principium
1949 2071 2122 2109 actionis:
2144 2079 2180 2109 et
2198 2070 2299 2120 ideo,
2319 2071 2546 2125 inquantum

1482 2125 1680 2163 interiores>
1697 2127 1824 2162 motus
1845 2125 2073 2174 appetitivae
2091 2125 2238 2163 virtutis
2259 2123 2363 2163 sunt‘
2389 2123 2547 2178 tineipi'a

1483 2178 1709 2216 exteriorum
1730 2185 1895 2221 actuum,
1912 2178 2088 2216 dicuntur
2103 2178 2272 2217 virtutes.
2291 2137 2548 2228 Phifosoph‘us

1483 2239 1611 2275 autern
1640 2239 1752 2280 negat
1783 2230 2003 2282 passionem
2038 2243 2120 2268 esse
2148 2231 2328 2269 virtutem
2360 2242 2458 2281 quae
2488 2224 2549 2268 'est

1482 2284 1644 2321 habitus.
1663 2289 1665 2291 ’
2459 2293 2463 2298 ’

1494 2386 1497 2390 ἢ
1536 2339 1594 2374 AD
1623 2348 1813 2373 SECUNDUM
1841 2347 2025 2373 DICENDUM
2049 2335 2295 2386 quod‘‚[·s‘icut
2312 2335 2439 2386 passio
2465 2347 2547 2372 cor-

1482 2388 1796 2440 poris'ln‘aturalis
1823 2388 2002 2437 provenit
2034 2400 2079 2430 ex
2113 2388 2299 2438 corporali
2332 2388 2547 2438 praesentia

1484 2442 1646 2490 agentis,
1675 2442 1725 2479 ita
1757 2441 1884 2492 passio
1921 2440 2071 2478 animae
2103 2436 2287 2493 provenit
2318 2452 2363 2477 ex
2391 2439 2546 2490 anima-li

1482 2494 1695 2544 praesentia
1714 2494 1868 2542 agentis,
1886 2494 2031 2543 absque
2043 2493 2269 2543 'praesentia'
2283 2493 2469 2542 corporali
2482 2488 2546 2533 uel

1484 2548 1590 2585 reali:
1612 2548 1837 2596 inquantum
1858 2546 1996 2583 scilicet
2010 2547 2156 2583 malum
2177 2547 2282 2595 quod
2300 2554 2358 2583 est
2376 2546 2546 2584 futurum

1484 2601 1644 2647 realiter,
1675 2608 1730 2637 est
1756 2611 1936 2648 praesens
1965 2599 2176 2637 secundum
2202 2599 2546 2649 apprehensionem

1485 2664 1646 2691 ammae.
2144 2658 2148 2664 ’
2420 2653 2423 2658 ’

1538 2707 1597 2743 An·
1625 2707 1784 2743 ’mariun
1811 2715 1996 2742 DICENDUM
2025 2704 2131 2753 quod
2149 2714 2292 2742 'sensus
2313 2715 2392 2742 non
2411 2713 2548 2755 appre-

1485 2759 1615 2796 hendit
1630 2760 1816 2796 futurum:
1835 2758 1901 2803 sed
1923 2769 1967 2794 ex
1988 2769 2033 2794 eo
2055 2754 2159 2807 quod
2179 2757 2427 2807 apprehendit
2441 2768 2550 2807 prae-

1486 2825 1592 2859 senS,
1624 2811 1762 2848 animal
1790 2810 1949 2848 naturali
1977 2810 2153 2848 instinctu
2181 2812 2360 2848 movetur
2389 2809 2437 2848 ad
2465 2814 2550 2860 spe-⁷

1486 2866 1648 2902 randum
1677 2865 1846 2901 futurum
1874 2864 2034 2912 bonum,
2053 2864 2116 2901 vel
2144 2863 2359 2901 timendum
2378 2858 2548 2901 futurum

1486 2919 1642 2956 malum.
2519 2916 2521 2922 ‘
2542 2928 2545 2930 ·

1538 3043 1561 3076 β)
1584 3043 1718 3068 dicwztur.
1737 3057 1755 3062 -
1774 3042 1874 3067 dicitur
1894 3042 2003 3067 codices.
2522 3057 2524 3061 ,

1537 3079 1563 3111 γ)
1594 3079 1629 3103 Et
1647 3078 1735 3103 adhuc
1760 3078 1847 3110 magis
1874 3077 1995 3109 proprie,
2016 3078 2102 3101 motus
2127 3075 2289 3107 appetitivae
2317 3075 2432 3100 virtutis.
2450 3088 2468 3094 —
2487 3070 2551 3100 Om'.

370 3120 465 3146 timore
484 3118 575 3150 primo
596 3119 628 3143 de
655 3119 750 3142 timore
775 3117 918 3143 secundum
936 3124 964 3142 se
982 3117 1013 3141 K.
1031 3131 1050 3137 -
1067 3120 1165 3143 et'orn.
1182 3116 1234 3142 EF.
1246 3130 1265 3136 -
1283 3117 1333 3142 Pro
1354 3115 1432 3149 Cinea
1485 3114 1589 3139 ΡΕΚα..

369 3155 499 3184 timorem,
522 3153 599 3178 circa
617 3153 680 3178 haec
700 3154 731 3178 K.

1540 3142 1694 3185 &aliquod
1713 3149 1818 3173 bonum.
1836 3161 1855 3167 —
1873 3147 1986 3179 aliquem
2007 3147 2116 3188 codices.

1349 3356 1352 3357 γ
1361 3353 1370 3357 2
1378 3351 1617 3358 -fflwxmm

2571 1653 2580 1662 '¹
2589 1651 2647 1674 Luc.
2655 1651 2694 1675 cit.
2701 1651 2725 1674 in
2734 1657 2788 1680 arg-
