2852 4152
984 260 1248 306 QUAESTIO
1278 262 1398 310 XLII,
1427 263 1721 300 ARTICULUS
1750 264 1796 309 V,
1825 263 1875 299 Vl

2437 277 2512 313 279

207 334 222 368 β
347 336 420 373 alio
447 335 601 382 timore,
633 342 668 372 et
696 336 749 373 sic
778 338 963 375 custodiat
990 350 1030 375 se
1058 351 1136 376 non
1164 339 1360 377 timentem
1387 339 1401 370 β
1455 341 1581 390 quitur
1608 341 1712 390 quod
1746 341 1848 378 idem
1884 342 1999 389 fugiat
2026 342 2212 391 seipsum,
2238 344 2300 380 vel
2333 343 2437 392 quod
2466 343 2512 380 sit

345 388 408 425 illo
435 387 582 424 timore.

398 441 458 477 An
486 452 675 478 SECUNDUM
703 453 884 480 mCENDUM
912 444 1028 491 quod,
1050 456 1137 481 cum
1165 445 1211 482 sit
1238 445 1330 482 alius
1358 445 1400 482 ti-

1454 394 1558 430 idem
1586 394 1673 442 fuga
1701 394 1758 430 sui
1785 393 1913 442 ipsius.

1508 449 1567 483 An
1594 457 1753 483 TERTmM
1788 458 1971 484 DianDuM
1999 448 2104 495 quod
2139 455 2292 496 propter
2321 448 2511 485 diversita-

346 504 432 530 mor
450 505 527 541 quo
547 493 699 530 timetur
717 495 862 532 malum
882 495 1098 544 imminens,
1120 505 1156 534 et
1174 497 1268 534 alius
1287 498 1401 535 timor
1454 506 1532 535 tem
1559 499 1740 536 timorum
1769 499 1845 536 iam
1864 499 1885 521 '¹‘
1904 499 2055 547 dictam,
2077 500 2212 537 timore
2237 501 2423 549 praesenti
2442 513 2511 549 po—
2538 509 2547 518 ·
2562 508 2587 530 111
2602 514 2664 536 resp·
2684 509 2712 530 td
2727 514 2750 530 2-

346 557 424 594 quo
451 546 602 583 timetur
628 546 708 595 ipse
728 546 840 584 timor
863 549 950 585 mali
977 550 1224 596 imminentis;
1245 563 1323 588 non
1343 563 1399 588 se-

399 665 424 699 β)
444 674 496 692 non
516 667 659 692 timentem.
678 681 695 686 —
715 675 765 692 non
785 669 878 693 timere
897 673 958 694 tunc
977 670 1004 695 Ρ.

1454 559 1525 588 test
1553 552 1672 588 homo
1699 552 1833 589 timere
1862 552 2028 589 futurum
2057 552 2243 590 timorem.

1127 815 1442 856 ARTICULUS
1472 815 1727 867 QUINTUS

1008 908 1163 938 UTRUM
1187 908 1432 938 REPENTINA
1455 908 1586 938 MAG1s
1609 908 1867 939 TIMEANTUR

378 1007 442 1041 >12⁸⁵
461 1012 469 1027 ι
482 1021 516 1038 J..
540 1007 577 1031 D
607 1006 768 1037 QUINTUM
788 1007 841 1032 51c
860 1006 1098 1032 PROCEDITUR.
1119 995 1279 1032 Videtur
1297 995 1402 1043 quod

371 1015 534 1104 ’ἱξέᾼέιὲ
555 1047 702 1084 insolita
730 1055 766 1084 et
785 1047 979 1096 repentina
998 1060 1076 1084 non
1104 1047 1175 1084 sint
1193 1048 1312 1095 magis
1331 1055 1402 1084 ter-

363 1097 410 1151 >Y
423 1083 525 1148 *νὴ-’ἦ
539 1096 685 1136 ribilia.
707 1100 812 1137 Sicut
831 1100 931 1137 enim
961 1112 1046 1149 spes
1067 1107 1122 1137 est
1141 1100 1188 1137 de
1216 1101 1332 1146 bono,
1353 1101 1402 1138 ita

365 1151 367 1153 ’
402 1126 497 1183 ἐξ)
513 1143 545 1187 N
557 1151 670 1189 timor
689 1160 744 1189 est
771 1153 819 1189 de
838 1154 952 1190 malo.
975 1152 1052 1189 Sed
1072 1153 1300 1201 experientia
1319 1153 1403 1190 facit

345 1204 394 1242 ad
429 1212 676 1252 augmentum
712 1205 793 1254 spei
820 1205 858 1242 in
886 1205 1008 1242 bonis.
1039 1206 1140 1253 Ergo
1171 1205 1282 1243 etiam
1317 1206 1403 1243 facit

344 1257 394 1294 ad
421 1265 668 1306 augmentum
694 1257 839 1294 timoris
867 1258 906 1294 in
933 1257 1053 1294 malis.

398 1321 434 1347 2.
450 1311 682 1357 PRAETEREA,
698 1309 953 1358 Philosophus
969 1309 1066 1356 dicit,
1079 1310 1117 1346 in
1132 1311 1164 1346 II
1179 1311 1399 1358 Rhetoric.*,

345 1362 452 1410 quod
479 1362 599 1410 magis
626 1362 804 1398 timentur
831 1373 905 1397 non
934 1362 1000 1409 qui
1024 1368 1158 1398 acutae
1188 1369 1276 1399 sunt
1301 1364 1400 1408 irae,

342 1414 605 1460 &mmet
626 1414 747 1450 astuti.
777 1412 935 1449 Constat
963 1421 1090 1450 autem
1128 1414 1232 1462 quod
1261 1414 1310 1450 illi
1339 1415 1403 1463 qui

310 1464 317 1465 ’
344 1463 477 1503 acutae
504 1466 581 1502 irae
615 1472 721 1512 sunt,
751 1465 871 1512 magis
905 1466 1047 1502 habent
1083 1466 1228 1502 subitos
1262 1474 1400 1503 motus.

343 1519 446 1566 Ergo
475 1529 520 1554 ea
547 1530 645 1567 quae
673 1524 760 1554 sunt
787 1517 920 1564 subita,
946 1525 1033 1554 sunt
1060 1518 1185 1554 minus
1213 1519 1400 1556 terribilia.

399 1572 433 1608 3.
454 1571 686 1617 PRAETEREA,
707 1582 804 1619 quae
823 1577 911 1607 sunt
929 1570 1064 1618 subita,
1086 1571 1210 1607 minus
1231 1571 1402 1608 conside-

343 1623 416 1661 rari
443 1631 615 1672 possunt.
642 1623 719 1660 Sed
750 1630 854 1659 tanto
888 1622 1014 1671 aliqua
1049 1623 1168 1671 magis
1202 1622 1401 1671 timentur,

343 1683 486 1725 quanto
521 1676 641 1724 magis
675 1676 980 1713 considerantur:
1009 1677 1111 1713 unde
1147 1676 1402 1725 Philosophus

102 1734 131 1784 g·
172 1733 317 1783 “fgggssffif
344 1729 444 1776 dicit,
464 1729 503 1766 in
532 1730 582 1765 111
605 1729 725 1766 Ethic.
752 1729 787 1775 ²⁸,
815 1729 920 1777 quod
947 1728 1066 1777 aliqui
1090 1729 1262 1766 videntur
1277 1725 1402 1778 fo'rtes

309 1775 316 1782 ”
336 1787 495 1830 propter
508 1782 777 1831 ignorantiam,
793 1782 868 1829 qui,
883 1782 917 1818 si
929 1782 1176 1831 cognoverint
1186 1783 1288 1830 quod
1299 1782 1404 1819 aliud

341 1835 389 1873 sit
416 1839 434 1855 α
460 1845 575 1883 quam
606 1835 857 1883 suspicantur,
872 1834 1044 1884 fugiunt.
1070 1835 1172 1883 Ergo
1206 1835 1402 1884 repentina

343 1887 468 1925 minus
495 1887 684 1924 timentur.

397 1940 472 1977 SED
509 1951 655 1977 CONTRA
681 1951 750 1977 EST
777 1939 884 1987 quod
910 1939 1143 1988 Augustinus
1173 1940 1271 1986 dicit,
1301 1940 1339 1977 in
1369 1941 1400 1977 II

348 1988 514 2041 Confess.
529 1992 566 2029 ³⁸:
587 1993 718 2030 Timor
736 1992 882 2029 insolita
901 1999 936 2030 et
949 1993 1141 2040 repentina
1161 1993 1401 2039 exhorrescit,

343 2045 454 2082 rebus
485 2056 582 2094 quae
608 2051 787 2082 amantur
813 2045 1063 2092 adversantia,
1087 2046 1176 2082 dum
1198 2052 1405 2094 praecavet

342 2098 541 2135 securitati.
979 2118 982 2121 Δ

396 2151 620 2188 RESPONDEO
640 2162 824 2187 DICENDUM
843 2151 960 2198 quod,
976 2150 1071 2187 sicut
1090 2151 1204 2199 supra
1221 2150 1241 2172 '¹‘
1261 2151 1401 2188 dictum

343 2211 411 2250 est,
431 2203 624 2240 obiectum
647 2202 793 2240 timoris
823 2211 878 2240 est
900 2204 1043 2240 malum
1068 2203 1273 2240 imminens
1298 2204 1403 2252 quod

342 2268 422 2294 non
451 2256 498 2293 de
526 2255 622 2292 facili
651 2256 780 2304 repelli
807 2263 942 2304 potest.
967 2257 1053 2292 Hoc
1082 2264 1210 2293 autem
1236 2269 1280 2293 ex
1309 2256 1403 2293 duo-

342 2310 414 2346 bus
443 2308 640 2356 contingit:
667 2308 805 2345 scilicet
833 2321 877 2345 ex
901 2309 1160 2356 magnitudine
1180 2309 1280 2355 mali,
1302 2317 1338 2345 et
1358 2321 1402 2345 ex

344 2361 533 2398 debilitate
561 2361 737 2398 timentis.
766 2360 829 2397 Ad
856 2368 1060 2410 utrumque
1096 2369 1224 2398 autem
1260 2363 1400 2398 horum

343 2421 522 2463 operatur
558 2414 663 2462 quod
692 2413 832 2461 aliquid
866 2414 911 2450 sit
946 2414 1139 2451 insolitum
1174 2422 1211 2450 et
1243 2414 1403 2463 repenti-

341 2479 447 2504 num.
473 2466 603 2503 Primo
631 2466 804 2515 quidem,
833 2466 920 2503 facit
947 2467 995 2504 ad
1023 2467 1098 2503 hoc
1128 2467 1232 2515 quod
1259 2467 1403 2504 malum

341 2519 546 2556 imminens
574 2519 696 2556 maius
716 2527 908 2568 appareat.
930 2519 1072 2556 Omnia
1097 2519 1198 2556 enim
1225 2532 1401 2568 corpora-

341 2572 402 2619 lia,
424 2579 460 2609 et
478 2573 581 2609 bona
606 2579 642 2608 et
659 2572 772 2618 mala,
793 2579 934 2620 quanto
964 2572 1084 2619 magis
1104 2572 1401 2619 considerantur,

343 2625 494 2661 minora
519 2631 712 2672 apparent.
734 2625 783 2660 Et
801 2624 902 2671 ideo,
923 2624 1018 2661 sicut
1036 2631 1192 2673 propter
1220 2625 1403 2661 diuturni-

342 2684 459 2713 tatem
488 2677 599 2713 dolor
630 2676 838 2725 praesentis
875 2676 964 2713 mali
993 2676 1199 2724 mitigatur,
1226 2684 1268 2713 ut
1300 2684 1403 2726 patet

342 2741 412 2778 per
444 2729 614 2765 Tullium
641 2729 680 2765 in
708 2730 757 2765 III
787 2729 832 2765 de
861 2729 1080 2766 Tusculanis
1108 2730 1255 2771 Quaest.
1285 2729 1320 2775 *;
1350 2730 1400 2766 ita

345 2781 458 2818 etiam
486 2794 531 2818 ex
563 2781 900 2830 praemeditatione
934 2782 1114 2819 minuitur
1146 2782 1261 2819 timor
1287 2782 1401 2819 futuri

104 1316 117 1328 ⁸
130 1316 188 1345 Cup.
201 1323 224 1344 v,
239 1322 262 1339 u.
276 1322 302 1339 n.

1457 995 1557 1032 mali.
1573 1017 1596 1022 -
1619 996 1808 1043 Secundo,
1831 996 1971 1044 aliquid
2000 1009 2082 1034 esse
2102 997 2292 1034 insolitum
2314 1006 2350 1035 et
2377 1011 2511 1047 repen-

1456 1048 1594 1094 tinum,
1624 1048 1710 1085 facit
1743 1050 1792 1086 ad
1821 1049 2049 1086 debilitatem
2078 1050 2258 1087 timentis:
2285 1050 2509 1099 inquantum

1456 1101 1640 1137 subtrahit
1664 1101 1833 1138 remedia
1863 1114 1960 1150 quae
1993 1103 2111 1139 homo
2132 1110 2256 1150 potest
2283 1116 2509 1152 praeparare

1456 1153 1505 1190 ad
1524 1154 1785 1202 repellendum
1813 1154 1980 1191 futurum
2009 1155 2164 1202 malum,
2194 1167 2292 1203 quae
2322 1168 2404 1193 esse
2432 1169 2511 1194 non

1455 1213 1615 1254 possunt
1643 1207 1796 1255 quando
1826 1218 1870 1243 ex
1898 1206 2106 1255 improviso
2136 1209 2280 1244 malum
2309 1209 2481 1246 occurrit.

1508 1260 1566 1295 AD
1595 1271 1731 1296 PRlMUM
1751 1271 1848 1296 ERGO
1877 1271 2059 1296 mcaNDUM
2085 1260 2190 1307 quod
2219 1260 2410 1297 obiectum
2431 1261 2511 1310 spei

1457 1318 1512 1347 est
1539 1311 1685 1348 bonum
1706 1312 1810 1360 quod
1829 1312 1912 1360 quis
1938 1319 2064 1360 potest
2083 1312 2248 1360 adipisci.
2279 1314 2327 1349 Et
2354 1313 2440 1350 ideo
2467 1326 2512 1350 ea

1457 1375 1555 1410 quae
1584 1372 1828 1411 augmentant
1854 1371 2080 1412 potestatem
2109 1365 2286 1412 hominis,
2311 1373 2399 1402 nata
2427 1373 2513 1404 sunt

1456 1427 1592 1462 augere
1612 1428 1740 1464 spem:
1771 1424 1806 1453 et
1834 1417 1970 1453 eadem
1991 1417 2144 1465 ratione,
2171 1417 2382 1455 diminuere
2401 1418 2513 1455 timo-

1457 1479 1555 1514 rem,
1581 1469 1669 1515 quia
1696 1469 1809 1505 timor
1842 1477 1897 1505 est
1926 1469 1973 1505 de
2008 1470 2109 1506 malo
2142 1470 2200 1506 cui
2229 1483 2307 1507 non
2340 1471 2388 1507 de
2415 1471 2512 1508 facili

1455 1526 1580 1567 potest
1608 1521 1739 1557 resisti.
1765 1521 1865 1567 Quia
1893 1521 2002 1568 igitur
2030 1522 2257 1570 experientia
2276 1523 2362 1559 facit
2389 1523 2511 1559 homi-

1457 1583 1546 1608 nem
1575 1572 1693 1619 magis
1716 1580 1910 1621 potentem
1939 1574 1985 1610 ad
2015 1575 2272 1622 operandum,
2299 1576 2397 1623 ideo,
2419 1576 2514 1612 sicut

1456 1632 1567 1672 auget
1595 1637 1716 1673 spem,
1737 1625 1786 1661 ita
1814 1625 1987 1662 diminuit
2014 1625 2201 1663 timorem.

1510 1678 1568 1713 Ao
1603 1689 1791 1714 SECUNDUM
1828 1689 2011 1714 D1CEND1JM
2046 1678 2151 1725 quod
2186 1679 2234 1714 illi
2272 1679 2336 1726 qui
2373 1681 2515 1717 habent

1456 1729 1552 1766 iram
1581 1737 1745 1777 acutam,
1767 1742 1845 1766 non
1866 1731 2054 1767 occultant
2082 1743 2186 1767 eam:
2218 1739 2254 1767 et
2281 1732 2367 1768 ideo
2397 1745 2514 1769 nocu-

1457 1789 1586 1819 menta
1615 1783 1662 1818 ab
1693 1782 1745 1819 eis
1773 1782 1871 1819 illata
1898 1795 1977 1819 non
2005 1783 2055 1820 ita
2083 1791 2169 1820 sunt
2197 1784 2402 1832 repentina,
2423 1785 2514 1833 quin

1456 1835 1760 1883 praevideantur.
1787 1835 1864 1872 Sed
1892 1835 2067 1872 homines
2099 1836 2209 1873 mites
2238 1844 2275 1873 et
2308 1837 2418 1874 astuti
2451 1850 2514 1874 oc-

1458 1889 1597 1924 cultant
1623 1887 1741 1924 iram:
1771 1895 1808 1924 et
1834 1888 1922 1925 ideo
1951 1897 2225 1926 nocumentum
2250 1890 2355 1938 quod
2384 1891 2431 1927 ab
2461 1890 2514 1928 eis

1456 1941 1640 1988 imminet,
1660 1953 1739 1977 non
1757 1948 1882 1989 potest
1908 1941 2131 1989 praevideri,
2153 1942 2220 1979 sed
2240 1954 2285 1978 ex
2306 1942 2513 1991 improviso

1457 1993 1621 2030 advenit.
1650 1994 1699 2030 Et
1725 2001 1880 2042 propter
1910 1994 1985 2030 hoc
2012 1994 2266 2043 Philosophus
2295 1995 2381 2032 dicit
2409 1996 2514 2044 quod

1455 2047 1548 2083 tales
1576 2045 1695 2093 magis
1723 2046 1912 2083 timentur.

1509 2100 1568 2135 AD
1595 2110 1754 2136 TERTIUM
1782 2111 1965 2136 mcENDUM
1994 2101 2110 2147 quod,
2139 2112 2209 2148 per
2237 2113 2276 2137 se
2304 2101 2511 2149 loquendo,

1458 2152 1560 2188 bona
1592 2152 1654 2188 vel
1687 2152 1788 2188 mala
1826 2152 2035 2200 corporalia
2072 2152 2110 2189 in
2143 2153 2328 2202 principio
2366 2154 2513 2190 maiora

1458 2212 1652 2252 apparent.
1671 2204 1789 2240 Cuius
1804 2205 1897 2241 ratio
1919 2212 1984 2251 est,
2002 2205 2091 2252 quia
2110 2206 2414 2255 unumquodque
2434 2219 2514 2243 ma-

1457 2257 1511 2304 gis
1540 2264 1706 2305 apparet,
1729 2257 1915 2294 contrario
1941 2257 2041 2294 iuxta
2070 2270 2110 2294 se
2130 2258 2272 2306 posito.
2294 2259 2405 2296 Unde
2426 2271 2513 2295 cum

1457 2309 1591 2356 aliquis
1626 2310 1750 2346 statim
1788 2322 1810 2346 a
1843 2317 2062 2358 paupertate
2098 2311 2147 2347 ad
2181 2310 2328 2348 divitias
2362 2311 2513 2358 transit,

1456 2369 1612 2411 propter
1637 2370 1899 2410 paupertatem
1918 2362 2232 2411 praeexistentem
2262 2363 2406 2401 divitias
2434 2377 2515 2401 ma-

1458 2415 1512 2462 gis
1550 2415 1743 2451 aestimat:
1780 2422 1816 2451 et
1853 2427 1872 2451 e
1911 2415 2096 2452 contrario
2136 2416 2269 2453 divites
2307 2417 2431 2454 statim
2467 2417 2515 2454 ad

1457 2475 1720 2516 paupertatem
1750 2467 2006 2516 devenientes,
2028 2481 2113 2505 eam
2132 2469 2251 2516 magis
2278 2470 2444 2506 horrent.
2466 2470 2516 2506 Et

1458 2527 1613 2568 propter
1639 2521 1726 2567 hoc,
1756 2521 1899 2557 malurn
1933 2521 2173 2569 repentInum
2202 2522 2321 2570 magis
2348 2522 2513 2569 timetur,

1459 2573 1547 2621 quia
1574 2573 1693 2620 magis
1720 2572 1872 2609 videtur
1900 2585 1982 2610 esse
2011 2572 2025 2602 β
2053 2574 2211 2611 malurn.
2233 2596 2256 2602 -
2286 2575 2363 2611 Sed
2390 2582 2516 2623 potest

1457 2632 1613 2674 propter
1631 2625 1784 2673 aliquod
1814 2626 1986 2662 accidens
2007 2626 2222 2674 contingere
2243 2627 2347 2675 quod
2369 2627 2514 2675 magni-

1457 2678 1550 2714 tudo
1579 2677 1735 2714 alicuius
1754 2678 1844 2714 mali
1872 2678 2001 2715 lateat:
2027 2686 2118 2727 puta
2138 2691 2225 2716 cum
2247 2680 2376 2716 hostes
2400 2692 2440 2717 se
2459 2680 2514 2716 in-

1457 2729 1596 2767 sidiose
1617 2731 1814 2767 occultant.
1833 2731 1882 2767 Et
1899 2738 1988 2767 tunc
2006 2743 2143 2768 verum
2164 2739 2219 2769 est
2243 2732 2346 2781 quod
2366 2733 2511 2769 malum

1457 2795 1502 2819 ex
1531 2782 1695 2830 diligenti
1723 2783 2023 2821 consideratione
2051 2784 2094 2820 fit
2121 2785 2330 2822 terribilius.

396 2909 424 2943 α)
444 2909 486 2934 sit.
505 2923 523 2928 -
541 2909 595 2934 sint
613 2908 872 2940 ABCDEFGIKLpH
893 2913 917 2932 et
935 2915 962 2932 α.

405 3258 435 3297 ‘3‘
476 3269 498 3281 „s
553 3254 575 3278 n
599 3253 740 3278 snxrum
770 3253 822 3278 εις
851 3253 1089 3278 PROCEDlTUR.
1110 3241 1268 3278 Videtur
1296 3242 1400 3290 quod

379 3281 381 3283 ·
461 3280 464 3286 -
490 3270 512 3291 2<

384 3282 530 3350 Δῖἔιῆ
554 3307 599 3331 ea
632 3306 730 3342 quae
769 3306 847 3331 non
884 3294 1026 3331 habent
1058 3293 1292 3341 remedium,
1321 3306 1400 3331 non

359 3348 381 3392 ’,,
404 3330 626 3389 ¹*mbfq‘sint
653 3346 774 3394 magis
801 3347 981 3384 timenda.
1002 3347 1063 3384 Ad
1091 3346 1269 3383 timorem
1299 3347 1399 3384 enirn

363 3391 373 3400 ”
397 3374 495 3434 (ἔθ’)
510 3391 754 3448 requiritur
787 3400 893 3447 quod
930 3407 1125 3437 remaneat
1159 3399 1282 3448 aliqua
1314 3412 1400 3448 spes

343 3452 483 3499 salutis,
502 3460 544 3489 ut
563 3465 677 3501 supra
704 3452 724 3474 ’¹‘
753 3452 894 3489 dictum
915 3460 981 3489 est.
1003 3452 1079 3489 Sed
1107 3452 1144 3503 in
1165 3452 1274 3489 malis
1303 3465 1400 3501 quae

343 3516 423 3541 non
450 3505 591 3542 habent
619 3505 844 3553 remedium,
866 3506 967 3542 nulla
996 3513 1165 3542 remanet
1189 3518 1275 3553 spes
1303 3506 1400 3542 salu-

343 3556 400 3594 tis.
421 3558 523 3606 Ergo
552 3558 638 3595 talia
667 3559 766 3595 mala
794 3559 897 3595 nullo
927 3558 1045 3595 modo
1073 3558 1262 3595 timentur.

374 3296 423 3388 ξ’

0 4099 22 4152 ¹⁴ss

1513 2907 1537 2941 β)
1557 2916 1620 2934 esse.
1638 2923 1657 2928 —
1675 2909 1735 2933 Orn.
1754 2909 1955 2933 ABCDEFGIL.

1152 3061 1468 3103 ARTICULUS
1498 3062 1705 3119 SEXTUS

674 3154 828 3184 UTRUM
852 3154 909 3184 EA
937 3153 1116 3184 CONTRA
1140 3153 1258 3190 QUAE
1281 3153 1373 3184 NON
1396 3154 1476 3184 EST
1500 3154 1746 3190 REMEDIUM,
1770 3154 1901 3185 MAGls
1923 3154 2181 3185 TIMEANTUR

1510 3253 1544 3278 2.
1566 3243 1807 3289 PRAETEREA,
1837 3243 1938 3279 malo
1967 3242 2098 3279 mortis
2126 3243 2270 3279 nullum
2301 3243 2511 3280 remedium

1455 3294 1625 3331 adhiberi
1653 3302 1797 3343 potest:
1828 3307 1905 3331 non
1935 3294 2049 3342 enim,
2079 3295 2291 3332 secundum
2319 3303 2506 3343 naturam,

1454 3354 1579 3395 potest
1599 3360 1679 3384 esse
1704 3347 1845 3384 reditus
1864 3360 1886 3384 a
1906 3355 2028 3384 morte
2048 3348 2096 3384 ad
2119 3348 2249 3385 vitam.
2271 3349 2362 3385 Non
2381 3356 2510 3385 tamen

1455 3412 1560 3436 mors
1586 3399 1751 3436 maxime
1779 3399 1942 3447 timetur,
1962 3408 2004 3437 ut
2027 3400 2114 3437 dicit
2132 3401 2399 3449 Philosophus,
2419 3401 2458 3438 in
2478 3402 2510 3437 II

1455 3453 1642 3489 Rhetoric.
1663 3452 1683 3474 ’¹‘
1703 3453 1794 3489 Non
1814 3465 1903 3500 ergo
1924 3465 1968 3490 ea
1992 3453 2111 3501 magis
2130 3453 2308 3490 timentur
2334 3466 2433 3502 quae
2453 3466 2508 3490 re·
2537 3469 2547 3480 ⁸
2562 3469 2618 3497 Cap.
2634 3476 2654 3496 v,
2670 3476 2683 3491 n
2708 3476 2715 3491 ι

2306 3505 2319 3519 l

1456 3505 1624 3542 medium
1654 3517 1732 3542 non
1759 3506 1910 3542 habent.

1512 3559 1546 3595 3.
1567 3559 1798 3606 PRAETEREA,
1819 3558 2072 3607 Philosophus
2102 3558 2200 3606 dicit,
2225 3558 2262 3595 in
2292 3560 2305 3594 I
2334 3559 2452 3595 Ethic.
2473 3558 2508 3606 ²¹⁶,
2536 3556 2611 3605 '3⁰3

2629 3562 2658 3582 vi,
2668 3562 2692 3578 n.
2702 3556 2723 3578 6.
2736 3567 2747 3572 -

2612 3572 2620 3604 ⁶.
2639 3583 2690 3604 lect.
2705 3588 2747 3604 vn.
