2924 4152
961 325 1252 388 PRIMA
1298 325 1806 391 SECUNDAE

321 475 1088 584 SUMMAE
1193 433 2444 589 THEOLOGIAE

1109 667 1358 704 ANGELICI
1387 668 1656 705 DOCTORIS

566 796 972 919 SANCTI
1031 798 1517 880 THOMAE
1574 800 2198 920 AQUINATIS

1153 973 1289 998 ORDINIS
1307 973 1601 999 PRAEDICATORUM

1009 1085 1155 1126 CUM
1199 1070 1746 1127 COMMENTARIIS

766 1220 1147 1284 THOMAE
1198 1221 1303 1282 DE
1353 1221 1518 1284 vlo
1569 1175 1990 1286 CAOETANJ

1260 1364 1371 1382 Blusnssn
1389 1365 1493 1383 onmms

1162 1457 1192 1488 S.
1217 1458 1255 1488 R.
1279 1458 1315 1488 E.
1341 1457 1596 1489 CARDINALIS

1301 1583 1777 1608 -ffi——m—

1083 1793 1670 1849 PROLOGUS

239 2017 268 2051 ῃ
313 2012 321 2025 ‘—
345 2014 380 2039 0
463 2008 564 2047 χῶν
586 2010 657 2046 υιΑ,
679 1998 772 2035 sicut
790 1999 1054 2035 Damascenus
1075 1997 1162 2034 dicit
1179 1997 1211 2044 ²¹⁸,
1231 1998 1351 2034 homo

378 2073 410 2103 ,ιἒῖ
437 2047 568 2104 *Φρύνῃ
587 2052 706 2089 factus
725 2051 775 2088 ad
793 2050 999 2098 imaginem
1027 2050 1099 2087 Dei
1129 2050 1274 2098 dicitur,
1294 2062 1351 2087 se-

194 2097 202 2104 ·
261 2097 267 2109 ’
322 2100 325 2113 ’
393 2104 419 2155 ⁸ss
457 2131 459 2139 s
480 2149 481 2152 Ἰ
550 2127 557 2142 ι,
588 2104 756 2142 eundum
776 2104 882 2151 quod
899 2115 969 2152 per
987 2103 1191 2150 imaginem
1214 2103 1352 2150 signifi-

483 2195 487 2199 ,
588 2165 693 2194 catur
706 2156 950 2194 intellectuale
967 2161 1004 2192 et
1019 2156 1175 2193 arbitrio
1194 2156 1352 2193 liberum

347 2439 375 2474 α)
394 2442 429 2465 er.
441 2453 461 2459 -
479 2439 542 2464 om.
559 2437 627 2464 (ΗΚ.

1406 1997 1453 2034 de
1481 1998 1582 2045 Deo,
1613 2004 1649 2034 et
1677 1998 1723 2035 de
1751 1998 1807 2035 his
1836 2010 1934 2046 quae
1962 2007 2228 2048 processerunt
2260 2012 2304 2037 ex
2334 2000 2461 2041 divina

1405 2057 1590 2099 potestate
1618 2051 1829 2088 secundum
1858 2051 1938 2088 eius
1966 2053 2201 2089 voluntatem
2219 2052 2256 2098 *;
2274 2061 2399 2090 restat
2420 2061 2462 2091 ut

1407 2103 1692 2140 consideremus
1716 2103 1764 2140 de
1788 2104 1866 2140 eius
1894 2103 2068 2152 imagine,
2097 2105 2194 2142 idest
2217 2105 2264 2142 de
2291 2106 2459 2154 homine,

1407 2156 1618 2193 secundum
1656 2156 1760 2204 quod
1793 2164 1829 2193 et
1854 2161 1871 2177 ‘²
1899 2156 1980 2205 ipse
2019 2165 2074 2194 est
2106 2170 2262 2195 suorum
2300 2154 2475 2207 operum*

1406 2208 1651 2257 principium,
1688 2209 1795 2256 quasi
1831 2208 1992 2246 liberum
2025 2210 2218 2247 arbitrium
2250 2211 2394 2248 habens
2427 2219 2462 2248 et

1408 2274 1567 2298 suorum
1596 2273 1757 2310 operum
1784 2269 2022 2310 potestatem.

973 2525 1303 2571 commentaria
1326 2525 1574 2558 Cardinalis
1597 2524 1796 2558 Caietani

424 2650 574 2671 UANQUAM
602 2639 804 2680 propositum
831 2649 941 2670 meum
968 2639 1061 2670 fuerit
1084 2649 1178 2679 super
1199 2639 1296 2669 libros
1318 2639 1358 2670 de

424 2685 542 2715 Anima
559 2690 671 2724 coepta
692 2683 848 2724 perficere,
866 2690 1035 2724 antequam
1054 2693 1175 2714 novum
1194 2683 1256 2713 hoc
1274 2693 1356 2723 opus

426 2728 621 2768 aggrederer;
650 2728 749 2768 magis
782 2734 887 2758 tamen
916 2728 1058 2758 debitum
1087 2727 1251 2758 arbitratus
1284 2737 1356 2757 sum

297 2772 448 2814 prosequi
477 2772 759 2803 commentationes
790 2782 885 2812 super
912 2771 1078 2802 Summam
1106 2771 1168 2801 divi
1192 2771 1354 2801 Thomae:

297 2823 368 2848 turn
391 2816 465 2857 quia
488 2816 549 2846 hoc
571 2822 616 2846 est
637 2816 751 2847 directe
771 2826 806 2846 ea
821 2826 903 2856 quae
918 2816 958 2846 ad
974 2816 1081 2846 salutis
1100 2814 1185 2845 viam
1205 2821 1354 2856 spectant,

298 2861 426 2896 docere3
451 2866 521 2891 turn
547 2859 623 2900 quia
646 2860 788 2890 doctrina
813 2860 890 2890 haec
912 2859 945 2890 in
968 2860 1056 2890 Italia
1079 2858 1151 2890 satis
1175 2859 1300 2895 dormit,
1326 2866 1356 2889 et

297 2911 404 2935 tamen
428 2910 610 2944 opportuna
633 2910 679 2934 est
701 2903 801 2934 valde.
824 2904 899 2934 Non
921 2904 1051 2934 intendo
1079 2910 1185 2934 autern
1213 2902 1354 2942 singulos

298 2948 447 2979 articulos
470 2948 503 2978 in
527 2947 730 2988 sequentibus
754 2947 908 2984 formare,
932 2948 987 2978 sed
1002 2947 1087 2978 iuxta
1101 2947 1274 2978 subiectam
1289 2957 1355 2976 ma—

297 2992 418 3029 teriam,
442 2992 498 3023 ubi
521 3001 603 3033 opus
626 2991 728 3028 fuerit,
753 2991 930 3028 immoran‘;
950 2991 993 3022 ita
1015 2998 1120 3022 tamen
1144 2991 1232 3031 quod
1247 2990 1354 3021 nullus

1409 2639 1671 2679 praetermittemr
1693 2639 1850 2676 articulus,
1871 2639 1966 2670 etiam
1982 2639 2180 2676 clarissimus,
2205 2640 2294 2671 cuius
2309 2641 2463 2671 memoria

1409 2693 1475 2713 non
1497 2682 1560 2719 fiet,
1584 2690 1739 2724 quatenus
1755 2690 1786 2714 et
1805 2683 1942 2714 discussa
1964 2690 1995 2714 et
2010 2683 2127 2714 omissa
2139 2684 2309 2715 industriae
2325 2685 2462 2715 tribuan-

1409 2734 1470 2758 tur.
1495 2727 1711 2767 Suscipiantur
1733 2733 1840 2757 autem
1861 2727 1956 2758 velim
1974 2727 2065 2764 haec,
2082 2728 2162 2758 sicut
2184 2734 2215 2759 et
2233 2735 2332 2759 cetera
2346 2735 2461 2765 nostra,

1409 2771 1434 2801 si
1458 2778 1488 2801 et
1510 2771 1700 2811 inquantum
1723 2771 1836 2802 rationi
1858 2778 2047 2802 consonant:
2072 2781 2175 2813 neque
2198 2771 2283 2802 enim
2305 2771 2347 2802 eis
2366 2771 2462 2802 fidem

1410 2815 1475 2845 dari
1498 2814 1651 2845 maiorem
1679 2825 1794 2855 posco,
1824 2825 1921 2855 quam
1948 2825 1984 2845 ea
2007 2815 2047 2846 sit
2068 2825 2149 2856 quae
2172 2825 2209 2846 ex
2235 2816 2354 2846 ratione
2377 2815 2461 2856 gigni

1409 2865 1481 2889 nata
1504 2854 1559 2889 est.
1575 2859 1789 2890 Veruntamen
1811 2868 1968 2889 memores
1987 2858 2047 2889 sint
2065 2860 2154 2899 quod
2176 2860 2371 2901 acribologia
2395 2869 2461 2889 ma-

1408 2903 1577 2933 thematica
1604 2912 1671 2933 non
1699 2909 1744 2933 est
1771 2903 1942 2943 expetenda
1963 2902 1997 2932 in
2019 2903 2207 2939 moralibus,
2236 2910 2273 2934 ut
2295 2903 2408 2934 dieitur
2428 2903 2462 2933 in

1409 2947 1435 2976 11
1458 2947 1640 2987 Metaphys.
1653 2946 1670 2965 *
1685 2947 1757 2977 Divi
1779 2946 1873 2986 igitur
1887 2947 2032 2978 Thomae
2055 2946 2275 2978 intercessione
2298 2947 2404 2983 fretus,
2421 2947 2461 2977 ad

1408 2997 1528 3021 textum
1551 3000 1698 3031 propere.

2489 2060 2501 2072 ⁸
2514 2060 2549 2082 Cf.
2559 2060 2618 2082 Part.
2628 2060 2647 2087 1,
2658 2066 2700 2088 qu.

2489 2092 2517 2114 11,
2531 2086 2619 2108 Introd.

2488 2949 2500 2992 ἶ
2513 2949 2697 3003 affirm:

2488 3007 2540 3030 cap.
2553 3008 2590 3030 m,
2604 3009 2628 3025 u.
2640 3009 2665 3029 4.
