2846 4146
1022 216 1286 262 QUAESTIO
1316 219 1453 265 LXVI,
1483 218 1777 255 ARTICULUS
1807 220 1837 255 II

348 301 432 342 pter
465 292 586 329 maius
614 293 752 340 gratiae
780 292 944 341 donum,
974 295 1077 343 quod
1105 295 1308 343 unicuique
1337 297 1402 333 do-

300 344 303 346 ’
348 353 459 382 natur
484 346 686 382 secundum
709 357 924 382 mensuram
952 347 1162 384 donationis
1193 349 1339 395 Christi,
1363 356 1404 385 ut

111 408 122 418 ⁸
137 407 204 429 Vera.
218 413 240 435 7.

110 722 121 733 “
131 721 188 769 Ἦ.
198 727 229 748 rx,
245 727 268 743 11.
279 722 302 743 8.
310 731 320 736 -

110 747 135 769 S.
185 763 190 769 .
205 747 255 769 lect.
273 754 306 769 xi.

99 2066 113 2079 ’
123 2065 161 2090 Cf.
171 2072 211 2095 qu.
221 2073 260 2095 ιιι,
271 2071 313 2090 ιη.

101 2098 122 2121 ι,
137 2092 270 2116 eo-mem.
289 2100 312 2116 n.

101 2124 138 2146 νις
168 2125 192 2141 n.

208 2125 255 2147 ω,
269 2123 313 2142 art.

101 2151 128 2173 4,
177 2149 274 2168 nument.
289 2153 313 2168 n.

100 2177 180 2220 3.ss-

198 2203 250 2226 m,
270 2202 312 2220 art.

101 2229 124 2251 ι,
174 2228 270 2247 minent.
287 2231 311 2247 n.

100 2254 191 2279 περς.

102 2874 112 2884 ·
127 2873 194 2895 Vers.

208 2879 231 2901 7.

348 397 483 435 dicitur
496 398 547 434 ad
558 397 776 446 Ephes.1v*.
789 419 812 425 -
829 399 877 435 Et
891 399 928 435 in
943 400 1017 436 hoc
1033 400 1259 437 deficiebant
1274 401 1401 448 Stoici,

349 450 588 487 aestimantes
606 451 751 487 nullum
768 463 850 487 esse
869 451 1080 488 virtuosum
1100 452 1316 499 dicendum,
1332 453 1402 490 nisi

347 502 414 551 qui
447 514 594 539 summe
626 503 736 539 fuerit
772 503 974 551 dispositus
1006 505 1054 541 ad
1086 505 1275 542 virtutem.
1311 507 1402 543 Non

349 555 450 592 enim
476 555 629 603 exigitur
648 555 696 592 ad
721 555 906 593 rationem
934 557 1092 603 virtutis,
1121 559 1225 606 quod
1251 558 1403 606 attingat

349 615 473 644 rectae
491 607 644 644 rationis
663 608 833 645 medium
854 609 892 645 in
914 609 1140 652 indivisibili,
1170 611 1264 647 sicut
1287 611 1403 648 Stoici

347 661 550 709 putabant:
579 660 647 697 sed
675 661 813 697 sufficit
834 673 955 710 prope
975 662 1144 699 medium
1165 675 1246 699 esse
1261 668 1285 710 ⁸,
1305 671 1347 700 ut
1364 664 1402 700 in

349 714 381 749 ΙΙ
398 713 518 750 Ethic.
533 712 553 734 ‘²
572 713 715 750 dicitur.
746 714 851 751 Idem
877 714 989 751 etiarn
1008 715 1234 752 indivisibile
1253 716 1400 763 signum

346 777 445 802 unus
480 765 728 814 propinquius
766 774 801 802 et
837 767 1050 816 promptius
1078 767 1221 815 attingit
1244 767 1256 791 t
1284 781 1401 816 quam

347 817 458 854 alius:
487 817 582 854 sicut
610 819 721 855 etiam
748 826 851 867 patet
876 819 915 856 in
934 819 1208 867 sagittatoribus
1226 821 1402 857 trahenti-

346 870 417 906 bus
444 870 494 907 ad
522 878 666 907 certum
695 871 855 919 signum.

397 923 456 959 AD
484 934 620 960 PRIMUM
640 935 738 960 aneo
762 936 944 961 mcaNDUM
973 924 1078 972 quod
1106 925 1311 972 aequalitas
1339 925 1400 962 illa

345 987 423 1012 non
461 982 516 1012 est
547 977 757 1013 secundum
790 976 1035 1024 quantitatem
1070 977 1304 1024 absolutam,
1333 979 1399 1015 sed

396 1089 418 1121 ε)
434 1096 521 1121 prope
538 1090 653 1114 medium
672 1096 735 1115 esse.
748 1103 766 1108 -
784 1090 918 1122 attingere
932 1098 1018 1122 prope
1037 1091 1152 1116 medium
1171 1091 1223 1117 EF.

395 1124 420 1156 ζ)
434 1124 613 1156 propinquius
631 1128 658 1150 et
670 1125 823 1156 promptius
846 1125 966 1158 attingit.
983 1139 1002 1144 -
1016 1126 1194 1158 propinquius
1212 1127 1324 1159 attingit
1341 1127 1400 1156 EK,

339 1159 493 1191 promptius
511 1159 622 1192 attingit
642 1160 726 1184 ceteri.

2432 230 2510 267 429

1457 304 1513 333 est
1530 302 1549 324 η
1577 296 1788 333 secundum
1820 296 2106 345 proportionem
2134 297 2391 345 intelligenda:
2422 297 2509 346 quia

1457 361 1592 386 omnes
1618 349 1773 385 virtutes
1805 349 2135 397 proportionaliter
2168 357 2340 386 crescunt
2371 350 2410 386 in
2440 350 2511 386 ho-

1457 402 1570 448 mine,
1599 409 1640 438 ut
1666 401 1760 438 infra
1778 401 1799 423 *
1827 401 1980 438 dicetur.

1508 455 1566 490 AD
1586 465 1774 491 SECUNDUM
1789 465 1972 491 mensuum
1991 454 2096 502 quod
2111 453 2201 490 illud
2216 454 2389 490 ultimum
2404 453 2508 502 quod

1455 506 1614 554 pertinet
1642 507 1690 543 ad
1713 506 1902 553 virtutem,
1922 514 2046 554 potest
2063 507 2204 543 habere
2224 506 2409 543 rationem
2429 518 2509 542 ma-

1455 559 1509 606 gis
1537 560 1598 595 vel
1626 558 1751 596 minus
1770 559 1862 595 boni
1884 559 2096 595 secundum
2115 558 2328 607 praedictos
2348 558 2506 595 modos:

1456 623 1544 648 cum
1573 624 1651 648 non
1669 612 1715 648 sit
1731 611 1906 648 ultimum
1926 611 2162 658 indivisibile,
2182 619 2223 648 ut
2242 611 2383 648 dictum
2403 618 2458 647 est
2475 610 2506 646 ²⁸.

1508 666 1566 700 AD
1586 675 1744 701 ‘ri-:anun
1763 676 1946 701 memnon
1965 664 2071 712 quod
2093 665 2199 701 Deus
2226 675 2305 700 non
2333 670 2508 711 operatur

1455 717 1666 753 secundum
1699 716 1960 753 necessitatem
1993 723 2165 763 naturae,
2195 717 2262 753 sed
2296 715 2506 752 secundum

1456 769 1627 805 ordinem
1661 781 1750 805 suae
1785 769 2010 817 sapientiae:
2039 769 2249 806 secundum
2276 780 2392 816 quam
2411 765 2423 788 θ
2453 767 2508 804 di-

1454 833 1605 858 versam
1625 833 1845 858 mensuram
1863 821 2010 858 virtutis
2031 821 2249 858 hominibus
2268 820 2429 868 largitur,
2450 831 2507 856 se-

1455 873 1623 910 cundum
1651 873 1742 910 illud
1770 874 1821 910 ad
1845 875 1980 922 Ephes.
2002 886 2037 910 1v
2050 874 2085 910 *z
2120 874 2326 922 Unicuique
2343 878 2507 910 vestrum

1453 926 1540 962 data
1573 932 1627 962 est
1655 927 1782 975 gratia
1813 927 2015 963 secundum
2052 939 2267 963 mensuram
2299 924 2508 963 donationis

1458 978 1605 1015 Christi.

1506 1093 1534 1124 η)
1553 1100 1604 1151 ἷζοη
1625 1095 1680 1117 est.
1692 1111 1699 1118 .
1711 1111 1717 1118 .
1737 1093 1784 1117 sed
1802 1096 1849 1118 est.
1863 1107 1882 1112 -
1900 1100 1951 1118 non
1971 1093 2054 1117 solum
2073 1093 2170 1123 (squm
2188 1100 2242 1118 om.
2255 1093 2284 1124 a)
2302 1095 2356 1121 est.
2370 1109 2376 1116 .
2387 1109 2393 1116 .
2408 1092 2455 1116 sed
2468 1094 2508 1116 est

1454 1127 1533 1152 etiam
1573 1134 1598 1152 a.

1508 1160 1532 1194 θ)
1551 1169 1640 1194 quam.
1652 1176 1670 1180 -
1685 1170 1761 1196 quem
1780 1163 1931 1194 ACDEHL,
1951 1163 2021 1195 quod
2040 1164 2074 1191 B,
2093 1170 2146 1188 om.
2166 1163 2184 1187 l.

1013 1238 1344 1271 Commentaria
1365 1239 1614 1272 Cardinalis
1635 1240 1835 1273 Caietam

374 1328 394 1348 N
416 1317 510 1348 titulo
526 1317 620 1358 primi
638 1316 759 1347 articuli
779 1315 972 1356 quaestionis
991 1317 1313 1356 sexagesimaesextae,
1333 1328 1398 1348 rne-

347 1331 483 1392 Imento
507 1361 605 1401 quod,
628 1369 702 1390 cum
717 1359 814 1399 aliqui
833 1359 958 1388 habitus
975 1359 1117 1390 dicantur
1139 1362 1268 1392 virtutes
1288 1371 1397 1392 secun-

343 1406 423 1445 dum
445 1404 532 1445 quid,
555 1410 594 1435 ut
614 1404 653 1433 de
675 1402 842 1433 virtutibus
864 1401 1127 1434 intellectualibus
1141 1405 1175 1434 in
1191 1415 1244 1445 qu.
1262 1404 1350 1441 Lv1*‚
1368 1412 1398 1435 et

342 1448 528 1488 theologicis
546 1447 736 1478 informibus
757 1446 790 1476 in
814 1445 998 1486 quaestione
1016 1448 1220 1486 praecedente
1238 1448 1255 1467 *
1278 1448 1398 1479 dictum

343 1499 390 1523 est
397 1501 406 1529 ;
429 1498 461 1523 et
479 1491 577 1532 aliqui
596 1490 788 1531 simpliciter,
813 1496 848 1520 ut
871 1488 989 1525 caritas,
1017 1496 1047 1520 et
1074 1491 1203 1523 virtutes
1227 1492 1398 1522 cardinales

342 1546 379 1568 ac
404 1535 541 1567 morales
563 1545 675 1566 ornnes
697 1534 819 1564 infusae
843 1539 873 1564 et
898 1533 1084 1573 acquisitae;
1109 1542 1140 1566 et
1162 1542 1248 1566 totus
1276 1535 1398 1566 articuli

343 1590 447 1611 sermo
471 1580 551 1610 circa
573 1579 629 1610 has
651 1584 804 1608 versetur:
829 1586 1026 1617 consequens
1056 1586 1102 1609 est
1130 1586 1165 1610 ut
1192 1589 1337 1620 praesens
1361 1579 1397 1610 ti—

342 1624 428 1655 tulus
452 1625 491 1654 de
512 1623 678 1654 virtutibus
702 1621 884 1662 simpliciter
906 1620 1084 1661 accipiatur.
1098 1641 1119 1646 —
1135 1624 1175 1654 Et
1195 1622 1399 1654 confirmatur

341 1668 417 1699 hoc:
442 1668 516 1709 quia
539 1668 572 1698 in
594 1667 695 1698 littera
713 1666 811 1696 virtus
834 1664 1036 1705 distinguitur
1059 1674 1166 1699 contra
1190 1668 1352 1698 scientiam
1368 1674 1398 1698 et

342 1719 451 1744 artem.
1032 1743 1035 1746 .

398 1756 434 1787 11.
459 1756 495 1786 In
519 1765 650 1795 corpore
669 1755 812 1785 eiusdem
826 1756 920 1795 primi
939 1755 1069 1792 articuli,
1086 1762 1162 1786 nota
1177 1755 1291 1796 primo,
1309 1755 1397 1796 quod

340 1800 417 1832 istae
437 1799 687 1840 comparationes
709 1798 742 1829 in
757 1799 857 1830 littera
880 1800 1000 1840 positae
1015 1799 1095 1830 inter
1110 1799 1310 1840 prudentiam
1327 1806 1396 1836 etc„

340 1844 502 1874 habebunt
515 1845 548 1874 in
562 1843 620 1874 hac
643 1843 754 1874 eadem
777 1844 961 1883 quaestione
979 1843 1126 1884 proprios
1146 1843 1293 1874 articulos
1307 1843 1342 1874 *:
1368 1851 1398 1874 et

341 1887 413 1918 ideo
436 1887 480 1918 ibi
504 1887 723 1918 examinandas
746 1887 900 1928 relinquo.

395 1931 480 1963 Nota
502 1932 651 1967 secundo,
675 1931 764 1972 quod
786 1934 909 1962 Auctor
921 1931 1065 1972 loquitur
1079 1931 1118 1961 de
1133 1931 1247 1962 virtute
1262 1931 1398 1970 perfecta

341 1976 517 2006 secundum
539 1982 667 2011 statum,
691 1985 772 2016 quae
790 1975 857 2006 sola
873 1975 986 2006 dicitur
1001 1975 1182 2015 simpliciter
1197 1975 1303 2011 virtus,
1323 1985 1398 2005 cum

341 2027 433 2060 negat
449 2030 518 2051 eam
531 2030 625 2060 posse
643 2019 763 2050 intendi
779 2020 955 2050 secundum
971 2028 1018 2049 se:
1042 2020 1131 2060 quod
1147 2026 1193 2049 est
1207 2019 1327 2050 intendi
1341 2029 1397 2059 per

341 2064 556 2094 extensionem
578 2064 617 2093 ad
641 2063 731 2104 plura
754 2073 838 2094 nunc
861 2074 958 2104 quam
982 2062 1078 2103 prius,
1095 2070 1130 2094 ut
1145 2063 1289 2103 superius
1304 2062 1322 2082 *
1345 2063 1396 2093 de-

341 2108 525 2139 claravimus
558 2107 678 2138 diffuse.
702 2107 744 2137 Et
766 2106 838 2138 hinc
861 2107 1025 2137 manifeste
1052 2107 1149 2137 habes
1178 2107 1267 2148 quod
1289 2107 1328 2137 de
1350 2106 1396 2136 in-

339 2152 479 2182 tentione
491 2152 638 2182 Auctoris
654 2158 700 2182 est
715 2151 857 2181 doctrina
873 2151 954 2182 dicta
970 2151 1008 2181 de
1024 2151 1220 2181 connexione
1233 2151 1259 2187 *,
1280 2150 1397 2181 scilicet

339 2196 428 2236 quod
451 2196 548 2226 virtus
567 2195 687 2236 perficit
707 2195 740 2225 in
764 2195 892 2236 propria
906 2195 1045 2231 materia,
1063 2195 1157 2225 etiam
1173 2204 1313 2225 connexa
1330 2194 1396 2224 aliis

338 2240 485 2270 materiis.
503 2240 535 2270 Si
551 2240 636 2270 enim
655 2249 719 2269 non
736 2246 815 2270 esset
831 2239 902 2275 hoc,
914 2239 978 2269 iam
994 2246 1101 2279 posset
1119 2239 1242 2269 extendi
1259 2239 1297 2268 ad
1313 2249 1395 2278 quae

338 2283 425 2323 prius
449 2294 515 2314 non
538 2294 572 2314 se
594 2283 788 2314 extendebat.

1507 1319 1592 1349 Nota
1607 1319 1708 1355 tertio,
1725 1320 1814 1359 quod
1829 1319 1901 1350 hinc
1916 1319 2011 1349 habes
2027 1319 2231 1349 differentiam
2247 1319 2407 1359 quandam
2426 1318 2506 1349 inter

1450 1362 1578 1393 virtutes
1601 1362 1824 1393 intellectuales
1848 1369 1878 1393 et
1900 1363 2035 1393 morales
2057 1363 2090 1392 in
2114 1363 2184 1398 hoc,
2209 1363 2297 1403 quod
2318 1362 2388 1392 illae
2413 1362 2507 1393 etiam

1451 1405 1650 1445 imperfectae
1662 1407 1837 1437 secundum
1849 1413 1975 1442 statum,
1989 1407 2136 1437 dicuntur
2145 1406 2288 1437 virtutes:
2301 1406 2377 1436 istae
2389 1413 2504 1442 autem,

1451 1449 1511 1479 nisi
1534 1449 1594 1480 sint
1617 1451 1792 1480 secundum
1811 1457 1928 1480 statum
1943 1450 2106 1489 perfectae,
2123 1460 2189 1480 non
2204 1450 2351 1480 dicuntur
2365 1450 2504 1481 virtutes.

1451 1493 1573 1523 Dicitur
1596 1493 1680 1523 enim
1702 1494 1736 1523 in
1758 1494 1860 1524 littera
1877 1494 1965 1534 quod
1985 1494 2110 1524 scientia
2127 1500 2157 1524 et
2175 1504 2222 1524 ars
2239 1503 2304 1523 non
2320 1503 2443 1533 semper
2459 1503 2507 1524 ex-

1451 1536 1586 1566 tendunt
1607 1546 1640 1566 se
1664 1537 1703 1566 ad
1727 1537 1835 1566 omnia
1858 1546 1931 1573 sua;
1956 1537 2053 1567 virtus
2077 1544 2184 1568 autem
2207 1537 2247 1567 ad
2270 1537 2379 1567 omnia
2401 1547 2458 1567 sua
2473 1547 2506 1567 se

1452 1579 1598 1611 extendit.
1614 1580 1654 1610 Et
1669 1580 1702 1610 in
1717 1586 1867 1620 promptu
1884 1590 1977 1610 causa
1992 1580 2086 1611 huius
2103 1587 2162 1611 est:
2179 1580 2253 1621 quia
2269 1580 2384 1611 scilicet
2400 1580 2506 1611 minus

1451 1623 1582 1663 exigitur
1604 1624 1644 1653 ad
1668 1623 1924 1654 constituendum
1947 1624 2177 1663 imperfectum,
2197 1634 2295 1664 quam
2313 1624 2503 1664 perfectum;

1450 1667 1579 1698 virtutes
1609 1674 1716 1698 autem
1746 1667 1969 1698 intellectuales
1999 1667 2180 1708 imperfecte
2207 1667 2323 1698 habent
2351 1667 2505 1697 rationem

1449 1711 1581 1747 virtutis,
1599 1721 1664 1741 non
1684 1711 1769 1741 enim
1792 1719 1866 1742 sunt
1887 1711 2017 1742 virtutes
2040 1711 2099 1741 nisi
2123 1712 2299 1742 secundum
2318 1711 2412 1751 quid;
2436 1721 2506 1741 mo-

1449 1755 1528 1786 rales
1551 1762 1658 1786 autem
1681 1755 1797 1786 habent
1819 1755 1954 1795 perfecte
1973 1755 2128 1786 rationem
2151 1755 2284 1791 virtutis,
2309 1762 2344 1785 ut
2367 1761 2451 1795 patet
2469 1765 2506 1785 ex

1450 1799 1635 1839 supradictis
1649 1798 1676 1830 ’ἦ

1506 1843 1591 1874 Nota
1613 1849 1736 1884 quarto,
1761 1849 1897 1883 quatuor
1920 1853 2027 1873 causas
2050 1842 2082 1872 in
2102 1842 2202 1873 littera
2224 1842 2385 1882 augmenti
2406 1842 2505 1872 inten-

1450 1887 1507 1917 sivi
1529 1887 1696 1917 virtutum:
1714 1887 1829 1917 scilicet
1844 1886 2115 1922 consuetudinem,
2133 1887 2308 1917 naturalem
2329 1885 2505 1916 inclinatio—

1451 1941 1540 1967 nem,
1571 1930 1726 1961 iudicium
1753 1930 1976 1970 perspicacius,
2007 1937 2038 1961 et
2064 1930 2206 1970 gratiam.
2237 1931 2278 1960 Et
2306 1930 2401 1960 simul
2429 1936 2505 1960 nota

1450 1975 1528 2005 duas
1551 1981 1659 2005 contra
1682 1975 1805 2005 Stoicos
1829 1974 1983 2004 rationes:
2007 1974 2136 2004 alteram
2160 1984 2196 2004 ex
2213 1974 2376 2004 latitudine
2393 1973 2503 2012 medin

1452 2019 1580 2049 alteram
1603 2028 1639 2048 ex
1661 2018 1825 2049 latitudine
1847 2018 1915 2053 viae
1939 2018 1978 2048 ad
1996 2018 2183 2048 indivisibile
2199 2017 2350 2048 medium.
2375 2017 2504 2057 Propin-

1450 2063 1544 2103 quior
1559 2062 1644 2093 enim
1660 2068 1714 2098 est,
1733 2062 1908 2092 secundum
1928 2072 1970 2098 se,
1987 2061 2166 2092 indivisibili
2185 2061 2320 2092 iustitiae
2336 2061 2441 2091 medio
2459 2061 2505 2091 vir

1449 2106 1683 2146 perspicacioris
1695 2106 1812 2142 iudicii,
1829 2116 1925 2147 quam
1939 2106 2044 2136 minus
2060 2106 2155 2142 acuti;
2177 2112 2207 2136 et
2221 2106 2394 2136 seeundum
2411 2115 2503 2145 opus,

1449 2150 1635 2181 distribuens
1659 2150 1843 2190 aequalibus
1867 2150 1956 2190 quasi
1979 2150 2135 2190 aequalia,
2159 2160 2257 2190 quam
2280 2150 2419 2180 multum
2443 2149 2504 2179 dis-

1449 2194 1545 2224 tantia
1569 2194 1606 2224 ab
1630 2193 1825 2234 aequalitate.
1849 2194 2031 2234 Promptior
2053 2203 2183 2234 quoque
2203 2200 2248 2224 est
2263 2193 2303 2223 ad
2318 2192 2503 2223 indivisibile

1449 2238 1591 2268 medium
1614 2237 1780 2268 inclinatus
1803 2237 1983 2268 naturaliter
2006 2238 2045 2267 ad
2068 2237 2156 2273 illud,
2181 2247 2278 2278 quam
2299 2247 2364 2267 non
2380 2243 2504 2267 natura-

1448 2281 1534 2317 liter;
1559 2282 1751 2317 exercitatus,
1776 2291 1873 2322 quarn
1897 2291 1962 2311 non
1986 2281 2178 2311 exercitatus.

1289 2375 1554 2383 mm

1102 2449 1417 2492 ARTICULUS
1448 2449 1745 2491 SECUNDUS

609 2543 765 2574 UTRUM
787 2542 932 2573 οΜΝΕε
955 2542 1171 2573 V1RTUTEs
1194 2542 1323 2572 snum„
1347 2542 1389 2571 IN
1413 2541 1565 2572 EODEM
1587 2539 1868 2575 EXISTENTES‚
1894 2539 1990 2570 SINT
2013 2539 2241 2577 AEQUALES

515 2626 536 2651 11
555 2625 638 2654 Seni„
653 2626 711 2650 dist.
725 2633 788 2655 xm,
808 2633 852 2658 qu.
866 2632 898 2655 11,
917 2629 963 2650 art.
979 2624 1002 2655 5,
1023 2625 1054 2649 ad
1074 2623 1090 2648 6
1097 2632 1104 2656 ς
1124 2624 1167 2654 III,
1188 2624 1246 2649 dist.
1260 2631 1347 2655 xxxvx,
1367 2629 1412 2649 art.
1426 2631 1456 2655 4;
1478 2624 1519 2648 De
1537 2623 1620 2653 Malo,
1641 2630 1684 2656 qu.
1696 2630 1727 2652 11,
1747 2627 1793 2647 art.
1806 2630 1830 2656 9,
1851 2622 1882 2647 ad
1901 2621 1930 2653 83
1951 2622 1992 2647 De
2014 2622 2119 2651 Virtut„
2140 2630 2184 2655 qu.
2198 2630 2222 2651 v,
2237 2628 2284 2647 art.
2298 2622 2321 2647 3.

398 2743 422 2770 ἢ
467 2736 523 2777 φὶς(
549 2726 572 2750 D
592 2725 780 2750 SECUNDUM
795 2725 847 2749 sm
865 2724 1102 2750 paoesmrua.
1118 2712 1276 2749 Videtur
1290 2712 1396 2760 quod

398 2776 417 2818 ξ’
466 2756 525 2826 {252
550 2778 629 2803 non
662 2777 796 2802 omnes
823 2765 978 2802 virtutes
1015 2765 1053 2802 in
1085 2778 1163 2802 uno
1193 2773 1229 2802 et
1257 2766 1396 2802 eodem

368 2742 398 2766 „it

387 2777 391 2786 ,

386 2810 401 2827 κ

364 2730 382 2772 J]
405 2732 432 2771 ,ι
455 2753 459 2759 ,

355 2760 465 2866 ’,γὲ
491 2811 517 2862 ‘6
531 2816 537 2821 “
551 2818 624 2855 sint
638 2818 842 2867 aequaliter
855 2818 1036 2855 intensae.
1057 2818 1156 2855 Dicit
1176 2818 1276 2855 enim
1292 2820 1398 2867 Apo-

358 2864 369 2876 *
395 2848 491 2903 (³⁰3²)
506 2863 539 2907 K
552 2872 680 2919 stolus,
702 2872 716 2907 1
737 2871 788 2908 ad
810 2871 896 2908 Cor.
916 2883 965 2908 vu
983 2871 1020 2907 *z
1054 2872 1313 2919 Unusquisque
1330 2872 1396 2907 Iza-

341 2924 402 2960 bet
428 2924 629 2972 proprium
663 2925 803 2960 donum
831 2936 855 2960 a
882 2925 986 2969 Deo,
1014 2923 1109 2960 alius
1142 2924 1290 2972 quidem
1322 2924 1395 2970 sic,

341 2976 437 3012 alius
461 2982 585 3014 autem
612 2977 676 3013 sic,
705 2977 796 3013 Non
823 2984 920 3013 esset
947 2983 1072 3012 autem
1101 2989 1222 3013 unum
1251 2976 1396 3013 donum

342 3028 462 3075 magis
489 3028 686 3077 proprium
706 3028 816 3065 alicui
844 3040 961 3077 quam
985 3028 1097 3076 aliud,
1120 3029 1150 3065 si
1170 3041 1305 3065 omnes
1324 3028 1397 3065 vir-

341 3087 439 3117 tutes
458 3080 562 3118 dono
581 3081 654 3118 Dei
672 3081 813 3118 infusas
833 3081 988 3130 quilibet
1006 3081 1211 3130 aequaliter
1229 3082 1396 3118 haberet.

342 3133 443 3181 Ergo
471 3133 621 3170 videtur
649 3133 752 3182 quod
780 3145 860 3170 non
892 3146 1026 3171 omnes
1053 3134 1208 3170 virtutes
1236 3134 1309 3170 sint
1336 3146 1396 3170 ae-

342 3187 473 3234 quales
500 3186 539 3222 in
566 3198 645 3223 uno
676 3194 712 3222 et
740 3186 889 3223 eodem.

398 3250 432 3275 2.
457 3239 692 3286 PRAETEREA,
722 3239 753 3275 si
780 3251 914 3275 omnes
941 3238 1095 3275 virtutes
1125 3246 1249 3275 essent
1276 3251 1397 3286 aeque

342 3290 512 3327 intensae
540 3291 579 3328 in
606 3303 685 3328 uno
715 3299 751 3328 et
779 3291 928 3338 eodem,
953 3299 1175 3339 sequeretur
1193 3291 1298 3340 quod
1317 3291 1398 3339 qui-

344 3355 508 3392 cumque
538 3344 734 3381 excederet
762 3344 924 3393 aliquem
953 3344 991 3380 in
1017 3356 1095 3380 una
1122 3344 1270 3390 virtute,
1293 3356 1398 3380 exce-

344 3396 447 3433 deret
474 3396 599 3444 ipsum
628 3397 665 3433 in
694 3396 872 3433 omnibus
891 3396 971 3433 aliis
989 3396 1198 3433 virtutibus.
1230 3396 1305 3433 Sed
1324 3397 1398 3433 hoc

343 3455 446 3495 patet
474 3461 555 3486 esse
584 3450 742 3486 falsum:
773 3449 861 3498 quia
881 3449 1017 3486 diversi
1036 3449 1153 3486 sancti
1173 3449 1219 3486 de
1241 3449 1398 3486 diversis

344 3499 542 3538 virtutibus
561 3502 762 3551 praecipue
782 3502 997 3549 laudantur;
1027 3502 1122 3538 sicut
1139 3503 1334 3539 Abraham
1351 3502 1397 3539 de

1448 2711 1525 2748 fide
1544 2711 1581 2758 ³¹⁸,
1611 2712 1767 2759 Moyses
1796 2711 1842 2748 de
1871 2710 2161 2747 mansuetudine
2180 2709 2236 2758 *³¹2
2266 2710 2334 2746 Iob
2364 2710 2411 2747 de
2438 2723 2504 2759 pa-

1449 2764 1577 2801 tientia
1590 2764 1622 2800 *.
1647 2764 1758 2801 Unde
1779 2771 1814 2800 et
1834 2763 1884 2801 de.
1900 2762 2068 2811 quolibet
2089 2763 2316 2799 Confessore
2337 2771 2505 2800 cantatur

1449 2818 1488 2854 in
1509 2817 1694 2853 Ecclesia:
1713 2817 1804 2853 Non
1832 2821 1886 2852 est
1910 2817 2078 2852 inventus
2096 2816 2225 2852 similis
2244 2815 2307 2861 illi,
2336 2816 2402 2863 qui
2417 2828 2503 2853 con-

1448 2871 1618 2907 servaret
1642 2870 1763 2919 legem
1791 2868 1960 2912 Excelsi;
1988 2881 2034 2904 eo
2063 2868 2169 2916 quod
2192 2868 2348 2917 quilibet
2374 2869 2505 2905 habuit

1449 2923 1752 2971 praerogativam
1780 2921 1935 2958 alicuius
1963 2921 2119 2957 virtutis.
2149 2921 2240 2958 Non
2261 2932 2348 2968 ergo
2370 2933 2505 2958 omnes

1449 2976 1605 3013 virtutes
1633 2982 1720 3011 sunt
1748 2975 1924 3023 aequales
1952 2973 1989 3010 in
2017 2986 2094 3010 uno
2124 2981 2160 3010 et
2189 2973 2339 3010 eodem.

1505 3030 1538 3065 3.
1551 3029 1782 3073 PRAETEREA,
1800 3034 1941 3075 quanto
1957 3026 2106 3063 habitus
2122 3033 2177 3063 est
2194 3026 2385 3073 intensior,
2401 3034 2503 3063 tanto

1449 3081 1568 3118 homo
1589 3077 1800 3117 secundum
1819 3079 1945 3127 ipsum
1965 3078 2220 3116 delectabilius
2240 3086 2276 3115 et
2293 3080 2505 3128 promptius

1451 3141 1640 3182 operatur.
1659 3132 1735 3169 Sed
1751 3132 2008 3180 experimento
2024 3139 2127 3181 patet
2146 3132 2250 3180 quod
2269 3144 2368 3169 unus
2384 3134 2503 3170 homo

1451 3185 1706 3223 delectabilius
1736 3192 1771 3221 et
1797 3184 2009 3233 promptius
2037 3192 2215 3233 operatur
2240 3192 2365 3222 actum
2394 3186 2504 3222 unius

1450 3238 1597 3276 virtutis
1626 3250 1741 3286 quam
1775 3246 1901 3275 actum
1930 3238 2092 3275 alterius.
2123 3239 2214 3275 Non
2253 3250 2340 3285 ergo
2371 3251 2504 3276 omnes

1451 3292 1607 3328 virtutes
1636 3298 1721 3327 sunt
1749 3291 1926 3339 aequales
1954 3291 1992 3328 in
2019 3303 2096 3327 uno
2126 3299 2161 3327 et
2189 3291 2340 3328 eodem.

1506 3345 1579 3380 SED
1609 3355 1753 3380 CONTRA
1780 3355 1848 3381 EST
1876 3344 1980 3392 quod
2007 3344 2240 3391 Augustinus
2269 3344 2366 3391 dicit,
2396 3344 2434 3381 in
2453 3345 2503 3381 VI

1451 3397 1496 3433 de
1519 3398 1555 3433 T
1551 3397 1621 3433 rin.
1642 3396 1673 3444 ²¹⁵,
1703 3397 1808 3444 quod
1827 3397 2050 3445 quicumque
2067 3403 2152 3433 sunt
2178 3397 2352 3445 aequales
2371 3397 2407 3433 in
2423 3399 2505 3444 for-

1452 3450 1614 3495 titudine,
1644 3450 1828 3498 aequales
1845 3456 1931 3487 sunt
1957 3451 1993 3487 in
2020 3450 2217 3498 prudentia
2245 3456 2280 3486 et
2299 3456 2505 3499 temperan-

1452 3503 1525 3546 tia;
1554 3510 1590 3538 et
1617 3502 1668 3538 sic
1704 3503 1751 3539 de
1785 3502 1874 3540 aliis.
1909 3504 1994 3539 Hoc
2028 3510 2153 3539 autern
2182 3515 2260 3540 non
2290 3510 2405 3550 esset,
2436 3503 2506 3539 nisi

2633 313 2649 337 η

2535 410 2545 421 “
2559 411 2610 432 Art.
2625 416 2674 439 seq.

2535 619 2544 628 ·
2558 618 2583 640 In
2598 624 2703 646 corpore.

2535 884 2545 894 ·
2558 884 2625 907 Vers.
2640 892 2661 912 7.

2531 1808 2585 1863 {Ch
2594 1814 2633 1836 qu.
2643 1814 2688 1836 ινι,
2697 1812 2740 1830 art.

2530 2730 2539 2739 ·
2549 2729 2587 2750 Ad
2600 2729 2672 2758 Rom„
2688 2735 2738 2758 cap.

2531 2762 2562 2777 1v.

2532 2784 2552 2792 ·”
2562 2781 2629 2803 Num.
2641 2788 2691 2814 cap.
2699 2788 2741 2806 xxx.

2532 2814 2554 2829 n.
2569 2814 2592 2836 33
2607 2808 2680 2830 Ecch.
2691 2815 2743 2837 cap.

2531 2841 2582 2860 ην,
2597 2841 2656 2856 vers.
2671 2842 2695 2862 4.

2531 2861 2542 2872 ¹
2564 2861 2619 2882 Tob.
2639 2867 2690 2888 cap.
2709 2867 2742 2888 ιι,

2531 2893 2590 2908 vers.
2596 2893 2628 2913 ης
2638 2887 2683 2909 Iac.
2689 2894 2746 2915 cap.

2531 2920 2553 2940 v,
2569 2920 2628 2935 vers.
2644 2920 2669 2935 n.

2533 3416 2543 3424 '¹
2558 3415 2614 3443 Cap.
2629 3422 2659 3437 iv.
