2846 4146
362 229 438 275 428

1051 228 1316 274 QUAESTIO
1345 228 1484 273 LXVI,
1513 226 1808 264 ARTICULUS
1838 228 1850 263 1

809 415 1217 495 QUAESTIO
1255 412 2070 471 SEXAGESIMASEXTA

995 543 1078 582 DE
1110 541 1550 593 AEQUALITATE
1581 540 1903 581 VIRTUTUM

1192 654 1227 679 IN
1255 654 1320 679 SEX
1347 654 1547 680 ARTICULOS
1575 654 1691 679 DIVISA

445 822 566 851 tutum
586 813 616 849 ³¹².

361 876 410 912 Et
438 876 534 911 circa
561 874 635 910 hoc
663 879 895 921 quaeruntur
923 883 998 907 sex.

414 935 564 972 Primo:
601 941 728 970 utrum
760 932 878 969 virtus
911 931 1031 980 possit
1072 943 1154 968 esse
1196 930 1320 967 maior
1354 932 1415 967 vel

467 995 602 1031 minor.

414 1056 613 1094 Secundo:
642 1063 768 1092 utrum
798 1066 932 1091 omnes
959 1054 1116 1091 virtutes
1144 1053 1256 1090 simul
1285 1053 1323 1090 in
1352 1065 1415 1090 eo-

467 1119 560 1156 dem
584 1117 794 1164 existentes,
824 1116 896 1153 sint
924 1116 1116 1163 aequales.

124 838 184 860 trod.

362 763 550 846 Damni:
585 751 901 788 considerandum
930 757 984 785 est
1013 750 1059 786 de
1089 747 1312 795 aequalitate
1343 747 1417 784 vir-

140 812 175 834 Cf
182 812 334 840 qu.1.11v,1n-

1524 746 1677 783 Tertio:
1707 746 1754 783 de
1788 748 2070 796 comparatione
2106 749 2288 786 virtutum
2325 749 2527 786 moralium

1578 800 1626 836 ad
1655 799 1934 837 intellectuales.

1524 852 1689 898 Quarto:
1720 852 1766 889 de
1796 852 2081 902 comparatione
2108 852 2290 891 virtutum
2323 854 2527 892 moralium

1578 904 1626 941 ad
1653 904 1831 942 invicem.

1524 957 1686 1003 Quinto:
1717 957 1763 994 de
1794 957 2078 1006 comparatione
2097 957 2280 996 virtutum
2298 958 2525 998 intellectua-

1575 1009 1668 1046 lium
1697 1009 1746 1046 ad
1774 1010 1951 1047 invicem.

1524 1063 1660 1099 Sexto:
1689 1062 1736 1099 de
1766 1062 2050 1111 comparatione
2083 1063 2267 1100 virtutum
2300 1064 2527 1112 theologica.-

1577 1127 1664 1152 rum
1693 1115 1742 1152 ad
1769 1115 1947 1153 invicem.

1166 1232 1480 1274 ARTICULUS
1512 1232 1716 1274 PRIMUS

914 1325 1069 1356 UTRUM
1092 1324 1249 1355 vmrus
1272 1324 1418 1355 Possrr
1441 1324 1541 1355 ESSE
1564 1323 1704 1355 MAIOR
1726 1323 1810 1355 VEL
1833 1324 1973 1356 MINOR

786 1405 818 1430 111
837 1405 920 1432 Sent„
941 1404 999 1429 dist.
1017 1410 1103 1434 xxxvx,
1123 1407 1169 1429 art.
1187 1409 1218 1434 4;
1239 1403 1280 1428 De
1298 1402 1382 1432 Malo,
1402 1410 1446 1435 qu.
1460 1410 1492 1434 11,
1511 1407 1559 1428 art.
1572 1410 1597 1436 9,
1617 1403 1649 1427 ad
1667 1402 1699 1434 8;
1718 1403 1761 1429 De
1784 1403 1889 1435 Virtut„
1909 1411 1954 1437 qu.
1968 1411 1992 1434 v,
2011 1409 2057 1429 art.
2072 1403 2094 1429 3.

475 1509 531 1543 μὲ(
510 1512 548 1558 ἢ(
569 1507 592 1531 D
611 1505 747 1531 PR1MUM
776 1505 829 1529 sm
857 1503 1095 1529 PROCEDITUR.
1124 1490 1283 1528 Videtur
1310 1491 1416 1549 quod

388 1528 547 1605 Vivit„
569 1547 688 1584 virtus
715 1558 794 1583 non
816 1545 935 1604 possit
955 1556 1036 1582 esse
1056 1543 1179 1581 maior
1197 1544 1258 1580 vel
1278 1545 1414 1581 minor.

122 1608 132 1619 ¹*
147 1608 214 1630 Vers·
229 1608 263 1629 ¹⁶·
398 1632 402 1646 ζ
438 1613 499 1641 v,
510 1582 542 1640 “(1
555 1594 715 1637 Dicitur
735 1598 836 1635 enim
855 1598 894 1635 in
911 1598 1028 1646 Apoc.
1049 1609 1108 1634 xxl
1122 1597 1152 1644 *,
1177 1596 1282 1645 quod
1301 1597 1416 1634 latera

366 1656 370 1662 “
419 1617 730 1690 ζ”ῑῦεινιῑειῖιε
763 1651 967 1688 Ierusalem
1001 1657 1087 1687 sunt
1123 1650 1306 1698 aequalia.
1342 1651 1416 1686 Per

360 1707 455 1743 haec
474 1713 601 1742 autem
617 1704 872 1752 significantur
889 1703 1058 1750 virtutes,
1077 1709 1119 1740 ut
1133 1703 1269 1740 Glossa
1286 1702 1306 1724 ’¹‘
1331 1702 1417 1740 dicit

360 1759 514 1796 ibidem.
543 1759 644 1805 Ergo
674 1769 808 1793 omnes
826 1756 982 1793 virtutes
1001 1763 1088 1792 sunt
1106 1757 1295 1804 aequales.
1325 1757 1416 1793 Non

362 1824 451 1859 ergo
479 1818 603 1859 potest
631 1822 712 1846 esse
739 1809 857 1846 virtus
885 1808 1008 1846 maior
1035 1808 1181 1845 virtute.

415 1876 449 1900 2.
479 1865 710 1908 PRAETEREA,
740 1873 856 1898 omne
883 1861 974 1897 illud
998 1861 1102 1897 cuius
1123 1860 1216 1897 ratio
1250 1861 1417 1898 consistit

359 1917 400 1954 in
427 1916 616 1962 maximo,
652 1927 731 1952 non
762 1921 887 1962 potest
922 1925 1003 1950 esse
1035 1913 1159 1950 maius
1186 1913 1248 1950 vel
1277 1913 1414 1950 minus.

360 1967 435 2006 Sed
465 1968 557 2005 ratio
585 1967 730 2005 virtutis
759 1965 928 2003 consistit
954 1965 993 2002 in
1020 1965 1209 2002 maximo:
1239 1974 1295 2002 est
1313 1966 1415 2003 enim

359 2021 477 2059 virtus
507 2021 676 2057 ultimum
698 2020 898 2068 potentiae,
926 2026 968 2055 ut
996 2018 1248 2077 Philosophus
1273 2018 1387 2056 dicit
1378 2031 1416 2056 in

361 2076 374 2111 I
395 2075 440 2111 de
463 2074 575 2110 Caelo
594 2073 630 2120 *3
660 2080 696 2109 et
714 2071 946 2120 Augustinus
967 2071 1079 2108 etiam
1101 2070 1188 2107 dicit
1207 2077 1235 2118 α,
1262 2071 1300 2108 in
1319 2073 1351 2108 ΙΙ
1371 2072 1417 2108 de

359 2128 442 2165 Lib.
461 2127 554 2163 Arb.
569 2126 601 2173 ³¹⁶,
622 2127 726 2174 quod
745 2126 896 2162 virtutes
913 2130 1000 2161 sunt
1017 2124 1187 2161 maxima
1207 2125 1317 2170 bona,
1338 2125 1417 2172 qui-

360 2182 428 2217 bus
462 2179 584 2217 nullus
615 2184 735 2227 potest
764 2177 863 2214 male
898 2178 960 2213 uti.
995 2177 1097 2224 Ergo
1130 2176 1280 2214 videtur
1294 2177 1417 2226 quod

359 2234 478 2271 virtus
506 2244 585 2269 non
613 2231 731 2280 possit
759 2243 840 2267 esse
869 2229 991 2266 maior
1019 2241 1143 2278 neque
1172 2229 1308 2267 minor.

416 2287 450 2323 3.
479 2286 720 2330 PRAETEREA,
751 2283 936 2332 quantitas
971 2282 1126 2319 effectus
1153 2290 1334 2330 pensatur
1361 2295 1417 2319 se-

362 2338 531 2375 cundum
558 2337 736 2373 virtutem
760 2335 914 2383 agentis.
946 2334 1023 2371 Sed
1040 2334 1198 2372 virtutes
1216 2335 1416 2382 perfectae,

362 2403 459 2439 quae
493 2397 579 2426 sunt
610 2389 766 2426 virtutes
802 2388 968 2434 infusae,
1004 2394 1089 2423 sunt
1117 2399 1139 2423 a
1167 2388 1273 2434 Deo,
1313 2387 1417 2424 cuius

361 2443 478 2480 virtus
498 2450 552 2479 est
570 2441 767 2480 uniformis
788 2448 823 2476 et
842 2439 996 2477 infinita.
1026 2440 1128 2487 Ergo
1146 2439 1295 2476 videtur
1313 2440 1418 2489 quod

360 2496 478 2533 virtus
506 2507 584 2531 non
611 2493 730 2542 possit
757 2505 838 2529 esse
866 2492 990 2529 maior
1015 2491 1164 2528 virtute.

416 2549 489 2585 SED
522 2558 684 2592 CONTRA,
713 2545 946 2592 ubicumque
975 2551 1099 2592 potest
1127 2556 1208 2580 esse
1237 2556 1418 2592 augmen-

361 2608 442 2637 tum
472 2607 508 2636 et
535 2597 891 2647 superabundantia,
913 2604 1037 2645 potest
1057 2609 1139 2633 esse
1159 2596 1416 2644 inaequalitas.

363 2653 440 2690 Sed
477 2653 515 2689 in
542 2652 742 2689 virtutibus
779 2649 968 2687 invenitur
1005 2649 1350 2697 superabundantia
1383 2657 1419 2686 et

126 2714 135 2722 “
151 2712 216 2733 Vers-
231 2717 267 2732 20·
363 2713 629 2753 augmentum:
660 2704 794 2741 dicitur
813 2703 915 2739 enim
936 2702 1068 2739 Matth.
1089 2714 1113 2738 v
1131 2701 1166 2738 *ε
1195 2703 1286 2739 Nisi
1301 2703 1418 2739 abun-

363 2759 508 2795 daverit
540 2758 675 2794 iustitia
711 2762 834 2793 uestra
865 2755 953 2803 plus
986 2767 1100 2803 quam
1137 2755 1356 2791 Scribarum
1385 2761 1420 2792 et

362 2812 664 2856 Pharisaeorum,
682 2821 755 2846 non
775 2808 957 2845 intrabitis
975 2808 1012 2844 in
1029 2819 1189 2857 regnum
1210 2808 1419 2853 caelorum;

365 2872 401 2900 et
417 2864 596 2900 Proverb.
615 2875 663 2899 xv
680 2861 701 2884 ’¹‘
721 2862 870 2899 dicitur:
899 2862 946 2897 In
966 2861 1173 2897 abundanti
1191 2861 1326 2897 iustitia
1345 2862 1419 2897 vir-

364 2923 420 2953 tus
448 2916 617 2953 maxima
636 2921 698 2951 est.
729 2915 829 2962 Ergo
849 2914 999 2951 videtur
1025 2914 1130 2961 quod
1157 2913 1274 2950 virtus
1301 2914 1421 2962 possit

366 2982 447 3006 esse
475 2968 597 3005 maior
623 2968 684 3004 vel
712 2967 847 3003 minor.

124 2189 206 2217 'Cp
220 2195 285 2211 ¹111

417 3023 640 3058 RESPONDEO
656 3032 839 3057 DICENDUM
859 3019 964 3068 quod
985 3031 1072 3055 cum
1087 3018 1278 3066 quaeritur
1291 3026 1419 3056 utrum

225 3073 240 3107 β
364 3074 481 3111 virtus
507 3086 584 3110 una
611 3073 729 3121 possit
757 3085 838 3109 esse
857 3070 872 3101 β
900 3071 1022 3108 maior
1047 3071 1130 3118 alia,
1152 3071 1347 3120 dupliciter
1366 3071 1420 3108 in-

366 3127 476 3174 telligi
502 3133 627 3175 potest
654 3125 835 3173 quaestio.
865 3125 951 3161 Uno
985 3124 1124 3170 modo,
1154 3124 1193 3161 in
1219 3124 1419 3161 virtutibus

366 3179 491 3228 specie
520 3178 789 3216 differentibus.
819 3178 867 3213 Et
895 3177 947 3214 sic
975 3176 1215 3213 manifestum
1241 3184 1296 3213 est
1315 3176 1420 3226 quod

366 3244 441 3268 una
469 3231 587 3269 virtus
617 3238 671 3267 est
699 3230 769 3267 alia
798 3230 930 3266 maior.
962 3230 1122 3278 Semper
1151 3229 1252 3266 enim
1279 3236 1335 3266 est
1352 3242 1420 3278 po-

366 3285 438 3321 tior
475 3296 588 3321 causa
616 3296 685 3320 suo
721 3283 875 3319 effectu·
913 3290 948 3319 et
970 3287 986 3310 Υ
1014 3282 1052 3319 in
1081 3282 1287 3329 effectibus,
1316 3289 1419 3319 tanto

277 3350 339 3394 3¹1
367 3336 506 3385 aliquid
535 3344 591 3373 est
608 3336 745 3384 potius,
767 3342 908 3383 quanto
930 3342 984 3371 est
1004 3347 1139 3371 causae
1158 3334 1419 3383 propinquius.

228 3287 245 3312 τ

131 3348 140 3358 “
156 3347 233 3374 Qu.x
218 3352 282 3374 x‚vm

170 3380 184 3402 ‘³
227 3379 277 3400 ¹¹¹
368 3390 612 3427 Manifestum
641 3396 696 3425 est
723 3395 850 3424 autem
872 3399 916 3423 ex
937 3387 1041 3424 dictis
1059 3387 1079 3408 ’¹‘
1107 3388 1212 3436 quod
1240 3400 1353 3424 causa
1386 3394 1422 3424 et

131 3379 155 3401 53
187 3380 209 3395 u.

131 3406 151 3421 2.

422 3503 448 3534 α)
467 3502 547 3526 etiam
567 3501 640 3526 dicit.
652 3515 670 3519 -
684 3501 749 3526 dicit
767 3501 810 3531 HI,
829 3501 869 3525 ait
887 3505 945 3524 ante
964 3501 1035 3532 quod
1055 3501 1082 3530 P,
1101 3509 1153 3525 om.
1173 3501 1213 3526 ed.
1233 3508 1258 3525 α.

422 3536 447 3570 β)
462 3537 548 3569 possit
566 3544 628 3562 esse.
642 3550 661 3555 —
678 3536 713 3560 sit
732 3536 841 3561 codices.
856 3550 874 3554 —
893 3537 943 3560 Pro
962 3536 1094 3568 quaestio,
1114 3536 1178 3561 haec
1197 3536 1315 3568 quaestio
1334 3535 1385 3561 EF.

806 3664 815 3680 Ι

1469 1490 1575 1528 radix
1602 1491 1761 1528 humani
1790 1491 1882 1528 boni
1912 1499 1967 1529 est
1994 1492 2101 1530 ratio.
2131 1494 2179 1530 Et
2207 1493 2295 1531 ideo
2314 1494 2527 1543 prudentia,

1470 1555 1568 1591 quae
1588 1544 1733 1592 perficit
1755 1544 1952 1592 rationem,
1977 1545 2186 1593 praefertur
2203 1546 2241 1583 in
2261 1546 2427 1584 bonitate
2447 1548 2528 1585 aliis

1468 1596 1668 1633 virtutibus
1694 1596 1914 1644 moralibus,
1942 1597 2225 1645 perficientibus
2253 1598 2332 1635 vim
2359 1600 2528 1648 appetiti-

1469 1661 1560 1686 vam
1596 1649 1821 1698 inquantum
1853 1649 2050 1698 participat
2082 1650 2280 1687 rationem.
2319 1651 2369 1688 Et
2399 1651 2438 1688 in
2469 1652 2528 1690 his

1471 1702 1584 1739 etiam
1611 1709 1715 1738 tanto
1745 1709 1800 1738 est
1826 1713 1903 1738 una
1931 1702 2048 1738 altera
2070 1702 2217 1749 melior,
2245 1710 2388 1752 quanto
2406 1704 2528 1752 magis

1470 1754 1519 1791 ad
1540 1754 1725 1790 rationem
1754 1754 1910 1790 accedit.
1939 1754 2050 1791 Unde
2070 1762 2107 1791 et
2123 1755 2271 1803 iustitia,
2291 1768 2390 1803 quae
2414 1765 2470 1795 est
2488 1757 2528 1795 in
2571 1769 2576 1774 ⁴

1468 1807 1674 1853 voluntate,
1693 1807 1901 1855 praefertur
1919 1806 1998 1843 aliis
2015 1807 2217 1845 virtutibus
2236 1808 2462 1847 moralibus:
2492 1817 2529 1847 et

1469 1859 1662 1906 fortitudo,
1682 1871 1779 1907 quae
1809 1866 1864 1896 est
1887 1859 1925 1896 in
1944 1859 2128 1907 irascibili,
2147 1861 2357 1908 praefertur
2382 1869 2528 1922 tempe-

1470 1911 1627 1970 tantiae,
1658 1924 1755 1960 quae
1784 1919 1839 1948 est
1866 1911 1905 1948 in
1938 1912 2240 1961 concupiscibili,
2270 1925 2370 1961 quae
2401 1915 2528 1953 minus

1469 1964 1667 2013 participat
1694 1964 1892 2011 rationem,
1922 1972 1963 2001 ut
1989 1972 2092 2014 patet
2117 1965 2156 2002 in
2183 1966 2252 2003 VII
2278 1967 2400 2004 Ethic.
2420 1966 2440 1989 *

1522 2017 1607 2054 Alio
1634 2017 1753 2054 modo
1787 2025 1912 2066 potest
1943 2017 2095 2065 intelligi
2127 2018 2297 2066 quaestio
2325 2019 2364 2056 in
2390 2019 2528 2059 virtute

1471 2069 1644 2107 eiusdem
1672 2069 1822 2118 speciei.
1853 2071 1902 2107 Et
1929 2069 1993 2117 sic,
2018 2071 2229 2108 secundum
2248 2083 2293 2109 ea
2311 2083 2411 2121 quae
2431 2072 2529 2111 dicta

1471 2130 1559 2159 sunt
1577 2134 1692 2171 supra
1705 2122 1736 2170 ²⁸,
1757 2134 1845 2160 cum
1866 2124 1912 2160 de
1932 2122 2208 2161 intensionibus
2226 2123 2529 2173 habituum-age·
2556 2133 2566 2143 ¹
2619 2147 2625 2154 ·

1471 2183 1584 2223 retur,
1599 2175 1717 2212 virtus
1736 2182 1862 2224 potest
1880 2175 2076 2224 dupliciter
2095 2176 2168 2213 dici
2186 2177 2310 2214 maior
2329 2185 2366 2215 et
2382 2177 2528 2215 minor:

1470 2241 1548 2265 uno
1581 2228 1721 2275 modo,
1750 2229 1962 2266 secundum
1995 2229 2178 2277 seipsam;
2211 2229 2284 2266 alio
2313 2230 2454 2278 modo,
2483 2243 2530 2269 ex

1470 2288 1575 2329 parte
1595 2281 1851 2329 participantis
1870 2281 2038 2318 subiecti.
2061 2281 2101 2318 Si
2115 2281 2224 2329 igitur
2242 2283 2455 2321 secundum
2473 2295 2530 2321 se-

1471 2334 1594 2381 ipsam
1623 2333 1891 2380 consideretur,
1921 2334 2144 2381 magnitudo
2172 2335 2234 2372 vel
2261 2335 2428 2383 parvitas
2448 2335 2529 2374 eius

1472 2385 1671 2422 attenditur
1689 2386 1901 2422 secundum
1922 2398 1966 2422 ea
1985 2386 2034 2422 ad
2054 2398 2151 2434 quae
2171 2399 2212 2423 se
2232 2388 2405 2424 extendit.
2436 2388 2529 2435 Qui-

1473 2450 1634 2487 cumque
1654 2445 1780 2474 autem
1801 2438 1915 2474 habet
1933 2438 2098 2487 aliquam
2115 2439 2305 2487 virtutem,
2324 2447 2415 2489 puta
2434 2447 2529 2477 tem-

1472 2491 1700 2539 perantiam,
1729 2491 1844 2527 habet
1874 2490 1997 2538 ipsam
2029 2498 2214 2538 quantum
2246 2492 2296 2529 ad
2323 2493 2453 2530 omnia
2480 2493 2530 2531 ad

1473 2555 1571 2592 quae
1599 2555 1639 2579 se
1668 2542 1915 2591 temperantia
1945 2543 2119 2580 extendit.
2154 2544 2270 2590 Quod
2299 2545 2346 2581 de
2375 2545 2530 2582 scientia

1473 2603 1509 2632 et
1537 2603 1614 2632 arte
1642 2608 1720 2632 non
1750 2595 1947 2642 contingit:
1977 2607 2055 2632 non
2084 2596 2185 2632 enim
2214 2596 2445 2646 quicumque
2475 2605 2531 2635 est

1472 2648 1759 2696 grammaticus,
1789 2647 1857 2684 scit
1885 2647 2014 2684 omnia
2041 2660 2139 2697 quae
2167 2649 2215 2686 ad
2243 2650 2529 2697 grammaticam

1471 2701 1670 2750 pertinent.
1701 2702 1749 2737 Et
1768 2700 1978 2737 secundum
1998 2701 2074 2737 hoc
2093 2701 2189 2738 bene
2210 2702 2382 2739 dixerunt
2401 2702 2528 2751 Stoici,

1472 2761 1513 2790 ut
1541 2753 1755 2802 Simplicius
1783 2753 1871 2790 dicit
1896 2753 1934 2790 in
1960 2754 2177 2790 Commento
2204 2755 2529 2793 Praedicamento-

1473 2819 1558 2843 rum
1577 2806 1608 2853 ²¹²,
1639 2807 1743 2855 quod
1761 2806 1879 2843 virtus
1900 2818 1978 2842 non
1997 2806 2127 2855 recipit
2148 2807 2267 2855 magis
2296 2815 2332 2844 et
2350 2806 2363 2829 δ
2391 2808 2528 2856 minus,

1473 2860 1569 2896 sicut
1596 2858 1749 2895 scientia
1771 2860 1833 2895 vel
1862 2871 1941 2904 ars;
1971 2871 2017 2895 eo
2037 2859 2142 2907 quod
2161 2860 2254 2897 ratio
2273 2860 2420 2897 virtutis
2440 2873 2529 2898 con-

1474 2919 1564 2949 srstit
1590 2924 1629 2948 in
1656 2923 1837 2948 maximo.

1528 2964 1568 3002 Si
1594 2976 1688 3001 vero
1723 2964 1981 3001 consideretur
2007 2965 2125 3002 virtus
2158 2975 2203 3002 ex
2235 2973 2341 3014 parte
2374 2965 2531 3003 subiecti

1473 3017 1739 3067 participantis,
1760 3017 1812 3054 sic
1832 3017 2011 3065 contingit
2028 3017 2206 3054 virtutem
2233 3031 2315 3055 esse
2344 3018 2530 3056 maiorem

1473 3071 1536 3107 vel
1568 3070 1775 3106 minorem:
1805 3070 1886 3107 sive
1914 3070 2124 3107 secundum
2160 3070 2309 3108 diversa
2335 3079 2529 3120 tempora,

1474 3124 1512 3160 in
1532 3123 1670 3160 eodem
1689 3122 1724 3169 *3
1755 3122 1834 3159 sive
1863 3122 1901 3159 in
1926 3122 2082 3159 diversis
2102 3123 2332 3160 hominibus.
2362 3123 2462 3170 Quia
2481 3123 2531 3161 ad

1475 3175 1732 3223 attingendum
1755 3175 1925 3212 medium
1943 3175 2101 3223 virtutis,
2122 3176 2226 3224 quod
2247 3184 2302 3212 est
2320 3176 2530 3213 secundum

1476 3228 1660 3265 rationem
1676 3235 1830 3275 rectam,
1846 3240 1945 3265 unus
1965 3235 2020 3265 est
2038 3228 2173 3265 melius
2193 3228 2395 3277 dispositus
2414 3240 2530 3277 quarn

1476 3281 1589 3318 alius:
1621 3281 1684 3318 vel
1720 3287 1874 3329 propter
1911 3280 2097 3317 maiorem
2132 3281 2436 3329 assuetudinem,
2468 3281 2531 3318 vel

1476 3341 1631 3382 propter
1649 3333 1847 3370 meliorem
1872 3333 2158 3382 dispositionem
2176 3341 2344 3381 naturae,
2363 3334 2426 3371 vel
2444 3345 2531 3382 pro-

1476 3394 1559 3435 pter
1577 3386 1829 3435 perspicacius
1848 3385 2030 3422 iudicium
2050 3386 2214 3434 rationis,
2231 3394 2294 3423 aut
2312 3386 2423 3423 etiam
2441 3397 2531 3434 pro-

1528 3500 1554 3533 γ)
1575 3504 1608 3525 et.
1627 3513 1645 3518 —
1663 3503 1688 3524 et
1707 3500 1788 3524 etiam
1807 3499 1858 3523 EF.

1528 3534 1552 3567 ὃ)
1571 3538 1604 3560 et.
1623 3549 1640 3553 —-
1659 3542 1743 3566 neque
1762 3535 1806 3558 Pa.

2555 2813 2682 2868 aaut
2695 2813 2767 2842 0...-

2557 3137 2567 3146 ·
2580 3136 2609 3159 Ι).
2622 3142 2666 3166 3ι5,
2681 3142 2752 3164 rosia.
