2852 4152
0 171 18 420 ..q-*..”‚.w-‘*,4oeqij
0 99 15 142 τῇς
0 58 3 70 ‘¹
5 11 7 35 .„

94 450 234 475 'VidePum
238 449 257 477 1,
263 455 303 476 qu.

83 482 157 525 {finni}-
164 465 257 530 ‚using
258 475 305 528 viil,

110 535 166 576 ...¹
159 531 230 583 ·,.·;¹.·
234 517 306 581 aava

96 1882 180 1933 RQ·

173 2046 309 2068 .v,..n2

171 2057 309 2090 Adai-vm

2 2543 47 2605 vu.»-
14 2495 20 2501 *2
22 2407 23 2410 „

15 3223 22 3234 Λ,
22 3210 24 3215 ,
5 2946 34 3194 ‘'pq-emfflk.
12 2907 30 2939 ’,Η
19 2875 33 2898 .,.
15 2827 30 2850 *.v,
19 2816 21 2818 .
19 2803 22 2807 .
22 2791 27 2796 ,
19 2756 21 2758 .
20 2710 22 2714 ,

387 275 401 292 ἱ

331 314 444 346 ultima
459 314 492 344 in
515 324 579 355 qua
602 313 744 344 consistit
766 313 896 344 felicitas
919 314 1039 351 ultima,
1057 313 1096 346 sit
1118 314 1281 354 imperata,
1305 314 1390 353 apud

331 358 508 389 doctrinam
531 368 555 388 s.
571 358 727 393 Thomae,
753 358 906 398 quoniam
928 358 1019 398 ponit
1041 357 1236 388 voluntatem
1255 364 1285 388 et
1300 357 1391 388 intel-

330 403 450 434 lectum
472 401 606 432 naturali
629 408 720 431 motu
745 401 816 432 ferri
832 401 866 432 in
880 402 986 432 Deum
1009 402 1152 432 oblatum
1176 411 1250 432 cum
1269 401 1390 432 lumine

331 446 450 486 gloriae
465 445 491 476 *.
508 446 596 476 Haec
612 445 696 475 enim
721 446 823 476 solves
838 446 991 476 intuendo
1015 446 1104 487 quod
1121 446 1264 486 loquitur
1280 446 1318 475 de
1333 445 1390 475 ho-

331 490 417 521 mine
438 489 631 530 inquantum
652 489 768 525 home,
793 496 823 520 et
845 500 911 520 non
935 496 1090 531 quatenus
1113 490 1237 520 divinae
1261 499 1390 520 consors

332 540 379 565 est
401 540 530 565 naturae
553 543 609 573 per
631 533 774 572 gloriam.

397 578 439 609 Et
461 578 487 608 si
509 578 590 608 hanc
613 578 732 608 litterae
760 577 999 617 responsionem
1022 577 1195 614 notaveris,
1223 576 1391 617 perspicies

332 621 624 662 interpretationem
645 621 826 662 principalis
849 621 1061 652 conclusionis
1080 621 1280 662 responsivae
1307 620 1391 661 posi-

1056 236 1322 282 QUAESTIO
1353 237 1383 280 1,
1413 236 1708 273 ARTICULUS
1738 237 1769 272 ΙΙ
2476 248 2498 283 9

1444 320 1493 344 tae
1515 313 1548 344 in
1573 324 1704 354 corpore
1727 313 1823 344 huius
1839 313 1974 349 articuli,
1999 313 2127 344 scilicet:
2149 313 2266 344 Omnes
2282 314 2421 344 actiones
2443 315 2499 345 hu-

1445 367 1562 388 manae
1585 363 1660 388 sunt
1678 362 1812 398 propter
1824 358 1939 398 finem.
1965 358 2012 398 Ly
2029 357 2114 387 enim
2131 367 2239 387 omnes
2263 367 2327 387 non
2344 358 2500 388 distribuit

1445 411 1503 441 pro
1528 402 1677 432 omnibus
1700 401 1877 432 actionibus
1896 411 2040 431 seorsum
2056 401 2204 441 sumptis;
2221 401 2275 430 sed
2291 411 2348 440 pro
2369 402 2499 441 singulis

1445 445 1579 485 perfecte
1602 455 1657 476 seu
1681 445 1870 485 integraliter
1892 445 2035 485 sumptis.
2060 445 2093 475 Si
2116 445 2201 474 enim
2224 445 2328 485 aliqua
2351 445 2431 475 actio
2453 446 2499 475 in-

1446 489 1586 520 tellectus
1609 496 1655 520 est
1678 489 1810 520 ultimus
1825 488 1904 526 finis,
1921 489 1974 519 illa
1990 489 2166 519 secundum
2184 498 2216 518 se
2233 489 2300 520 sola
2315 498 2381 519 non
2398 495 2501 529 potest

1446 543 1512 563 esse
1527 540 1656 573 propter
1671 533 1783 564 finem:
1797 533 1871 564 sed
1863 543 1930 573 lpsa
1944 533 2063 563 ratione
2087 532 2154 563 eius
2168 533 2248 563 velle
2261 543 2277 563 a
2293 542 2358 573 quo
2374 533 2498 573 pendet,

1446 578 1535 617 quod
1556 577 1588 621 in
1612 587 1644 607 se
1667 577 1880 617 participative
1903 577 2028 613 claudit,
2052 584 2098 607 est
2121 583 2250 616 propter
2268 576 2374 607 finem.
2399 577 2439 607 Et
2457 577 2500 607 sic

1446 630 1558 651 omnes
1571 617 1719 651 actiones
1742 621 1899 652 humanae
1922 628 1995 652 sunt
2018 628 2147 679 propter
2168 620 2274 651 finem.

1098 788 1414 830 ARTICULUS
1444 788 1739 830 SECUNDUS

632 889 799 920 ‘UTRUM
822 889 966 920 AGERE
989 889 1188 920 PROPTER
1210 889 1344 919 FINEM
1367 888 1433 919 SIT
1457 888 1676 920 PROPRIUM
1699 888 1958 920 RATIONALIS
1980 889 2188 920 NATURAE

731 968 806 998 Infra,
821 975 865 1000 qu.
874 975 918 999 ΧΠ,
933 972 979 992 art.
990 966 1018 998 5;
1032 967 1052 992 ll
1067 968 1144 992 Cont.
1161 968 1249 996 Gent„
1263 974 1320 999 cap.
1334 974 1409 998 xxm3
1424 967 1462 997 111,
1477 975 1533 1000 cap.
1545 975 1567 998 1,
1582 975 1614 998 ιι,
1629 975 1682 997 xvr,
1696 975 1767 998 xxrv;
1783 968 1824 992 De
1838 968 1906 996 Pot..
1920 975 1964 1000 qu.
1977 975 2000 998 1,
2015 972 2062 992 art.
2074 967 2103 997 5;

1134 1010 1179 1035 qu.
1192 1010 1233 1033 111,
1247 1006 1294 1027 art.
1313 1001 1356 1033 ¹53
1372 1003 1394 1026 V
1408 1002 1569 1035 Metaphy‘s„
1584 1003 1641 1027 lect.
1653 1010 1703 1027 ινι-

376 1120 384 1129 ,
430 1109 431 1112 =
455 1120 470 1133 ,Ι
547 1097 570 1121 D
590 1095 778 1121 SECUNDUM
793 1095 846 1120 s1c
861 1094 1098 1120 PROCEmTUR.
1114 1083 1272 1120 Videtur
1285 1083 1390 1132 quod

388 1130 527 1199 *3⁷²5
549 1149 659 1185 agere
686 1143 842 1185 propter
859 1136 977 1173 finem
997 1136 1043 1173 sit
1060 1135 1258 1184 proprium
1281 1135 1392 1172 ratio-

461 1212 467 1215 ν
521 1188 641 1227 nalis
678 1197 845 1226 naturae.
885 1190 1015 1226 Homo
1045 1188 1164 1235 enim,
1203 1189 1308 1225 cuius
1337 1195 1393 1225 est

392 1260 405 1270 »
550 1255 660 1290 agere
677 1249 833 1290 propter
850 1242 981 1288 finem,
997 1253 1194 1288 nunquam
1215 1241 1288 1288 agit
1305 1253 1392 1289 pro-

334 1304 417 1345 pter
443 1296 561 1331 finem
588 1295 771 1342 ignotum.
802 1293 879 1329 Sed
911 1294 1030 1329 multa
1061 1300 1148 1329 sunt
1183 1305 1280 1341 quae
1314 1305 1391 1329 non

335 1353 569 1406 cognoscunt
596 1346 732 1382 finem·
757 1345 820 1381 vel
850 1344 975 1393 quia⁰‘
993 1345 1152 1381 omnino
1174 1353 1300 1381 carent
1329 1357 1391 1381 co-

333 1398 512 1449 gnitione,
534 1398 627 1434 sicut
647 1404 838 1434 creaturae
858 1397 1108 1441 insensibiles:
1129 1398 1191 1433 vel
1212 1397 1300 1446 quia
1315 1409 1393 1434 non

279 1490 283 1491 .
319 1450 626 1502 rappeehendfint
652 1450 838 1487 rationem
866 1449 964 1496 finis,
994 1449 1089 1486 sicut
1115 1450 1226 1486 bruta
1250 1449 1393 1486 anima-

333 1505 392 1542 lia.
413 1504 573 1540 Videtur
601 1515 689 1551 ergo
718 1501 916 1551 proprium
950 1514 1032 1539 esse
1069 1502 1259 1539 rationalis
1287 1509 1394 1539 natu-

334 1554 433 1595 rael³
460 1568 572 1604 agere
599 1563 755 1605 propter
782 1555 910 1591 finem.

389 1621 424 1647 2.
454 1610 691 1656 PRAETEREA,
722 1620 832 1656 agere
865 1604 1020 1656 propter
1046 1607 1166 1644 finem
1202 1614 1257 1643 est
1294 1606 1393 1643 ordi-

334 1675 426 1702 nare
446 1674 555 1700 suam
570 1661 759 1698 actionem
776 1660 824 1697 ad
839 1661 970 1697 finem.
988 1660 1064 1697 Sed
1079 1660 1154 1696 hoc
1170 1666 1224 1696 est
1239 1659 1393 1696 rationis

335 1728 444 1767 opus.
474 1715 576 1762 Ergo
597 1726 675 1751 non
695 1713 872 1750 convenit
889 1713 946 1750 his
967 1725 1065 1762 quae
1085 1712 1228 1749 ratione
1254 1720 1391 1749 carent.

338 1801 342 1807 .
390 1769 424 1806 3.
445 1768 686 1813 PRAETEREA,
707 1767 854 1803 bonum
875 1774 910 1803 et
929 1765 1015 1803 finis
1036 1773 1091 1802 est
1110 1765 1304 1802 obiectum
1324 1777 1393 1802 vo-

334 1820 496 1859 luntatis.
520 1819 596 1857 Sed
615 1818 787 1856 voluntas
814 1819 851 1855 in
880 1819 1025 1856 ratione
1051 1824 1115 1864 est,
1135 1819 1176 1855 ut
1205 1818 1338 1866 dicitur
1356 1818 1394 1855 in

184 1893 309 1932 nam*
335 1874 386 1912 111
407 1874 453 1911 de
470 1873 611 1910 Anima
626 1869 658 1908 *ἰ
674 1872 778 1919 Ergo
798 1883 909 1919 agere
927 1878 1084 1920 propter
1101 1871 1220 1908 finem
1241 1883 1319 1908 non
1341 1878 1395 1908 est

335 1926 408 1965 nisi
435 1924 624 1963 rationalis
653 1932 821 1961 naturae.

390 1980 463 2016 SED
492 1986 638 2016 CONTRA
665 1989 731 2014 EST
760 1976 866 2025 quod
904 1976 1159 2026 Philosophus
1192 1977 1330 2025 probat
1357 1977 1395 2013 in

337 2033 370 2070 ΙΙ
388 2032 538 2080 Physic.
553 2031 585 2077 ²¹²,
607 2030 712 2078 quod
732 2043 806 2067 non
825 2029 947 2066 solum
967 2030 1179 2075 intellectus,
1198 2029 1264 2066 sed
1282 2030 1393 2066 etiam

337 2090 474 2123 natura
502 2084 586 2133 agit
606 2088 761 2131 propter
776 2084 912 2130 finem.

390 2138 616 2174 Respommo
644 2147 828 2172 DtCENDUM
856 2134 960 2183 quod
993 2133 1123 2171 omnia
1155 2134 1301 2181 agentia
1329 2146 1394 2170 ne-

338 2202 443 2228 cesse
463 2197 518 2226 est
536 2201 646 2236 agere
666 2195 820 2236 propter
838 2188 969 2224 finem.
992 2187 1204 2223 Causarum
1225 2186 1326 2223 enim
1347 2186 1395 2223 ad

336 2241 500 2280 invicem
529 2241 809 2287 ordinatarum,
838 2241 868 2277 si
895 2240 1018 2288 prima
1045 2240 1300 2285 subtrahatur,
1330 2251 1394 2275 ne-

337 2306 442 2332 cesse
462 2301 518 2331 est
537 2293 626 2330 alias
646 2292 824 2329 subtrahi.
845 2292 972 2329 Prima
992 2299 1119 2328 autem
1139 2291 1236 2328 inter
1260 2303 1395 2328 omnes

337 2359 470 2385 causas
499 2353 556 2383 est
579 2357 693 2382 causa
711 2345 845 2382 finalis.
867 2344 985 2381 Cuius
1005 2344 1099 2381 ratio
1120 2351 1185 2390 est,
1207 2343 1295 2392 quia
1313 2355 1393 2380 ma-

336 2399 428 2438 teria
442 2412 521 2436 non
536 2397 779 2447 consequitur
793 2397 968 2443 formam,
979 2396 1049 2434 nisi
1063 2397 1275 2434 secundum
1290 2397 1395 2444 quod

337 2460 516 2490 movetur
543 2451 590 2489 ab
611 2458 762 2499 agente:
792 2450 883 2487 nihil
903 2449 1005 2487 enim
1034 2449 1178 2486 reducit
1197 2462 1236 2486 se
1264 2450 1310 2487 de
1326 2462 1395 2499 po-

337 2505 453 2543 tentia
480 2505 519 2541 in
547 2511 684 2542 actum.
704 2505 832 2551 Agens
861 2511 989 2540 autem
1013 2515 1091 2539 non
1109 2510 1241 2540 movet
1259 2502 1329 2540 nisi
1351 2515 1395 2539 ex

336 2557 543 2596 intentione
564 2556 662 2594 finis.
686 2556 724 2593 Si
744 2555 845 2593 enim
866 2568 980 2603 agens
1004 2568 1082 2592 non
1103 2563 1200 2592 esset
1220 2555 1395 2592 determi-

337 2618 470 2648 natum
484 2611 534 2648 ad
552 2610 719 2658 aliquem
740 2609 930 2655 effectum,
947 2621 1025 2646 non
1043 2608 1162 2656 magis
1181 2615 1308 2656 ageret
1322 2608 1396 2645 hoc

338 2676 456 2712 quam
491 2663 602 2700 illud:
637 2662 685 2699 ad
727 2662 801 2698 hoc
838 2673 928 2708 ergo
966 2661 1070 2710 quod
1103 2661 1394 2698 determinatum

339 2715 519 2754 effectum
537 2714 734 2764 producat,
755 2726 911 2751 necesse
931 2721 987 2750 est
1005 2715 1110 2762 quod
1125 2713 1397 2751 determinetur

339 2769 387 2807 ad
416 2768 555 2818 aliquid
585 2775 749 2814 certum,
786 2767 890 2816 quod
918 2767 1039 2803 habet
1076 2767 1262 2804 rationem
1297 2766 1394 2803 finis.

339 2823 447 2860 Haec
465 2828 593 2859 autem
614 2820 889 2866 determinatio,
906 2819 1000 2856 sicut
1017 2819 1056 2857 in
1076 2818 1246 2857 rationali
1265 2826 1397 2856 natura

338 2876 382 2913 fit
408 2887 478 2924 per
505 2873 729 2911 rationalem
759 2872 979 2922 appetitum,
1009 2871 1073 2922 qui
1103 2872 1235 2909 dicitur
1261 2872 1397 2908 volun-

337 2936 414 2975 tas;
444 2928 494 2964 ita
522 2927 560 2963 in
590 2926 668 2963 aliis
696 2926 739 2962 fit
765 2937 835 2974 per
861 2925 1143 2963 inclinationem
1173 2925 1395 2972 naturalem,

338 2993 435 3032 quae
465 2980 599 3017 dicitur
626 2977 813 3028 appetitus
840 2977 1028 3014 naturalis.

391 3035 544 3071 Tamen
573 3030 893 3070 considerandum
932 3037 987 3066 est
1023 3029 1128 3077 quod
1156 3029 1295 3078 aliquid
1329 3041 1397 3065 sua

338 3087 485 3124 actione
513 3087 575 3123 vel
604 3092 712 3123 motu
731 3083 847 3121 tendit
867 3083 915 3120 ad
933 3083 1052 3119 finem
1074 3081 1289 3131 dupliciter:
1317 3093 1395 3118 uno

338 3139 471 3187 modo,
491 3139 586 3176 sicut
610 3138 777 3187 seipsum
798 3136 847 3173 ad
866 3136 983 3173 finem
1006 3147 1180 3181 movens,
1201 3142 1242 3171 ut
1259 3134 1396 3181 homo;

338 3192 411 3230 alio
442 3192 575 3240 modo,
604 3191 699 3229 sicut
727 3191 774 3227 ab
803 3189 875 3226 alio
905 3196 1053 3226 motum
1073 3187 1122 3224 ad
1139 3187 1273 3234 finem,
1303 3187 1398 3224 sicut

337 3245 470 3294 sagitta
489 3222 606 3283 tendit
625 3244 674 3281 ad
694 3242 985 3282 determinatum
1005 3241 1122 3277 finem
1139 3253 1183 3277 ex
1198 3241 1272 3277 hoc
1293 3240 1396 3289 quod

338 3306 517 3336 movetur
546 3310 568 3335 a
596 3297 802 3345 sagittante
833 3295 898 3344 qui
926 3307 1034 3332 suam
1064 3293 1253 3331 actionem
1275 3292 1396 3341 dirigit

389 3412 416 3442 a)
437 3411 478 3435 vel
495 3411 566 3443 quia.
580 3424 598 3428 -
616 3409 678 3441 quia
698 3410 738 3433 vel
756 3408 943 3437 ABCEGH1L;
969 3415 1082 3440 sequens
1101 3407 1163 3439 quia
1185 3414 1237 3430 om.
1257 3406 1394 3430 ABCDFG

337 3447 557 3514 Hfflssl)anaturae.
574 3493 594 3499 ·-
610 3482 750 3505 creaturae
763 3479 829 3503 PFa.

388 3518 415 3548 γ)
430 3523 491 3548 per.
508 3529 526 3535 ·-
541 3518 655 3547 propter
669 3515 714 3539 Pa.

388 3550 413 3583 ὅ)
429 3554 583 3582 ροεειιηΐμ-
597 3550 704 3581 possint
723 3549 875 3580 ACGlpBD.
889 3562 907 3567 —-
925 3548 975 3572 Pro
995 3548 1165 3578 ordinantur,
1186 3547 1343 3571 ordinentur
1364 3547 1392 3570 L

479 3605 587 3629 Sumus
605 3603 890 3628 Tn201.D.Tnonm1·:
908 3602 940 3626 T.
959 3602 999 3627 111.

1444 1082 1482 1120 in
1510 1083 1639 1120 finem.
1670 1084 1734 1120 Illa
1754 1096 1843 1131 ergo
1864 1096 1959 1132 quae
1988 1083 2173 1120 rationem
2197 1084 2348 1131 habent,
2379 1084 2500 1132 seipsa

1445 1143 1604 1173 movent
1622 1137 1670 1173 ad
1689 1136 1825 1172 finem:
1846 1136 1934 1184 quia
1951 1136 2092 1172 habent
2107 1136 2319 1173 dominium
2343 1149 2499 1173 suorum

1446 1196 1598 1225 actuum
1627 1201 1695 1237 per
1714 1189 1875 1226 liberum
1904 1188 2113 1235 arbitrium,
2140 1189 2245 1237 quod
2265 1196 2319 1225 est
2331 1189 2501 1237 facultas

1444 1241 1643 1278 voluntatis
1661 1247 1697 1278 et
1723 1242 1877 1278 rationis
1894 1241 1925 1277 ³¹⁸.
1947 1241 2012 1277 Illa
2039 1253 2132 1278 vero
2161 1253 2260 1289 quae
2285 1242 2425 1278 ratione
2442 1255 2501 1278 ca-

1446 1301 1547 1340 rent,
1576 1294 1735 1330 tendunt
1761 1294 1800 1331 in
1827 1295 1945 1330 finem
1972 1306 2040 1342 per
2066 1299 2082 1321 Υ
2110 1294 2318 1330 naturalem
2349 1294 2501 1331 inclina-

1445 1345 1611 1392 tionem,
1640 1346 1748 1394 quasi
1782 1347 1829 1383 ab
1859 1346 1932 1383 alio
1965 1354 2090 1393 mota,
2120 1359 2198 1383 non
2235 1354 2361 1383 autem
2395 1359 2417 1384 a
2445 1359 2501 1384 εθ-

1447 1397 1554 1446 ipsis:
1585 1410 1671 1434 cum
1690 1411 1768 1435 non
1789 1406 2017 1446 cognoscant
2035 1398 2221 1436 rationem
2240 1399 2337 1446 finis,
2359 1406 2395 1436 et
2412 1399 2498 1436 ideo

1447 1449 1538 1486 nihil
1566 1450 1605 1487 in
1631 1450 1750 1486 finem
1780 1451 1954 1487 ordinare
1981 1458 2140 1500 possunt
2158 1449 2189 1498 δ,
2220 1453 2287 1489 sed
2315 1452 2439 1488 solum
2463 1452 2501 1489 in
2538 1471 2540 1473 >

1447 1502 1566 1539 finem
1595 1503 1643 1539 ab
1672 1503 1745 1539 alio
1774 1503 2005 1540 ordinantur.
2035 1504 2137 1540 Nam
2157 1511 2234 1540 tota
2253 1504 2501 1541 irrationalis·

1448 1562 1581 1591 natura
1609 1564 1849 1604 comparatur
1874 1555 1922 1592 ad
1941 1557 2068 1592 Deum
2100 1555 2195 1592 sicut
2212 1557 2502 1594 instrumentum

1449 1607 1496 1643 ad
1525 1619 1640 1655 agens
1666 1608 1885 1656 principale,
1914 1615 1956 1644 ut
1983 1620 2096 1656 supra
2115 1608 2135 1629 ’¹‘
2159 1609 2329 1645 habitum
2358 1618 2424 1646 est.
2454 1611 2503 1647 Et

1447 1659 1534 1696 ideo
1572 1661 1770 1709 proprium
1807 1667 1863 1697 est
1895 1668 2049 1697 naturae
2085 1661 2274 1697 rationalis
2306 1670 2348 1698 ut
2375 1663 2503 1700 tendat

1448 1712 1487 1749 in
1514 1713 1632 1749 finem
1667 1713 1773 1762 quasi
1802 1725 1842 1749 se
1875 1725 1989 1761 agens
2018 1714 2079 1750 vel
2118 1713 2260 1750 ducens
2289 1715 2338 1751 ad
2362 1715 2501 1752 finem:

1448 1773 1602 1802 naturae
1630 1777 1724 1802 vero
1753 1765 1987 1813 irrationalis,
2018 1765 2124 1814 quasi
2154 1767 2201 1803 ab
2231 1767 2303 1802 alio
2333 1775 2414 1804 acta
2441 1769 2503 1805 vel

1450 1818 1582 1864 ducta,
1613 1818 1693 1855 sive
1721 1818 1759 1855 in
1787 1819 1906 1856 finem
1935 1819 2237 1867 apprehensum,
2274 1819 2369 1856 sicut
2395 1821 2504 1858 bruta

1449 1870 1641 1918 animalia,
1667 1871 1747 1907 sive
1775 1871 1813 1908 in
1841 1871 1960 1908 finem
1988 1883 2067 1908 non
2095 1872 2388 1920 apprehensum,
2410 1873 2504 1910 sicut

1450 1936 1494 1960 ea
1523 1936 1620 1972 quae
1649 1924 1806 1961 omnino
1837 1923 2050 1972 cognitione
2079 1932 2217 1961 carent.

1501 1978 1561 2012 An
1590 1988 1726 2013 PRIMUM
1749 1987 1847 2014 ERGO
1867 1988 2050 2014 DtCENDUM
2069 1977 2174 2025 quod
2193 1977 2325 2025 homo,
2350 1978 2503 2027 quando

1449 2041 1518 2077 per
1545 2029 1711 2078 seipsum
1740 2029 1814 2076 agit
1831 2036 1987 2078 propter
2004 2030 2135 2076 finem,
2158 2029 2351 2077 cognoscit
2368 2031 2503 2067 finem:

1450 2082 1516 2118 sed
1544 2081 1699 2129 quando
1728 2082 1776 2118 ab
1805 2082 1878 2118 alio
1907 2081 2026 2130 agitur
2045 2083 2106 2118 vel
2127 2082 2284 2129 ducitur,
2305 2090 2397 2132 puta
2417 2095 2504 2120 cum

1450 2133 1523 2181 agit
1550 2134 1599 2171 ad
1627 2134 1831 2183 imperium
1860 2135 2021 2181 alterius,
2050 2135 2112 2171 vel
2132 2146 2220 2171 cum
2249 2142 2427 2172 movetur
2454 2137 2506 2172 al-

1449 2194 1530 2222 tero
1559 2185 1571 2211 ζ
1597 2187 1825 2235 impellente,
1846 2199 1925 2223 non
1954 2195 2008 2223 est
2036 2187 2290 2224 necessarium
2319 2189 2423 2236 quod
2444 2201 2506 2225 co-

1449 2246 1606 2286 gnoscat
1634 2239 1764 2275 finem.
1793 2240 1842 2275 Et
1868 2239 1918 2275 ita
1948 2246 2003 2276 est
2030 2239 2068 2276 in
2106 2240 2283 2276 creaturis
2311 2240 2504 2278 irrationa-

1449 2291 1558 2327 libus.

1502 2345 1560 2380 AD
1581 2355 1769 2381 SECUNDUM
1790 2355 1975 2381 DICENDUM
1998 2344 2102 2392 quod
2123 2344 2296 2381 ordinare
2325 2345 2363 2382 in
2387 2345 2505 2382 finem

1451 2403 1506 2433 est
1534 2397 1612 2433 eius
1642 2396 1746 2445 quod
1775 2396 1941 2445 seipsum
1970 2396 2044 2444 agit
2070 2397 2107 2433 in
2135 2397 2265 2434 finem.
2296 2398 2387 2435 Eius
2411 2410 2504 2435 vero

1449 2451 1554 2497 quod
1582 2449 1629 2486 ab
1659 2449 1732 2485 alio
1761 2449 1799 2486 in
1826 2449 1945 2486 finem
1974 2449 2104 2497 agitur,
2135 2458 2189 2486 est
2209 2450 2374 2487 ordinari
2401 2450 2439 2488 in
2462 2451 2506 2488 fi-

1449 2514 1550 2539 nem.
1581 2502 1698 2548 Quod
1716 2509 1841 2552 potest
1869 2514 1950 2538 esse
1970 2508 1988 2529 η
2008 2502 2228 2540 irrationalis
2251 2510 2417 2551 naturae,
2438 2504 2506 2541 sed

1450 2556 1498 2591 ab
1528 2555 1653 2603 aliquo
1683 2554 1868 2591 rationem
1896 2555 2072 2592 habente.
2097 2585 2107 2598 ,

1501 2609 1560 2644 AD
1588 2619 1746 2644 TERTmM
1765 2619 1948 2644 mcENDUM
1969 2608 2072 2655 quod
2092 2607 2283 2644 obiectum
2302 2609 2505 2645 voluntatis

1450 2667 1505 2697 est
1527 2659 1614 2697 finis
1635 2668 1672 2696 et
1690 2660 1836 2696 bonum
1855 2660 1894 2697 in
1911 2660 2126 2697 universali.
2147 2661 2258 2697 Unde
2283 2673 2362 2697 non
2380 2669 2504 2710 potest

1450 2725 1532 2750 esse
1559 2713 1735 2750 voluntas
1755 2713 1793 2749 in
1811 2712 1868 2749 his
1897 2725 1995 2760 quae
2024 2720 2151 2750 carent
2178 2713 2322 2750 ratione
2348 2721 2383 2750 et
2401 2714 2505 2750 intel-

1450 2766 1559 2813 lectu,
1590 2777 1677 2802 cum
1697 2777 1774 2802 non
1794 2765 1941 2814 possint
1960 2766 2244 2814 apprehendere
2270 2765 2503 2803 universale:

1450 2819 1516 2856 sed
1546 2826 1602 2855 est
1628 2817 1666 2854 in
1696 2817 1748 2854 eis
1776 2818 1962 2867 appetitus
1989 2818 2167 2855 naturalis
2195 2819 2257 2855 vel
2286 2819 2503 2866 sensitivus,

1451 2870 1720 2909 determinatus
1740 2872 1788 2908 ad
1807 2871 1959 2920 aliquod
1987 2871 2131 2907 bonum
2160 2871 2392 2919 particulare.
2423 2872 2505 2908 Ma-

1450 2924 1628 2961 nifestum
1657 2931 1784 2960 autem
1812 2931 1867 2960 est
1885 2923 1989 2972 quod
2008 2923 2248 2972 particulares
2268 2936 2402 2960 causae
2423 2936 2505 2960 mo-

1450 2985 1588 3014 ventur
1615 2989 1636 3013 a
1665 2988 1778 3012 causa
1804 2975 2028 3012 universali:
2058 2975 2154 3012 sicut
2180 2972 2192 2996 ⁰
2222 2984 2345 3013 rector
2378 2976 2504 3013 civita-

1450 3029 1515 3076 tis,
1546 3029 1610 3087 qui
1638 3028 1795 3066 intendit
1826 3029 1973 3065 bonum
2011 3040 2237 3076 commune,
2267 3035 2399 3065 movet
2435 3042 2503 3065 suo

1451 3081 1610 3130 imperio
1649 3081 1778 3118 omnia
1805 3086 1812 3101 ¹
1840 3080 2078 3130 particularia
2106 3081 2232 3118 officia
2261 3081 2427 3118 civitatis.
2458 3083 2506 3118 Et

1451 3134 1537 3171 ideo
1557 3146 1711 3170 necesse
1733 3140 1788 3170 est
1807 3133 1912 3181 quod
1931 3133 2060 3170 omnia
2080 3146 2176 3183 quae
2198 3141 2325 3171 carent
2348 3135 2503 3182 ratione,

1451 3193 1679 3223 moveantur
1697 3185 1735 3223 in
1763 3186 1859 3223 fines
1886 3186 2128 3235 particulares
2148 3187 2195 3223 ab
2225 3187 2347 3236 aliqua
2369 3188 2503 3224 volun-

1451 3247 1525 3276 tate
1555 3238 1746 3287 rationali,
1780 3251 1878 3288 quae
1912 3251 1951 3276 se
1986 3239 2150 3276 extendit
2185 3239 2223 3276 in
2250 3241 2395 3277 bonum
2423 3240 2504 3276 uni—

1451 3293 1610 3339 versale,
1640 3291 1779 3329 scilicet
1806 3304 1828 3329 a
1854 3292 2048 3329 voluntate
2077 3291 2215 3329 divina.

1502 3406 1523 3437 ε)
1544 3406 1718 3430 irrationalis.
1730 3419 1749 3424 —
1767 3405 1909 3429 rationalis
1928 3406 1974 3434 εΗ,
1994 3412 2046 3429 om.
2067 3405 2151 3428 ceteri.

1502 3441 1526 3471 ζ)
1546 3442 1639 3465 altero.
1651 3455 1670 3459 —
1688 3441 1776 3472 aliquo
1795 3441 1826 3469 Η,
1846 3441 1899 3464 alio
1919 3441 2004 3464 ceteri.

1502 3478 1528 3507 η)
1548 3483 1611 3500 esse.
1628 3490 1647 3495 —
1665 3482 1719 3500 esse
1738 3476 1816 3500 etiam
1837 3475 1962 3505 ADHKL,
1982 3475 2061 3499 etiam
2080 3481 2134 3499 esse
2154 3475 2203 3503 FE,
2222 3483 2275 3499 om.
2295 3475 2345 3507 pG.

1500 3509 1524 3543 θ)
1544 3512 1620 3536 sicut.
1638 3525 1657 3530 -
1674 3518 1733 3536 cum
1749 3511 1807 3535 add.
1828 3510 1875 3534 Pa.

1501 3547 1519 3578 ι)
1539 3547 1637 3571 omnia.
1655 3559 1672 3564 —
1691 3553 1740 3570 sua
1754 3546 1810 3570 add.
1825 3546 1870 3569 Ρα.

2528 1254 2537 1263 ”
2555 1253 2591 1275 Cf.
2605 1256 2646 1274 art.
2662 1255 2742 1280 praec-

2529 1611 2628 1637 'Part.1,

2530 1641 2572 1659 art.
2582 1643 2602 1664 2,
2617 1643 2630 1658 a

2531 1669 2577 1691 cul,
2592 1666 2635 1685 art.
2645 1669 2661 1689 ι,
2676 1662 2704 1684 ad
2719 1668 2740 1689 3.

2651 1616 2674 1632 u.
2681 1616 2738 1636 xxn,

2655 1643 2684 1663 4ἱ
2700 1642 2739 1664 qu·
