2846 4146
361 1516 621 1584 fflAssgdmae
639 1535 676 1581 de
695 1535 755 1581 vio·
774 1534 904 1581 caietani
925 1551 1067 1580 Praefatio
1088 1551 1119 1579 in
1139 1551 1372 1580 Commentarios
1393 1551 1424 1578 in
1444 1551 1572 1580 Primam
1593 1553 1742 1581 Secundae
1802 1537 2359 1547 ””””””””
2378 1528 2451 1559 pag

363 1595 506 1632 Prologus

1175 416 1725 499 INDEX

704 555 919 619 EORUM
953 578 1122 631 QUAE
1154 579 1215 619 IN
1247 578 1372 619 HOC
1405 578 1726 619 VOLUMINE
1760 578 2195 619 CONTINENTUR

1229 833 1389 867 PRIMA
1411 832 1672 869 SECUNDAE

1131 934 1364 976 SUMMAE
1391 935 1762 977 THEOLOGIAE

874 1047 1160 1129 SANC-TI
1208 1047 1540 1099 THOMAE
1586 1048 2025 1114 AQUINATIS

1273 1171 1344 1197 CUM
1363 1171 1625 1197 COMMENTARIIS

1204 1260 1459 1291 CARDINALIS
1483 1259 1687 1291 CAIETANI

725 1671 918 1707 QUAESTIO
945 1671 1062 1699 PRIMA

662 1726 712 1755 De
732 1725 851 1754 ultimo
875 1723 944 1754 fine
967 1724 1127 1756 hominis.

364 1801 528 1824 ARTICULUS
541 1800 554 1820 1
612 1791 716 1819 Utrum
730 1788 843 1818 homini
857 1788 1010 1817 conveniat
1030 1798 1114 1826 agere
1127 1795 1246 1826 propter

643 1830 732 1858 finem
753 1850 1242 1858 .................
1269 1838 1342 1869 pag.

446 1885 462 1900 »
542 1879 565 1900 11
610 1871 714 1899 Utrum
725 1878 809 1906 agere
819 1875 938 1906 propter
947 1869 1035 1897 finem
1049 1869 1086 1898 sit
1095 1869 1246 1906 proprium

643 1908 792 1938 rationalis
813 1915 932 1937 naturae
935 1930 1244 1938 ...........
1289 1921 1302 1935 >›

447 1964 462 1979 ›
542 1960 575 1980 111
614 1951 718 1979 Utrum
731 1955 812 1978 actus
826 1949 953 1978 hominis
968 1949 1107 1986 recipiant
1121 1949 1246 1986 speciem

645 1999 679 2019 ex
699 1990 756 2018 fine
760 2010 1244 2018 .................
1290 2000 1303 2015 »

447 2044 463 2059 r
543 2027 574 2060 tv
613 2031 717 2059 Utrum
739 2029 775 2058 sit
795 2029 899 2066 aliquis
919 2029 1037 2057 ultimus
1058 2028 1123 2057 finis
1143 2029 1245 2057 huma-

642 2079 697 2099 nae
723 2069 798 2098 vitae
810 2089 1245 2097 ...............
1289 2080 1303 2095 »

448 2123 463 2138 r
545 2118 565 2139 v
614 2111 717 2139 Utrum
733 2109 818 2138 unius
838 2109 965 2138 hominis
979 2108 1091 2146 possint
1106 2117 1168 2137 esse
1181 2109 1245 2145 plu-

644 2159 690 2178 res
717 2149 810 2178 ultimi
830 2149 903 2178 fines
906 2169 1244 2177 ............
1288 2160 1303 2175 ι)

447 2203 462 2218 n
543 2198 575 2219 vr
613 2190 717 2218 Utrum
737 2190 829 2218 homo
857 2189 957 2218 omnia
982 2197 1056 2225 quae
1081 2188 1158 2224 vult,
1179 2188 1247 2217 velit

643 2236 763 2267 propter
782 2229 916 2258 ultimum
937 2229 1024 2257 finem
1027 2249 1244 2257 ........
1289 2239 1303 2254 a>

447 2283 462 2299 r
542 2278 585 2298 vn
613 2270 715 2298 Utrum
737 2269 773 2298 sit
793 2279 869 2298 unus
889 2268 1007 2297 ultimus
1026 2267 1091 2296 finis
1112 2268 1246 2296 omnium

643 2309 796 2338 hominum
804 2331 811 2338 .

447 2362 463 2377 x>
543 2357 595 2378 vm
614 2350 718 2378 Utrum
740 2349 770 2378 in
790 2349 840 2383 illo
870 2348 974 2376 ultimo
995 2347 1052 2376 fine
1073 2347 1146 2376 aliae
1166 2357 1246 2376 crea-

443 2496 494 2525 De
514 2495 572 2526 his
590 2495 630 2524 in
654 2494 778 2530 quibus
797 2494 947 2523 hominis
971 2493 1150 2523 beatitudo
1170 2494 1342 2523 consistit.

365 2554 529 2577 ARUCULUS
541 2555 554 2575 1
613 2546 716 2573 Utrum
737 2544 886 2573 beatitudo
907 2544 1035 2572 hominis
1055 2544 1193 2573 consistat
1214 2544 1246 2573 in

644 2584 749 2613 divitiis
751 2605 1244 2613 .................
1288 2597 1302 2611 r

447 2637 462 2652 s
543 2633 566 2654 ιι
615 2625 719 2653 Utrum
740 2624 888 2652 beatitudo
910 2623 1036 2652 hominis
1057 2624 1195 2653 consistat
1214 2624 1246 2653 in

644 2664 805 2692 honoribus
817 2685 1244 2693 ...............
1289 2677 1304 2691 s

448 2717 463 2732 »
545 2713 578 2733 m
617 2705 721 2732 Utrum
742 2703 891 2732 beatitudo
911 2703 1038 2732 hominis
1058 2704 1196 2733 consistat
1216 2704 1247 2733 in

646 2744 738 2779 fama,
760 2743 818 2772 sive
843 2743 934 2780 gloria
937 2765 1245 2773 ...........
1290 2757 1304 2771 »

448 2797 463 2812 ιι
544 2792 576 2812 1v
614 2784 718 2812 Utrum
738 2783 887 2812 beatitudo
908 2782 1034 2811 hominis
1060 2784 1197 2812 consistat
1217 2784 1247 2813 in

643 2395 735 2418 turae,
753 2388 926 2417 conveniant
933 2408 1242 2416 ...........
1287 2399 1301 2413 »

697 2447 891 2482 QUAESTIO
913 2447 1091 2475 SECUNDA

643 2829 785 2860 potestate
787 2843 1246 2853 ................
1290 2836 1304 2851 »

396 2896 402 2899 ,
449 2875 464 2891 r
545 2871 566 2891 v
615 2864 718 2892 Utrum
740 2862 889 2891 beatitudo
913 2863 1039 2891 hominis
1060 2864 1196 2893 consistat
1215 2864 1246 2893 in

645 2903 744 2940 aliquo
765 2902 895 2939 corporis
915 2903 995 2931 bono
998 2925 1245 2933 .........
1290 2916 1304 2931 r

450 2955 464 2970 »
545 2951 577 2971 vr
616 2943 719 2971 Utrum
740 2942 889 2971 beatitudo
910 2942 1038 2971 hominis
1058 2943 1198 2974 consistat
1215 2943 1246 2972 in

646 2982 792 3019 voluptate
814 3003 1242 3012 ...............
1287 2995 1301 3010 »

450 3035 465 3050 »
546 3031 589 3051 vn
618 3023 722 3051 Utrum
742 3021 890 3051 beatitudo
911 3021 1038 3051 hominis
1061 3022 1197 3052 consistat
1217 3023 1247 3052 in

647 3061 745 3099 aliquo
759 3063 839 3090 bono
853 3062 967 3090 animae
970 3083 1246 3092 ..........
1291 3075 1305 3090 »

451 3114 466 3129 r
548 3110 600 3130 vm
620 3103 723 3130 Utrum
744 3101 893 3130 beatitudo
913 3101 1040 3130 hominis
1060 3102 1197 3131 consistat
1216 3103 1246 3131 in

646 3141 744 3178 aliquo
765 3142 845 3170 bono
866 3148 962 3170 creato
965 3163 1245 3172 ..........
1289 3155 1304 3169 ›>

366 3307 531 3328 ARTICULUS
543 3307 554 3327 1

675 3200 914 3235 QUAESTIO
943 3201 1118 3230 TERTIA

716 3247 804 3286 Quid
823 3247 871 3278 sit
889 3247 1078 3278 beatitudo.

614 3299 717 3327 Utrum
737 3299 886 3328 beatitudo
900 3299 936 3328 sit
949 3299 1059 3337 aliquid
1077 3300 1245 3330 increatum.
1289 3314 1303 3328 »

450 3350 464 3365 12
546 3347 569 3367 n
617 3339 720 3367 Utrum
747 3339 895 3368 beatitudo
922 3339 959 3368 sit
985 3340 1115 3376 operatio
1118 3362 1245 3370 .....
1290 3354 1304 3368 »

450 3390 464 3405 »
545 3387 579 3407 111
617 3379 721 3407 Utrum
747 3379 895 3408 beatitudo
916 3379 952 3408 sit
976 3380 1107 3416 operatio
1134 3381 1247 3409 sensiti-

644 3427 696 3447 vae
717 3418 820 3456 partis,
842 3425 892 3448 aut
916 3419 1102 3448 intellectivae
1122 3426 1243 3450 tantum.
1288 3433 1302 3448 »

450 3469 464 3484 r
546 3466 578 3486 1v
617 3459 734 3494 Utrum,
764 3458 788 3486 si
814 3459 962 3488 beatitudo
990 3466 1033 3488 est
1058 3459 1245 3489 intellectivae

618 3519 622 3523 .
645 3498 742 3535 partis,
757 3498 793 3526 sit
813 3499 944 3536 operatio
962 3499 1129 3536 intellectus,
1143 3509 1181 3529 an
1194 3510 1246 3529 vo-

646 3537 762 3566 luntatis
782 3553 1302 3569 ..................

508 3594 618 3620 Summa
635 3595 737 3621 Tmrot..
755 3596 788 3622 D.
800 3596 913 3622 Tuosne
925 3596 958 3622 T.
977 3597 1017 3622 111.

1406 1831 1423 1858 6

1406 1919 1424 1946 9

1390 1999 1425 2018 10

1390 2078 1420 2097 11

1390 2150 1422 2177 13

1390 2239 1424 2265 14

1389 2310 1421 2338 15

1389 2389 1423 2416 16

1390 2596 1423 2623 17

1390 2667 1424 2694 18

1391 2755 1424 2782 Ι9

1387 2833 1425 2853 20

1387 2912 1420 2933 21

1385 2992 1422 3012 22

1388 3065 1423 3092 23

1387 3151 1425 3179 24

1386 3306 1424 3333 26

1387 3351 1424 3381 27

1386 3423 1423 3452 28

1386 3549 1423 3579 ²9

550 1611 2359 1627 .....................................

1478 1678 1642 1699 Ani-munus
1662 1679 1682 1699 v
1733 1672 1835 1700 Utrum
1851 1674 1997 1702 beatitudo
2013 1675 2048 1702 sit
2062 1676 2192 1712 operatio
2203 1677 2362 1706 intellectus

1659 1759 1690 1779 VI

1658 1839 1700 1859 vn

1659 1958 1712 1978 vm

1619 2097 1670 2127 De
1690 2097 1746 2127 his
1768 2105 1856 2134 quae
1877 2097 1922 2127 ad
1941 2099 2187 2130 beatitudinem
2211 2100 2402 2137 exiguntur.

1479 2157 1643 2177 ARTICULUS
1657 2157 1669 2177 1

1658 2237 1681 2257 Π

1658 2316 1692 2336 111

1658 2395 1689 2415 1v

1659 2475 1679 2494 V

1658 2555 1689 2575 VI

1658 2635 1700 2654 VH

1659 2713 1712 2734 vm

1480 2914 1644 2934 ARTICULUS
1658 2914 1669 2934 1

1563 2996 1578 3011 »

1659 2993 1681 3013 Π

1648 3073 1693 3211 <aa

1659 3272 1690 3292 Ξ

1657 3391 1699 3411 vn

1658 3509 1710 3529 vm

1762 1713 1943 1748 speculativi,
1965 1723 2003 1741 an
2024 1715 2140 1750 practici
2143 1737 2361 1745 ........

1730 1752 1832 1780 Utrum
1854 1753 2003 1781 beatitudo
2023 1754 2161 1783 consistat
2181 1755 2210 1783 in
2232 1756 2363 1784 conside-

1758 1791 1871 1820 ratione
1898 1792 2080 1821 scientiarum
2113 1795 2362 1831 speculativarum.
2406 1808 2420 1822 »

1730 1831 1833 1859 Utrum
1848 1832 1997 1861 beatitudo
2009 1833 2147 1862 consistat
2157 1834 2187 1862 in
2198 1836 2363 1872 cognitione

1761 1872 1986 1901 substantiarum
2017 1880 2213 1910 separatarum
2224 1897 2232 1911 ,
2258 1875 2364 1904 scilicet

1760 1911 1930 1948 angelorum
1933 1934 2361 1944 ...............

1732 1951 1836 1978 Utrum
1850 1951 1999 1980 beatitudo
2015 1953 2141 1981 hominis
2159 1954 2196 1982 sit
2209 1954 2239 1982 in
2253 1955 2364 1983 visione

1758 1990 1872 2019 divinae
1903 1992 2052 2021 essentiae.
2083 2015 2362 2024 ..........

1820 2051 2014 2085 QUAEsrto
2043 2052 2202 2087 QUARTA

1729 2150 1832 2177 Utrum
1854 2149 2006 2179 delectatio
2027 2151 2189 2188 requiratur
2216 2153 2255 2181 ad
2274 2153 2364 2181 beati-

1758 2188 1890 2217 tudinem
1899 2211 2362 2222 ................

1730 2229 1834 2257 Utrum
1855 2229 1886 2257 in
1913 2229 2091 2259 beatitudine
2112 2231 2148 2259 sit
2178 2231 2365 2269 principalius

1759 2269 1831 2297 visio
1853 2278 1941 2306 quam
1957 2270 2108 2298 delectatio
2111 2292 2360 2301 .........

1731 2309 1834 2336 Utrum
1845 2309 1883 2337 ad
1893 2308 2100 2338 beatitudinem
2110 2310 2273 2347 requiratur
2284 2321 2364 2341 com-

1757 2348 1912 2384 prehensio
1931 2370 2363 2380 ...............

1729 2388 1832 2416 Utrum
1853 2389 1891 2416 ad
1911 2388 2118 2417 beatitudinem
2138 2390 2301 2427 requiratur
2320 2401 2364 2420 re-

1758 2427 1867 2456 ctitudo
1894 2428 2050 2457 voluntatis
2052 2450 2362 2460 ...........

1729 2468 1832 2496 Utrum
1853 2468 1891 2495 ad
1905 2468 2112 2497 beatitudinem
2126 2469 2254 2498 hominis
2268 2471 2364 2508 requi-

1758 2514 1837 2535 ratur
1854 2516 1959 2544 corpus
1962 2530 2362 2539 ..............

1729 2548 1832 2575 Utrum
1853 2548 1891 2575 ad
1911 2547 2116 2576 beatitudinem
2131 2549 2293 2587 requiratur
2313 2551 2363 2579 ali-

1759 2596 1818 2624 qua
1844 2587 1982 2624 perfectio
2011 2589 2141 2624 corporis
2144 2611 2362 2619 ........

1730 2627 1834 2655 Utrum
1844 2628 1881 2656 ad
1895 2627 2103 2656 beatitudinem
2117 2629 2300 2666 requirantur
2312 2630 2363 2658 ali-

1759 2676 1817 2704 qua
1838 2667 1979 2696 exteriora
1998 2668 2077 2696 bona
2080 2689 2361 2698 ..........

1731 2707 1835 2735 Utrum
1851 2707 1888 2735 ad
1909 2707 2117 2736 beatitudinem
2131 2709 2293 2745 requiratur
2314 2719 2361 2738 so-

1759 2746 1846 2775 cietas
1866 2747 2026 2776 amicorum
2030 2761 2420 2777 ..............

1831 2807 2025 2841 QUAESTIO
2049 2808 2194 2842 QUINTA

1749 2854 1802 2883 De
1827 2853 2011 2890 adeptione
2035 2854 2268 2884 beatitudinis.

1729 2906 1833 2933 Utrum
1853 2906 1944 2933 homo
1965 2905 2057 2942 possit
2082 2906 2220 2942 consequi
2241 2906 2361 2934 beatitu-

1761 2945 1859 2973 dinem
1872 2966 2360 2974 .................
2405 2958 2419 2972 r

1731 2985 1835 3013 Utrum
1856 2994 1932 3013 unus
1952 2985 2042 3013 homo
2063 2985 2154 3021 possit
2171 2994 2232 3013 esse
2253 2985 2364 3014 beatior

1760 3025 1851 3053 altero
1871 3037 2420 3054 ...................

1732 3065 1836 3093 Utrum
1857 3064 1960 3102 aliquis
1981 3064 2011 3092 in
2031 3065 2085 3092 hac
2105 3064 2162 3092 vita
2182 3064 2273 3101 possit
2300 3073 2362 3093 esse

1760 3105 1860 3133 beatus
1873 3125 2359 3132 .................
2404 3116 2418 3130 »

1731 3145 1834 3172 Utrum
1855 3143 2003 3172 beatitudo
2025 3143 2122 3171 habita
2141 3143 2232 3180 possit
2253 3144 2359 3172 amitti.

1730 3185 1833 3212 Utrum
1854 3184 1944 3211 homo
1965 3192 2016 3219 per
2036 3192 2088 3211 sua
2113 3183 2252 3211 naturalia
2271 3183 2362 3220 possit

1761 3224 1907 3260 acquirere
1932 3222 2147 3251 beatitudinem.
2171 3244 2178 3250 .
2202 3244 2208 3251 .
2232 3232 2238 3238 ·
2262 3245 2268 3250 .
2292 3244 2298 3250 .
2322 3244 2328 3250 .
2351 3244 2358 3251 .

1729 3264 1832 3292 Utrum
1847 3263 1938 3291 homo
1950 3269 2141 3299 consequatur
2154 3262 2359 3290 beatitudinem

1758 3312 1810 3339 per
1824 3302 1969 3331 actionem
1985 3302 2103 3331 alicuius
2114 3301 2269 3338 superioris
2281 3310 2358 3329 crea-

2404 3155 2418 3170 >>

2402 3234 2417 3249 D

1757 3349 1838 3371 turae
1840 3361 2357 3371 ..................
2402 3352 2416 3366 D

1730 3383 1832 3410 Utrum
1853 3381 2036 3418 requirantur
2056 3380 2151 3417 aliqua
2172 3389 2261 3416 opera
2281 3381 2359 3408 bona

1757 3422 1794 3450 ad
1830 3422 1886 3449 hoc
1921 3422 2001 3458 quod
2031 3421 2121 3448 homo
2153 3419 2358 3447 beatitudinem

1759 3467 1952 3497 consequatur
1972 3469 1989 3488 a
2010 3461 2073 3488 Deo
2076 3480 2354 3487 ..........
2399 3470 2413 3484 »

1730 3502 1833 3529 Utrum
1856 3500 1950 3528 omnis
1978 3500 2067 3527 homo
2093 3504 2209 3535 appetat
2236 3498 2357 3526 beatitu-

1759 3540 1856 3568 dinem
1865 3559 2354 3568 .................

2362 3595 2394 3629 59

2400 3548 2414 3563 >

2521 1529 2542 1548 V

2524 1561 2538 1628 mul

2505 1718 2536 1745 31

2505 1797 2541 1825 32
