2846 4146
140 1865 150 1875 ¹·
162 1864 209 1891 Qu.
224 1870 258 1891 111,
275 1870 298 1885 ar

141 1897 180 1917 qu.
196 1896 226 1917 iv,

235 430 248 463 β

236 1546 252 1561 α

189 3214 231 3229 ers·
247 3214 280 3236 23.

300 1867 315 1885 t.
327 1870 334 1885 1
343 1871 348 1891 ;

241 1894 281 1912 art.
298 1897 313 1911 ι.

373 252 448 296 462

381 330 555 367 ultimum
584 330 701 366 finem
718 342 735 365 :-
755 329 792 365 in
821 328 965 365 actibus
992 335 1118 364 autem
1147 327 1335 372 virtuosis,
1355 338 1433 362 non

378 383 472 419 sicut
486 390 639 430 propter
653 382 784 427 finem,
801 381 867 417 sed
882 388 1037 429 propter
1054 381 1290 417 honestatem
1316 390 1432 427 quam

380 435 581 480 continent,
603 434 862 470 delectabilem
883 432 897 462 β
924 433 1113 470 virtuosis.
1140 432 1251 469 Unde
1270 431 1433 467 Ambro-

377 487 453 523 sius
483 487 569 524 dicit
602 487 705 535 quod
734 499 850 534 opera
878 486 1058 522 virtutum
1085 484 1259 521 dicuntur
1279 483 1431 529 fructus,

377 540 463 588 quia
483 552 568 576 suos
583 551 812 588 possessores
830 544 958 575 sancta
979 543 1014 573 et
1030 537 1176 573 sincera
1195 536 1434 572 delectatione

376 593 554 640 reficiunt.

1010 250 1275 296 QUAESTIO
1305 249 1424 293 LXX,
1454 247 1750 285 ARTICULUS
1780 248 1830 294 II,
1861 249 1910 284 III

1540 328 1597 362 AD
1626 337 1785 362 TERTIUM
1818 338 2001 364 DlCENDUM
2034 328 2140 377 quod
2178 327 2333 364 nomina
2366 327 2547 365 virtutum

1487 386 1689 414 sumuntur
1721 379 1954 426 quandoque
1991 391 2059 428 pro
2095 380 2240 416 actibus
2275 392 2424 416 earum:
2453 380 2549 416 sicut

1486 430 1719 477 Augustinus
1748 430 1835 468 dicit
1854 431 1959 480 quod
1976 432 2078 479 fides
2105 438 2160 469 est
2176 434 2328 469 credere
2355 433 2455 480 quod
2473 445 2546 469 non

1486 483 1588 519 vides
1615 482 1669 527 *3⁴
1686 488 1721 518 et
1750 483 1887 519 caritas
1915 489 1969 520 est
2003 490 2125 521 motus
2153 486 2272 521 animi
2303 485 2354 521 ad
2389 485 2548 534 diligen-

1488 535 1576 571 dum
1593 536 1716 571 Deum
1732 541 1767 571 et
1774 536 1998 582 proximum
2011 536 2042 574 *.
2060 538 2109 574 Et
2123 538 2196 574 hoc
2212 537 2331 574 modo
2348 544 2549 574 sumuntur

1489 587 1645 623 nomina
1673 587 1855 624 virtutum
1885 588 1922 624 in
1952 590 2233 627 enumeratione
2263 591 2463 626 fructuum.

430 688 454 720 β)
474 689 616 713 continent.
637 687 822 712 delectabilem.
839 700 858 704 -
875 686 990 710 continet
1010 685 1187 709 delectabilem
1207 684 1409 714 ACDEFGlKL,
1428 684 1544 708 continet
1563 684 1714 708 delectabile
1734 684 1760 708 in
1781 685 1826 709 Ρα.

1141 797 1457 839 ARTICULUS
1486 796 1786 839 SECUNDUS

922 872 1076 903 UTRUM
1100 871 1298 902 FRUCTUS
1321 873 1350 901 A
1372 871 1734 902 BEAT1TUD1N113US
1757 871 2002 902 DIFFERANT

1099 936 1143 960 Ad
1164 937 1261 965 Galat„
1282 944 1336 969 cap.
1355 944 1379 966 v,
1399 937 1457 961 lect.
1475 944 1518 967 v1;
1539 936 1568 960 In
1590 936 1696 964 Isaiam,
1716 944 1771 969 cap.
1790 944 1824 961 ιιι.

461 1030 469 1043 ›
523 1034 543 1048 κ»
586 1024 608 1048 1)
624 1022 812 1048 SECUNDUM
827 1021 879 1046 sm
900 1019 1138 1045 PRocem’rUR.
1154 1006 1314 1043 Videtur
1329 1006 1432 1055 quod

586 1065 726 1101 fructus
755 1075 776 1099 a
809 1061 1102 1099 beatitudinibus
1136 1072 1214 1096 non
1247 1059 1431 1096 differant.

450 1132 505 1151 *n
556 1138 569 1151 η

431 1144 528 1203 ᾆξ’-’ἒῗῖ)
543 1161 700 1218 &supra
718 1168 738 1190 ²¹²
767 1168 906 1205 dictum
929 1174 993 1203 est.
1017 1166 1092 1202 Sed
1113 1166 1215 1202 dona
1233 1165 1435 1213 perficiunt

376 1223 573 1260 hominem
592 1222 802 1259 secundum
819 1220 922 1269 quod
942 1226 1119 1255 movetur
1138 1231 1160 1254 a
1181 1218 1321 1266 Spiritu
1342 1218 1435 1254 San-

378 1285 450 1314 cto.
480 1277 580 1323 Ergo
610 1274 858 1312 beatitudines
885 1273 989 1322 ipsae
1010 1279 1096 1308 sunt
1115 1271 1255 1307 fructus
1276 1270 1434 1320 Spiritus

378 1329 515 1367 Sancti.

431 1394 466 1420 2.
495 1383 731 1426 PRAETEREA,
761 1379 856 1416 sicut
883 1390 923 1414 se
951 1377 1066 1414 habet
1093 1377 1234 1413 fructus
1252 1377 1354 1414 vitae
1373 1389 1435 1413 ae-

377 1444 503 1473 ternae
533 1434 579 1471 ad
613 1431 884 1469 beatitudinem
923 1430 1105 1476 futuram,
1140 1442 1239 1477 quae
1271 1438 1326 1467 est
1358 1430 1433 1476 rei3

377 1490 425 1526 ita
448 1501 488 1525 se
516 1487 656 1523 habent
675 1486 815 1522 fructus
843 1483 1051 1532 praesentis
1070 1482 1170 1519 vitae
1199 1482 1248 1519 ad
1277 1482 1433 1519 beatitu-

378 1541 483 1579 dines
514 1545 530 1561 α
564 1537 772 1588 praesentis
808 1536 931 1583 vitae,
969 1547 1068 1584 quae
1105 1542 1192 1572 sunt
1227 1535 1318 1584 spei.
1358 1535 1435 1572 Sed

377 1595 516 1632 fruetus
544 1592 644 1629 vitae
673 1598 846 1627 aeternae
875 1597 931 1626 est
963 1589 1046 1637 ipsa
1074 1587 1267 1625 beatitudo
1295 1588 1431 1625 futura.

378 1647 479 1694 Ergo
509 1646 648 1682 fruetus
676 1643 775 1680 vitae
803 1641 1014 1692 praesentis
1043 1649 1129 1678 sunt
1155 1641 1259 1690 ipsae
1280 1641 1436 1678 beatitu-

379 1700 495 1738 dines.

434 1753 467 1788 3.
497 1751 728 1796 PRAETEREA,
758 1749 805 1786 de
834 1747 977 1784 ratione
1005 1747 1146 1784 fructus
1176 1754 1231 1783 est
1262 1747 1367 1795 quod
1391 1747 1437 1784 sit

378 1804 561 1854 quiddam
580 1802 755 1839 ultimum
777 1809 812 1837 et
832 1800 1062 1837 delectabile.
1088 1799 1166 1836 Sed
1183 1800 1259 1836 hoc
1277 1799 1437 1848 pertinet

378 1858 426 1895 ad
456 1856 638 1894 rationem
670 1853 920 1900 beatitudinis,
949 1860 990 1889 ut
1019 1864 1132 1900 supra
1150 1851 1170 1873 '¹‘
1199 1852 1338 1888 dictum
1368 1860 1434 1889 est.

378 1910 479 1958 Ergo
497 1908 632 1945 eadem
652 1906 744 1944 ratio
766 1914 821 1943 est
839 1907 978 1942 fruetus
1004 1912 1039 1941 et
1063 1905 1312 1942 beatitudinis.
1334 1905 1435 1952 Ergo

377 1975 455 2000 non
485 1962 623 1999 debent
650 1961 697 1996 ab
726 1959 890 1996 invicem
920 1957 1106 2005 distingui.

432 2016 505 2052 SED
526 2025 681 2059 CONTRA,
703 2024 868 2061 quorum
888 2011 1033 2060 species
1053 2017 1139 2047 sunt
1154 2009 1338 2056 diversae,
1354 2009 1436 2058 ipsa

378 2080 531 2118 quoque
542 2074 638 2108 sunt
665 2065 827 2102 diversa.
849 2065 923 2101 Sed
953 2063 990 2100 in
1011 2062 1180 2100 diversas
1197 2071 1323 2112 partes
1343 2062 1436 2100 divi-

377 2122 515 2159 duntur
535 2128 571 2156 et
594 2119 733 2155 fructus
756 2126 791 2154 et
810 2116 1077 2162 beatitudines;
1102 2124 1144 2152 ut
1161 2123 1264 2164 patet
1282 2127 1349 2164 per
1368 2128 1435 2153 nu-

377 2173 628 2212 merationem
647 2179 909 2220 utrorumque.
935 2170 1036 2217 Ergo
1057 2169 1198 2206 fructus
1219 2168 1396 2206 differunt
1415 2181 1437 2205 a

377 2225 680 2264 beatitudinibus.

431 2330 458 2364 α)
479 2329 662 2356 beatitudines.
676 2343 696 2348 -
717 2328 905 2354 beatitudinem
926 2328 1000 2356 ΡΚα;
1020 2335 1067 2360 pro
1085 2331 1155 2356 sunt,
1175 2332 1214 2353 est
1234 2329 1261 2353 P.

1540 1007 1765 1044 RespoNosso
1785 1019 1968 1044 monimum
1993 1008 2098 1056 quod
2112 1009 2197 1056 plus
2212 1009 2411 1058 requiritur
2429 1013 2478 1049 ad
2493 1025 2549 1049 ra-

1486 1059 1630 1096 tionem
1664 1060 1926 1106 beatitudinis,
1956 1072 2072 1108 quam
2105 1061 2154 1098 ad
2182 1061 2368 1100 rationem
2394 1064 2548 1102 fructus.

1488 1113 1591 1148 Nam
1620 1113 1669 1149 ad
1698 1112 1883 1149 rationem
1902 1113 2044 1150 fructus
2063 1113 2201 1150 sufficit
2221 1117 2324 1163 quod
2344 1115 2390 1152 sit
2408 1117 2550 1166 aliquid

1487 1165 1632 1202 habens
1652 1165 1837 1202 rationem
1866 1165 1986 1202 ultimi
2007 1173 2042 1202 et
2062 1166 2312 1205 delectabilis:
2337 1169 2404 1206 sed
2423 1170 2473 1207 ad
2491 1182 2549 1207 ra-

1487 1217 1629 1254 tionem
1669 1218 1925 1266 beatitudinis,
1959 1219 2113 1256 ulterius
2146 1220 2345 1268 requiritur
2372 1223 2477 1269 quod
2504 1223 2551 1260 sit

1488 1271 1628 1320 aliquid
1655 1271 1866 1320 perfectum
1886 1279 1922 1308 et
1946 1272 2143 1309 excellens.
2173 1273 2284 1310 Unde
2305 1285 2441 1312 omnes
2457 1275 2548 1313 bea-

1487 1323 1664 1361 titudines
1690 1331 1852 1374 possunt
1880 1324 1952 1361 dici
1979 1324 2132 1371 fructus,
2161 1325 2229 1362 sed
2256 1338 2336 1364 non
2363 1328 2550 1373 converti-

1487 1384 1558 1414 tur.
1588 1377 1685 1414 Sunt
1704 1377 1806 1415 enim
1826 1378 1966 1414 fructus
1984 1390 2252 1426 quaecumque
2269 1379 2439 1419 virtuosa
2458 1374 2550 1430 epe-

1488 1442 1541 1478 ra,
1570 1429 1608 1466 in
1636 1430 1775 1478 quibus
1802 1431 1922 1467 homo
1951 1430 2168 1468 delectatur.
2197 1431 2275 1468 Sed
2299 1431 2550 1474 beatitudines

1489 1482 1663 1520 dicuntur
1676 1483 1802 1520 solum
1816 1483 1982 1532 perfecta
1998 1495 2131 1532 opera:
2148 1496 2247 1533 quae
2262 1484 2389 1532 etiam,
2405 1485 2549 1525 ratione

1489 1548 1579 1572 suae
1603 1534 1854 1584 perfectionis,
1875 1536 1996 1584 magis
2024 1536 2275 1574 attribuuntur
2294 1537 2404 1575 donis
2430 1551 2548 1587 quam

1487 1588 1698 1635 virtutibus,
1727 1596 1769 1625 ut
1796 1601 1911 1639 supra
1928 1588 1948 1610 '³‘
1976 1588 2116 1625 dictum
2145 1597 2211 1627 est.

1541 1643 1600 1678 An
1619 1653 1756 1678 Pmmum
1775 1653 1873 1679 ERGO
1893 1653 2076 1678 DICENDUM
2092 1643 2195 1690 quod
2220 1644 2313 1679 ratio
2334 1641 2396 1679 illa
2412 1643 2551 1693 probat

1488 1694 1593 1743 quod
1621 1694 1870 1731 beatitudines
1893 1693 1964 1730 sint
1991 1694 2152 1731 fructus:
2181 1707 2260 1732 non
2288 1702 2417 1732 autem
2445 1692 2550 1746 quod

1489 1759 1624 1783 omnes
1653 1747 1794 1783 fructus
1822 1745 2072 1783 beatitudines
2100 1746 2198 1797 sint..
2445 1763 2449 1766 ’
2538 1743 2546 1792 J

1541 1801 1600 1836 AD
1629 1811 1818 1836 SECUNDUM
1846 1810 2030 1836 DICENDUM
2059 1799 2164 1848 quod
2190 1800 2333 1838 fructus
2359 1799 2460 1839 vitae
2487 1813 2550 1839 ae-

1488 1860 1616 1888 ternae
1637 1860 1693 1889 est
1711 1851 1927 1900 simpliciter
1945 1851 2101 1889 ultimus
2121 1859 2158 1889 et
2170 1852 2380 1901 perfectus:
2402 1861 2442 1891 et
2459 1851 2548 1897 ideo

1489 1905 1527 1941 in
1542 1905 1644 1941 nullo
1662 1903 1898 1952 distinguitur
1916 1917 1939 1941 a
1957 1903 2188 1942 beatitudine
2203 1905 2327 1942 futura
2343 1903 2369 1944 β.
2389 1905 2550 1947 Fructus

1489 1965 1617 1994 autem
1646 1957 1851 2005 praesentis
1869 1957 1969 1994 vitae
1990 1969 2069 1995 non
2088 1965 2175 1995 sunt
2193 1957 2412 2007 simpliciter
2429 1958 2554 2005 ultimi

1491 2018 1527 2047 et
1554 2010 1728 2058 perfecti:
1759 2018 1796 2047 et
1818 2009 1906 2047 ideo
1926 2023 2004 2048 non
2033 2022 2167 2048 omnes
2185 2012 2328 2048 fructus
2356 2010 2446 2052 sunt
2459 2006 2550 2070 beaff,

1489 2062 1676 2100 titudines.
2456 2063 2472 2103 ,⁴
2528 2074 2547 2110 ς’,

1543 2118 1602 2152 AD
1629 2127 1789 2152 Taunum
1814 2127 1999 2153 mOENDuu
2028 2117 2134 2166 quod
2156 2116 2296 2165 aliquid
2315 2114 2554 2167 amplius-est

1492 2167 1539 2206 de
1569 2168 1712 2206 ratione
1741 2167 1979 2206 beatitudinis
2008 2182 2125 2219 quam
2151 2169 2198 2207 de
2227 2168 2374 2209 ratione
2396 2170 2552 2226 tructus,

1490 2229 1532 2258 ut
1560 2221 1702 2258 dictum
1733 2229 1787 2258 est
1805 2221 1836 2258 ²¹⁸.
2528 2222 2531 2225 ’

1465 2324 1468 2361 Ι
1546 2326 1570 2359 β)
1584 2327 1693 2361 sutura.
1706 2342 1725 2347 -
1742 2331 1853 2352 aeterna
1865 2328 1966 2360 sutura
1985 2327 2014 2352 Ρ.

1172 2453 1488 2495 ARTICULUS
1516 2452 1744 2494 TERTIUS

751 2527 907 2558 UTRUM
931 2526 1130 2557 FRUCTUS
1154 2526 1493 2558 CONVENIENTER
1515 2527 1846 2578 ENUMERENTUR
1868 2527 1922 2557 AB
1946 2526 2177 2558 APOSTOLO

988 2596 1018 2621 III
1039 2597 1121 2626 Sent„
1141 2597 1200 2621 dist.
1218 2604 1299 2626 xxxw,
1319 2604 1363 2629 qu.
1382 2604 1406 2626 1,
1425 2601 1472 2622 art.
1493 2596 1506 2621 5
1513 2604 1520 2627 3
1539 2597 1582 2621 Ad
1603 2597 1701 2626 Galat„
1721 2604 1776 2629 cap.
1788 2604 1813 2626 v.
1833 2597 1892 2621 lect.
1909 2604 1944 2622 vx.

462 2689 470 2704 ν
494 2701 534 2719 l
570 2684 610 2708 D
639 2682 797 2707 TERTIUM
817 2681 870 2706 stc
890 2665 1127 2706 PRocemru'R.
1153 2668 1312 2705 Videtur
1331 2668 1437 2716 quod

405 2717 414 2731 Ι
430 2715 451 2731 ”’
583 2724 795 2773 ‘Apostolus
822 2721 1136 2759 inconvenienter
1154 2729 1363 2768 enumeret,
1388 2721 1439 2758 ad

569 2776 576 2782 ⁴
594 2776 715 2814 Galat.
731 2775 799 2822 v*,
821 2774 1026 2812 duodecim
1042 2775 1193 2812 fructus.
1214 2774 1315 2810 Alibi
1335 2773 1436 2810 enim

378 2883 493 2920 sentis
519 2883 639 2929 vitae;
669 2881 880 2918 secundum
910 2880 1000 2917 illud
1027 2882 1139 2917 Rom.
1160 2892 1195 2917 VI
1214 2879 1249 2916 *ε
1278 2880 1438 2917 Habetis

367 2937 542 2983 fructum
555 2941 719 2972 vestrum
735 2935 771 2971 in
790 2934 1093 2981 sanctificatione.
1116 2934 1164 2969 Et
1179 2933 1297 2969 Isaiae
1311 2931 1438 2970 xxvn*

376 2988 537 3025 dicitur:
565 2988 644 3024 ,Hic
671 2993 723 3024 est
750 2987 871 3024 omnis
886 2988 1053 3035 fructus,
1083 2992 1123 3022 ut
1139 2987 1338 3033 auferatur
1350 2996 1437 3034 pec·

379 3042 514 3078 catum.
545 3041 636 3077 Non
657 3048 744 3088 ergo
765 3039 933 3089 ponendi
952 3046 1039 3076 sunt
1059 3039 1263 3076 duodecim
1282 3038 1436 3076 fructus.

433 3105 468 3131 2.
497 3094 728 3140 PRAETEREA,
758 3093 899 3129 fructus
928 3099 984 3129 est
1011 3092 1075 3140 qui
1105 3103 1150 3128 ex
1169 3091 1349 3140 spirituali
1381 3102 1438 3128 se-

379 3146 481 3183 mine
519 3145 703 3192 exoritur,
733 3153 774 3182 ut
811 3145 952 3182 dictum
981 3153 1036 3182 est
1058 3145 1088 3181 *.
1120 3144 1196 3181 Sed
1224 3144 1435 3191 Dominus,

379 3199 512 3236 Matth.
531 3198 638 3245 xi11*,
658 3198 765 3247 ponit
782 3197 965 3246 triplicem
986 3206 1105 3234 terrae
1124 3199 1250 3234 bonae
1274 3198 1436 3234 fructum

379 3246 427 3288 ei
454 3251 633 3300 spirituali
659 3251 802 3288 semine
820 3251 1128 3299 provenientem:
1158 3250 1295 3287 scilicet
1318 3255 1437 3287 cente-

377 3305 527 3350 simum,
547 3312 582 3340 et
598 3304 890 3353 sexagesimum,
912 3311 947 3339 et
965 3304 1210 3353 trigesimum.
1236 3304 1338 3351 Ergo
1358 3314 1436 3340 non

379 3365 465 3394 sunt
491 3356 660 3405 ponendi
686 3356 891 3393 duodecim
919 3357 1072 3393 fructus.

434 3411 466 3447 3.
484 3411 715 3456 PRAETEREA,
732 3410 872 3446 fructus
891 3410 1003 3445 habet
1028 3409 1065 3445 in
1086 3409 1142 3445 sui
1167 3409 1311 3446 ratione
1331 3410 1436 3456 quod

379 3462 425 3499 sit
450 3462 626 3499 ultimum
655 3470 691 3498 et
720 3462 949 3499 delectabile.
982 3462 1058 3498 Sed
1079 3461 1171 3498 ratio
1197 3461 1266 3498 ista
1286 3474 1363 3498 non
1383 3462 1436 3498 in-

1489 2669 1640 2706 venitur
1674 2669 1710 2705 in
1745 2668 1923 2705 omnibus
1954 2668 2136 2705 fructibus
2155 2669 2220 2708 ab·
2245 2670 2433 2719 Apostolo
2461 2678 2553 2709 ehu-¹-

1491 2721 1661 2758 metatis:
1690 2721 1870 2770 patientia
1898 2721 2000 2758 enim
2031 2728 2068 2760 et
2094 2721 2356 2770 longanimitas
2374 2723 2553 2762 videntur

1491 2774 1528 2811 in
1558 2775 1671 2811 rebus
1704 2774 2010 2811 contristantibus
2044 2786 2148 2821 esse;
2177 2775 2274 2812 fides
2292 2790 2293 2795 ¹
2311 2771 2440 2813 autem
2456 2783 2552 2818 ‘non

1490 2827 1606 2863 habet
1634 2826 1818 2864 rationem
1846 2824 1980 2875 ultimi,
2009 2827 2077 2864 sed
2097 2827 2217 2876 magis
2234 2823 2553 2879 'rationefflp'timi

1491 2879 1737 2917 fundamenti.
1777 2880 1978 2929 Super-flue
1988 2880 2377 2928 *igimr‘huiusmodi
2409 2881 2552 2920 fruems

1492 2940 1772 2970 enumerantur.
2142 2945 2145 2951 ‘
2446 2945 2449 2954 ³
2478 2942 2500 2957 '-
2527 2931 2546 2963 'T

1545 2986 1619 3022 San
1639 2997 1795 3032 CONTRA,
1825 2985 1977 3023 videtur
1994 2982 2109 3036 'quod
2136 2981 2407 3024 insufficienter
2433 2994 2471 3025 et
2498 2987 2552 3025 di*-

1491 3038 1642 3076 minute·
1672 3045 1952 3076 enumerentur.
1990 3038 2145 3076 Dictum
2165 3047 2249 3076 'est‘
2267 3039 2370 3076 enirn
2392 3039 2415 3061 '³
2444 3041 2551 3090 quod
2578 3053 2588 3063 ·
2647 3067 2653 3074 .

1491 3103 1627 3128 omnes
1656 3091 1908 3129 beatitudines
1926 3092 2066 3128 fructus
2086 3091 2159 3128 dici
2175 3099 2354 3141 possunt:
2383 3088 2550 3132 sednon

1491 3156 1627 3182 omnes
1645 3145 1706 3181 hic
1726 3152 2007 3182 enumerantur.
2030 3142 2134 3181 Nihil
2155 3141 2302 3182 etiam*
2316 3145 2379 3182 hic
2396 3145 2552 3194 ponitur

1490 3198 1539 3235 ad
1568 3206 1694 3234 actum
1722 3196 1927 3247 sapientiae
1955 3197 2159 3246 pertinens,
2184 3205 2222 3234 et
2238 3194 2551 3237 multammfnfin'a

1491 3263 1575 3287 rum
1612 3250 1807 3288 virtutum.
1842 3251 1944 3298 Ergo
1973 3250 2123 3287 videtur
2148 3247 2254 3299 quud
2281 3248 2551 3295 insufficienter

1492 3311 1759 3341 enumerentur
1785 3304 1938 3340 fructus.
2184 3313 2185 3316 ’
2348 3352 2350 3354 v
2538 3352 2541 3354 q

1545 3358 1769 3394 Responnao
1793 3366 1977 3394 memnon
2003 3356 2109 3404 quod
2136 3366 2318 3393 numerus
2346 3352 2550 3408 duodeeim

1490 3410 1680 3446 fructuum
1700 3411 1749 3446 ab
1768 3410 1954 3458 Apostolo
1975 3407 2297 3456 enumeratorum,
2319 3408 2550 3447 conveniens

1491 3470 1566 3499 est:
1601 3470 1638 3499 et
1665 3470 1824 3511 possunt
1851 3462 2051 3509 significari
2079 3473 2148 3510 per
2175 3461 2380 3504 duodecim
2407 3461 2551 3499 fructus

434 3559 460 3592 α)
481 3558 569 3582 etiam.
582 3570 600 3576 -
619 3558 687 3582 enim
707 3557 810 3581 PGKsB
831 3562 854 3581 et
874 3557 914 3581 ed.
933 3563 957 3586 a,
977 3561 1065 3581 autem
1086 3558 1131 3581 sD.

2536 1619 2594 1648 ix,

2576 491 2585 500 ·
2600 489 2679 511 Ττιοτ.
2700 489 2741 512 XL
2761 490 2787 512 in

2575 515 2643 537 Ioan.

2577 547 2585 556 ‘
2593 546 2630 567 De
2639 546 2706 568 Deci.
2718 546 2788 568 Chri-

2576 572 2662 599 stiam,
2681 572 2722 595 lib.
2740 573 2787 601 m,

2577 604 2627 626 cap.
2642 605 2666 620 x.

2508 2254 2514 2267 Ἴ
2579 2228 2757 2258 ''lampa-0.

2540 2312 2547 2331 1
2589 2315 2649 2331 ;.ῖ”;
2667 2318 2699 2335 ,μ’
2717 2311 2762 2337 ..¹9
2782 2312 2788 2321 '³
