2852 4152
119 1257 132 1268 ·
138 1256 195 1284 Cup.
201 1262 274 1284 iustu
280 1262 331 1284 sqq.

122 2148 189 2171 ⁸Lib.
193 2148 212 2176 1,
218 2151 287 2171 metr.
291 2155 333 2170 vn.

122 2622 135 2635 ⁸
199 2628 241 2650 .v‚
256 2627 332 2644 ιο.-

123 2648 149 2672 S.
197 2662 204 2670 .
218 2648 270 2670 lect.
285 2654 307 2670 v.

1027 283 1290 330 QUAESTIO
1321 283 1443 329 XXV,
1471 281 1765 318 ARTICULUS
1794 282 1845 317 lv

354 364 395 394 Et
410 363 472 393 hoc
486 361 653 392 subiuncta
667 360 760 391 verba
775 360 944 398 insinuant,
961 362 1084 397 scilicet,
1097 362 1153 392 sed
1162 362 1271 402 potius
1283 361 1406 391 bonum.

2446 282 2514 328 187

1465 360 1600 390 arduum
1619 359 1697 390 ratio
1721 366 1892 399 poneretur
1915 369 2067 390 accessus.
2093 360 2149 390 Est
2171 360 2273 399 igitur,
2298 360 2322 390 si
2346 366 2427 390 recte
2444 370 2518 390 con—

355 407 390 438 In
416 406 506 437 cuius
522 405 659 445 signum,
679 405 712 434 in
735 404 821 434 nulla
838 405 982 445 passione
1006 406 1179 446 assignatur
1199 406 1334 436 arduum
1351 415 1408 445 pro
1465 404 1626 440 sideretur,
1651 403 1787 433 arduum
1811 410 2028 442 comparatum
2053 404 2091 433 ad
2115 404 2246 439 bonum,
2271 404 2349 434 ratio
2365 412 2517 433 recessus:

354 450 476 481 ratione
506 448 689 484 accedendi,
714 447 774 478 nisi
798 449 830 478 in
854 450 998 480 audacia:
1022 449 1056 479 in
1084 459 1147 491 qua
1177 449 1320 490 oportuit
1348 449 1410 479 hoc
1466 454 1496 478 et
1525 453 1746 487 comparatum
1772 446 1812 476 ad
1834 446 1975 482 malum,
2000 447 2078 477 ratio
2109 457 2260 477 accessus.
2286 448 2326 477 Et
2353 454 2519 486 propterea

355 494 435 530 fieri,
460 493 544 534 quia,
570 492 694 523 obiecto
720 491 787 522 eius
811 493 958 523 existente
983 494 1067 523 malo
1092 493 1208 529 arduo,
1234 500 1264 524 et
1287 492 1408 523 malum
1466 502 1531 522 non
1556 498 1602 522 est
1617 491 1734 521 mirum
1755 490 1779 520 si
1799 490 1898 520 modo
1922 489 2094 520 affirmatur
2114 497 2167 520 aut
2187 498 2317 530 negatur
2332 491 2403 527 hoc,
2420 491 2518 520 modo

356 544 402 568 est
417 537 516 577 magis
532 536 727 577 repulsivum
744 546 840 576 quarn
861 537 1004 573 arduum,
1024 547 1219 578 consequens
1241 537 1300 567 fuit
1323 536 1411 577 quod
1465 535 1554 566 illud.

1307 621 1312 625 ,
1320 619 1410 626 „fewx

1133 688 1343 730 ARTICU
1350 688 1448 730 LUS
1477 687 1747 739 QUARTUS

594 790 747 821 UTRUM
771 790 894 820 ISTAE
918 790 1013 821 SINT
1038 790 1251 828 QUATUOR
1272 789 1804 864 ξξὲῐέῦὲζΑῙῨῙῐῖῧῶἓὸὃῐΟΝΕὸ,
1829 789 2038 824 GAUDIUM,
2063 788 2287 823 TRISTITIA,

710 920 783 951 Infra,
803 928 848 953 qu.
867 928 965 952 uxxw,
984 926 1030 945 art.
1048 928 1074 952 4,
1094 921 1126 946 ad
1146 928 1174 951 2;
1194 920 1291 948 11¹11··‚
1312 927 1357 952 qu.
1376 927 1441 948 exn,
1461 924 1507 944 art.
1523 927 1547 951 7,
1567 920 1598 944 ad
1619 918 1632 943 3
1639 926 1646 949 ;
1667 919 1697 943 111
1717 919 1798 949 sent„
1819 919 1877 944 dist.
1890 927 1954 950 xxvr,
1969 927 2014 952 qu.
2030 927 2051 951 1,
2071 924 2119 945 art.
2137 927 2155 950 4
2162 927 2169 950 ;

1236 955 1277 979 De
1300 954 1388 985 Verft„
1407 962 1451 987 qu.
1469 962 1538 985 xxm,
1558 959 1603 979 art.
1623 953 1648 979 5.

389 1083 548 1153 ᾖξ’ᾼῗξῦ
570 1108 648 1133 non
677 1096 750 1133 sint
776 1096 867 1132 istae
896 1103 1059 1143 quatuor
1089 1095 1313 1143 principales
1333 1107 1415 1143 pas-

378 1147 499 1201 '15¹5
518 1137 541 1190 ἦ
556 1143 708 1196 siones,
738 1148 919 1196 gaudium
948 1155 985 1184 et
1011 1147 1166 1195 tristitia,
1195 1160 1282 1196 spes
1311 1154 1346 1183 et
1373 1147 1416 1183 ti-

380 1192 393 1203 ”
418 1174 515 1231 <1*³⁹¹5
530 1190 668 1238 mor.
697 1200 928 1249 Augustinus
958 1200 1070 1246 enim,
1095 1200 1133 1236 in
1161 1201 1250 1236 XIV
1268 1200 1313 1236 de
1336 1200 1414 1236 civ.

358 1255 434 1291 Dei
445 1253 476 1301 ³¹²,
507 1266 584 1291 non
603 1253 710 1302 ponit
728 1266 848 1302 spem,
870 1254 936 1290 sed
957 1252 1198 1300 cupiditatem
1218 1253 1302 1289 loco
1323 1252 1415 1299 eius.

414 1318 449 1344 2.
479 1307 724 1353 PRAETEREA,
753 1306 791 1342 in
818 1305 1059 1353 passionibus
1087 1305 1236 1341 animae
1265 1312 1321 1341 est
1348 1305 1416 1341 du-

358 1359 446 1408 plex
464 1359 576 1396 ordo:
597 1358 736 1395 scilicet
754 1357 981 1403 intentionis,
999 1365 1035 1393 et
1054 1357 1330 1393 consecutionis
1350 1368 1417 1393 seu

357 1409 622 1459 generationis.
652 1413 730 1446 Aut
757 1421 845 1456 ergo
873 1408 1098 1457 principales
1130 1409 1328 1456 passiones
1356 1421 1416 1444 ac-

360 1463 549 1511 cipiuntur
575 1462 785 1498 secundum
824 1461 999 1497 ordinem
1034 1460 1270 1497 intentionis:
1300 1468 1336 1496 et
1363 1461 1416 1497 sic

359 1522 505 1552 tantum
537 1513 718 1562 gaudium
754 1520 791 1549 et
822 1513 986 1560 tristitia,
1019 1524 1118 1560 quae
1147 1520 1234 1549 sunt
1260 1513 1414 1560 finales,

359 1573 470 1604 erunt
494 1566 718 1616 principales
741 1566 949 1614 passiones.
974 1567 1051 1601 Aut
1078 1565 1289 1602 secundum
1318 1565 1416 1602 ordi-

358 1631 450 1657 nem
478 1618 755 1656 consecutionis
774 1630 843 1655 seu
861 1617 1132 1666 generationis:
1164 1625 1200 1654 et
1227 1618 1278 1654 sic
1307 1629 1417 1654 amor

361 1672 429 1709 erit
454 1671 670 1722 principalis
697 1671 836 1720 passio.
865 1671 981 1707 Nullo
1010 1682 1100 1718 ergo
1129 1670 1246 1707 modo
1277 1670 1416 1707 debent

361 1724 433 1762 dici
449 1732 612 1773 quatuor
629 1723 855 1773 principales
869 1723 1066 1772 passiones
1090 1723 1182 1760 istae
1203 1730 1367 1772 quatuor
1386 1728 1414 1770 α,

359 1777 540 1826 gaudium
570 1784 607 1814 et
633 1777 787 1824 tristitia,
816 1788 903 1825 spes
932 1784 968 1813 et
994 1775 1119 1812 timor.

415 1831 449 1867 3.
478 1831 716 1876 PRAETEREA,
747 1829 841 1866 sicut
868 1828 1027 1866 audacia
1055 1835 1229 1865 causatur
1257 1840 1302 1864 ex
1330 1840 1415 1877 spe,

358 1881 410 1918 ita
436 1882 551 1918 timor
579 1894 624 1919 ex
652 1882 926 1930 desperatione.
955 1883 1033 1918 Aut
1060 1892 1149 1929 ergo
1178 1893 1264 1929 spes
1294 1888 1330 1917 et
1354 1881 1417 1917 de-

359 1935 522 1984 speratio
558 1935 698 1972 debent
723 1934 815 1983 poni
842 1933 1066 1983 principales
1094 1933 1307 1982 passiones,
1337 1941 1417 1970 tan-

360 1999 475 2037 quam
506 1999 660 2024 causae:
689 1994 753 2024 aut
765 1998 857 2036 spes
886 1994 922 2023 et
950 1986 1119 2034 audacia,
1139 1993 1322 2034 tanquam
1346 1986 1417 2022 sibi

359 2040 451 2090 ipsis
479 2040 625 2077 affines.

415 2093 489 2130 SED
518 2104 664 2130 CONTRA
690 2104 756 2129 EST
783 2091 875 2128 illud
907 2093 1010 2140 quod
1043 2090 1218 2138 Boetius,
1252 2091 1290 2127 in
1321 2091 1416 2127 libro

361 2145 407 2182 de
435 2145 582 2182 Consol.
601 2145 632 2193 *,
654 2156 881 2181 enumerans
910 2151 1072 2193 quatuor
1089 2143 1314 2192 principales
1332 2156 1418 2192 pas-

361 2197 499 2244 siones,
521 2197 628 2235 dicit:
662 2197 809 2234 Gaudia
823 2197 932 2246 pelle,
960 2196 1060 2233 Pelle
1078 2197 1261 2241 timorem,
1290 2197 1418 2244 Spem-

361 2262 433 2299 que
448 2251 605 2300 fugato,
634 2250 719 2287 Nec
745 2249 853 2286 dolor
879 2249 984 2286 adsit.

414 2303 638 2340 Responnzo
666 2314 849 2339 DICENDUM
869 2302 974 2350 quod
996 2302 1068 2338 hae
1093 2309 1255 2350 quatuor
1276 2301 1418 2350 passio-

359 2366 426 2392 nes
451 2354 706 2392 communiter
730 2354 955 2403 principales
985 2366 1067 2390 esse
1100 2354 1284 2390 dicuntur.
1316 2354 1418 2400 Qua-

358 2419 445 2444 rum
474 2408 584 2455 duae,
609 2407 749 2444 scilicet
765 2407 947 2455 gaudium
967 2414 1003 2443 et
1020 2406 1175 2454 tristitia,
1194 2406 1419 2454 principales

360 2458 553 2508 dicuntur,
588 2460 676 2508 quia
708 2467 795 2496 sunt
826 2459 1078 2508 completivae
1107 2466 1143 2495 et
1169 2459 1302 2495 finales
1330 2458 1419 2495 sim-

358 2513 504 2562 pliciter
540 2520 714 2562 respectu
747 2512 920 2549 omniurn
958 2512 1197 2560 passionum:
1229 2511 1332 2548 unde
1369 2511 1417 2548 ad

361 2578 496 2602 omnes
529 2566 725 2615 passiones
758 2572 1059 2613 consequuntur,
1088 2572 1131 2601 ut
1158 2564 1291 2601 dicitur
1317 2564 1356 2600 in
1385 2565 1416 2600 11

358 2618 478 2655 Ethic.
499 2617 519 2640 *
546 2618 682 2654 Timor
709 2625 834 2654 autem
865 2625 901 2653 et
928 2629 1014 2665 spes
1051 2624 1138 2653 sunt
1169 2616 1417 2665 principales,

360 2682 440 2707 non
468 2670 623 2718 quidem
657 2669 763 2718 quasi
797 2669 1048 2717 completivae
1086 2668 1321 2716 simpliciter,
1350 2668 1418 2704 sed

361 2722 450 2770 quia
483 2730 570 2759 sunt
602 2721 854 2770 completivae
881 2721 920 2757 in
948 2732 1084 2768 genere
1117 2728 1243 2757 motus
1276 2721 1418 2769 appeti-

359 2773 427 2811 tivi
450 2774 499 2811 ad
527 2774 685 2822 aliquid:
705 2785 794 2810 nam
821 2780 996 2822 respectu
1022 2772 1125 2820 boni,
1146 2772 1273 2821 incipit
1291 2780 1418 2810 motus

360 2826 398 2863 in
426 2838 579 2874 amore,
614 2834 650 2862 et
682 2825 854 2875 procedit
880 2826 918 2862 in
948 2825 1197 2872 desiderium,
1228 2832 1264 2862 et
1291 2825 1418 2862 termi—

361 2886 471 2916 natur
497 2879 535 2915 in
563 2890 650 2927 spe;
681 2885 853 2927 respectu
871 2889 964 2914 vero
984 2877 1084 2925 mali,
1108 2877 1237 2926 incipit
1254 2877 1293 2914 in
1313 2878 1415 2925 odio,

363 2939 398 2968 et
428 2930 603 2980 procedit
635 2930 684 2967 ad
710 2931 854 2978 fugam,
884 2937 921 2966 et
947 2930 1169 2967 terminatur
1201 2929 1240 2967 in
1267 2930 1414 2967 timore.

496 1062 548 1104 ᾳ(
570 1055 592 1080 D
613 1055 784 1086 QUARTUM
804 1055 857 1080 sm
876 1054 1113 1079 pnoenmrua.
1134 1042 1293 1079 Videtur
1311 1041 1415 1091 quod
1442 1043 1445 1054 '
1469 1063 1492 1069 -
1514 1043 1563 1078 Et
1580 1042 1667 1079 ideo
1687 1043 1782 1079 solet
1804 1043 1939 1079 harum
1960 1051 2123 1091 quatuor
2140 1043 2363 1091 passionum
2389 1054 2522 1079 nume-

1469 1107 1533 1131 rus
1569 1095 1687 1143 accipi
1719 1095 1929 1132 secundum
1967 1095 2214 1132 differentiam
2247 1095 2454 1144 praesentis
2488 1103 2524 1131 et

1469 1147 1602 1184 futuri:
1632 1155 1758 1185 motus
1792 1148 1893 1184 enim
1926 1148 2073 1196 respicit
2105 1149 2292 1195 futurum,
2321 1149 2388 1185 sed
2416 1148 2523 1196 quies

1471 1207 1527 1236 est
1549 1200 1588 1236 in
1611 1200 1737 1250 aliquo
1762 1200 1961 1249 praesenti.
1991 1201 2049 1236 De
2078 1201 2181 1237 bono
2209 1201 2318 1248 igitur
2335 1201 2524 1249 praesenti

1471 1260 1526 1289 est
1553 1252 1750 1301 gaudium;
1780 1253 1827 1289 de
1856 1253 1958 1289 malo
1986 1254 2173 1301 praesenti
2203 1261 2257 1290 est
2284 1253 2445 1299 tristitia;
2476 1253 2523 1290 de

1470 1305 1574 1341 bono
1601 1317 1695 1342 vero
1725 1306 1848 1342 futuro
1885 1313 1940 1342 est
1968 1318 2074 1354 spes;
2104 1306 2151 1342 de
2179 1307 2280 1342 malo
2317 1306 2440 1342 futuro
2470 1313 2525 1342 est

1469 1365 1593 1394 timor.

1524 1410 1670 1446 Omnes
1699 1418 1826 1447 autem
1862 1411 1955 1448 aliae
1987 1411 2204 1460 passiones,
2234 1423 2330 1460 quae
2363 1418 2449 1447 sunt
2477 1410 2525 1447 de

1469 1461 1572 1498 bono
1599 1463 1662 1499 vel
1691 1464 1738 1500 de
1766 1464 1867 1499 malo
1900 1463 2088 1512 praesenti
2114 1465 2177 1500 vel
2209 1464 2349 1510 futuro,
2383 1465 2430 1501 ad
2457 1463 2526 1499 has

1470 1514 1695 1562 completive
1716 1515 1956 1552 reducuntur.
1979 1516 2090 1553 Unde
2117 1516 2228 1553 etiam
2253 1529 2275 1552 a
2298 1516 2525 1565 quibusdam

1471 1566 1645 1603 dicuntur
1662 1567 1886 1616 principales
1914 1568 1987 1604 hae
2006 1568 2219 1616 praedictae
2248 1576 2410 1617 quatuor
2439 1581 2525 1617 pas-

1470 1618 1607 1665 siones,
1630 1619 1717 1668 quia
1736 1627 1822 1656 sunt
1840 1621 2045 1666 generales.
2067 1621 2182 1666 Quod
2211 1621 2366 1668 quidem
2389 1633 2526 1658 verum

1472 1679 1537 1718 est,
1564 1671 1594 1707 si
1621 1684 1708 1720 spes
1737 1679 1772 1708 et
1798 1672 1912 1708 timor
1940 1672 2135 1720 designant
2163 1681 2310 1709 motum
2339 1673 2526 1721 appetitus

1471 1724 1725 1761 communiter
1743 1724 1958 1761 tendentem
1980 1724 2018 1761 in
2036 1725 2175 1773 aliquid
2195 1727 2450 1773 appetendum
2465 1726 2527 1762 vel

1469 1776 1701 1824 fugiendum.

1523 1831 1582 1866 AD
1610 1841 1747 1867 PR1MUM
1768 1841 1866 1866 ERGO
1885 1840 2068 1866 DICENDUM
2088 1829 2192 1877 quod
2211 1830 2441 1878 Augustinus
2459 1842 2528 1878 po-

1471 1881 1524 1918 nit
1552 1882 1783 1919 desiderium
1802 1882 1864 1919 vel
1884 1881 2126 1930 cupiditatem
2145 1883 2230 1919 loco
2256 1882 2348 1931 spei,
2368 1883 2527 1931 inquan-

1470 1942 1552 1971 tum
1574 1935 1620 1971 ad
1636 1935 1739 1972 idem
1754 1934 1940 1984 pertinere
1953 1934 2140 1982 videntur,
2162 1935 2300 1972 scilicet
2318 1935 2366 1972 ad
2382 1936 2527 1972 bonum

1470 1987 1667 2033 futurum„

1523 2041 1582 2076 AD
1610 2034 1800 2076 sfiCUNDUM
1818 2051 2001 2076 DICENDUM
2021 2039 2125 2088 quod
2143 2039 2340 2088 passiones
2362 2040 2454 2077 istae
2474 2040 2527 2078 di-

1472 2099 1608 2128 cuntur
1629 2091 1868 2140 principales,
1889 2093 2099 2129 secundum
2120 2092 2293 2129 ordinem
2312 2093 2527 2130 intentionis

1473 2152 1508 2181 et
1536 2144 1821 2194 complementi;
1850 2145 1898 2181 Et
1926 2145 2102 2193 quamvis
2130 2145 2243 2182 timor
2272 2152 2308 2181 et
2334 2158 2420 2194 spes
2449 2158 2528 2182 non

1472 2197 1545 2234 sint
1571 2197 1726 2234 ultimae
1753 2197 1950 2246 passiones
1974 2197 2201 2246 simpliciter,
2221 2205 2349 2234 tamen
2369 2206 2456 2235 sunt
2472 2199 2529 2235 ul-

1471 2250 1585 2286 timae
1614 2250 1652 2286 in
1679 2261 1817 2297 genere
1843 2249 2067 2297 passionum
2098 2250 2333 2287 tendentium
2360 2251 2398 2287 in
2426 2251 2528 2287 aliud

1473 2302 1580 2350 quasi
1607 2302 1646 2338 in
1674 2303 1853 2338 futurum.
1884 2302 1968 2338 Nec
1994 2309 2119 2350 potest
2148 2314 2228 2339 esse
2257 2302 2430 2340 instantia
2458 2303 2529 2339 nisi
2569 2349 2572 2351 ι

1473 2355 1520 2392 de
1548 2354 1614 2391 ira.
1641 2355 1751 2401 Quae
1778 2362 1907 2390 tamen
1941 2366 2019 2391 non
2046 2362 2170 2403 potest
2196 2355 2288 2403 poni
2315 2355 2529 2404 principalis

1471 2407 1610 2456 passio,
1632 2407 1719 2456 quia
1745 2414 1800 2443 est
1828 2406 1983 2454 quidam
2005 2406 2159 2443 effectus
2179 2407 2357 2444 audaciae
2379 2409 2409 2455 *,
2431 2421 2528 2457 quae

1471 2519 1586 2549 cetur.

1524 2564 1586 2601 Ad
1613 2576 1772 2601 TERTIUM
1800 2575 1983 2601 D1CENDUM
2003 2551 2108 2611 quoc'i
2124 2564 2334 2613 desperatio
2353 2566 2531 2614 importat

1473 2629 1663 2653 recessum
1693 2629 1714 2653 a
1742 2618 1859 2663 bono,
1890 2616 1994 2665 quod
2023 2624 2078 2653 est
2105 2617 2212 2665 quasi
2238 2629 2308 2666 per
2335 2619 2527 2656 accidens:

1474 2676 1509 2705 et
1537 2669 1694 2705 audacia
1725 2669 1905 2717 importat
1932 2680 2126 2705 accessum
2155 2670 2201 2706 ad
2229 2671 2393 2718 malum,
2423 2672 2528 2720 quod

1473 2721 1585 2757 etiam
1620 2728 1676 2757 est
1706 2733 1775 2769 per
1811 2720 1997 2757 accidens.
2027 2721 2076 2758 Et
2107 2721 2194 2758 ideo
2226 2723 2298 2759 hae
2329 2723 2527 2771 passiones

1473 2785 1550 2810 non
1579 2780 1739 2821 possunt
1767 2785 1848 2809 esse
1866 2773 2112 2822 principales:
2143 2774 2231 2823 quia
2259 2775 2363 2823 quod
2387 2783 2442 2812 est
2461 2789 2529 2825 per

1473 2825 1657 2872 accidens,
1678 2837 1755 2862 non
1777 2833 1903 2874 potest
1930 2825 2002 2862 dici
2028 2826 2244 2875 principale.
2274 2828 2323 2864 Et
2341 2828 2394 2864 sic
2413 2829 2526 2866 etiam

1471 2890 1543 2915 nec
1570 2878 1624 2915 ira
1651 2885 1776 2926 potest
1804 2877 1876 2915 dici
1903 2878 2029 2927 passio
2056 2879 2282 2928 principalis,
2313 2892 2409 2929 quae
2439 2894 2528 2918 con-

1471 2931 1640 2979 sequitur
1666 2930 1876 2968 audaciam.

415 3046 442 3080 α)
457 3046 620 3078 principales
634 3045 772 3077 passiones
791 3045 858 3069 istae
878 3047 1000 3076 quatuor.
1014 3044 1180 3075 -passiones
1200 3044 1266 3068 istae
1280 3043 1444 3075 principales
1464 3043 1510 3069 Pa.

1033 3122 1362 3155 Commentariis.
1384 3121 1633 3154 Cardjnalis
1654 3121 1853 3154 Caietam

391 3225 411 3245 N
431 3213 561 3245 articulo
577 3219 690 3253 quarto
707 3211 847 3243 eiusdem
863 3210 1064 3252 quaestionis,
1085 3216 1120 3240 ut
1139 3209 1274 3240 resolute
1297 3209 1374 3240 scias
1391 3216 1421 3240 et

364 3227 546 3299 Ipraeferas
566 3255 738 3297 primatum
761 3255 887 3286 illarum
903 3261 1041 3295 quatuor
1061 3253 1259 3294 passionum,
1281 3252 1419 3293 colligito

361 3303 450 3343 quod
474 3301 634 3342 passiones
654 3299 817 3340 primariae
839 3299 967 3339 exigunt
989 3298 1066 3328 duas
1090 3297 1296 3328 conditiones.
1316 3297 1420 3327 Prima

362 3353 408 3378 est
431 3346 519 3386 quod
536 3345 597 3376 sint
615 3354 671 3384 per
689 3352 735 3380 se;
752 3343 840 3379 idest,
865 3342 943 3373 nihil
959 3351 1014 3382 per
1036 3341 1178 3372 accidens
1202 3341 1351 3371 habentes
1366 3340 1419 3371 ad-

361 3390 507 3426 mixtum,
527 3396 591 3420 tam
609 3388 643 3418 in
662 3398 694 3418 se
711 3397 808 3428 quam
829 3387 863 3417 in
886 3386 950 3417 suis
974 3385 1084 3416 causis.
1101 3385 1244 3415 Secunda
1267 3391 1313 3415 est
1331 3385 1419 3425 quod

363 3435 425 3465 sint
453 3433 583 3464 ultimae
614 3432 647 3462 in
676 3431 805 3471 singulis
833 3430 1007 3471 generibus.
1038 3429 1118 3459 Sunt
1145 3435 1264 3464 autem,
1290 3428 1315 3458 si
1338 3428 1417 3458 bene

363 3477 573 3517 distinguitur,
593 3483 730 3517 quatuor
755 3484 868 3515 genera
893 3474 1091 3514 passionum:
1113 3472 1228 3503 scilicet
1253 3478 1361 3502 motus
1384 3471 1416 3502 in

363 3523 500 3558 bonum,
525 3527 632 3551 motus
659 3530 676 3550 a
701 3520 801 3555 malo,
827 3518 915 3559 quies
938 3518 970 3548 in
996 3518 1098 3555 bono,
1123 3523 1153 3546 et
1175 3515 1361 3556 inquietudo
1383 3515 1416 3545 in

1474 3209 1569 3239 malo.
1587 3208 1706 3240 Ultima
1729 3209 1761 3238 in
1777 3208 1881 3249 primo
1900 3218 2012 3249 genere
2034 3216 2080 3240 est
2100 3220 2183 3251 spes;
2199 3211 2232 3242 in
2251 3213 2400 3249 secundo,
2417 3213 2525 3250 timor;

1473 3253 1506 3283 in
1525 3252 1626 3288 tertio,
1647 3251 1824 3288 delectatio;
1847 3251 1881 3282 in
1903 3260 2026 3295 quarto,
2050 3253 2171 3285 tristitia
2178 3263 2186 3291 ;
2207 3261 2237 3286 et
2253 3265 2363 3286 omnes
2383 3264 2456 3287 sunt
2471 3267 2527 3297 per

1473 3306 1515 3333 se,
1540 3303 1605 3327 tam
1627 3296 1660 3326 in
1683 3305 1716 3326 se
1739 3305 1836 3337 quarn
1858 3295 1892 3326 in
1915 3296 1980 3327 suis
2004 3297 2116 3328 causis.

1528 3341 1569 3371 Et
1598 3339 1640 3370 sic
1671 3346 1791 3374 cessant
1822 3348 1934 3370 omnes
1963 3341 2171 3378 obiectiones,
2196 3342 2369 3382 specialiter
2396 3344 2434 3374 de
2462 3344 2523 3380 ira,

1473 3394 1555 3425 quae
1579 3390 1624 3414 est
1647 3383 1776 3414 ulterior
1802 3391 1910 3414 motus
1933 3384 1965 3414 in
1988 3385 2111 3416 bonum
2134 3395 2231 3425 quarn
2255 3395 2342 3426 spes:
2366 3393 2412 3417 est
2439 3387 2525 3418 enim

1472 3434 1546 3468 post
1569 3437 1668 3468 spem.
1700 3427 1783 3465 Quia
1806 3434 1911 3458 tamen
1940 3429 2100 3469 consurgit
2130 3439 2167 3459 ex
2194 3440 2250 3470 per
2277 3430 2435 3466 accidens,
2467 3431 2524 3462 sci-

1472 3472 1543 3502 licet
1566 3481 1602 3502 ex
1625 3471 1767 3507 audacia,
1792 3478 1828 3502 ut
1849 3471 1882 3502 in
1905 3471 2004 3503 littera
2018 3472 2036 3492 *
2059 3472 2183 3510 dicitur,
2207 3473 2278 3504 ideo
2301 3474 2438 3513 primatu
2461 3475 2523 3515 pri·
2551 3484 2593 3505 ·1n
2605 3490 2664 3512 resp.
2673 3485 2702 3506 ad
2711 3491 2732 3512 2,
2740 3491 2759 3514 3.

1471 3522 1571 3546 vatur.

2555 2417 2564 2426 ·
2582 2417 2611 2438 D.
2626 2417 2674 2444 258.

1472 2472 1551 2497 non
1577 2467 1703 2508 potest
1731 2472 1811 2496 esse
1838 2459 1965 2507 passio
1993 2459 2219 2508 principalis,
2249 2468 2289 2497 ut
2316 2460 2411 2498 infra
2429 2462 2450 2482 ’¹‘
2477 2461 2529 2498 di-
2556 2466 2564 2474 ‘
2580 2466 2605 2487 1¹¹
2620 2472 2681 2493 ‘⁶⁵1³-
2699 2465 2727 2486 2‘1
2741 2472 2765 2494 3³

2557 2496 2578 2513 et
2588 2498 2686 2519 qu.xs.v,
2698 2495 2766 2518 arta,

2556 2518 2584 2539 ad
2598 2524 2618 2546 3.
