2846 4146
123 654 133 663 ·
152 652 209 680 Cap.
223 659 246 678 v,
265 659 287 674 n.
303 653 331 678 ὃς

124 685 268 727 ἓῗρΐὴῖἷέοῗ.
272 685 306 729 1v¹,⁴
311 690 333 726 vi

124 731 310 780 §.ctifieneff’ff'
321 742 333 748 '

119 1974 204 2047 {gf-²3:
214 1979 330 2021 fimet:

217 2133 233 2150 α

119 2346 127 2354 ·
149 2345 205 2374 Cap.
220 2352 246 2373 v,
269 2351 292 2368 n.
309 2352 329 2371 ις

122 2377 172 2399 cap.
196 2378 235 2399 vn,
257 2378 280 2393 n.
301 2372 329 2398 ὃς

120 2404 198 2446 {wsb}
203 2404 329 2451 licifivz'w,

120 2457 168 2473 vm.

189 2503 191 2505 v
215 2478 230 2512 β

118 2932 127 2939 ·
143 2929 211 2952 Vera.
228 2936 259 2956 ¹4·

117 3140 128 3151 ⁴⁵
138 3139 208 3163 Vere.
223 3146 244 3168 7.

359 196 433 232 368

360 286 459 321 quae
488 274 675 323 pertinent
703 275 752 312 ad
780 275 876 312 fines
894 274 1070 323 proprios
1099 274 1242 311 illarum
1265 273 1413 310 artium.

1042 196 1308 242 QUAESTIO
1339 196 1456 241 LVlI,
1486 194 1781 230 ARTICULUS
1810 194 1843 229 V

1470 272 1586 309 duces
1624 272 1686 308 vel
1721 272 2015 319 gubernatores,
2050 285 2128 310 non
2166 280 2292 310 autem
2325 273 2530 322 prudentes

359 327 471 364 Unde
492 327 618 376 aliqui,
639 327 863 376 inquantum
893 335 979 364 sunt
1003 328 1100 364 bene
1130 325 1350 363 consiliativi
1378 325 1415 361 in
1470 324 1707 373 simpliciter:
1739 324 1806 361 sed
1834 324 1884 361 illi
1913 325 2038 362 solum
2067 325 2131 374 qui
2159 326 2258 363 bene
2287 326 2532 363 consiliantur

360 380 474 416 rebus
512 380 652 417 bellicis
694 381 755 417 vel
789 380 966 427 nauticis,
1003 380 1176 416 dicuntur
1212 378 1417 427 prudentes

1473 377 1519 413 de
1547 377 1605 413 his
1633 389 1733 424 quae
1763 377 1961 414 conferunt
1980 378 2026 414 ad
2055 385 2174 415 totam
2202 378 2334 416 vitam.

1039 474 1368 506 Commentarda
1391 472 1639 505 Cardinalis
1662 472 1860 505 Caietam

390 574 409 594 N
434 563 564 594 articulo
589 571 711 604 quarto,
736 563 768 593 in
793 562 996 603 responsione
1021 562 1059 591 ad
1079 561 1264 596 secundum,
1286 560 1419 590 dubium

363 576 535 644 Ioccurrst,
552 617 591 638 eo
610 608 698 647 quod
717 609 837 637 Auctor
859 606 910 636 hic
932 605 1015 641 dicit,
1040 615 1113 635 cum
1136 604 1303 635 Aristotele
1326 603 1359 634 in
1376 604 1420 635 Vt

359 650 493 688 Ethicst‘,
506 652 595 692 quod
611 658 675 682 tam
690 661 738 680 ars
753 660 850 690 quam
863 649 1028 689 prudentia
1044 655 1090 679 est
1106 648 1139 678 in
1157 648 1317 688 opinativa
1332 654 1418 687 parte

360 696 493 732 animae,
506 705 597 735 quae,
615 702 650 725 ut
665 694 717 730 ibi,
731 694 846 724 scilicet
862 694 894 723 in
908 693 948 723 V1
962 693 1064 723 Ethic.
1078 692 1104 728 *‚
1119 692 1240 728 dicitur,
1254 691 1417 731 distingui-

360 746 411 770 tur
433 749 546 779 genere
568 749 587 768 a
603 738 754 777 particula
773 737 894 767 animae
914 735 1098 767 scientifica:
1124 744 1164 772 et,
1182 742 1216 766 ut
1234 736 1301 776 ipse
1325 735 1416 766 divus

359 783 503 814 Thomas
523 782 640 812 ibidem
656 781 798 817 affirmat,
824 781 1023 820 opinativum
1046 786 1091 810 est
1117 780 1294 820 cogitativa,
1320 779 1419 811 scien-

359 826 480 857 tificum
503 833 610 856 autem
625 825 810 855 intellectus.
826 824 996 855 Prudentia
1011 824 1105 864 igitur
1127 823 1160 854 in
1177 824 1344 863 cogitativa
1360 834 1418 863 po-

359 871 444 901 nitur
459 870 525 900 hic:
549 876 579 899 et
595 877 699 899 tamen
715 869 748 898 in
764 868 948 909 quaestione
965 868 1178 908 praecedente,
1195 875 1250 899 art.
1270 869 1297 904 3,
1314 868 1418 908 posita

359 921 405 944 est
427 914 460 943 in
482 913 652 943 intellectu.

416 958 466 987 Ad
489 957 550 987 hoc
574 956 687 987 dicitur
702 957 791 996 quod
814 955 979 996 prudentia
998 956 1111 996 procul
1126 955 1224 986 dubio
1245 962 1290 986 est
1313 955 1345 986 in
1370 955 1418 985 in—

358 1002 492 1037 tellectu,
510 1007 546 1031 ut
562 1010 594 1030 se
618 1000 754 1031 extendit
768 1000 807 1030 ad
830 1000 1008 1040 singularia.
1021 1000 1152 1040 Propter
1167 1000 1266 1040 quod,
1292 1006 1418 1039 oportet

358 1046 423 1075 duo
447 1045 497 1074 hic
520 1045 689 1074 advertere.
706 1044 823 1080 Primo,
840 1045 929 1084 quod
952 1044 1138 1080 intellectus,
1155 1050 1190 1074 ut
1214 1051 1359 1075 extensus
1378 1043 1418 1073 ad

358 1088 536 1128 singularia,
553 1087 627 1118 dicit
650 1088 800 1129 seipsum,
819 1095 848 1118 et
868 1095 1019 1119 connotat
1039 1087 1249 1127 cogitativam,
1267 1097 1348 1128 quae
1373 1094 1418 1117 est

357 1133 435 1163 ratio
459 1132 663 1172 particularis.
686 1132 859 1169 Quoniam,
884 1133 957 1162 dato
981 1132 1070 1173 quod
1093 1131 1270 1162 intellectus
1293 1141 1349 1171 per
1371 1140 1417 1161 se-

356 1177 463 1216 ipsum
481 1183 651 1216 cognoscat
674 1176 830 1216 singulare
852 1176 959 1217 aliquo
976 1176 1085 1212 modo,
1103 1175 1238 1215 perfecta
1262 1182 1368 1205 tamen
1388 1182 1418 1206 et

358 1220 472 1251 directa
495 1220 605 1251 notitia
622 1220 730 1257 activa,
747 1220 848 1261 qualis
873 1220 1020 1252 convenit
1035 1219 1230 1260 prudentiae,
1248 1219 1286 1250 de
1310 1219 1416 1259 singu-

1473 560 1590 591 laribus
1614 560 1819 600 singulariter,
1845 570 1910 591 non
1934 562 2081 593 convenit
2103 562 2275 594 intellectui
2301 562 2360 592 nisi
2384 563 2531 594 adiuncta

1473 604 1531 635 sibi
1548 604 1723 644 cogitativa,
1741 611 1776 635 ut
1791 604 1823 634 in
1839 604 1880 635 VI
1897 604 1999 636 Ethic.
2009 605 2027 625 *
2042 606 2164 637 dicitur.
2177 607 2261 646 Ergo
2278 608 2439 647 opinativa
2448 617 2532 647 pars
2560 609 2567 617 ¹

1472 650 1600 679 animae
1622 648 1699 679 haec
1722 648 1788 679 duo
1811 648 1959 679 insinuat.
1981 649 2056 680 ldeo
2076 650 2196 680 diversa
2218 650 2375 681 invenitur
2397 651 2469 681 data
2492 651 2530 682 de

1473 703 1509 722 ea
1532 692 1685 723 sententia
1708 692 1802 723 etiam
1826 702 1844 722 a
1867 692 1941 722 divo
1965 693 2102 730 Thoma,
2127 694 2206 724 dum
2227 695 2260 725 in
2284 695 2326 726 vl
2349 695 2465 732 Ethic„
2485 695 2531 725 in-

1472 736 1592 767 tuendo
1605 743 1810 767 connotatam
1825 736 2034 776 cogitativam,
2045 737 2092 767 illi
2107 737 2216 769 tribuit
2227 738 2380 779 opinativi
2395 748 2527 775 nomem

1472 787 1502 811 et
1524 780 1557 810 in
1573 780 1678 811 Prima
1701 781 1800 816 Parte,
1817 790 1871 821 qu.
1887 790 1986 816 Lxxxx,
2008 787 2064 811 art.
2081 792 2111 821 9,
2133 782 2173 811 ad
2194 783 2222 818 3,
2238 782 2392 813 intuendo
2417 783 2530 823 princi-

1472 831 1600 864 pantem
1623 824 1831 860 intellectum,
1856 824 1888 854 in
1912 824 1982 864 ipso
2006 825 2114 864 posuit
2142 826 2356 866 opinativum:
2387 827 2530 858 medium

1472 868 1557 898 enim
1572 875 1748 899 extremum
1771 875 1943 908 utrumque
1967 868 2056 908 sapit.

1527 912 1683 949 Secundo,
1701 913 1789 953 quod
1813 922 1896 942 unus
1920 912 2044 943 habitus
2069 919 2114 942 est
2130 913 2323 954 quandoque
2345 914 2378 944 in
2402 914 2530 945 diversis

1471 956 1620 996 potentiis
1636 956 1689 992 sic,
1703 957 1791 997 quod
1806 956 1838 986 in
1852 966 1916 986 una
1930 956 2149 996 principaliter,
2163 963 2194 988 et
2208 956 2241 986 in
2258 957 2317 987 alia
2333 958 2530 990 secundario.

1471 1000 1512 1030 Et
1536 1000 1579 1030 sic
1602 1000 1768 1040 prudentia
1784 1007 1830 1031 est
1843 1000 2019 1031 intellectus
2035 1000 2254 1040 principaliter,
2272 1007 2302 1032 et
2316 1001 2350 1031 in
2365 1002 2531 1042 cogitativa

1472 1050 1502 1074 et
1524 1043 1557 1073 in
1581 1044 1788 1075 memorativa
1811 1044 2010 1075 secundario.
2027 1044 2068 1074 Et
2083 1051 2250 1084 propterea
2273 1045 2393 1076 diversa
2409 1046 2448 1076 de
2462 1046 2531 1086 ipsa

1472 1087 1629 1124 dicuntur,
1646 1098 1728 1128 quae
1752 1098 1818 1118 non
1842 1094 2028 1127 repugnant,
2053 1088 2131 1118 dum
2147 1098 2232 1119 nunc
2248 1088 2429 1130 principale,
2446 1100 2532 1120 nunc

1472 1132 1694 1162 secundarium
1722 1132 1900 1162 subiectum
1930 1132 2115 1172 assignatur.
2144 1132 2186 1163 Et
2209 1133 2247 1162 de
2270 1132 2318 1163 his
2348 1133 2381 1163 in
2405 1133 2443 1163 11·
2468 1133 2532 1170 11··‚

1443 1196 1446 1261 ἦ
1471 1185 1526 1216 qu.
1549 1186 1631 1206 van
1653 1175 1684 1212 *,
1709 1176 1845 1216 amplior
1873 1175 1930 1206 erit
1957 1186 2076 1213 sermo,
2108 1186 2182 1207 cum
2209 1177 2394 1216 prudentiae
2422 1183 2533 1208 natura

1472 1219 1667 1251 discutietur:
1693 1230 1777 1251 nunc
1801 1219 1957 1251 sufficiant
1980 1220 2066 1256 haec,
2092 1220 2275 1252 communia
2298 1220 2393 1252 etiam
2416 1221 2484 1253 arti.

1144 1382 1460 1424 ARTICULUS
1491 1381 1746 1434 QUINTUS

862 1474 1017 1507 UTRUM
1040 1474 1289 1506 PRUDENTIA
1313 1475 1379 1505 SIT
1402 1474 1560 1505 viarus
1583 1473 1848 1505 NECESSARIA
1871 1473 2027 1505 HOMINI

1029 1559 1060 1582 11·
1080 1558 1131 1587 11⁰,
1151 1566 1194 1591 qu.
1213 1566 1250 1590 u,
1271 1563 1317 1583 art.
1338 1558 1360 1587 3,
1379 1558 1411 1583 ad
1432 1557 1459 1588 33
1480 1558 1522 1583 De
1539 1557 1645 1586 Virtut„
1665 1566 1709 1590 qu.
1724 1566 1746 1589 1,
1765 1563 1811 1583 art.
1831 1556 1856 1582 6.

396 1682 420 1702 (a

408 1667 457 1693 ηιμ
478 1670 557 1712 st(
571 1660 593 1684 n
622 1659 784 1690 QUINTUM
802 1659 856 1684 sm
876 1659 1115 1685 Paocanrrua.
1135 1647 1295 1685 Videtur
1314 1647 1418 1696 quod

385 1686 550 1763 Ῑςέῑξμ
570 1701 770 1750 prudentia
796 1713 875 1738 non
903 1701 948 1738 sit
975 1701 1093 1738 virtus
1131 1700 1342 1738 necessaria
1370 1701 1417 1737 ad

377 1754 425 1814 ti
512 1745 669 1793 ''bene
705 1753 930 1791 vivendum.
962 1753 1066 1790 Sicut
1095 1754 1196 1791 enim
1235 1766 1276 1790 se
1304 1753 1418 1790 habet

416 1824 426 1841 ψ
451 1801 505 1837 ‘''f
528 1800 632 1843 xxars
651 1807 699 1844 ad
715 1807 901 1854 factibilia,
923 1819 1089 1854 quorum
1110 1814 1165 1843 est
1184 1806 1277 1843 ratio
1298 1814 1416 1851 recta;

357 1861 407 1898 ita
427 1873 466 1897 se
485 1861 601 1896 habet
618 1860 818 1908 prudentia
838 1860 887 1897 ad
906 1859 1064 1907 agibilia,
1086 1860 1298 1896 secundum
1318 1871 1417 1907 quae

355 1913 434 1950 vita
451 1913 617 1950 hominis
646 1912 924 1949 consideratur:
952 1920 1006 1949 est
1026 1912 1126 1948 enim
1153 1924 1288 1949 eorum
1317 1919 1417 1948 recta

357 1966 452 2004 ratio
481 1965 693 2014 prudentia,
713 1973 754 2002 ut
783 1965 917 2002 dicitur
944 1965 982 2002 in
1001 1965 1051 2002 VI
1080 1966 1200 2002 Ethic.
1221 1965 1241 1987 ’¹‘
1261 1965 1338 2002 Sed
1358 1978 1417 2002 ars

357 2032 436 2056 non
465 2026 520 2055 est
556 2018 771 2055 necessaria
799 2018 837 2055 in
864 2019 978 2055 rebus
1015 2018 1241 2055 factibilibus
1270 2018 1340 2055 nisi
1368 2019 1417 2055 ad

356 2073 431 2109 hoc
459 2071 564 2121 quod
597 2071 710 2118 fiant,
741 2083 820 2108 non
849 2079 975 2108 autem
1005 2078 1211 2120 postquam
1244 2079 1331 2108 sunt
1364 2072 1417 2108 fa-

358 2132 438 2162 ctae
468 2130 496 2161 α.
518 2125 618 2172 Ergo
640 2136 710 2161 nec
738 2124 937 2173 prudentia
966 2132 1022 2161 est
1040 2124 1252 2162 necessaria
1270 2124 1417 2162 homini

357 2178 405 2216 ad
434 2178 532 2215 bene
555 2177 779 2224 vivendum,
800 2186 1005 2227 postquam
1035 2185 1090 2214 est
1115 2177 1327 2215 virtuosus:
1349 2178 1416 2215 sed

357 2231 451 2268 forte
472 2231 597 2268 solum
618 2238 804 2278 quantum
829 2230 877 2267 ad
900 2231 975 2267 hoc
999 2230 1105 2278 quod
1124 2231 1317 2268 virtuosus
1336 2231 1413 2268 fiat.

411 2296 446 2322 2.
467 2285 699 2330 PRAETEREA,
710 2283 912 2331 prudentia
931 2289 985 2320 est
992 2295 1064 2332 per
1081 2295 1196 2331 quam
1212 2290 1310 2320 recte
1329 2295 1416 2320 con-

355 2336 539 2382 siliamur,
559 2343 600 2373 ut
617 2335 750 2373 dicitur
769 2336 808 2373 in
822 2337 873 2373 VI
888 2337 1008 2373 Ethic.
1020 2336 1040 2358 ’¹‘
1060 2336 1138 2373 Sed
1152 2337 1272 2373 homo
1292 2344 1416 2385 potest

319 2410 329 2414 -
358 2402 404 2427 ex
432 2390 535 2426 bono
557 2389 713 2426 consilio
735 2401 846 2437 agere
865 2387 880 2418 β
900 2402 978 2426 non
1007 2390 1133 2426 solum
1153 2389 1321 2438 proprio,
1347 2390 1416 2427 sed

358 2443 471 2479 etiam
499 2442 637 2479 alieno.
661 2443 762 2490 Ergo
793 2454 872 2479 non
891 2450 946 2479 est
966 2442 1223 2479 necessarium
1248 2442 1297 2479 ad
1317 2443 1414 2480 bene

356 2495 568 2532 vivendum
601 2495 705 2543 quod
733 2495 815 2544 ipse
842 2496 960 2532 homo
989 2495 1128 2532 habeat
1155 2495 1413 2543 prudentiam;

356 2548 423 2586 sed
452 2548 590 2585 sufficit
617 2548 720 2595 quod
752 2548 984 2597 prudentum
1014 2547 1168 2584 consilia
1196 2555 1386 2597 sequatur.

411 2602 446 2638 3.
463 2602 696 2648 PRAETEREA,
711 2600 831 2638 virtus
850 2600 1108 2638 intellectualis
1129 2608 1184 2637 est
1201 2601 1414 2638 secundum

356 2666 471 2703 quarn
491 2654 671 2703 contingit
689 2666 843 2703 semper
857 2654 980 2691 dicere
995 2666 1145 2700 verum,
1163 2661 1199 2691 et
1213 2666 1411 2703 nunquam

356 2707 504 2744 falsum.
534 2707 611 2744 Sed
638 2708 714 2744 hoc
742 2719 820 2744 non
852 2707 1004 2745 videtur
1033 2707 1250 2755 contingere
1279 2720 1414 2744 secun-

357 2761 449 2798 dum
478 2761 740 2809 prudentiam:
767 2772 846 2797 non
867 2760 969 2797 enim
996 2768 1051 2797 est
1073 2761 1284 2797 humanum
1310 2761 1415 2810 quod

355 2813 394 2851 in
423 2813 657 2851 consiliando
679 2813 725 2851 de
751 2813 906 2861 agendis
925 2826 1124 2861 nunquam
1145 2821 1304 2859 erretur;
1326 2826 1413 2851 cum

355 2866 524 2904 humana
543 2866 692 2915 agibilia
712 2866 783 2904 sint
804 2866 1058 2915 contingentia
1077 2866 1181 2903 aliter
1200 2879 1240 2903 se
1260 2867 1413 2903 habere.
1441 2885 1443 2897 ι

355 2919 467 2956 Unde
503 2919 634 2957 dicitur
660 2921 748 2968 Sap.
777 2932 811 2956 ix
839 2919 878 2956 *ε
914 2920 1167 2970 Cogitationes
1198 2920 1415 2956 mortalium

355 2972 517 3018 timidae,
538 2978 574 3009 et
598 2973 763 3010 incertae
775 2973 1036 3021 providentiae
1055 2979 1215 3010 nostrae.
1238 2973 1340 3021 Ergo
1359 2973 1416 3010 vi-

356 3024 465 3063 detur
492 3025 597 3073 quod
630 3026 830 3074 prudentia
867 3039 946 3063 non
979 3026 1117 3064 debeat
1150 3026 1241 3074 poni
1274 3025 1414 3064 intelle-

357 3077 487 3115 ctualis
513 3078 643 3115 virtus.

410 3131 484 3167 SED
514 3143 659 3168 CONTRA
687 3143 752 3168 EST
780 3132 885 3179 quod
914 3133 1001 3181 Sap.
1022 3144 1082 3169 vni
1110 3131 1141 3179 ²¹⁸,
1164 3144 1417 3168 connumera-

355 3190 415 3220 tur
443 3183 522 3221 aliis
549 3184 749 3222 virtutibus
786 3185 1006 3222 necessariis
1041 3185 1088 3222 ad
1124 3184 1243 3222 vitam
1281 3185 1415 3222 huma-

355 3248 457 3284 nam,
479 3249 567 3274 cum
597 3237 731 3275 dicitur
760 3237 806 3274 de
837 3237 963 3275 divina
997 3237 1200 3287 sapientia:
1230 3238 1416 3275 Sobrieta-

356 3295 427 3326 tem
456 3295 492 3326 et
520 3290 762 3338 prudentiam
790 3290 915 3336 docet,
946 3291 1121 3328 iustitiam
1150 3297 1185 3327 et
1219 3291 1414 3337 virtutem,

356 3342 488 3390 quibus
517 3343 641 3381 utilius
670 3343 761 3380 nihil
787 3349 841 3380 est
868 3344 904 3380 in
933 3344 1009 3381 vita
1037 3349 1052 3371 Υ
1080 3344 1304 3381 hominihus.

1526 1648 1751 1683 RESPONm-:o
1780 1658 1964 1683 DICENDUM
1983 1647 2089 1695 quod
2117 1646 2318 1694 prudentia
2337 1654 2393 1683 est
2414 1647 2534 1684 virtus

1472 1700 1637 1736 maxime
1649 1699 1862 1736 necessaria
1875 1699 1924 1736 ad
1939 1699 2056 1736 vitam
2077 1700 2299 1736 humanam.
2310 1700 2415 1737 Bene
2431 1700 2533 1737 enim

1471 1753 1604 1789 vivere
1633 1752 1802 1789 consistit
1830 1752 1867 1788 in
1896 1753 1994 1789 bene
2023 1752 2272 1801 operari.‘Ad
2299 1753 2375 1789 hoc
2403 1760 2532 1790 autem

1473 1806 1577 1852 quod
1607 1805 1741 1853 aliquis
1769 1806 1867 1842 bene
1896 1813 2089 1854 operetur,
2117 1817 2196 1842 non
2224 1806 2349 1843 solum
2378 1805 2532 1856 requiri-

1471 1865 1531 1895 tur
1550 1858 1643 1907 quid
1661 1858 1782 1905 faciat,
1803 1858 1871 1895 sed
1900 1859 2013 1896 etiam
2033 1858 2233 1909 quomodo
2253 1858 2383 1905 faciat3
2403 1867 2445 1896 ut
2463 1859 2534 1896 sci-

1471 1911 1556 1948 licet
1583 1911 1795 1948 secundum
1825 1912 2048 1949 electionem
2071 1920 2213 1949 rectam
2243 1919 2432 1961 operetur,
2454 1924 2532 1949 non

1472 1965 1597 2001 solum
1627 1973 1678 2001 ex'
1698 1964 1844 2013 impetu
1868 1973 1933 2002 aut
1958 1964 2148 2014 passione.
2171 1965 2271 2002 Cum
2299 1972 2430 2002 autem
2459 1966 2533 2002 ele-

1472 2018 1545 2054 ctio
1566 2018 1612 2054 sit
1641 2030 1776 2055 eorum
1795 2030 1895 2067 quae
1924 2026 2011 2055 sunt
2034 2018 2082 2055 ad
2101 2018 2233 2065 finem,
2254 2017 2440 2055 rectitudo
2459 2018 2534 2055 ele-

1472 2070 1606 2108 ctionis
1626 2070 1704 2107 duo
1724 2070 1894 2120 requirit:
1920 2070 2060 2108 scilieet
2081 2071 2251 2108 debitum
2272 2071 2413 2118 finem;
2438 2077 2476 2108 et
2494 2070 2533 2108 id

1472 2125 1576 2172 quod
1605 2124 1877 2162 convenienter
1905 2124 2100 2161 ordinatur
2128 2124 2177 2161 ad
2197 2124 2371 2162 debitum
2399 2123 2530 2161 finem.

1471 2178 1531 2214 Ad
1569 2177 1740 2214 debitum
1778 2185 1907 2215 autem
1945 2177 2064 2214 finem
2101 2178 2222 2215 homo
2260 2177 2533 2215 convenienter

1472 2229 1684 2278 disponitur
1702 2243 1771 2279 per
1794 2230 1974 2268 virtutem
1994 2243 2092 2280 quae
2111 2230 2260 2279 perficit
2277 2237 2426 2280 partem
2451 2229 2532 2268 ani—

1470 2294 1557 2319 mae
1585 2283 1845 2331 appetitivam,
1876 2283 1981 2320 cuius
2011 2283 2204 2320 obiectum
2234 2291 2290 2320 est
2317 2285 2464 2320 bonum
2495 2291 2531 2320 et

1470 2335 1567 2372 finis.
1589 2335 1650 2372 Ad
1678 2335 1716 2373 id
1745 2344 1872 2373 autem
1902 2335 2008 2384 quod
2045 2335 2316 2373 convenienter
2343 2335 2382 2373 in
2409 2336 2530 2373 finem

1471 2388 1640 2425 debitum
1669 2389 1875 2436 ordinatur,
1896 2396 2047 2437 oportet
2074 2388 2179 2437 quod
2206 2389 2327 2426 homo
2357 2389 2496 2426 directe
2515 2386 2530 2410 ⁶

1471 2441 1693 2490 disponatur
1720 2454 1789 2490 per
1815 2442 1986 2479 habitum
2020 2441 2192 2479 rationis:
2222 2441 2310 2491 quia
2345 2441 2530 2479 consiliari

1470 2502 1507 2531 et
1534 2494 1684 2542 eligere,
1704 2507 1803 2544 quae
1823 2502 1910 2532 sunt
1938 2506 2071 2531 eorum
2100 2506 2198 2543 quae
2218 2502 2306 2532 sunt
2329 2495 2378 2532 ad
2396 2495 2528 2541 finem,

1470 2554 1557 2584 sunt
1575 2555 1680 2584 actus
1701 2547 1866 2584 rationis.
1887 2548 1937 2584 Et
1955 2547 2042 2584 ideo
2067 2559 2224 2584 necesse
2244 2554 2300 2584 est
2327 2547 2366 2584 in
2385 2547 2530 2584 ratione

1471 2612 1553 2636 esse
1582 2600 1748 2649 aliquam
1775 2600 1955 2637 virtutem
1985 2599 2292 2648 intellectualem,
2315 2611 2385 2650 per
2412 2611 2530 2649 quam

1468 2653 1686 2702 perficiatur
1723 2653 1817 2690 ratio
1847 2654 1895 2691 ad
1930 2653 2004 2690 hoc
2041 2653 2146 2702 quod
2181 2653 2454 2690 convenienter
2489 2665 2530 2690 se

1468 2702 1607 2743 habeat
1635 2706 1683 2744 ad
1713 2719 1758 2743 ea
1787 2719 1885 2756 quae
1913 2714 2002 2743 sunt
2029 2706 2078 2744 ad
2106 2707 2238 2744 finem.
2259 2707 2309 2743 Et
2334 2707 2430 2743 haec
2456 2706 2531 2744 vir-

1469 2767 1528 2796 tus
1558 2767 1614 2796 est
1641 2759 1850 2808 prudentia.
1877 2759 1988 2796 Unde
2017 2759 2216 2809 prudentia
2245 2765 2300 2796 est
2318 2759 2437 2796 virtus
2465 2770 2531 2797 ne-

1471 2812 1632 2849 cessaria
1659 2812 1708 2849 ad
1737 2813 1834 2850 bene
1861 2812 2088 2850 vivendum.

1523 2867 1581 2902 AD
1611 2877 1748 2903 patmum
1775 2877 1874 2902 ERGO
1911 2877 2095 2903 mesanum
2124 2864 2228 2914 quod
2266 2865 2413 2901 bonum
2443 2864 2531 2902 artis

1471 2918 1731 2955 consideratur
1759 2931 1837 2956 non
1865 2919 1905 2956 in
1941 2918 2024 2967 ipso
2053 2917 2219 2965 artifice,
2249 2917 2316 2955 sed
2344 2917 2464 2966 magis
2491 2916 2531 2955 in

1469 3025 1580 3062 factio
1614 3025 1735 3072 enim,
1765 3025 1802 3061 in
1838 3024 2061 3061 exteriorem
2090 3023 2290 3061 materiam
2323 3023 2530 3070 transiens,

1470 3090 1547 3115 non
1577 3086 1632 3114 est
1659 3077 1839 3127 perfectio
1868 3077 2048 3123 facientis,
2069 3077 2137 3114 sed
2165 3077 2262 3122 facti,
2283 3076 2378 3114 sicut
2404 3083 2532 3115 motus

1471 3138 1526 3168 est
1552 3138 1659 3168 actus
1688 3131 1859 3176 mobilis;
1889 3143 1949 3168 ars
1978 3138 2106 3167 autem
2134 3129 2231 3167 circa
2258 3129 2434 3167 factibilia
2463 3135 2529 3166 est.

1472 3183 1550 3221 Sed
1568 3184 1790 3233 prudentiae
1811 3184 1958 3221 bonurn
1987 3182 2191 3220 attenditur
2210 3182 2248 3220 in
2276 3183 2359 3232 ipso
2383 3188 2528 3230 agente,

1472 3237 1578 3274 cuius
1606 3237 1786 3286 perfectio
1815 3244 1871 3274 est
1908 3236 2034 3286 ipsum
2063 3247 2194 3284 agere:
2225 3243 2281 3274 est
2309 3235 2410 3273 enim
2441 3245 2528 3284 pru-

1443 3329 1444 3332 ,
1472 3290 1598 3327 dentia
1625 3298 1726 3327 recta
1745 3295 1757 3311 ⁸
1777 3289 1871 3327 ratio
1892 3289 2099 3338 agibilium,
2120 3296 2162 3327 ut
2189 3289 2332 3327 dictum
2358 3295 2414 3325 est
2429 3287 2461 3325 ¹¹⁴.
2482 3287 2531 3324 Et

1472 3343 1557 3380 ideo
1587 3343 1636 3381 ad
1664 3351 1784 3381 artem
1814 3355 1892 3380 non
1921 3342 2121 3391 requiritur
2148 3341 2254 3391 quod
2282 3341 2412 3379 artifex
2428 3341 2530 3377 bene

410 3454 437 3487 α)
450 3454 551 3487 factae.
569 3469 588 3474 —
600 3455 678 3488 sacta
697 3456 798 3481 codices
818 3461 843 3480 et
861 3463 888 3481 a.

410 3488 435 3523 β)
454 3497 543 3522 agere.
557 3504 575 3509 -
594 3491 657 3515 bene
675 3498 756 3524 agere
774 3491 825 3515 EF.

408 3527 435 3558 γ)
456 3525 519 3550 vita.
537 3539 555 3544 -
574 3525 623 3551 hac
637 3526 692 3551 vita
712 3527 757 3555 Pa,

1521 3455 1546 3490 ὃ)
1567 3457 1674 3482 directe.
1686 3470 1706 3475 -
1725 3460 1794 3482 recte
1814 3457 1842 3480 E.

1522 3492 1544 3524 ε)
1565 3496 1645 3517 recta.
1659 3505 1677 3511 -—
1692 3492 1753 3517 Om.
1773 3491 1958 3517 ABCDGHIL.

1469 2972 1551 3020 ipso
1571 2971 1782 3018 artificiato,
1805 2984 1893 3008 cum
1914 2983 1974 3008 ars
1993 2971 2039 3008 sit
2059 2970 2151 3008 ratio
2171 2978 2271 3008 recta
2291 2970 2530 3007 factibilium:
2547 2993 2549 2996 -

2655 614 2717 630 xxn

2635 623 2701 657 tn..
2716 615 2769 658 1021:

2561 1181 2570 1189 ·
2584 1181 2636 1202 Art.

2561 1210 2632 1228 ment.

2650 1186 2675 1209 3·
2695 1178 2770 1203 ΘΝΕ·

2559 3317 2568 3326 “
2583 3315 2608 3337 ln
2623 3321 2636 3338 a
2664 3331 2679 3343 .‚
2695 3319 2770 3339 curt.

2558 3347 2628 3371 praec
2658 3358 2665 3364 .
