2852 4152
75 836 137 885 {mcdf-
151 843 190 864 qu.
204 841 236 863 vi,
250 836 287 857 In-

173 898 190 915 α

74 1040 86 1052 ⁸*
101 1040 149 1068 Qu.
162 1046 209 1062 xxr.

73 1248 84 1265 θ’
100 1254 148 1282 Qu.
161 1260 211 1276 ux.

73 1306 84 1319 “
98 1305 146 1334 Qu.
159 1313 200 1329 xx.

19 2123 21 2125 ¹
73 2136 87 2146 ⁴·
95 2133 232 2157 s.·rh.1ect.
240 2139 288 2156 ινι.

995 274 1258 320 QUAESTIO
1287 276 1425 324 xvm,
1454 278 1748 315 ARricULus
1778 281 1791 316 1
2406 295 2477 331 127

853 453 1258 528 QUAESTIO
1300 456 1943 515 DECIMAOCTAVA

408 566 491 607 DE
524 567 834 609 BONITATE
866 570 944 610 ET
977 572 1230 613 MALITIA
1262 574 1660 616 HUMANORUM
1692 577 1950 619 ACTUUM
1981 579 2041 619 IN
2076 580 2380 623 GENERALI

1097 686 1132 711 IN
1159 687 1318 712 UNDECIM
1345 687 1545 713 ARTICULOS
1572 690 1687 715 DIVISA

386 785 455 810 osr
490 774 566 811 hoc
607 775 924 813 considerandum
963 785 1017 814 est
1054 779 1101 815 de
1134 779 1300 816 bonitate
1333 787 1369 816 et

317 784 526 866 Pmalitia
562 827 820 865 humanorum
859 837 1011 867 actuum
1036 833 1066 867 ὓ.
1102 833 1151 868 Et
1181 832 1304 880 primo
1334 838 1367 879 α,

315 879 512 928 quomodo
542 880 638 916 actio
670 881 839 917 humana
871 882 916 918 sit
940 883 1042 919 bona
1068 884 1130 920 vel
1162 885 1283 930 mala;
1312 897 1368 921 se-

315 931 453 979 cundo,
487 932 535 969 de
566 932 623 969 his
652 945 750 980 quae
779 942 1061 983 consequuntur
1087 936 1136 972 ad
1161 936 1367 973 bonitatem

313 984 376 1020 vel
395 984 576 1021 malitiam
603 986 862 1023 humanorum
891 995 1054 1035 actuum,
1080 995 1171 1036 puta
1190 989 1367 1026 meritum

313 1037 376 1072 vel
405 1036 644 1085 demeritum,
673 1046 872 1087 peccatum
902 1047 939 1076 et
966 1041 1076 1088 culpa
1094 1040 1125 1077 ²¹⁴.

369 1089 478 1126 Circa
491 1090 658 1138 primum
677 1091 838 1128 occurrit
855 1091 988 1140 triplex
1009 1092 1275 1130 consideratio:
1295 1094 1369 1142 pri-

314 1153 377 1178 ma
397 1149 453 1178 est
472 1142 519 1179 de
539 1143 704 1179 bonitate
725 1151 761 1180 et
779 1143 920 1180 malitia
937 1145 1194 1182 humanorum
1215 1154 1367 1183 actuum

314 1193 353 1230 in
381 1195 564 1242 generali3
594 1195 771 1243 secunda,
802 1196 849 1233 de
877 1196 1043 1233 bonitate
1064 1204 1099 1233 et
1118 1198 1258 1234 malitia
1277 1198 1369 1235 inte-

315 1246 457 1284 riorum
491 1255 644 1284 actuum
667 1248 708 1295 *3
737 1249 858 1295 tertia,
893 1249 939 1285 de
962 1246 1139 1286 vbonitate
1169 1258 1204 1286 et
1230 1251 1369 1288 malitia

316 1299 542 1336 exteriorum
572 1308 725 1337 actuum
743 1300 774 1336 ²⁸.

316 1351 426 1388 Circa
451 1352 618 1400 primum
646 1359 876 1400 quaeruntur
901 1352 1093 1389 undecim.

366 1403 518 1452 Primo:
547 1411 675 1440 utrum
704 1403 828 1440 omnis
856 1404 951 1440 actio
975 1405 1022 1441 sit
1049 1405 1151 1440 bona
1169 1403 1195 1452 β,
1219 1407 1282 1442 vel
1305 1406 1369 1442 ali-

387 1451 400 1453 *
419 1467 495 1503 qua
523 1455 569 1492 sit
596 1456 707 1492 mala.

366 1507 566 1544 Secundo:
595 1515 721 1544 utrum
746 1507 843 1544 actio
863 1508 1027 1545 hominis
1044 1509 1183 1545 habeat
1201 1509 1304 1558 quod
1325 1509 1370 1546 sit

418 1559 521 1596 bona
547 1560 610 1597 vel
637 1560 749 1607 mala,
780 1572 826 1596 ex
854 1560 1016 1598 obiecto.

366 1611 517 1649 Tertio:
545 1619 672 1649 utrum
699 1613 774 1649 hoc
802 1613 939 1650 habeat
967 1625 1011 1650 ex
1041 1613 1328 1651 circumstantia.

1476 782 1642 828 Quarto:
1670 790 1796 820 utrum
1823 785 1897 821 hoc
1924 785 2062 822 habeat
2089 799 2135 824 ex
2161 788 2250 825 fine.

1476 834 1638 880 Quinto:
1667 842 1793 872 utrum
1826 837 1950 886 aliqua
1982 838 2078 875 actio
2105 840 2269 877 hominis
2300 841 2345 878 sit
2371 841 2473 878 bona

1526 886 1588 922 vel
1616 887 1716 923 mala
1742 887 1779 924 in
1807 901 1875 925 sua
1902 890 2037 938 specie.

1476 938 1606 975 Sexto:
1635 947 1762 977 utrum
1790 948 1894 978 actus
1927 943 2065 980 habeat
2091 944 2257 992 speciem
2294 945 2385 982 boni
2411 947 2472 983 vel

1527 991 1617 1027 mali
1646 1004 1691 1028 ex
1718 993 1805 1029 fine.

1476 1043 1662 1091 Septimo:
1691 1051 1816 1081 utrum
1845 1046 1988 1093 species
2017 1060 2112 1096 quae
2137 1056 2192 1085 est
2210 1061 2255 1086 ex
2274 1050 2362 1097 fine,
2384 1063 2472 1088 con-

1485 1094 1491 1100 “
1527 1095 1687 1132 tineatur
1705 1097 1775 1133 sub
1795 1098 1919 1146 specie
1939 1111 2037 1147 quae
2058 1108 2112 1137 est
2131 1113 2175 1137 ex
2195 1101 2356 1149 obiecto,
2377 1103 2471 1140 sicut

1467 1175 1470 1178 >
1528 1148 1597 1184 sub
1625 1161 1775 1196 genere,
1804 1158 1868 1186 aut
1895 1163 1916 1186 e
1945 1163 2142 1189 converse.

1475 1200 1645 1237 Octavo:
1673 1208 1800 1237 utrum
1819 1202 1864 1238 sit
1883 1202 2013 1251 aliquis
2042 1212 2145 1241 actus
2173 1205 2390 1243 indifferens
2415 1220 2471 1244 se-

1529 1253 1696 1290 cundum
1725 1266 1833 1290 suam
1861 1255 2039 1303 speciem.

1475 1305 1608 1341 Nono:
1637 1313 1764 1342 utrum
1798 1306 1931 1355 aliquis
1959 1315 2062 1344 actus
2097 1308 2142 1345 sit
2168 1309 2385 1348 indifferens
2413 1325 2472 1349 se-

1529 1357 1695 1393 cundum
1722 1358 1971 1396 individuum.

1475 1408 1652 1445 Decimo:
1681 1416 1807 1446 utrum
1826 1411 1951 1460 aliqua
1970 1412 2247 1450 circumstantia
2274 1415 2472 1453 constituat

1528 1467 1653 1496 actum
1681 1463 1864 1499 moralem
1892 1464 1930 1500 in
1959 1465 2081 1512 specie
2109 1466 2200 1502 boni
2227 1468 2289 1503 vel
2317 1468 2417 1505 mali.

1476 1512 1705 1549 Undecimo:
1733 1521 1860 1551 utrum
1889 1516 2011 1552 omnis
2039 1517 2313 1556 circumstantia
2331 1532 2472 1568 augens

1528 1564 1734 1601 bonitatem
1749 1566 1811 1602 vel
1826 1567 2016 1615 malitiam,
2034 1569 2230 1607 constituat
2250 1579 2374 1608 actum
2389 1585 2472 1609 mo-

1528 1617 1645 1652 ralem
1672 1616 1710 1653 in
1738 1618 1862 1665 specie
1891 1619 1981 1655 boni
2007 1621 2069 1656 vel
2096 1621 2196 1658 mali.

1118 1714 1432 1756 ARTICULUS
1464 1714 1667 1757 PRIMUS

723 1805 878 1836 UTRUM
901 1805 1033 1836 OMNIS
1057 1805 1243 1836 HUMANA
1265 1805 1400 1837 ACTIO
1423 1806 1489 1837 s1T
1512 1807 1647 1843 BONA,
1672 1808 1755 1838 VEL
1778 1809 1940 1846 ALIQUA
1962 1811 2083 1841 MALA

1213 1884 1254 1909 De
1271 1884 1355 1915 Malo,
1374 1892 1418 1916 qu.
1436 1892 1464 1916 11,
1483 1890 1529 1910 art.
1547 1893 1573 1916 4.

431 1985 503 2030 §.gg
525 1983 547 2009 D
576 1983 712 2008 Pmmum
739 1983 792 2008 sm
820 1983 1057 2008 PROCEDITUR.
1086 1971 1243 2009 Videtur
1266 1971 1370 2020 quod

343 2014 377 2064 ³5:

369 2062 380 2080 ¹.

376 2010 504 2080 ⁸33⁴
527 2023 651 2060 omnis
679 2024 776 2060 actio
804 2024 969 2060 hominis
998 2025 1042 2061 sit
1069 2025 1181 2071 bona,
1212 2032 1248 2060 et
1270 2026 1370 2061 nulla

335 2077 455 2152 ’Λεία
471 2064 573 2113 sit
599 2076 712 2113 mala.
740 2076 839 2112 Dicit
867 2076 969 2113 enim
994 2077 1210 2124 Dionysius,
1232 2089 1267 2113 1v
1286 2089 1368 2125 cap.

418 2119 472 2158 Ψ)
487 2117 572 2165 de
590 2129 676 2165 Div.
696 2129 813 2165 Nom.
837 2129 867 2175 *‚
896 2129 1000 2177 quod
1028 2130 1171 2165 malum
1200 2141 1278 2166 non
1297 2129 1371 2177 agit

275 2215 278 2217 .
315 2181 386 2219 nisi
411 2180 546 2218 virtute
565 2180 669 2218 boni.
695 2181 772 2218 Sed
790 2181 926 2218 virtute
946 2181 1036 2218 boni
1054 2194 1133 2218 non
1151 2182 1194 2218 fit
1212 2182 1368 2219 malum.

316 2234 418 2282 Ergo
446 2234 548 2270 nulla
576 2233 673 2270 actio
703 2241 759 2270 est
785 2234 896 2270 mala.

369 2298 405 2323 2.
435 2287 672 2332 PRAETEREA,
701 2285 791 2322 nihil
819 2285 893 2333 agit
920 2285 990 2322 nisi
1023 2286 1232 2322 secundum
1266 2286 1370 2334 quod

316 2345 372 2376 est
390 2345 486 2375 actu.
511 2339 603 2375 Non
623 2346 678 2374 est
695 2345 822 2374 autem
842 2337 982 2386 aliquid
1001 2338 1145 2374 malum
1160 2338 1370 2375 secundum

316 2391 419 2440 quod
448 2398 502 2427 est
530 2398 627 2437 actu,
657 2390 724 2427 sed
752 2390 960 2427 secundum
986 2390 1092 2438 quod
1113 2390 1281 2439 potentia
1297 2391 1372 2439 pri-

314 2451 426 2481 vatur
452 2450 557 2480 actu:
585 2443 810 2493 inquantum
838 2450 966 2479 autem
994 2443 1160 2491 potentia
1179 2443 1372 2491 perficitur

261 2514 290 2525 ·-
315 2508 385 2544 per
402 2503 542 2543 actum,
564 2503 618 2532 est
637 2496 795 2543 bonum,
810 2503 852 2532 ut
867 2495 1000 2532 dicitur
1014 2496 1051 2531 in
1069 2496 1120 2531 IX
1134 2496 1372 2544 Metaphys.*

282 2545 289 2578 ἶ
317 2549 420 2585 Nihil
448 2560 537 2596 ergo
565 2548 639 2596 agit
665 2549 890 2596 inquantum
910 2556 965 2585 est
983 2548 1139 2594 malum,
1161 2548 1227 2585 sed
1247 2549 1370 2585 solum

316 2601 539 2650 inquantum
555 2608 610 2637 est
628 2601 786 2638 bonum.
808 2601 945 2638 Omnis
965 2613 1054 2648 ergo
1074 2600 1170 2637 actio
1188 2608 1242 2637 est
1256 2601 1369 2648 bona,

318 2661 355 2690 et
380 2654 484 2690 nulla
511 2653 622 2690 mala.

372 2706 406 2742 3.
434 2706 672 2753 ΡΒΑΕΤΕΚΕΑ,
706 2706 850 2742 malum
879 2717 957 2742 non
988 2712 1112 2753 potest
1143 2717 1224 2741 esse
1258 2717 1371 2741 causa

317 2757 388 2794 nisi
410 2770 479 2806 per
497 2757 684 2804 accidens,
703 2765 744 2794 ut
762 2765 863 2806 patet
885 2770 953 2805 per
972 2757 1212 2805 Dionysium,
1233 2769 1268 2793 1v
1287 2770 1368 2805 cap.

257 2827 288 2843 vn.
316 2810 361 2847 de
378 2810 465 2847 Div.
485 2810 602 2847 Nom.
619 2809 639 2831 '¹‘
658 2810 742 2846 Sed
755 2809 879 2846 omnis
902 2809 1057 2846 actionis
1078 2817 1132 2846 est
1151 2809 1283 2863 aliquis
1302 2822 1370 2858 per

317 2875 356 2899 se
385 2861 550 2899 effectus.
580 2862 694 2899 Nulla
722 2875 808 2910 ergo
828 2861 925 2898 actio
946 2869 1000 2898 est
1018 2863 1130 2909 mala,
1159 2862 1227 2899 sed
1246 2862 1370 2899 omnis

319 2914 415 2952 actio
445 2921 500 2951 est
526 2915 640 2951 bona.

369 2968 443 3004 SED
463 2979 608 3004 CONTRA
626 2978 692 3003 EST
707 2966 812 3015 quod
834 2965 1023 3002 Dominus
1043 2966 1140 3013 dicit,
1162 2967 1264 3002 Ioan.
1282 2978 1317 3003 111
1331 2966 1366 3003 *ε

320 3019 448 3057 Omnis
475 3020 541 3067 qui
565 3019 664 3056 male
682 3019 773 3068 agit,
793 3018 870 3055 odit
885 3018 1016 3055 lucem.
1046 3019 1113 3055 Est
1137 3030 1224 3066 ergo
1245 3018 1369 3067 aliqua

317 3071 414 3109 actio
441 3071 606 3108 hominis
634 3071 745 3108 mala.

368 3125 592 3161 Responnao
621 3135 804 3160 mcssNDUM
833 3122 937 3171 quod
966 3122 1011 3159 de
1031 3123 1134 3159 bono
1155 3129 1191 3158 et
1209 3123 1310 3159 malo
1330 3123 1367 3160 in

316 3176 526 3214 actionibus
554 3183 702 3225 oportet
729 3176 832 3224 loqui
860 3175 953 3212 sicut
980 3175 1027 3211 de
1061 3175 1162 3211 bono
1199 3182 1235 3211 et
1266 3176 1367 3212 malo

315 3229 354 3266 in
382 3229 514 3266 rebus:
544 3241 590 3265 eo
620 3228 725 3277 quod
751 3240 1001 3276 unaquaeque
1030 3240 1089 3264 res
1117 3227 1229 3263 talem
1254 3228 1367 3264 actio-

315 3294 406 3319 nem
434 3281 627 3330 producit,
661 3281 779 3329 qualis
817 3288 872 3318 est
899 3280 990 3329 ipsa.
1022 3281 1063 3316 In
1091 3280 1202 3316 rebus
1239 3287 1366 3317 autem

315 3335 618 3382 unumquodque
647 3341 794 3370 tantum
821 3333 936 3370 habet
963 3333 1009 3370 de
1038 3333 1153 3379 b0n0‚
1183 3339 1366 3380 quantum

315 3387 431 3424 habet
451 3387 498 3424 de
518 3399 618 3423 esse:
647 3386 793 3423 bonum
814 3385 916 3422 enim
937 3393 972 3422 et
991 3397 1057 3422 ens
1083 3391 1366 3433 convertuntur,

369 3499 396 3532 α)
411 3500 510 3532 primo.
528 3513 547 3518 -
561 3499 651 3531 primo
668 3490 772 3531 quidem
792 3498 902 3523 codices.

369 3533 394 3567 β)
414 3535 491 3560 bona.
510 3548 527 3553 -
544 3534 614 3559 actio
632 3534 700 3559 bona
718 3534 764 3558 Pa.

368 3570 395 3603 γ)
415 3577 457 3599 res
475 3570 538 3594 alia.
556 3583 575 3588 -
592 3577 634 3594 res
653 3569 733 3594 aliam
752 3569 824 3601 ApB,
843 3575 886 3593 res
904 3568 1020 3600 aliquam
1040 3568 1082 3598 sB,
1102 3575 1144 3592 res
1163 3568 1208 3592 Pa.

1423 1979 1465 2009 ut
1482 1972 1521 2009 in
1540 1973 1667 2009 Primo
1682 1973 1702 1995 ‘¹‘
1722 1974 1862 2011 dictum
1882 1982 1947 2011 est.
1970 1976 2081 2012 Solus
2101 1984 2227 2014 autem
2242 1979 2347 2016 Deus
2360 1980 2474 2017 habet
2499 1987 2707 2040 'Juggffgtfgry

1423 2032 1541 2061 totam
1552 2026 1820 2073 plenitudinem
1832 2026 1889 2063 sui
1898 2039 1978 2064 esse
1986 2030 2194 2066 secundum
2205 2030 2344 2078 aliquid
2353 2045 2472 2070 unum
2499 2019 2562 2061 3⁶⁴²·
2603 2029 2609 2040 ’

1425 2084 1460 2113 et
1492 2077 1675 2125 simplex:
1708 2091 1957 2127 unaquaeque
1988 2092 2082 2117 vero
2115 2094 2174 2118 res
2206 2083 2277 2119 alia
2309 2089 2324 2112 Υ
2359 2085 2474 2122 habet

1422 2129 1694 2177 plenitudinem
1715 2130 1861 2167 essendi
1876 2131 1945 2168 sibi
1960 2133 2247 2172 convenientem
2263 2137 2472 2174 secundum

1425 2181 1584 2219 diversa.
1613 2182 1724 2219 Unde
1748 2183 1786 2219 in
1805 2183 1991 2231 aliquibus
2019 2185 2197 2233 contingit
2223 2188 2327 2235 quod
2354 2201 2473 2237 quan-

1423 2241 1503 2270 tum
1531 2234 1580 2271 ad
1608 2235 1748 2282 aliquid
1770 2235 1910 2272 habent
1939 2249 2031 2284 esse,
2061 2245 2096 2273 et
2114 2245 2242 2275 tamen
2261 2240 2313 2276 eis
2333 2241 2473 2289 aliquid

1425 2285 1551 2322 deficit
1569 2286 1617 2323 ad
1634 2287 1906 2334 plenitudinem
1928 2289 2076 2325 essendi
2095 2290 2146 2326 eis
2167 2290 2343 2329 debitam.
2372 2294 2475 2330 Sicut

1424 2338 1473 2375 ad
1499 2338 1773 2386 plenitudinem
1797 2352 1879 2376 esse
1897 2341 2054 2377 humani
2082 2342 2280 2390 requiritur
2307 2346 2410 2392 quod
2430 2346 2475 2382 sit

1424 2390 1620 2438 quoddam
1649 2392 1903 2440 compositum
1932 2405 1977 2429 ex
2003 2393 2129 2430 anima
2156 2402 2192 2431 et
2211 2407 2380 2444 corpore,
2409 2398 2475 2435 ha-

1425 2443 1517 2479 bens
1546 2455 1680 2481 omnes
1707 2444 1892 2492 potentias
1922 2452 1957 2481 et
1983 2445 2231 2484 instrumenta
2255 2449 2474 2496 cognitionis

1426 2502 1461 2531 et
1488 2503 1634 2532 motus:
1667 2497 1768 2533 unde
1797 2497 1826 2533 si
1854 2496 1995 2545 aliquid
2021 2499 2160 2535 horum
2189 2500 2338 2538 deficiat
2365 2502 2472 2539 alicui

1424 2548 1582 2595 homini,
1612 2548 1737 2585 deficit
1764 2549 1798 2585 ei
1826 2549 1964 2598 aliquid
1985 2550 2031 2586 de
2049 2551 2278 2598 plenitudine
2302 2553 2358 2590 sui
2378 2566 2471 2591 esse.

1426 2601 1621 2646 Quantum
1652 2601 1761 2648 igitur
1786 2602 1900 2637 habet
1920 2602 1966 2638 de
1987 2614 2078 2648 esse,
2109 2611 2253 2640 tantum
2281 2605 2396 2642 habet
2423 2606 2470 2643 de

1425 2652 1611 2689 bonitate:
1645 2653 1868 2701 inquantum
1900 2665 1993 2690 vero
2027 2654 2167 2703 aliquid
2200 2656 2233 2692 ei
2267 2657 2392 2694 deficit
2425 2660 2472 2696 de

1422 2705 1653 2752 plenitudine
1683 2705 1846 2753 essendi,
1877 2705 2061 2742 intantum
2094 2707 2219 2745 deficit
2246 2721 2268 2745 a
2295 2710 2472 2758 bonitate,

1425 2764 1459 2792 et
1487 2757 1620 2794 dicitur
1647 2757 1811 2794 malum:
1847 2758 1941 2795 sicut
1967 2759 2084 2795 homo
2120 2772 2253 2797 caecus
2284 2762 2398 2799 habet
2426 2763 2472 2800 de

1424 2809 1587 2846 bonitate
1617 2809 1720 2857 quod
1747 2810 1852 2857 vivit,
1882 2817 1918 2847 et
1936 2811 2080 2848 malum
2109 2820 2164 2848 est
2191 2813 2224 2848 ei
2248 2814 2352 2861 quod
2372 2823 2472 2852 caret

1422 2861 1533 2899 visu.'
1550 2861 1589 2898 Si
1616 2873 1708 2898 vero
1737 2862 1828 2899 nihil
1854 2863 2009 2899 haberet
2037 2863 2083 2900 de
2112 2865 2260 2902 entitate
2286 2867 2348 2903 vel
2368 2867 2473 2903 boni-

1422 2922 1508 2961 tate,
1529 2926 1654 2962 neque
1671 2915 1814 2951 malum
1834 2927 1957 2963 neque
1977 2916 2121 2952 bonum
2145 2916 2216 2953 dici
2234 2926 2372 2966 posset.
2395 2919 2472 2956 Sed

1422 2967 1510 3015 quia
1538 2967 1585 3004 de
1614 2966 1757 3003 ratione
1785 2967 1875 3004 boni
1903 2975 1957 3004 est
1983 2967 2064 3015 ipsa
2091 2969 2285 3016 plenitudo
2311 2971 2471 3019 essendi,

1422 3019 1452 3055 si
1467 3019 1621 3066 quidem
1637 3019 1745 3055 alicui
1760 3019 1897 3067 aliquid
1913 3017 1926 3041 δ
1942 3020 2099 3056 defuerit
2118 3021 2165 3057 de
2181 3021 2306 3058 debita
2325 3024 2473 3061 essendi

1420 3070 1670 3119 plenitudine,
1698 3083 1776 3107 non
1805 3071 1947 3108 dicetur
1974 3071 2189 3120 simpliciter
2219 3074 2376 3122 bonum,
2405 3076 2474 3113 sed

1422 3122 1631 3159 secundum
1651 3123 1752 3171 quid,
1772 3123 1994 3171 inquantum
2015 3132 2069 3161 est
2088 3137 2173 3162 ens:
2192 3126 2327 3174 poterit
2344 3134 2472 3165 tamen

1423 3175 1493 3212 dici
1525 3175 1740 3223 simpliciter
1771 3187 1838 3212 ens
1866 3183 1902 3212 et
1929 3178 2140 3214 secundum
2169 3179 2258 3227 quid
2285 3191 2364 3216 non
2392 3193 2470 3228 ens,

1421 3235 1462 3264 ut
1488 3227 1526 3263 in
1554 3226 1717 3263 Primo*
1737 3227 1877 3264 dictum
1906 3236 1971 3266 est.

1475 3280 1536 3316 Sic
1563 3279 1672 3327 igitur
1695 3279 1897 3317 dicendum
1916 3288 1972 3317 est
1997 3281 2102 3330 quod
2130 3283 2251 3319 omnis
2279 3283 2387 3331 actio,
2416 3284 2472 3321 in-

1421 3339 1604 3381 quantum
1631 3332 1746 3369 habet
1772 3332 1912 3380 aliquid
1941 3333 1988 3370 de
2017 3345 2110 3381 esse,
2143 3334 2327 3372 intantum
2358 3336 2472 3373 habet

1422 3386 1468 3422 de
1489 3385 1669 3421 bonitate:
1696 3384 1922 3433 inquantum
1936 3398 2029 3423 vero
2059 3386 2184 3423 deficit
2203 3387 2236 3423 ei
2255 3387 2394 3435 aliquid
2423 3388 2470 3425 de

1471 3497 1496 3529 δ)
1507 3498 1611 3530 quidem
1625 3498 1705 3523 alicui
1717 3498 1827 3530 aliquid.
1836 3511 1857 3527 -„
1867 3499 1971 3531 quidem
1984 3499 2064 3524 alicui
2078 3499 2263 3531 ABFGHLpC,
2273 3500 2337 3532 quid
2349 3500 2430 3525 alicui
2439 3501 2471 3531 E,

1418 3533 1639 3599 Ξιιιὲἕῗινῖάῖὶἱῗ-Ιιῖίά
1653 3533 1724 3566 KpD.
1743 3533 1792 3558 Pro
1811 3533 1844 3558 de
1861 3533 1949 3558 debita
1963 3534 2065 3559 essendi
2080 3534 2251 3564 plenitudine,
2267 3535 2355 3559 debita
2368 3536 2472 3560 essendi

2546 3247 2560 3262 u
2583 3247 2609 3267 v,
2626 3245 2668 3263 art.
2684 3247 2705 3267 1,
