2852 4152
142 1973 152 1983 ⁸
168 1973 225 2000 Cap.
239 1979 261 1994 v.

142 2026 150 2034 '
159 2024 191 2046 Ca
211 2030 291 2050 .v11,n.
300 2030 350 2050 ¹4·-

141 2030 220 2073 SXffl.
235 2051 288 2072 lect.
303 2056 335 2072 ιι.

138 2217 146 2226 ·
170 2216 216 2243 Qu.
236 2222 256 2241 ι,
271 2219 313 2237 art.
327 2221 347 2243 3.

138 2242 167 2263 ad
180 2249 204 2271 3;
222 2248 263 2290 gu.
283 2248 346 2269 xvxii,

137 2272 211 2317 231?
243 2274 346 2296 ῖῳ·“’

140 3073 150 3084 ¹·
168 3072 215 3100 Qu.
230 3078 268 3099 xx,
283 3075 324 3093 art.
334 3077 349 3092 1.

376 197 445 233 182

1040 201 1304 249 QUAESTIO
1333 202 1473 249 XX1V,
1503 202 1797 240 ARTICULUS
1827 203 1878 240 IV

1152 334 1467 376 ARTICULUS
1495 334 1766 386 QUARTUS

789 436 943 466 UTRUM
966 435 1130 471 ALIQUA
1152 424 1297 464 PASSIO
1321 433 1387 464 SIT
1410 433 1528 464 BONA
1550 435 1634 465 VEL
1657 435 1778 465 MALA
1801 435 1858 466 EX
1881 435 2130 477 SUASPECIE

916 521 946 544 11·
967 520 1017 550 11⁰,
1038 527 1082 551 qu.
1101 526 1187 547 curm,
1207 523 1253 543 art.
1270 525 1296 548 ¹3
1316 519 1349 543 IV
1369 518 1451 548 sent„
1472 519 1530 544 dist.
1544 527 1584 550 xv,
1606 527 1650 551 qu.
1662 527 1689 550 ιι,
1709 525 1756 544 art.
1775 528 1796 550 ι,
1815 522 1861 552 qu*
1881 529 1901 552 1,
1921 522 1953 546 ad
1971 529 2004 554 43

1034 554 1091 578 dist.
1105 561 1134 583 L,
1148 561 1191 586 qu.
1206 560 1237 584 11,
1253 558 1299 578 art.
1312 561 1337 585 4,
1353 555 1400 586 qu·
1418 553 1440 585 3,
1456 554 1487 578 ad
1504 553 1531 584 33
1548 554 1589 578 De
1602 554 1686 584 Malo,
1702 562 1784 587 qu.x‚
1800 560 1845 581 art.
1863 563 1885 581 1.

587 664 610 689 D
631 663 802 694 QUARTUM
822 662 874 687 sm
894 661 1131 686 pnoesnrrua.
1150 649 1309 686 Videtur
1327 650 1432 698 quod

588 705 688 741 nulla
707 703 834 752 passio
854 702 1016 749 animae,
1033 702 1245 739 secundum
1265 702 1431 751 speeiem

397 761 420 805 ’λ
442 797 444 801 ,
481 774 511 791 n»
536 763 708 803 (suam,
735 755 778 792 sit
806 756 909 792 bona
927 754 989 791 vel
1009 755 1109 791 mala
1136 754 1337 792 moraliter.
1358 756 1433 792 Bo-

400 804 411 813 *
434 825 447 839 «κ
468 788 524 838 2²}
547 802 682 845 Knurn
703 807 803 844 enim
832 814 868 844 et
895 807 1041 844 malum
1061 808 1204 844 morale
1234 807 1434 845 attenditur

379 861 589 898 secundum
609 860 806 898 rationem.
829 860 906 897 Sed
932 860 1129 908 passiones
1149 867 1235 897 sunt
1262 860 1300 897 in
1319 872 1434 910 appe-

377 913 445 950 titu
473 912 672 950 sensitivo:
704 920 739 949 et
766 912 817 949 ita
845 912 882 950 id
916 912 1022 960 quod
1050 920 1106 949 est
1137 913 1347 950 secundum
1377 925 1433 950 ra-

378 965 533 1012 tionem,
554 965 686 1002 accidit
715 965 778 1002 eis.
814 965 913 1002 Cum
934 977 1023 1013 ergo
1052 965 1143 1002 nihil
1164 965 1268 1014 quod
1293 973 1348 1002 est
1365 978 1435 1014 per

378 1017 563 1065 accidens,
583 1017 767 1066 pertineat
794 1018 843 1055 ad
871 1018 1038 1067 speciem
1058 1018 1128 1064 rei;
1151 1018 1303 1055 videtur
1330 1017 1434 1066 quod

378 1070 480 1106 nulla
507 1070 634 1118 passio
671 1072 882 1108 secundum
911 1083 1020 1107 suam
1058 1070 1222 1120 speciem
1251 1070 1296 1107 sit
1332 1071 1435 1107 bona

378 1123 439 1159 vel
467 1122 579 1159 mala.

432 1186 467 1211 2.
488 1176 720 1223 PRAETEREA,
750 1182 855 1212 actus
885 1183 921 1212 et
947 1175 1144 1224 passiones
1178 1174 1320 1211 habent
1350 1187 1435 1224 spe-

381 1226 477 1264 ciem
498 1240 543 1264 ex
572 1228 733 1265 obiecto.
756 1228 795 1265 Si
815 1240 903 1276 ergo
933 1228 1056 1277 aliqua
1075 1227 1202 1276 passio
1223 1228 1434 1265 secundum

379 1292 488 1316 suam
508 1286 526 1302 ‘²
554 1281 720 1329 speciem
756 1288 853 1317 esset
880 1281 983 1317 bona
1009 1281 1071 1317 vel
1098 1280 1209 1327 mala,
1245 1288 1435 1329 oporteret

378 1333 484 1382 quod
501 1333 699 1381 passiones
719 1345 881 1381 quarum
902 1333 1093 1370 obiectum
1114 1340 1168 1370 est
1186 1333 1345 1381 bonurn,
1365 1333 1434 1370 bo'-

378 1391 450 1422 nae
479 1393 604 1423 essent
635 1386 847 1423 secundum
880 1398 990 1423 suam
1019 1385 1206 1435 speciem,
1235 1393 1277 1422 ut
1305 1398 1432 1435 amor,

379 1437 607 1475 desiderium
646 1446 682 1475 et
718 1438 924 1487 gaudium3
964 1446 999 1475 et
1039 1438 1236 1488 passiones
1272 1451 1434 1487 quarum

379 1490 568 1528 obiectum
607 1498 662 1528 est
698 1492 865 1538 malum,
900 1498 1024 1528 essent
1060 1491 1183 1528 malae
1220 1491 1433 1529 secundum

378 1555 487 1580 suam
521 1543 699 1593 speciem,
728 1551 771 1581 ut
798 1544 941 1592 odium,
970 1544 1084 1581 timor
1112 1551 1148 1581 et
1174 1544 1327 1582 tristitia.
1357 1545 1434 1582 Sed

377 1597 452 1633 hoc
469 1604 573 1645 patet
592 1609 672 1634 esse
692 1597 841 1635 falsum.
869 1598 961 1634 Non
982 1609 1071 1645 ergo
1091 1597 1214 1645 aliqua
1232 1597 1359 1647 passio
1379 1605 1434 1635 est

378 1649 481 1686 bona
510 1650 574 1686 vel
601 1650 702 1687 mala
730 1662 775 1687 ex
803 1662 871 1687 sua
899 1650 1035 1699 specie.

434 1703 468 1739 3.
489 1703 721 1750 PRAETEREA,
746 1704 848 1739 nulla
863 1703 1008 1752 species
1022 1701 1254 1751 passionum'
1264 1710 1319 1740 est
1337 1714 1434 1751 quae

379 1766 458 1792 non
494 1754 707 1793 inveniatur
732 1756 770 1793 in
798 1755 877 1792 aliis
915 1755 1152 1793 animalibus.
1183 1757 1260 1793 Sed
1286 1756 1434 1792 bonum

379 1808 522 1844 morale
542 1820 620 1845 non
639 1807 829 1846 invenitur
856 1808 926 1845 nisi
953 1808 992 1845 in
1014 1808 1183 1846 homine.
1204 1810 1305 1857 Ergo
1331 1809 1433 1845 nulla

378 1860 505 1908 passio
535 1860 683 1898 animae
713 1862 815 1898 bona
839 1869 895 1898 est
911 1862 974 1898 vel
994 1862 1094 1898 mala
1114 1873 1158 1897 ex
1177 1874 1245 1898 sua
1261 1860 1276 1890 β
1295 1861 1432 1909 specie.

434 1913 508 1950 SED
537 1925 682 1950 CONTRA
709 1925 775 1950 EST
803 1914 908 1962 quod
935 1913 1167 1961 Augustinus
1195 1913 1294 1960 dicit,
1319 1914 1372 1949 IX
1390 1913 1436 1950 de

384 1966 461 2002 Civ.
486 1966 562 2002 Dei
577 1966 613 2014 ²¹⁶,
644 1967 749 2015 quod
777 1967 1033 2003 misericordia
1059 1967 1219 2014 pertinet
1243 1966 1295 2002 ad
1319 1966 1436 2002 virtu-

377 2024 461 2055 tem.
491 2018 746 2068 Philosophus
773 2019 884 2056 etiam
905 2019 1003 2065 dicit,
1024 2018 1062 2055 in
1090 2019 1122 2055 11
1142 2019 1261 2055 Ethic.
1277 2018 1308 2065 ²¹⁸,
1331 2018 1436 2066 quod

376 2071 608 2108 verecundia
623 2079 678 2109 est
695 2071 822 2120 passio
841 2070 1050 2109 laudabilis.
1067 2072 1168 2119 Ergo
1185 2071 1333 2119 aliquae
1351 2082 1436 2119 pas-

377 2123 502 2161 siones
540 2132 626 2161 sunt
661 2125 786 2162 bonae
823 2125 886 2162 vel
919 2125 1042 2162 malae
1080 2123 1291 2161 secundum
1326 2135 1435 2160 suam

376 2177 555 2226 speciem.

430 2231 656 2267 RESPONDEO
684 2241 869 2267 mcENDUM
892 2229 997 2278 quod
1025 2229 1119 2266 sicut
1138 2229 1185 2266 de
1213 2227 1357 2265 actibus
1377 2228 1436 2265 di-

377 2290 479 2320 ctum
508 2290 565 2319 est
582 2281 614 2330 ²¹²,
634 2282 684 2319 ita
713 2290 749 2319 et
769 2282 816 2319 de
844 2281 1086 2331 passionibus
1107 2280 1311 2318 diceridurn
1331 2281 1437 2318 vide-

428 2413 454 2445 α)
474 2420 559 2438 suam.
575 2425 595 2432 -
612 2413 729 2445 aliquam
748 2420 823 2437 suam
843 2412 871 2437 P.

428 2447 452 2481 β)
472 2455 530 2473 sua.
547 2462 566 2467 -
584 2448 645 2473 Om.
664 2448 694 2472 P.

1487 657 1558 697 tur,
1580 650 1685 698 quod
1713 650 1852 688 scilieet
1870 652 2014 701 species
2042 662 2147 691 actus
2178 656 2241 692 vel
2269 656 2455 705 passionis
2474 656 2544 694 du-

1487 702 1631 751 pliciter
1659 702 1888 740 considerari
1911 712 2046 753 potest.
2065 706 2152 744 Uno
2180 709 2310 755 modo,
2330 709 2542 746 secundum

1489 755 1593 804 quod
1623 763 1677 792 est
1703 755 1741 792 in
1775 767 1910 803 genere
1947 756 2122 795 naturae:
2153 766 2189 796 et
2216 759 2269 797 sic
2295 761 2442 799 bonum
2478 762 2543 799 vel

1489 808 1632 844 malum
1650 809 1794 844 morale
1822 820 1901 845 non
1918 809 2079 858 pertinet
2097 810 2146 847 ad
2167 812 2334 861 speciem
2358 821 2462 851 actus
2479 814 2543 851 vel

1487 860 1687 909 passionis.
1716 860 1801 897 Alio
1830 861 1961 908 modo,
1986 862 2197 900 secundum
2225 866 2329 914 quod
2355 866 2544 915 pertinent

1489 913 1538 950 ad
1557 925 1675 961 genus
1703 913 1831 961 moris,
1852 921 1965 962 prout
1992 914 2132 951 scilicet
2150 916 2372 966 participant
2399 919 2541 968 aliquid

1491 965 1538 1002 de
1557 965 1769 1002 voluntario
1791 973 1827 1002 et
1847 967 1893 1003 de
1912 966 2052 1004 iudicio
2072 967 2235 1005 rationis.
2262 970 2312 1007 Et
2329 971 2403 1008 hoc
2422 972 2542 1009 modo

1490 1018 1636 1054 bonum
1666 1025 1701 1055 et
1736 1018 1881 1055 malum
1910 1019 2054 1056 morale
2090 1028 2251 1068 possunt
2277 1023 2463 1070 pertinere
2492 1023 2542 1062 ad

1490 1070 1655 1118 speciem
1683 1070 1890 1119 passionis,
1920 1072 2131 1109 secundum
2161 1074 2264 1121 quod
2297 1075 2476 1125 accipitur
2502 1083 2545 1114 ut

1490 1122 1681 1159 obiectum
1707 1122 1893 1171 passionis
1922 1123 2063 1172 aliquid
2091 1124 2137 1162 de
2150 1137 2207 1174 ge
2236 1127 2468 1165 conveniens
2486 1141 2544 1166 ra-

1490 1175 1594 1222 tioni,
1614 1175 1677 1212 vel
1705 1175 1903 1213 dissonum
1923 1188 1944 1213 a
1964 1176 2128 1214 ratione:
2158 1176 2253 1215 sicut
2272 1186 2375 1228 patet
2402 1180 2450 1218 de
2477 1192 2542 1218 ve-

1492 1227 1691 1275 recundia,
1721 1240 1819 1277 quae
1848 1236 1904 1265 est
1929 1229 2045 1266 timor
2071 1229 2208 1279 turpis;
2238 1238 2274 1268 et
2303 1231 2350 1268 de
2378 1232 2543 1281 invidia,

1490 1292 1587 1330 quae
1616 1288 1672 1326 est
1690 1280 1833 1318 tristitia
1862 1281 1909 1318 de
1928 1282 2032 1319 bono
2060 1282 2222 1320 alterius.
2243 1283 2304 1321 Sic
2333 1284 2434 1322 enim
2460 1297 2546 1335 per-

1489 1333 1607 1370 tinent
1634 1333 1682 1370 ad
1710 1334 1876 1382 speciem
1906 1334 2097 1372 exterioris
2125 1342 2240 1373 actus.

1542 1388 1601 1423 An
1629 1397 1765 1423 ptumum
1793 1397 1891 1424 ERGO
1918 1398 2102 1425 memnon
2122 1388 2226 1437 quod
2254 1389 2348 1426 ratio
2376 1389 2438 1427 illa
2455 1402 2543 1440 pro—

1490 1438 1587 1476 cedit
1614 1439 1661 1475 de
1697 1439 1938 1487 passionibus
1974 1440 2194 1478 secundum*
2216 1442 2321 1490 quod
2355 1442 2546 1491 pertinent

1489 1493 1539 1529 ad
1567 1491 1734 1540 speciem
1762 1499 1931 1539 naturae,
1950 1500 2063 1541 prout
2082 1493 2222 1530 scilicet
2249 1495 2436 1543 appetitus
2460 1507 2545 1533 sen-

1489 1543 1620 1581 sitivus
1639 1544 1678 1580 in
1706 1555 1745 1580 se
1770 1544 2037 1582 consideratur.
2068 1546 2289 1583 Secundum
2316 1558 2410 1584 vero
2439 1548 2546 1596 quod

1490 1596 1676 1645 appetitus
1712 1596 1912 1634 sensitivus
1949 1597 2079 1635 obedit
2106 1598 2260 1646 rationi,
2290 1598 2366 1636 iam
2398 1599 2545 1637 bonum

1490 1657 1527 1686 et
1553 1649 1698 1686 malurn
1716 1649 1879 1686 ¹rationis
1907 1662 1986 1686 non
2019 1657 2074 1687 est
2099 1650 2138 1687 in
2156 1655 2172 1678 Υ
2198 1651 2438 1700 passionibus
2467 1652 2545 1690 eius

1489 1706 1558 1751 per
1586 1701 1772 1749 accidens,
1792 1702 1859 1739 sed
1886 1714 1955 1751 per
1982 1714 2034 1740 se.

1543 1756 1601 1791 An
1630 1766 1819 1792 SECUNDUM
1846 1766 2030 1792 DICENDUM
2050 1755 2155 1803 quod
2173 1756 2370 1804 passiones
2389 1768 2488 1805 quae
2506 1757 2544 1795 in

1490 1808 1636 1844 bonum
1655 1807 1826 1855 tendunt,
1847 1807 1878 1844 si
1897 1807 1942 1844 sit
1960 1819 2097 1846 verum
2116 1808 2275 1856 bonum,
2296 1815 2382 1846 sunt
2400 1810 2543 1847 bonae:
2597 1844 2600 1848 Α

1491 1867 1527 1897 et
1554 1859 1719 1897 similiter
1747 1872 1843 1910 quae
1873 1872 1895 1897 a
1920 1872 2014 1898 vero
2043 1861 2144 1898 malo
2174 1861 2367 1899 recedunt.
2397 1862 2431 1899 E
2457 1874 2546 1900 con-

1489 1925 1602 1950 verso
1626 1924 1726 1963 yero
1753 1912 1949 1961 passiones
1978 1925 2074 1962 quae
2099 1921 2186 1950 sunt
2211 1926 2281 1963 per
2304 1925 2499 1952 recessum
2522 1927 2545 1952 a

1490 1966 1611 2013 bono,
1642 1972 1678 2001 et
1703 1977 1773 2014 per
1805 1977 2000 2002 accessum
2029 1966 2077 2003 ad
2105 1967 2267 2014 malum,
2296 1974 2382 2004 sunt
2410 1968 2544 2004 malae.

1542 2019 1601 2054 An
1628 2029 1788 2054 TERTmM
1816 2029 1999 2055 memnon
2027 2019 2131 2066 quod
2159 2018 2198 2055 in
2225 2019 2343 2056 brutis
2376 2019 2544 2057 animali-

1490 2070 1561 2107 bus
1589 2070 1776 2119 appetitus
1814 2070 2015 2107 sensitivus
2043 2083 2122 2108 non
2159 2070 2288 2108 obedit
2324 2071 2469 2109 rationi.
2498 2071 2548 2110 Et

1489 2129 1619 2160 tamen
1646 2122 1870 2172 inquantum
1900 2123 2046 2160 ducitur
2073 2121 2087 2145 ὃ
2116 2123 2283 2172 quadam
2312 2124 2550 2163 aestimativa

1490 2175 1660 2223 naturali,
1681 2187 1779 2225 quae
1807 2175 2002 2213 subiicitur
2029 2175 2162 2213 rationi
2186 2176 2380 2228 superiori,
2410 2177 2548 2215 scilicet

1492 2227 1662 2275 divinae,
1694 2236 1749 2265 est
1776 2227 1814 2265 in
1843 2228 1896 2265 eis
1924 2228 2113 2277 quaedam
2149 2228 2355 2267 similitudo
2393 2229 2549 2267 moralis

1490 2280 1593 2327 boni,
1615 2288 1798 2329 quantum
1825 2281 1875 2318 ad
1902 2281 2052 2318 animae
2079 2280 2287 2329 passiones.

1542 2410 1569 2444 γ)
1589 2414 1629 2436 est
1647 2411 1683 2436 in.
1700 2425 1719 2430 -
1737 2414 1776 2436 est
1794 2410 1950 2443 ACDGlpl-l,
1969 2411 2037 2436 inest
2055 2411 2085 2442 E,
2103 2414 2143 2436 est
2161 2418 2198 2436 ex
2215 2411 2336 2443 PLstH
2355 2416 2381 2436 et
2397 2418 2424 2436 a.

1541 2445 1566 2478 ὃ)
1585 2446 1702 2471 ducitur.
1718 2460 1738 2465 —
1757 2446 1891 2471 ducuntur
1909 2445 1939 2471 Ε.

1051 2534 1381 2567 Commentario.
1404 2533 1652 2566 Cardine-lis
1674 2533 1873 2566 Caietani

448 2633 535 2653 msso
558 2622 650 2653 tertio
667 2621 808 2658 articulo,
830 2622 863 2652 in
887 2627 1000 2662 quarto
1024 2620 1163 2652 notanda
1186 2627 1260 2651 sunt
1276 2621 1351 2656 duo,
1374 2629 1432 2660 pro

378 2634 586 2698 Onovitiis.
611 2666 755 2696 Primum
781 2672 827 2696 est
853 2666 954 2707 quod,
981 2664 1061 2695 sicut
1091 2664 1222 2695 nomina
1246 2664 1435 2695 exteriorum

376 2719 506 2743 actuum
536 2717 610 2741 sunt
639 2710 785 2740 distincta
810 2710 853 2740 sic
877 2709 965 2751 quod
995 2709 1101 2750 aliqua
1131 2707 1306 2748 significant
1329 2714 1435 2739 actum

375 2755 559 2787 exteriorem
587 2760 623 2785 ut
644 2753 830 2784 terminatur
852 2754 891 2783 ad
916 2753 1035 2794 aliquid
1059 2752 1224 2783 dissonum
1247 2751 1374 2788 rationi,
1399 2758 1436 2782 ut

376 2800 496 2830 furtum
519 2805 550 2829 et
572 2797 777 2834 adulterium
803 2805 833 2828 et
857 2797 962 2838 aliqua
982 2803 1018 2827 ut
1040 2796 1225 2827 terminatur
1251 2796 1291 2826 ad
1314 2795 1434 2836 aliquid

376 2853 556 2874 consonum
578 2842 701 2877 rationi,
721 2848 757 2872 ut
781 2851 870 2872 orare
892 2842 1015 2877 Deum,
1041 2847 1072 2872 et
1094 2839 1259 2871 subvenire
1282 2839 1432 2879 pauperi;

376 2894 406 2918 et
429 2887 534 2928 aliqua
552 2886 742 2922 neutraliter,
760 2893 795 2916 ut
810 2885 972 2916 ambulare
992 2891 1022 2915 et
1044 2884 1150 2925 loqui:
1175 2884 1219 2914 ita
1235 2883 1388 2923 contingit
1401 2883 1435 2913 in

376 2931 585 2972 passionibus.
603 2930 769 2967 Quaedam
786 2929 871 2960 enim
891 2927 1067 2969 significant
1082 2927 1244 2968 passiones
1261 2934 1296 2958 ut
1319 2926 1433 2958 rationi

377 2981 562 3011 consonant,
583 2981 619 3005 ut
633 2973 862 3010 misericordia;
887 2973 1043 3014 quaedam
1059 2979 1095 3003 ut
1110 2972 1282 3008 dissonant,
1298 2978 1335 3002 ut
1357 2971 1435 3002 invi-

377 3019 445 3055 dia;
470 3018 627 3059 quaedam
650 3018 838 3054 neutraliter,
857 3024 892 3048 ut
907 3016 1038 3048 tristitia.
1059 3016 1100 3047 Et
1122 3016 1202 3047 sicut
1221 3016 1259 3046 de
1278 3014 1435 3057 exteriori-

376 3064 436 3093 bus
460 3063 579 3093 actibus
604 3062 724 3092 dictum
740 3061 814 3092 est*
830 3062 919 3102 quod
942 3067 1016 3091 sunt
1039 3061 1215 3091 secundum
1239 3069 1271 3090 se
1294 3059 1370 3090 boni
1385 3059 1435 3089 vel

377 3106 452 3137 mali
476 3117 512 3137 ex
536 3106 675 3142 obiecto,
695 3106 737 3137 ita
762 3106 875 3136 eodem
889 3105 988 3135 modo
1013 3104 1150 3145 intellige
1167 3104 1205 3135 de
1224 3103 1434 3144 passionibus-

1487 2619 1528 2650 Et
1542 2619 1630 2660 quod
1646 2619 1828 2650 distinctum
1845 2619 1990 2660 superius
2001 2618 2019 2637 ’θ
2038 2626 2084 2650 est
2100 2620 2139 2650 de
2154 2619 2294 2650 bonitate
2317 2629 2355 2650 ex
2373 2620 2497 2651 obiecto
2517 2627 2550 2652 et·

1487 2673 1524 2694 ex
1546 2662 1621 2699 fine,
1645 2662 1688 2694 ita
1711 2663 1867 2704 applicare
1890 2669 2053 2694 memento
2076 2663 2253 2704 proposito.
2275 2663 2440 2695 Passiones
2464 2663 2550 2695 enim

1486 2706 1573 2747 ipsae
1596 2707 1635 2737 ad
1657 2706 1765 2747 ipsum
1788 2707 1909 2737 morale
1931 2707 2055 2738 bonum
2079 2713 2109 2738 et
2131 2707 2253 2738 malum
2269 2717 2302 2738 se
2324 2707 2441 2739 habent
2469 2707 2550 2740 sicut

1488 2750 1654 2782 exteriores
1676 2757 1773 2781 actus.
2544 2750 2546 2765 ³

1542 2794 1635 2825 Unde
1651 2801 1681 2825 et
1695 2794 1728 2824 in
1747 2794 1858 2830 littera,
1875 2801 1906 2825 et
1921 2801 1968 2826 est
1986 2795 2162 2825 secundum
2180 2794 2396 2835 propositum,
2413 2795 2447 2826 in
2462 2794 2548 2835 prin-

1488 2838 1571 2878 cipio
1596 2838 1737 2878 corporis
1761 2838 1892 2875 articuli,
1920 2838 2112 2879 proponitur
2136 2839 2225 2880 quod
2246 2839 2330 2870 sicut
2352 2839 2392 2870 de
2413 2839 2547 2877 actibus,-

1488 2883 1532 2913 ita
1547 2882 1587 2913 de
1598 2882 1809 2923 passionibus.
1825 2899 1847 2906 -
1862 2883 1903 2913 Et
1918 2882 1951 2913 in
1966 2883 2049 2914 calce
2065 2882 2196 2914 dicitur:
2216 2882 2270 2925 Sic
2287 2883 2371 2913 enim
2381 2883 2547 2923 pertinent

1487 2925 1531 2957 ad
1545 2927 1678 2966 speciem
1703 2927 1872 2957 exterioris
1887 2931 1989 2965 actus,
2006 2926 2121 2958 scilicet
2143 2927 2266 2958 bonum
2290 2933 2320 2957 et
2339 2927 2460 2958 malum
2476 2936 2548 2957 mo-

1487 2970 1608 3001 raliter:
1629 2971 1687 3007 sic,
1710 2970 1791 3001 idest
1806 2975 1842 3000 ut
1857 2970 1989 3001 obiecta.
2011 2970 2055 3001 Ita
2075 2970 2164 3011 quod
2181 2970 2214 3011 ly
2223 2971 2388 3011 pertinent
2410 2979 2476 3001 non
2498 2974 2548 3000 re-v

1488 3013 1579 3054 spicit
1595 3015 1764 3054 passiones
1779 3021 1815 3045 ut
1835 3014 2014 3045 subiectum
2031 3013 2212 3050 locutionis,
2229 3014 2283 3044 sed
2299 3014 2414 3045 bonum
2434 3019 2465 3045 et
2479 3012 2548 3051 ma&

1489 3059 1554 3088 lum
1578 3059 1761 3089 moraliter:
1783 3064 1814 3089 et
1837 3058 1951 3089 directe
1974 3058 2114 3098 complet
2135 3057 2409 3099 proportionalem
2433 3056 2553 3089 doctri-

1489 3112 1564 3132 nam
1587 3102 1625 3132 de
1649 3102 1769 3133 actibus
1793 3109 1824 3133 et
1845 3102 2056 3142 passionibus.

885 3276 2041 3328 --.-ψ--,-..ᾢο.-.---

2574 2629 2585 2640 ·
2598 2629 2669 2652 naid„
