2852 4152
141 813 231 862 efddqu.
250 819 311 834 xxxv

120 1654 182 1683 ’Qua
186 1659 256 1681 xxxv,
261 1656 304 1675 art.
309 1659 332 1679 4.

121 1811 133 1822 ·
147 1810 197 1839 Qu.
210 1816 277 1838 xxm,
292 1813 335 1832 nrt.

123 1842 277 1892 ΐὲἓῧιῗέζ
291 1839 334 1884 ἒξξῑ

123 1969 132 1980 ·
148 1967 205 1996 etp.
218 1973 263 1995 vu,
276 1973 309 1989 lx.

159 2549 207 2578 Qu.
224 2555 276 2577 xxv,
296 2551 339 2570 art.

129 2582 167 2603 τος
195 2581 235 2604 qu.
255 2581 339 2602 xum,

1011 253 1276 302 QUAESTlo
1304 251 1483 297 xxxvi,
1513 248 1807 297 ARTmULUs
1832 245 1851 284 '1

2442 259 2517 294 249

846 426 1254 504 QUAESTIO
1292 418 2028 480 TRIGESIMASEXTA

760 555 850 594 DE
895 553 1139 595 CAUSIS
1182 550 1580 593 TRISTITIAE
1627 547 1756 589 SEU
1804 545 2108 587 DOLORIS

1134 669 1168 693 1N
1198 668 1368 700 QUATUOR
1395 666 1595 692 ARTICULOS
1621 664 1737 690 DIVISA

445 773 570 799 muniz
608 762 925 799 considerandum
963 770 1018 798 est
1055 763 1102 800 de
1144 762 1265 799 causis
1302 760 1410 798 tristi-

446 814 518 852 tiae
537 813 568 850 *.

354 869 404 905 Et
433 867 530 904 circa
557 866 633 902 hoc
660 874 891 916 quaeruntur
919 875 1091 915 quatuor.

407 920 560 956 Primo:
589 927 717 956 utrum
746 932 860 956 causa
889 919 1028 956 doloris
1056 919 1102 956 sit
1124 920 1270 955 bonurn
1298 918 1411 956 amis-

462 985 559 1020 sum,
579 973 642 1009 vel
669 972 788 1020 magis
816 973 961 1009 malum
990 972 1245 1008 coniunctum.

1517 758 1712 796 Secundo:
1728 766 1855 795 utrum
1867 756 2171 806 concupiscentia
2187 756 2232 793 sit
2243 768 2356 792 causa
2369 756 2523 793 doloris.

1517 812 1670 848 Tertio:
1699 819 1827 848 utrum
1856 810 2042 860 appetitus
2069 809 2221 847 unitatis
2249 809 2295 846 sit
2323 821 2437 845 causa
2456 809 2524 846 do-

1571 864 1672 901 loris.

1519 919 1686 965 Quarto:
1715 924 1843 953 utrum
1872 923 2038 964 potestas
2059 915 2118 953 cui
2147 914 2265 952 resisti
2290 927 2368 951 non
2386 921 2524 963 potest,

1573 970 1618 1007 sit
1646 981 1760 1006 causa
1787 969 1940 1006 doloris.

1164 1079 1478 1121 ARTICULUS
1509 1078 1714 1120 PRIMUS
1768 1102 1772 1106 =

628 1183 783 1213 UTRUM
807 1181 947 1212 CAUSA
970 1181 1156 1212 DOLORIS
1179 1181 1245 1211 SIT
1268 1180 1422 1211 BONUM
1448 1179 1652 1215 AMISSUM,
1675 1178 1760 1210 VEL
1783 1179 1940 1210 MALUM
1963 1177 2254 1210 CONIUNCTUM

478 1305 529 1322 fl<
569 1291 591 1316 D
619 1290 754 1315 PR1MUM
783 1290 835 1314 516
863 1289 1100 1314 PROCEDITUR.
1125 1276 1284 1313 Videtur
1312 1276 1416 1323 quod

387 1322 433 1383 '²255'
488 1300 549 1388 233<
569 1332 714 1367 bonum
744 1330 926 1366 amissum
955 1329 1000 1366 sit
1019 1329 1139 1376 magis
1168 1341 1282 1365 causa
1310 1329 1417 1364 dolo-

511 1372 538 1421 ἦ
552 1379 618 1420 ris
632 1394 749 1431 quarn
769 1382 912 1418 malum
928 1382 1184 1418 coniunctum.
1196 1380 1295 1417 Dicit
1314 1380 1416 1416 enim

526 1426 810 1482 KAugustinus,
839 1434 878 1470 in
905 1434 1000 1470 libro
1029 1434 1074 1470 de
1106 1433 1194 1470 Octo
1227 1433 1417 1474 Quaestio-

359 1487 466 1524 nibus
495 1487 648 1524 Dulcitii
663 1487 695 1533 ²¹²,
726 1487 900 1523 dolorem
929 1499 1010 1523 esse
1039 1486 1086 1522 de
1118 1485 1321 1522 amissione
1350 1485 1416 1521 bo-

359 1551 498 1576 norum
517 1539 796 1588 temporalium.
812 1539 960 1576 Eadem
980 1551 1068 1586 ergo
1090 1538 1245 1585 ratione,
1263 1537 1419 1586 quilibet

360 1593 471 1630 dolor
499 1604 544 1628 ex
571 1592 776 1630 amissione
804 1592 959 1629 alicuius
987 1591 1078 1628 boni
1106 1590 1296 1638 contingit.

414 1657 450 1682 2.
470 1646 703 1691 PRAETER-EA,
729 1657 842 1693 supra
869 1644 889 1666 '¹‘
916 1645 1056 1682 dictum
1086 1651 1141 1680 est
1173 1643 1279 1692 quod
1308 1643 1418 1680 dolor

361 1698 426 1747 qui
465 1698 701 1735 delectationi
735 1697 998 1744 contrariatur,
1032 1704 1087 1733 est
1119 1696 1166 1733 de
1195 1697 1332 1733 eodem
1371 1696 1418 1733 de

361 1763 438 1799 quo
468 1758 524 1787 est
550 1750 760 1788 delectatio.
791 1750 868 1787 Sed
898 1749 1094 1787 delectatio
1133 1757 1187 1786 est
1215 1750 1263 1786 de
1292 1750 1418 1796 bono,

361 1803 456 1840 sicut
483 1815 599 1851 supra
625 1803 645 1824 '¹‘
672 1802 815 1839 dictum
844 1810 909 1839 est.
935 1804 1036 1850 Ergo
1066 1803 1174 1839 dolor
1202 1810 1257 1839 est
1283 1802 1418 1851 princi-

361 1855 493 1904 paliter
521 1856 568 1892 de
597 1855 801 1891 amissione
830 1855 932 1892 boni.

417 1909 450 1945 3.
472 1909 710 1954 PRAETEREA,
739 1908 951 1944 secundum
979 1908 1243 1955 Augustinum‚
1268 1908 1356 1944 XIV
1375 1908 1420 1945 de

367 1960 445 1998 Civ.
466 1961 542 1997 Dei
556 1960 588 2007 ’ξ
609 1971 719 1996 amor
748 1967 803 1996 est
822 1972 935 1997 causa
957 1960 1134 2007 tristitiae,
1156 1961 1250 1997 sicut
1278 1968 1313 1997 et
1332 1961 1420 1998 alia-

363 2025 448 2052 rum
476 2013 722 2050 affectionum
751 2012 913 2050 animae.
945 2013 1020 2049 Sed
1049 2012 1240 2050 obiectum
1278 2014 1419 2051 amoris

364 2074 420 2104 est
445 2066 605 2104 bonum.
630 2066 732 2113 Ergo
763 2065 871 2102 dolor
897 2066 959 2103 vel
987 2065 1129 2102 tristitia
1156 2066 1275 2114 magis
1304 2067 1420 2116 respi-

364 2120 412 2157 cit
439 2120 584 2156 bonum
613 2119 797 2155 amissum
830 2130 947 2166 quarn
976 2119 1120 2155 malurn
1150 2119 1405 2157 coniunctum.

417 2173 492 2209 SED
521 2183 666 2209 CONTRA
694 2183 759 2207 EST
787 2171 891 2220 quod
912 2172 1175 2208 Damascenus
1204 2172 1302 2219 dicit,
1323 2173 1362 2209 in
1387 2174 1419 2209 II

126 2233 336 2289 ssff‘fflsspqrssss
363 2225 459 2262 libro
468 2225 500 2272 *,
511 2225 616 2274 quod
629 2229 864 2272 expectatum
878 2223 1021 2260 malum
1040 2224 1211 2261 timorem
1226 2226 1420 2272 constituit,

358 2289 539 2328 praesens
566 2289 656 2314 vero
685 2277 880 2313 tristitiam.

418 2332 642 2368 RESPONDEO
663 2341 845 2367 DICENDUM
865 2329 980 2378 quod,
1002 2329 1033 2366 si
1056 2330 1130 2366 hoc
1149 2330 1268 2367 modo
1297 2343 1336 2367 se
1356 2331 1421 2367 ha-

365 2384 499 2421 berent
525 2382 756 2432 privationes
783 2382 823 2419 in
850 2382 1152 2431 apprehensione
1180 2383 1346 2430 animae,
1377 2384 1424 2420 si-

367 2443 429 2473 cut
454 2449 495 2473 se
514 2437 655 2473 habent
681 2435 719 2472 in
738 2435 826 2483 ipsis
854 2435 976 2482 rebus,
997 2435 1066 2472 ista
1086 2435 1255 2483 quaestio
1285 2437 1423 2473 nullius

366 2489 553 2527 momenti
573 2501 656 2525 esse
670 2488 871 2525 videretur.
888 2488 1036 2525 Malum
1052 2488 1163 2535 enim,
1180 2497 1222 2525 ut
1240 2489 1278 2525 in
1292 2489 1421 2526 Primo

366 2543 462 2580 libro
490 2542 510 2563 ’¹‘
537 2542 709 2578 habiturn
747 2548 821 2587 est,
851 2548 907 2578 est
933 2540 1094 2590 privatio
1123 2541 1232 2577 boni:
1261 2542 1422 2590 privatio

367 2603 507 2642 autem,
528 2595 566 2631 in
595 2606 721 2630 rerum
740 2601 884 2641 natura,
913 2594 1003 2631 nihil
1024 2601 1078 2631 est
1106 2594 1206 2631 aliud
1227 2607 1342 2642 quarn
1364 2607 1423 2631 ca-

368 2647 486 2685 rentia
505 2646 670 2696 oppositi
688 2646 855 2683 habitus:
876 2648 1087 2684 secundum
1107 2647 1181 2682 hoc
1202 2659 1303 2694 ergo,
1320 2647 1423 2684 idem

369 2708 467 2737 esset
485 2699 618 2736 tristari
638 2699 685 2736 de
704 2699 807 2736 bono
828 2699 980 2746 amisso,
1003 2707 1038 2736 et
1058 2699 1104 2736 de
1124 2700 1226 2736 malo
1245 2700 1386 2736 habito.
1399 2722 1422 2728 —

370 2753 445 2790 Sed
464 2752 607 2789 tristitia
635 2759 690 2789 est
708 2759 834 2789 motus
863 2752 1049 2802 appetitus
1078 2753 1422 2801 apprehensionem

369 2805 570 2854 sequentis.
597 2806 639 2841 In
667 2805 966 2854 apprehensione
995 2813 1121 2842 autem
1151 2805 1232 2854 ipsa
1262 2805 1423 2854 privatio

369 2859 483 2896 habet
501 2857 684 2895 rationem
714 2857 910 2895 cuiusdam
930 2858 1044 2895 entis:
1074 2858 1176 2894 unde
1206 2858 1338 2895 dicitur
1361 2871 1425 2895 ens

369 2911 535 2948 rationis.
556 2912 605 2947 Et
629 2910 682 2948 sic
701 2911 858 2958 malum,
880 2923 967 2948 cum
991 2911 1037 2948 sit
1054 2911 1227 2959 privatio,
1249 2923 1288 2948 se
1311 2912 1426 2948 habet

368 2975 438 3013 per
465 2963 625 3001 modum
651 2963 835 3000 contrarii.
857 2965 905 3001 Et
931 2963 1031 3011 ideo,
1052 2971 1236 3011 quantum
1266 2965 1313 3001 ad
1342 2976 1425 3000 mo-

369 3024 452 3054 tum
471 3016 729 3065 appetitivum,
751 3017 874 3053 differt
896 3024 1022 3053 utrum
1043 3016 1215 3065 respiciat
1238 3016 1424 3065 principa—

370 3069 441 3106 lius
469 3070 612 3106 malum
641 3069 892 3117 coniunctum,
912 3070 974 3107 vel
1002 3070 1148 3105 bonum
1177 3069 1369 3106 amissum.

424 3123 472 3159 Et
500 3121 588 3169 quia
624 3129 749 3159 motus
777 3122 962 3171 appetitus
997 3122 1169 3159 animalis
1197 3123 1271 3158 hoc
1306 3122 1424 3159 modo

371 3188 412 3212 se
439 3175 553 3211 habet
580 3174 618 3211 in
646 3175 822 3223 operibus
851 3175 1015 3222 animae,
1043 3175 1137 3211 sicut
1165 3182 1291 3211 motus
1319 3182 1425 3211 natu-

371 3228 457 3265 ralis
485 3227 523 3263 in
542 3227 655 3263 rebus
683 3228 931 3274 naturalibus3
957 3240 1002 3264 ex
1031 3227 1332 3264 consideratione
1361 3240 1426 3264 na-

370 3280 547 3317 turalium
576 3287 751 3316 motuum
778 3281 916 3318 veritas
950 3280 1069 3329 accipi
1097 3288 1231 3330 potest.
1258 3280 1297 3317 Si
1327 3280 1426 3317 enirn

371 3333 601 3382 accipiamus
629 3332 667 3369 in
695 3333 861 3370 motibus
897 3333 1128 3370 naturalibus
1166 3346 1362 3370 accessum
1393 3340 1428 3369 et

1471 1287 1684 1322 recessum,
1711 1287 1885 1312 accessus
1911 1288 1980 1324 per
2007 1287 2048 1312 se
2083 1275 2232 1324 respicit
2267 1275 2306 1312 id
2334 1275 2440 1323 quod
2473 1283 2529 1312 est

1471 1327 1703 1365 conveniens
1739 1335 1917 1374 naturae;
1946 1340 2114 1365 recessus
2152 1335 2278 1365 autem
2305 1340 2375 1377 per
2401 1341 2442 1365 se
2471 1340 2528 1364 re-

1471 1380 1579 1428 spicit
1611 1380 1649 1416 id
1677 1382 1780 1428 quod
1816 1388 1871 1417 est
1908 1381 2156 1426 contrarium;
2186 1381 2282 1417 sicut
2317 1393 2432 1429 grave
2459 1393 2529 1430 per

1471 1445 1511 1468 se
1541 1433 1678 1469 recedit
1706 1446 1728 1469 a
1755 1434 1840 1470 loco
1869 1434 2069 1482 superiori,
2096 1434 2240 1471 accedit
2267 1442 2393 1470 autem
2421 1441 2529 1471 natu-

1472 1485 1597 1521 raliter
1630 1485 1678 1522 ad
1706 1486 1836 1522 locum
1872 1486 2101 1523 inferiorem.
2128 1486 2206 1523 Sed
2233 1486 2263 1522 si
2298 1486 2529 1535 accipiamus

1472 1549 1627 1574 causam
1650 1538 1843 1586 utriusque
1864 1547 2001 1586 motus,
2023 1539 2161 1576 scilicet
2187 1539 2427 1587 gravitatem,
2448 1539 2530 1588 ipsa

1472 1590 1634 1638 gravitas
1670 1603 1739 1638 per
1764 1591 1873 1639 prius
1901 1591 2051 1628 inclinat
2087 1593 2135 1629 ad
2171 1593 2299 1629 locum
2329 1592 2528 1639 deorsum,

1473 1655 1589 1691 quam
1617 1643 1781 1679 retrahat
1807 1656 1829 1680 a
1857 1644 1942 1680 loco
1971 1657 2138 1691 sursum,
2166 1658 2188 1681 a
2216 1657 2293 1694 quo
2322 1645 2463 1681 recedit
2489 1652 2531 1681 ut

1474 1695 1653 1732 deorsum
1681 1695 1820 1732 tendat.

1527 1748 1590 1785 Sic
1617 1747 1740 1795 igitur,
1771 1760 1858 1784 cum
1886 1748 2030 1785 tristitia
2057 1749 2095 1786 in
2122 1750 2289 1786 motibus
2317 1749 2531 1800 appetitivis

1473 1813 1513 1838 se
1542 1801 1680 1837 habeat
1706 1813 1775 1848 per
1802 1801 1964 1838 modum
1993 1802 2102 1849 fugae
2126 1803 2187 1838 vel
2216 1815 2401 1850 recessus,
2429 1803 2531 1841 dele-

1475 1854 1586 1891 ctatio
1619 1861 1746 1890 autem
1776 1866 1846 1903 per
1882 1854 2044 1891 modum
2071 1856 2345 1903 prosecutionis
2376 1856 2440 1893 vel
2471 1867 2532 1893 ac-

1475 1919 1623 1953 cessus;
1652 1906 1748 1943 sicut
1766 1906 1960 1944 delectatio
1989 1919 2058 1955 per
2075 1908 2179 1956 prius
2207 1908 2357 1956 respicit
2383 1910 2532 1946 bonum

1475 1961 1673 2009 adeptum,
1699 1959 1808 2007 quasi
1840 1959 2036 2008 proprium
2067 1961 2276 2008 obiectum,
2303 1961 2354 1998 ita
2390 1961 2532 1998 tristitia

1475 2013 1625 2062 respicit
1650 2014 1794 2049 malum
1827 2012 2084 2049 coniunctum,
2116 2014 2192 2050 Sed
2221 2026 2334 2050 causa
2373 2014 2532 2051 delecta-

1475 2066 1584 2103 tionis
1609 2073 1645 2102 et
1672 2065 1847 2112 tristitiae,
1869 2065 2006 2102 scilicet
2025 2078 2146 2112 amor,
2166 2078 2235 2114 per
2252 2066 2354 2115 prius
2383 2067 2534 2115 respicit

1475 2120 1622 2156 bonum
1657 2130 1773 2166 quam
1810 2118 1967 2154 malurn.
2002 2118 2064 2154 Sic
2099 2130 2187 2166 ergo
2223 2131 2269 2155 eo
2303 2120 2421 2156 modo
2455 2133 2532 2168 quo

1476 2172 1666 2208 obiectum
1695 2179 1751 2207 est
1779 2183 1892 2207 causa
1919 2170 2121 2219 passionis,
2151 2172 2271 2219 magis
2298 2172 2450 2221 proprie
2479 2181 2534 2210 est

1477 2237 1591 2261 causa
1623 2224 1788 2261 tristitiae
1822 2224 1883 2261 vel
1922 2223 2061 2260 doloris
2094 2225 2238 2261 malum
2269 2225 2531 2273 coniunctum,

1477 2290 1593 2326 quarn
1621 2277 1768 2313 bonum
1797 2276 1993 2312 amissum.

1529 2332 1589 2366 An
1617 2341 1754 2366 Palmum
1782 2340 1880 2365 ERGO
1907 2339 2091 2365 mCENDUM
2128 2330 2232 2377 quod
2260 2329 2342 2378 ipsa
2380 2331 2534 2369 amissio

1477 2383 1569 2419 boni
1585 2381 1880 2431 apprehenditur
1894 2381 1964 2417 sub
1981 2381 2125 2417 ratione
2140 2382 2246 2418 mali:
2263 2382 2356 2419 sicut
2372 2391 2408 2420 et
2422 2383 2534 2420 amis-

1478 2437 1534 2474 sio
1555 2435 1644 2472 mali
1672 2434 1967 2483 apprehenditur
1985 2434 2056 2470 sub
2084 2434 2227 2471 ratione
2255 2436 2358 2472 boni.
2380 2437 2429 2472 Et
2446 2437 2534 2474 ideo

1477 2488 1709 2536 Augustinus
1729 2487 1816 2524 dicit
1843 2487 2016 2524 dolorem
2035 2488 2238 2535 provenire
2267 2501 2311 2524 ex
2331 2489 2534 2526 amissione

1477 2541 1744 2590 temporalium
1773 2541 1976 2576 bonorum.

1531 2597 1590 2631 An
1610 2605 1798 2630 SECUNDUM
1817 2604 1999 2629 mcx-:NDUM
2020 2592 2125 2640 quod
2145 2592 2341 2630 delectatio
2366 2601 2403 2630 et
2426 2595 2536 2631 dolor

1478 2647 1512 2683 ei
1541 2646 1747 2683 contrarius
1776 2645 1979 2693 respiciunt
2005 2644 2126 2692 idem,
2152 2645 2219 2682 sed
2247 2646 2318 2682 sub
2348 2647 2536 2684 contraria

1478 2699 1642 2736 ratione:
1673 2711 1762 2735 nam
1791 2698 1821 2734 si
1850 2697 2045 2735 delectatio
2076 2705 2130 2734 est
2158 2698 2205 2734 de
2230 2699 2444 2747 praesentia
2473 2700 2537 2736 ali-

1479 2753 1602 2799 cuius,
1630 2751 1774 2788 tristitia
1803 2758 1858 2787 est
1890 2750 1937 2787 de
1972 2750 2140 2787 absentia
2176 2751 2358 2788 eiusdem.
2386 2753 2428 2788 In
2457 2765 2535 2789 uno

1479 2813 1607 2842 autern
1645 2803 1919 2840 contrariorum
1956 2803 2156 2840 includitur
2182 2803 2343 2851 privatio
2373 2805 2533 2852 alterius,

1478 2865 1648 2906 ut‘patet
1675 2857 1714 2893 in
1733 2857 1768 2892 X
1785 2857 2001 2904 Metaphys.
2021 2855 2041 2877 '¹‘
2070 2856 2118 2892 Et
2144 2856 2232 2893 inde
2261 2864 2317 2893 est
2345 2857 2449 2906 quod
2475 2858 2535 2895 tri·
2565 2876 2574 2884 ·

1479 2911 1574 2948 stitia
1599 2922 1697 2958 quae
1726 2916 1782 2945 est
1801 2909 1847 2945 de
1868 2908 2068 2954 contrario,
2091 2916 2146 2945 est
2173 2909 2463 2957 quodammodo
2488 2911 2535 2948 de
2563 2912 2590 2948 {a
2617 2901 2690 2954 ‘mh

1480 2965 1618 3000 eodem
1648 2963 1717 2999 sub
1748 2961 1933 2998 contraria
1962 2961 2118 2998 ratione.

1533 3018 1591 3052 AD
1627 3026 1785 3051 TERTIUM
1822 3025 2005 3050 D1CENDUM
2038 3014 2158 3062 quod,
2189 3014 2343 3062 quando
2378 3026 2422 3051 ex
2459 3029 2537 3053 una

1481 3081 1594 3105 causa
1620 3067 1849 3116 p'roveniunt
1868 3066 1975 3103 multi
1997 3074 2136 3114 motus,
2163 3079 2242 3103 non
2263 3075 2413 3116 oportet
2432 3069 2536 3116 quod

1482 3133 1616 3158 omnes
1650 3119 1891 3169 principalius
1919 3119 2118 3167 respiciant
2145 3119 2236 3156 illud
2266 3120 2372 3169 quod
2399 3121 2536 3169 princi-

1481 3174 1601 3223 palius
1622 3172 1770 3221 respicit
1789 3184 1903 3208 causa
1923 3177 1951 3219 ⁴²,
1973 3172 2040 3209 sed
2068 3171 2212 3221 primus
2231 3179 2390 3209 tanturn.
2413 3167 2534 3210 Uniis-

1481 3227 1641 3275 quisque
1667 3233 1793 3262 autern
1823 3225 1982 3261 aliorum
2001 3224 2243 3273 principalius
2272 3226 2420 3274 respicit
2445 3226 2536 3263 illud

1481 3279 1585 3328 quod
1615 3286 1670 3315 est
1699 3278 1732 3315 ei
1762 3277 1994 3315 conveniens
2022 3278 2234 3315 secundum
2254 3278 2450 3327 propriam
2480 3291 2536 3315 ra-

1482 3340 1638 3369 tionem.

425 3466 452 3498 α)
471 3473 560 3491 causa.
579 3479 596 3484 -
615 3472 723 3490 causam
743 3465 765 3495 l,
785 3472 842 3490 eam
863 3466 909 3490 Pa.

513 3558 622 3582 Summa
641 3558 740 3581 Tnmn.
760 3557 790 3581 D.
803 3557 916 3581 ΤηοΜΑε
935 3557 967 3582 T.
986 3557 1024 3582 111.
