2852 4152
106 322 116 332 ·
133 321 199 343 Vers.
213 327 248 347 24-

108 429 119 440 *
133 428 201 450 Vers.
216 434 236 455 7,
252 428 273 450 8.

190 3213 207 3230 α

97 3265 107 3275 ·
123 3265 171 3292 Qu.
185 3270 218 3291 ιιι,
229 3268 271 3287 art.
281 3272 304 3292 4.

342 194 393 228 40
1047 181 1312 227 QUAESTIO
1344 182 1409 227 w,
1439 181 1733 217 ARTicULUs
1763 180 1814 216 lv

398 261 471 296 SED
492 271 637 296 CONTRA
657 271 722 296 EST
744 259 847 308 quod
867 259 1072 307 Apostolus
1093 258 1189 305 dicit,
1207 260 1220 294 I
1240 259 1291 295 ad
1313 260 1398 295 Cor.

344 324 379 349 1x
401 312 438 348 *ε
473 313 534 348 Sic
567 313 706 348 currite
744 317 783 348 ut
816 312 1145 359 comprehendatis.
1187 311 1263 347 Sed
1296 311 1400 359 spiri-

343 364 452 402 tualis
487 377 618 401 cursus
650 364 871 401 terminatur
899 364 947 400 ad
975 363 1267 400 beatitudinem:
1296 363 1399 401 unde

344 417 424 466 ipse
458 417 565 464 dicit,
595 418 626 454 II
656 418 707 454 ad
737 417 830 453 Tim.
863 417 926 453 ult.
961 415 996 452 *ε
1026 418 1176 452 Bonum
1210 421 1398 454 certamen

343 471 498 515 certavi,
532 481 683 506 cursum
712 469 986 514 consummavi,
1014 468 1134 515 fidem
1162 468 1333 512 servavi;
1361 471 1397 507 in

343 523 484 570 reliquo
522 522 681 570 reposita
718 527 771 558 est
806 522 898 558 mihi
923 532 1064 557 corona
1099 520 1266 557 iustitiae.
1296 521 1397 570 Ergo

343 575 632 623 comprehensio
662 574 859 623 requiritur
887 573 935 610 ad
964 572 1246 610 beatitudinem.

396 628 619 664 RESPONDEO
648 638 830 663 DICENDUM
850 625 965 673 quod,
988 637 1075 661 cum
1095 624 1288 662 beatitudo
1310 640 1397 664 con-

343 679 446 716 sistat
472 680 509 716 in
540 679 806 716 consecutione
835 677 954 714 ultimi
975 677 1072 723 finis,
1095 690 1139 714 ea
1158 690 1256 726 quae
1277 681 1399 728 requi-

342 740 473 768 runtur
492 732 540 769 ad
559 731 830 768 beatitudinem
851 738 937 766 sunt
957 730 1231 768 consideranda
1251 745 1295 768 ex
1314 733 1397 782 ipso

342 784 473 821 ordine
506 784 671 821 hominis
699 785 745 820 ad
774 783 903 819 finem.
939 783 1001 819 Ad
1032 784 1150 820 finem
1185 792 1311 821 autem
1344 786 1398 823 in-

341 837 567 884 telligibilem
605 835 798 872 ordinatur
825 835 944 871 horno
978 836 1115 884 partim
1146 837 1300 885 quidem
1329 851 1398 887 per

341 888 587 935 intellectum,
622 887 759 936 partim
794 895 920 924 autern
949 900 1018 936 per
1049 889 1295 927 voluntatem.
1325 892 1398 928 Per

340 941 569 978 intellectum
589 940 756 988 quidem,
776 940 1000 988 inquantum
1025 941 1063 978 in
1088 941 1276 979 intellectu
1290 956 1398 991 prae-

341 994 458 1030 existit
484 994 610 1041 aliqua
631 992 792 1040 cognitio
813 993 899 1029 finis
919 993 1150 1041 imperfecta.
1171 995 1245 1031 Per
1263 997 1398 1033 volun-

339 1053 453 1082 tatem
483 1053 609 1082 autem
630 1044 656 1093 β,
686 1045 810 1094 primo
841 1045 996 1094 quidem
1024 1058 1093 1094 per
1121 1059 1306 1095 amorem,
1333 1049 1396 1096 qui

339 1105 395 1134 est
420 1098 566 1146 primus
595 1106 722 1135 motus
749 1098 953 1135 voluntatis
982 1098 1020 1135 in
1040 1099 1197 1148 aliquid:
1227 1101 1396 1137 secundo

339 1158 478 1198 autem,
499 1163 567 1200 per
590 1152 731 1188 realem
759 1151 1021 1188 habitudinem
1051 1152 1210 1188 amantis
1226 1152 1275 1189 ad
1294 1165 1398 1190 ama-

338 1211 434 1251 tum,
465 1216 561 1252 quae
591 1204 747 1252 quidem
776 1211 900 1253 potest
928 1216 1011 1240 esse
1039 1204 1182 1252 triplex.
1214 1205 1398 1251 Quando-

338 1268 411 1304 que
441 1257 543 1294 enim
572 1264 740 1293 amatum
770 1264 825 1293 est
842 1268 1022 1304 praesens
1051 1257 1213 1294 amanti:
1244 1265 1281 1294 et
1306 1266 1398 1295 tunc

337 1309 413 1346 iam
442 1322 520 1346 non
553 1309 754 1356 quaeritur.
786 1309 1029 1357 Quandoque
1067 1317 1196 1347 autem
1228 1323 1306 1347 non
1341 1319 1397 1348 est

335 1373 533 1410 praesens,
564 1362 630 1398 sed
658 1362 890 1410 impossibile
921 1369 975 1398 est
1002 1361 1128 1410 ipsum
1158 1362 1330 1412 adipisci:
1362 1372 1398 1401 et

337 1422 426 1451 tunc
446 1414 558 1451 etiam
578 1427 655 1451 non
676 1413 878 1464 quaeritur.
896 1415 1141 1463 Quandoque
1162 1423 1290 1454 autem
1309 1430 1396 1466 pos-

337 1467 442 1504 sibile
472 1475 527 1504 est
555 1467 680 1516 ipsum
703 1467 872 1516 adipisci,
894 1468 961 1504 sed
983 1475 1038 1504 est
1066 1469 1256 1506 elevatum
1281 1482 1396 1518 supra

337 1520 553 1557 facultatem
581 1520 838 1569 adipiscentis,
858 1521 909 1557 ita
936 1527 976 1557 ut
1005 1521 1130 1558 statim
1158 1522 1289 1559 haberi
1317 1535 1395 1560 non

335 1573 474 1621 possit:
505 1581 540 1609 et
567 1574 662 1610 haec
691 1581 747 1610 est
773 1573 956 1611 habitudo
986 1575 1169 1621 sperantis
1195 1575 1243 1611 ad
1269 1588 1396 1623 spera-

335 1633 428 1673 tum,
459 1638 556 1674 quae
577 1627 658 1663 sola
677 1626 860 1663 habitudo
890 1626 977 1663 facit
994 1627 1081 1664 finis
1100 1627 1393 1676 inquisitionem.

335 1679 385 1715 Et
412 1679 488 1716 istis
516 1679 634 1716 tribus
653 1684 668 1706 Ὺ
697 1681 928 1728 respondent
955 1679 1081 1727 aliqua
1108 1680 1147 1717 in
1175 1681 1256 1729 ipsa
1279 1681 1395 1717 beati-

334 1731 476 1768 tudine.
497 1733 601 1768 Nam
620 1732 785 1780 perfecta
805 1732 969 1780 cognitio
990 1732 1075 1769 finis
1096 1734 1302 1782 respondet
1326 1734 1393 1770 im-

334 1785 543 1832 perfectae3
573 1785 786 1833 praesentia
812 1798 908 1822 vero
936 1785 1053 1834 ipsius
1079 1786 1166 1823 finis
1192 1786 1397 1834 respondet

389 1923 413 1957 β)
435 1928 533 1949 autem:
547 1938 566 1943 -
585 1924 726 1955 dupliciter
745 1924 842 1948 addunt
860 1924 926 1948 EsC.

387 1959 415 1993 γ)
429 1960 547 1984 tribus.—
557 1959 701 1984 intellectui
709 1959 863 1991 aliqualiter
873 1959 1051 1991 cognoscenti,
1062 1959 1195 1984 voluntati
1203 1959 1314 1988 amanti,
1325 1960 1399 1984 habi-

1453 258 1664 295 habitudini
1683 257 1784 306 spei;
1815 258 1882 294 sed
1911 258 2108 295 delectatio
2138 259 2175 296 in
2195 260 2272 296 fine
2300 260 2377 296 iam
2405 271 2513 309 prae-

1454 311 1549 347 senti
1567 309 1580 332 δ
1601 310 1843 358 consequitur
1863 309 2119 359 dilectionem,
2140 320 2180 348 ut
2199 325 2313 361 supra
2331 312 2352 334 ’¹‘
2371 312 2512 350 dictum

1454 370 1520 400 est.
1543 364 1591 399 Et
1608 363 1695 400 ideo
1715 374 1869 398 necesse
1899 370 1954 400 est
1977 364 2026 401 ad
2045 364 2318 402 beatitudinem
2347 364 2417 402 ista
2444 365 2513 401 tria

1454 427 1696 452 concurrere:
1727 414 1863 451 scilicet
1899 415 2109 464 visionem,
2139 429 2237 466 quae
2267 424 2321 454 est
2350 416 2512 465 cognitio

1452 469 1618 516 perfecta
1633 467 1866 513 intelligibilis
1881 468 1981 514 finis;
2004 469 2401 518 comprehensionem,
2413 482 2512 519 quae

1453 521 1631 568 importat
1666 520 1919 567 praesentiam
1961 521 2068 568 finis;
2104 522 2415 568 delectationem,
2448 523 2511 559 vel

1452 573 1680 618 fruitionem,
1702 584 1799 620 quae
1819 573 1997 622 importat
2015 575 2287 623 quietationem
2310 575 2363 612 rei
2383 586 2512 611 arnan-

1452 633 1496 662 tis
1525 637 1562 661 m
1590 632 1730 661 amato,

1505 680 1563 714 An
1592 689 1728 714 prunum
1757 689 1854 715 ERGO
1883 690 2067 716 monimum
2095 679 2200 728 quod
2219 680 2511 728 comprehensio

1453 730 1588 767 dicitur
1603 729 1810 778 dupliciter.
1822 731 1910 768 Uno
1926 732 2057 780 modo,
2068 731 2226 769 inclusio
2247 732 2513 781 comprehensi

1452 783 1489 819 in
1519 783 1886 831 comprehendente:
1917 791 1952 820 et
1979 784 2031 820 sic
2060 788 2175 822 omne
2204 785 2310 834 quod
2340 798 2513 834 compre-

1452 836 1627 872 henditur
1658 848 1680 872 a
1707 835 1835 883 finito,
1871 843 1927 872 est
1957 835 2118 874 finitum.
2147 838 2259 875 Unde
2287 839 2361 875 hoc
2393 839 2511 876 modo

1452 889 1557 925 Deus
1584 901 1662 925 non
1691 896 1814 937 potest
1843 889 2117 937 comprehendi
2144 890 2192 927 ab
2221 890 2347 939 aliquo
2372 890 2512 928 intelle-

1453 948 1514 977 ctu
1539 948 1663 977 creato
1683 941 1714 978 ²⁸.
1735 941 1821 978 Alio
1842 941 1960 978 modo
1982 943 2274 990 comprehensio
2294 943 2385 980 nihil
2410 944 2512 981 aliud

1452 993 1624 1029 nominat
1652 1006 1769 1041 quam
1797 994 2006 1030 tentionem
2035 994 2191 1032 alicuius
2218 995 2272 1032 rei
2299 996 2376 1033 iam
2404 1009 2512 1045 prae-

1453 1045 1653 1081 sentialiter
1679 1046 1830 1082 habitae
1849 1051 1879 1083 ⁸:
1904 1046 2000 1083 sicut
2028 1047 2159 1095 aliquis
2186 1059 2424 1096 consequens
2449 1049 2513 1086 ali-

1453 1110 1580 1146 quem,
1598 1097 1731 1134 dicitur
1759 1111 1847 1135 eum
1878 1099 2203 1148 comprehendere
2224 1100 2378 1149 quando
2408 1109 2512 1142 tenet

1451 1162 1553 1187 eum.
1584 1151 1634 1187 Et
1660 1151 1735 1187 hoc
1763 1152 1881 1189 modo
1912 1153 2205 1200 comprehensio
2235 1153 2436 1202 requiritur
2463 1154 2512 1191 ad

1452 1202 1736 1240 beatitudinem.

1504 1257 1562 1292 AD
1591 1268 1781 1294 SECUNDUM
1801 1269 1984 1295 mCENDUM
2013 1257 2129 1306 quod,
2150 1258 2246 1295 sicut
2271 1258 2320 1295 ad
2338 1259 2512 1295 volunta-

1450 1315 1528 1345 tem
1544 1308 1704 1357 pertinet
1724 1322 1810 1358 spes
1826 1317 1862 1346 et
1877 1322 1997 1357 amor,
2014 1310 2102 1359 quia
2118 1310 2290 1348 eiusdem
2310 1318 2367 1348 est
2381 1323 2510 1348 amare

1451 1361 1591 1409 aliquid
1621 1369 1656 1399 et
1675 1362 1830 1399 tendere
1850 1362 1888 1399 in
1907 1363 1996 1400 illud
2016 1375 2094 1400 non
2113 1363 2305 1410 habitum;
2325 1364 2376 1401 ita
2396 1364 2511 1401 etiam

1451 1414 1500 1451 ad
1527 1415 1763 1452 voluntatem
1791 1415 1951 1464 pertinet
1970 1423 2006 1453 et
2025 1417 2318 1465 comprehensio
2348 1424 2384 1453 et
2413 1416 2512 1454 dele-

1452 1467 1574 1514 ctatio,
1605 1469 1695 1515 quia
1724 1468 1893 1505 eiusdem
1924 1476 1979 1505 est
2006 1469 2146 1516 habere
2174 1469 2316 1518 aliquid
2345 1477 2382 1506 et
2409 1469 2513 1519 quie-

1451 1532 1555 1557 scere
1584 1520 1623 1557 in
1650 1520 1725 1557 illo.

1502 1575 1561 1610 An
1589 1585 1749 1610 TERTmM
1777 1585 1961 1610 DlCENDuM
1990 1575 2094 1623 quod
2123 1574 2414 1623 comprehensio
2433 1585 2513 1611 non

1450 1634 1506 1663 est
1525 1626 1649 1674 aliqua
1669 1626 1839 1675 operatio
1858 1634 2008 1675 praeter
2021 1627 2228 1664 visionem:
2245 1627 2313 1664 sed
2329 1635 2383 1664 est
2397 1638 2513 1676 quae-

1451 1680 1540 1716 dam
1560 1679 1742 1716 habitudo
1764 1678 1813 1716 ad
1831 1679 1949 1716 finem
1967 1679 2043 1716 iam
2063 1680 2245 1717 habitum.
2266 1680 2379 1718 Unde
2399 1679 2513 1718 etiam

1450 1732 1531 1781 ipsa
1549 1732 1658 1778 visio,
1679 1732 1741 1769 vel
1761 1744 1820 1769 res
1838 1732 1921 1769 visa
1942 1733 2153 1770 secundum
2180 1734 2286 1783 quod
2305 1732 2317 1758 ζ
2335 1745 2514 1782 praesen-

1449 1785 1583 1822 tialiter
1601 1785 1719 1832 adest,
1742 1792 1796 1821 est
1825 1784 2017 1822 obiectum
2048 1786 2411 1834 comprehensionis.

1504 1924 1529 1957 δ)
1549 1926 1575 1950 in
1591 1926 1646 1955 fine
1665 1926 1718 1950 iam
1734 1925 1881 1957 praesenti.
1898 1939 1918 1945 —
1936 1926 1962 1950 in
1975 1927 2034 1959 fine
2053 1926 2106 1951 iam
2126 1926 2158 1956 G,
2178 1927 2205 1951 in
2220 1926 2376 1958 praesentia
2395 1926 2442 1952 Pa.

1505 1960 1526 1991 ε)
1547 1960 1600 1984 iam
1610 1961 1829 1992 praesentialiter
1847 1961 1963 1986 habitae.
1976 1975 1996 1979 -
2015 1961 2121 1987 habitae
2139 1961 2172 1990 Η,
2191 1969 2259 1993 quae
2277 1962 2332 1987 iam
2346 1962 2515 1994 praesentia-

335 1995 423 2020 tudini
437 1994 553 2019 amantis
565 1994 602 2018 ad
616 1997 735 2019 amatum
751 1994 820 2018 addit
834 1994 893 2019 K.-
903 1994 953 2018 Pro
968 1995 1129 2026 respondent
1142 1995 1240 2026 aliqua,
1258 1995 1399 2026 respondet
1451 1995 1513 2020 liter
1527 1995 1639 2019 habetur
1658 1995 1704 2020 Pa.
1722 2009 1737 2014 -
1760 1996 1811 2020 Pro
1831 1996 1915 2028 primo
1934 2003 2002 2027 eum,
2022 1996 2092 2022 enim
2111 1996 2254 2029 ACGHpB.

333 2030 424 2062 aliqua
442 2030 609 2062 ACDGHpB,
629 2029 773 2061 respondet
791 2029 882 2061 aliqua
901 2029 1029 2054 habitudo
1043 2030 1072 2059 E,
1092 2030 1235 2061 respondet
1252 2030 1355 2062 aliquid
1369 2030 1397 2055 F.

1504 2029 1529 2062 ζ)
1549 2030 1692 2055 secundum
1713 2030 1792 2062 quod.
1811 2045 1829 2048 —
1849 2037 1916 2062 quae
1934 2031 1980 2056 Pa.

1009 2117 1342 2149 Commentario.
1364 2117 1615 2150 Cal-dinalis
1637 2118 1838 2151 Caietani

364 2215 384 2235 N
400 2205 461 2235 hoc
482 2203 613 2235 articulo
637 2194 739 2240 tertio,
759 2203 894 2239 adverte,
919 2203 1047 2240 novitie,
1072 2203 1188 2244 primo,
1205 2203 1238 2234 in
1261 2214 1394 2244 corpore

337 2217 496 2285 Ianiculi,
519 2248 607 2289 quod
630 2257 686 2288 per
709 2249 827 2278 realem
851 2247 1062 2279 habitudinem
1082 2249 1222 2278 amantis
1243 2248 1287 2278 ad
1305 2257 1394 2278 ama-

335 2298 400 2324 tum
425 2303 491 2323 non
509 2292 692 2332 intelligitur
707 2291 861 2322 habitudo
885 2291 984 2328 realis,
1005 2298 1041 2322 ut
1065 2291 1267 2332 distinguitur
1287 2298 1395 2322 contra

333 2337 551 2368 habitudinem
567 2335 713 2367 rationis:
735 2335 898 2377 quoniam,
917 2345 991 2366 cum
1020 2335 1059 2366 sit
1075 2336 1114 2366 ad
1130 2335 1325 2376 impossibile
1342 2336 1395 2366 ha-

333 2381 397 2411 beri
420 2381 623 2422 quandoque,
648 2386 684 2411 ut
706 2380 739 2410 in
762 2379 863 2410 littera
887 2379 1016 2416 dicitur,
1041 2386 1072 2410 et
1095 2380 1134 2410 ad
1157 2379 1311 2416 futurum,
1329 2390 1395 2410 non

333 2431 438 2465 potest
460 2434 526 2455 esse
549 2424 638 2455 realis
663 2423 782 2455 relatio.
800 2424 861 2454 Sed
877 2424 1013 2454 sumitur
1028 2423 1127 2460 realis,
1143 2431 1179 2454 ut
1195 2423 1397 2464 distinguitur

333 2475 441 2499 contra
464 2468 718 2509 affectionalem:
740 2475 786 2499 est
809 2477 947 2508 namque
971 2475 1114 2498 amatum
1137 2468 1169 2498 in
1193 2475 1318 2498 amante
1340 2478 1396 2508 per

333 2523 475 2543 amorem
505 2513 611 2552 ipsum
635 2512 811 2542 secundum
842 2511 1004 2548 affectum,
1029 2518 1059 2542 et
1082 2512 1275 2542 desideratur
1298 2518 1334 2542 ut
1357 2512 1396 2542 sit

332 2557 477 2587 iunctum
501 2557 604 2587 eidem
623 2556 799 2586 secundum
823 2566 900 2587 rem.
924 2556 1017 2587 Unde
1034 2556 1186 2587 habitudo
1206 2556 1244 2586 de
1263 2566 1327 2596 qua
1350 2562 1397 2586 est

333 2611 447 2637 sermo,
465 2601 578 2631 dicitur
600 2601 689 2630 realis
713 2600 915 2630 denominata
931 2610 948 2630 a
966 2600 1118 2630 termino:
1136 2600 1178 2631 ita
1200 2600 1289 2640 quod
1307 2600 1395 2630 habi—

1447 2205 1525 2235 tudo
1542 2204 1631 2235 realis
1647 2204 1725 2236 nihil
1748 2204 1834 2236 aliud
1858 2212 1958 2242 sonat,
1983 2205 2015 2236 in
2035 2206 2213 2247 proposito,
2234 2217 2332 2248 quam
2355 2206 2512 2239 habitudi-

1448 2257 1522 2278 nem
1545 2249 1585 2278 ad
1606 2248 1864 2280 coniunctionem
1888 2250 2064 2291 secundum
2087 2260 2164 2281 rem.
2476 2250 2483 2253 ”

1514 2292 1671 2329 Secundo,
1695 2293 1785 2334 quod
1807 2303 1844 2323 ex
1867 2293 2072 2334 responsione
2097 2294 2136 2324 ad
2160 2294 2312 2325 ultimum
2331 2305 2397 2325 non
2413 2294 2509 2326 habes

1448 2336 1537 2377 quod
1553 2336 1794 2376 comprehensio
1811 2343 1929 2377 spectat
1941 2338 1980 2367 ad
1995 2337 2204 2369 intellectum:
2220 2339 2275 2369 sed
2283 2339 2376 2380 quod
2390 2339 2511 2370 nullam

1448 2380 1668 2420 operationem
1692 2380 1778 2411 addit
1801 2391 1896 2422 supra
1919 2381 2088 2418 visionem,
2118 2382 2172 2412 sed
2196 2382 2298 2412 solam
2325 2382 2511 2414 relationem

1448 2424 1652 2455 resultantem
1674 2424 1707 2454 in
1730 2425 1893 2455 voluntate
1910 2435 1946 2455 ex
1961 2425 2082 2456 visione
2106 2435 2187 2466 quae
2211 2432 2258 2457 est
2279 2426 2313 2456 in
2336 2426 2508 2458 intellectu.

1447 2467 1536 2499 Visio
1556 2468 1650 2505 enim,
1667 2478 1790 2509 ponens
1810 2469 1915 2499 Deum
1932 2469 1964 2499 in
1980 2479 2046 2500 esse
2062 2470 2268 2510 praesentiali,
2290 2470 2363 2501 facit
2377 2480 2434 2511 per
2448 2471 2511 2502 hoc

1448 2512 1583 2543 alterum
1612 2519 1787 2543 extremum
1820 2512 1915 2543 huius
1943 2513 2118 2544 relationis:
2144 2521 2190 2545 est
2213 2514 2297 2544 enim
2321 2514 2400 2544 visio
2423 2515 2511 2546 velut

1449 2556 1527 2587 unio
1550 2556 1594 2587 rei
1617 2557 1770 2587 tenendae
1793 2567 1866 2587 cum
1891 2567 1929 2588 eo
1953 2558 2041 2598 quod
2065 2558 2191 2589 tenebit.

1118 2770 1433 2831 ARTICULUS
1463 2770 1733 2822 QUARTUS

679 2872 835 2903 UTRUM
858 2871 916 2901 AD
940 2871 1270 2902 BEATITUDINEM
1293 2871 1577 2908 REQUIRATUR
1599 2871 1854 2903 RECTITUDO
1878 2872 2156 2904 VOLUNTArls

832 2958 905 2989 Infra,
924 2966 968 2991 qu,
988 2966 1012 2990 v,
1032 2963 1078 2983 art.
1099 2966 1126 2991 73
1147 2958 1181 2982 IV
1203 2958 1278 2983 Cont.
1300 2959 1386 2988 Gent„
1407 2966 1463 2991 cap.
1481 2966 1546 2990 xcn;
1569 2959 1711 2991 Compend.
1734 2959 1830 2988 771eol„
1851 2966 1905 2992 cap.
1925 2966 2009 2985 ewa.

369 3080 393 3097 ,v
420 3064 426 3076 ι
526 3058 566 3083 ι)
587 3058 759 3087 QUARTUM
778 3058 830 3083 sm
850 3058 1089 3084 PROCEDITUR.
1110 3046 1268 3084 Videtur
1286 3046 1392 3094 quod

382 3097 408 3119 ''
472 3092 521 3149 ’3⁷⁴
545 3099 728 3136 rectitudo
755 3099 959 3136 voluntatis
994 3112 1072 3136 non
1105 3099 1317 3148 requiratur
1343 3099 1393 3136 ad

368 3149 384 3200 ζ’
458 3172 463 3175 -
514 3151 826 3188 beatitudinem.
856 3152 1055 3189 Beatitudo
1083 3153 1184 3190 enim
1214 3152 1392 3190 essentia-

420 3206 429 3230 ἵ
446 3228 451 3231 -
520 3225 531 3233 κ
544 3205 626 3241 liter
645 3210 662 3226 α
690 3204 856 3242 consistit
875 3205 913 3242 in
933 3205 1153 3253 operatione
1168 3205 1389 3252 intellectus,

331 3264 373 3293 ut
392 3257 534 3294 dictum
555 3265 610 3294 est
626 3257 657 3295 ²²³.
689 3257 764 3295 Sed
785 3257 833 3294 ad
852 3258 1057 3306 perfectam
1075 3258 1282 3295 intellectus
1302 3270 1392 3306 ope-

333 3310 517 3347 rationem
540 3323 619 3347 non
643 3310 841 3359 requiritur
869 3310 1052 3357 rectitudo
1080 3311 1296 3359 voluntatis,
1325 3323 1394 3359 per

333 3375 449 3411 quam
477 3363 654 3400 homines
682 3363 816 3400 mundi
845 3363 1037 3400 dicuntur:
1068 3364 1156 3401 dicit
1184 3364 1286 3401 enim
1315 3365 1392 3400 Au-

1444 3046 1626 3094 gustinus⁷
1654 3046 1693 3083 in
1721 3046 1817 3083 libro
1844 3048 2009 3085 Retract.
2030 3047 2068 3084 *ε
2098 3048 2188 3085 Non
2212 3050 2381 3097 approbo
2409 3051 2511 3098 quod

1445 3100 1482 3136 in
1503 3100 1672 3136 oratione
1690 3100 1781 3145 dixi,
1801 3101 1905 3136 Deus
1924 3101 1992 3148 qui
2011 3112 2085 3137 non
2106 3101 2179 3137 nisi
2196 3102 2356 3139 mundos
2373 3114 2507 3140 verum

1444 3152 1541 3188 scire
1559 3152 1716 3189 voluisti.
1736 3153 1971 3201 Responderi
1988 3153 2087 3189 enim
2100 3159 2225 3201 potest
2240 3154 2376 3192 multos
2395 3156 2507 3193 etiam

1447 3217 1520 3242 non
1550 3206 1709 3242 mundos
1731 3205 1848 3242 multa
1865 3206 1962 3242 scire
1979 3217 2083 3243 vera.
2113 3207 2215 3254 Ergo
2237 3207 2420 3245 rectitudo
2438 3220 2508 3246 vo-

1446 3258 1596 3294 luntatis
1615 3270 1694 3295 non
1714 3258 1914 3306 requiritur
1934 3259 1982 3295 ad
2001 3259 2286 3297 beatitudinem.

1501 3322 1535 3347 2.
1561 3312 1793 3358 PRAETEREA,
1814 3311 1917 3359 prius
1937 3323 2016 3348 non
2042 3312 2232 3361 dependet
2250 3325 2273 3350 a
2291 3312 2504 3362 posteriori.

1447 3364 1524 3400 Sed
1552 3364 1721 3412 operatio
1750 3363 1958 3401 intellectus
1986 3372 2042 3402 est
2067 3365 2171 3414 prior
2198 3377 2315 3414 quam
2335 3365 2506 3415 operatio

386 3493 413 3528 α)
432 3494 615 3519 essentialiter.
631 3508 650 3513 -
668 3495 729 3519 Om.
748 3495 793 3519 Pa.

2540 340 2551 351 ⁵
2564 340 2615 361 Art.
2630 306 2657 367 κδ
2665 339 2693 361 ad
2707 346 2728 368 3.

2538 954 2549 965 ·
2564 954 2592 976 n.
2606 954 2659 983 36⁶.

2534 3064 2546 3076 ⁴
2559 3064 2611 3087 Lib.
2619 3064 2638 3092 1,
2654 3070 2705 3093 cap.
2713 3071 2746 3087 w.
