2852 4152
125 1576 336 1625 '‘Qu-mumma.

1032 285 1298 332 QUAESTIO
1327 286 1412 332 XL,
1442 283 1737 321 ARTmULUs
1768 283 1829 330 iv,
1858 284 1893 320 v

2473 282 2553 336 ²⁶9.

1148 428 1463 470 ARTICULUS
1493 426 1764 480 QUARTUS

994 521 1149 552 UTRUM
1173 521 1261 552 spm
1285 520 1630 552 CONTRARIETUR
1651 518 1920 550 DESPERATIO

748 598 838 630 Supra,
857 606 902 631 qu.
920 606 989 628 xxm,
1008 604 1054 624 art.
1075 606 1104 630 2;
1123 599 1195 630 infra,
1215 607 1260 632 qu.
1278 607 1334 629 va,
1354 603 1399 624 art.
1419 607 1439 628 1,
1459 598 1491 622 ad
1511 605 1538 628 2;
1558 598 1589 622 111
1609 598 1692 629 Sent„
1712 598 1770 623 dist.
1788 605 1854 627 xxm,
1874 605 1918 630 qu.
1937 605 1954 627 ι,
1974 602 2020 622 art.
2041 596 2064 627 3,
2085 597 2116 621 ad
2137 596 2160 622 3.

404 714 465 754 „4
488 724 552 759 ,Ἤ
579 709 601 734 n
622 707 796 738 QUARTUM
815 707 868 733 sle
888 707 1127 734 Pxocamrua.
1147 696 1306 734 Videtur
1325 697 1429 745 quod

397 741 549 808 'sasai
580 749 792 799 desperatio
825 761 904 786 non
932 749 978 786 sit
1015 750 1201 787 contraria
1229 749 1321 799 spei.
1356 750 1432 787 Uni

386 788 545 857 ,535¹
526 801 682 842 (enim
712 814 828 839 unum
857 807 911 839 est
941 803 1196 848 contrarium,
1222 810 1264 839 ut
1297 802 1430 839 dicitur

425 850 566 885 ⁹⁵²⁴*
539 852 617 892 &in
643 855 679 892 X
707 855 924 903 Metaphys.
943 855 964 877 ³¹⁸
984 856 1060 893 Sed
1081 855 1161 904 spei
1181 854 1430 892 contrariatur

335 901 342 908 ’
366 907 491 945 timor.
512 908 605 944 Non
633 919 722 956 ergo
752 908 997 945 contrariatur
1025 908 1059 945 ei
1087 907 1312 956 desperatio.

422 972 457 998 2.
469 962 702 1009 ΡΒΑΕΤΕΚΕΑ,
715 961 902 998 contraria
910 961 1088 998 videntur
1103 973 1184 997 esse
1201 961 1298 997 circa
1312 959 1426 997 idem.

368 1013 447 1063 Sed
466 1025 552 1063 spes
573 1021 609 1050 et
628 1013 842 1063 desperatio
862 1025 942 1050 non
967 1021 1054 1050 sunt
1073 1013 1170 1050 circa
1197 1013 1316 1050 idem:
1338 1025 1428 1050 nam

367 1079 454 1116 spes
473 1067 624 1116 respicit
641 1068 802 1114 bonum,
823 1066 1033 1116 desperatio
1054 1073 1181 1103 autem
1202 1074 1256 1103 est
1274 1073 1430 1115 propter

367 1119 522 1169 aliquod
537 1121 680 1157 malum
694 1118 961 1169 impeditivum
977 1118 1190 1168 adeptionis
1205 1119 1308 1156 boni.
1326 1119 1427 1167 Ergo

367 1185 454 1223 spes
481 1185 561 1210 non
590 1173 837 1210 contrariatur
865 1178 882 1194 ²
910 1172 1174 1221 desperationi.

422 1227 456 1263 3.
477 1227 709 1273 PRAETEREA,
726 1225 847 1262 motui
863 1225 1109 1262 contrariatur
1122 1223 1138 1254 β
1150 1232 1295 1261 motus:
1321 1223 1428 1273 quies

365 1291 460 1316 vero
489 1279 695 1328 opponitur
717 1278 838 1315 motui
865 1285 907 1314 ut
924 1277 1097 1326 privatio.
1120 1277 1197 1314 Sed
1217 1277 1428 1325 desperatio

366 1332 488 1379 magis
502 1332 654 1369 videtur
671 1331 874 1380 importare
893 1330 1198 1367 immobilitatem
1214 1342 1330 1378 quarn
1346 1341 1429 1366 mo-

365 1393 459 1422 tum.
480 1385 584 1432 Ergo
611 1395 691 1420 non
719 1382 967 1420 contrariatur
994 1382 1095 1431 spei,
1124 1394 1222 1431 quae
1250 1382 1429 1430 importat

364 1434 513 1474 motum
534 1436 761 1474 extensionis
788 1435 827 1472 in
846 1435 993 1472 bonum
1017 1442 1222 1483 speratum.

418 1490 494 1527 SED
513 1500 660 1525 CONTRA
678 1500 744 1524 Es‘r
763 1487 868 1536 quod
888 1487 1101 1536 desperatio
1121 1486 1340 1523 nominatur
1358 1498 1427 1535 per

365 1541 596 1579 contrarium
623 1540 714 1589 spei.

417 1595 643 1632 Responnzo
663 1605 847 1630 mmmmm
867 1593 984 1641 quod,
1005 1592 1101 1629 sicut
1120 1604 1234 1641 supra
1247 1591 1268 1613 ’³‘
1283 1590 1426 1628 dictum

364 1654 432 1695 est,
447 1647 487 1684 in
505 1646 777 1684 mutationibus
796 1645 986 1683 invenitur
1006 1645 1145 1694 duplex
1171 1644 1424 1682 contrarietas.

364 1700 450 1738 Una
470 1699 681 1737 secundum
702 1711 899 1736 accessum
919 1699 967 1736 ad
988 1699 1197 1735 contrarios
1221 1697 1424 1734 terminos:

365 1760 402 1790 et
425 1753 506 1790 talis
527 1753 768 1790 contrarietas
797 1752 877 1789 sola
904 1751 1094 1788 invenitur
1121 1751 1159 1787 in
1186 1750 1426 1799 passionibus

365 1806 678 1855 concupiscibilis,
694 1805 790 1842 sicut
804 1817 914 1841 amor
933 1811 969 1841 et
987 1804 1119 1842 odium
1141 1803 1424 1840 contrariantur.

363 1857 449 1896 Alio
469 1859 601 1906 modo,
621 1871 692 1908 per
710 1869 907 1895 accessum
928 1865 964 1894 et
989 1870 1058 1907 per
1079 1868 1271 1894 recessum
1299 1868 1425 1905 respe-

363 1918 426 1948 ctu
454 1911 626 1949 eiusdem
645 1910 812 1948 termini:
843 1917 879 1947 et
905 1910 987 1947 talis
1012 1910 1254 1947 contrarietas
1281 1908 1426 1946 inveni-

362 1971 424 2001 tur
449 1964 488 2002 in
514 1964 756 2014 passionibus
784 1962 979 2000 irascibilis
1005 1963 1038 2011 ²⁸,
1059 1963 1155 2000 sicut
1181 1974 1296 2012 supra
1314 1961 1355 1983 *θ’
1374 1962 1427 1999 di-

364 2024 467 2054 ctum
488 2025 554 2054 est.
576 2017 781 2054 Obiectum
802 2024 931 2053 autem
960 1993 1052 2065 spei,
1074 2015 1177 2065 quod
1199 2022 1254 2052 est
1277 2015 1423 2051 bonurn

363 2069 538 2118 arduum,
558 2070 674 2108 habet
701 2069 857 2119 quidem
886 2068 1071 2106 rationem
1097 2068 1292 2115 attractivi‚
1312 2075 1426 2116 prout

364 2123 624 2161 consideratur
652 2135 740 2160 cum
767 2121 1014 2171 possibilitate
1044 2120 1295 2171 adipiscendi:
1318 2120 1425 2157 etsie

362 2175 482 2214 tendit
507 2175 547 2213 in
583 2175 711 2225 ipsum
746 2187 854 2224 spes,
884 2187 984 2224 quae
1016 2174 1194 2224 importat
1229 2173 1424 2222 quendam

416 2293 443 2328 α)
463 2294 656 2319 contrariatur.
674 2308 692 2312 —
710 2297 750 2318 est
767 2293 906 2319 contraria
926 2293 1037 2318 codices.

1484 707 1692 733 accessum.
1715 694 1792 732 Sed
1811 694 2023 732 secundum
2047 694 2153 744 quod
2173 693 2433 732 consideratur
2453 706 2540 731 cum

1483 747 1783 796 impossibilitate
1812 747 2027 794 obtinendi,
2055 748 2171 785 habet
2198 747 2384 784 rationem
2417 748 2541 797 repul-

1484 800 1570 837 sivi:
1600 801 1700 850 quia,
1720 808 1763 838 ut
1790 800 1925 838 dicitur
1951 801 1990 837 in
2014 800 2064 837 III
2083 801 2203 838 Ethic.
2224 799 2255 848 *,
2276 811 2362 837 cum
2389 806 2541 837 ventum

1477 853 1599 900 fuerit
1627 854 1679 891 ad
1707 853 1851 902 aliquid
1876 852 2117 902 impossibile,
2151 859 2239 890 tunc
2269 853 2439 890 homines
2470 853 2542 890 dis-

1484 907 1627 943 cedunt.
1658 907 1707 944 Et
1734 906 1787 943 sic
1815 906 1965 956 respicit
1992 907 2066 943 hoc
2094 906 2286 943 obiectum
2315 906 2540 955 desperatio.

1483 958 1594 996 Unde
1631 958 1809 1008 importat
1844 967 1993 996 motum
2032 959 2229 997 cuiusdam
2267 971 2449 996 recessus.
2493 960 2543 996 Et

1483 1018 1640 1060 propter
1661 1013 1748 1060 hoc,
1778 1012 2026 1049 contrariatur
2053 1012 2132 1060 spei
2159 1012 2255 1049 sicut
2282 1024 2453 1049 recessus
2481 1024 2541 1049 ac-

1485 1064 1618 1101 cessui.

1536 1118 1595 1153 AD
1624 1129 1760 1155 PRIMUM
1787 1128 1885 1154 ERGO
1914 1129 2097 1154 DICENDUM
2125 1115 2231 1166 quod
2251 1117 2365 1154 timor
2394 1125 2543 1156 contra-

1485 1169 1600 1206 riatur
1618 1170 1699 1218 spei
1726 1169 1937 1207 secundum
1959 1169 2260 1207 contrarietatem
2290 1169 2540 1219 obiectorum,

1483 1222 1622 1259 scilicet
1649 1223 1741 1259 boni
1769 1229 1806 1259 et
1833 1222 1938 1259 mali:
1966 1223 2062 1259 haec
2091 1222 2192 1258 enim
2216 1223 2458 1260 contrarietas
2486 1223 2543 1260 in-

1482 1276 1630 1312 venitur
1649 1275 1688 1312 in
1714 1275 1955 1324 passionibus
1975 1274 2179 1321 irascibilis,
2200 1276 2411 1313 secundum
2435 1275 2541 1325 quod

1483 1328 1701 1364 derivantur
1720 1340 1742 1364 a
1769 1328 2010 1376 passionibus
2030 1327 2342 1376 concupiscibilis.
2370 1329 2447 1366 Sed
2476 1330 2541 1366 de-

1483 1380 1646 1428 speratio
1675 1380 1923 1417 contrariatur
1943 1381 1975 1416 ei
2004 1380 2129 1416 solum
2154 1381 2365 1418 secundum
2394 1389 2541 1419 contra-

1483 1433 1653 1469 rietatem
1682 1445 1856 1470 accessus
1885 1441 1922 1469 et
1949 1445 2130 1470 recessus.

1534 1487 1594 1521 An
1621 1497 1810 1523 SECUNDUM
1847 1497 2031 1522 DICENDUM
2069 1486 2173 1533 quod
2212 1486 2424 1535 desperatio
2462 1500 2542 1525 non

1481 1538 1631 1586 respicit
1658 1539 1803 1574 malum
1832 1539 1902 1575 sub
1938 1538 2082 1575 ratione
2111 1539 2221 1575 mali:
2251 1539 2317 1576 sed
2345 1552 2414 1588 per
2445 1541 2542 1577 acci-

1483 1590 1576 1627 dens
1605 1590 1837 1638 quandoque
1858 1590 2007 1639 respicit
2025 1592 2180 1637 malum,
2202 1591 2427 1640 inquantum
2455 1593 2542 1630 facit

1481 1642 1822 1691 impossibilitatem
1860 1643 2103 1692 adipiscendi.
2134 1644 2264 1681 Potest
2298 1652 2425 1681 autem
2459 1658 2540 1683 esse

1482 1695 1695 1744 desperatio
1726 1708 1771 1732 ex
1799 1697 1880 1732 solo
1910 1708 2182 1745 superexcessu
2210 1697 2313 1733 boni.

1534 1751 1592 1785 AD
1620 1760 1779 1785 TERTHJM
1799 1760 1983 1786 DICENDUM
2012 1750 2117 1797 quod
2137 1750 2350 1798 desperatio
2374 1763 2452 1787 non
2471 1751 2541 1788 im-

1480 1808 1605 1850 portat
1624 1802 1745 1838 solam
1758 1802 2012 1851 privationem
2033 1803 2131 1851 spei;
2149 1803 2216 1839 sed
2232 1802 2410 1851 importat
2423 1816 2542 1852 quen-

1481 1855 1570 1891 dam
1600 1867 1792 1891 recessum
1821 1867 1843 1891 a
1872 1867 1911 1891 re
1941 1855 2163 1903 desiderata,
2179 1854 2340 1904 'propter
2366 1856 2542 1894 aestima-

1480 1914 1558 1943 tam
1573 1907 1916 1956 impossibilitatem
1935 1907 2178 1957 adipiscendi.
2195 1908 2306 1946 Unde
2327 1908 2539 1958 desperatio

1479 1960 1753 2009 praesupponit
1787 1960 2039 2008 desiderium,
2070 1961 2165 1998 sicut
2197 1969 2234 1998 et
2270 1974 2379 2011 spes:
2409 1962 2455 1999 de
2493 1975 2539 2000 eo

1481 2013 1582 2049 enim
1603 2013 1708 2060 quod
1737 2014 1808 2050 sub
1829 2013 2015 2050 desiderio
2035 2022 2164 2051 nostro
2184 2026 2263 2051 non
2284 2014 2394 2063 cadit,
2414 2027 2540 2064 neque

1480 2078 1588 2114 spem
1618 2078 1743 2116 neque
1764 2066 2068 2115 desperationem
2093 2067 2292 2105 habemus.
2314 2068 2364 2104 Et
2385 2076 2542 2118 propter

1479 2119 1554 2155 hoc
1583 2118 1707 2166 etiarn,
1726 2126 1932 2168 utrumque
1961 2131 2096 2156 eorum
2121 2126 2177 2157 est
2204 2119 2251 2157 de
2279 2121 2404 2170 bono,
2435 2121 2540 2171 quod

1482 2173 1552 2208 sub
1583 2171 1771 2209 desiderio
1801 2171 1909 2209 cadit.

1535 2290 1561 2326 β)
1581 2291 1774 2316 contrariatur.
1793 2305 1810 2309 -
1829 2298 1880 2315 non
1900 2291 2086 2316 contrariatur
2105 2291 2152 2316 Pa.

1150 2436 1467 2479 ARTICULUS
1498 2437 1752 2489 QUINTUS

1032 2530 1189 2561 UTRUM
1212 2530 1355 2561 CAUSA
1377 2530 1465 2561 SPEI
1489 2530 1556 2560 sn*
1579 2529 1868 2560 EXPERlENTIA

1113 2607 1188 2638 Infra,
1206 2615 1251 2640 qu.
1269 2615 1329 2636 xur,
1349 2612 1394 2632 art.
1416 2607 1438 2639 5,
1458 2608 1490 2632 ad
1512 2615 1538 2637 1;
1558 2615 1602 2640 qu.
1619 2615 1675 2637 xm,
1696 2612 1742 2632 art.
1763 2607 1787 2632 3.

394 2716 406 2737 2(
446 2716 455 2739 2
480 2720 547 2758 “r-5<
572 2709 595 2733 ι)
615 2707 778 2738 Qum‘rtm
802 2707 855 2732 sxc
879 2706 1118 2732 PROCEDITUR.
1134 2695 1295 2732 Videtur
1317 2695 1423 2743 quod

389 2746 431 2802 ’ζί
499 2749 542 2807 {54
574 2748 804 2797 experientia
818 2760 898 2785 non
916 2748 963 2784 sit
977 2760 1092 2784 causa
1107 2748 1199 2796 spei.
1217 2748 1423 2797 Experien-

464 2819 498 2845 r
515 2800 625 2842 fitia
661 2800 764 2838 enim
792 2801 842 2838 ad
868 2801 949 2838 vim
983 2800 1212 2849 cognitivam
1240 2801 1422 2850 pertinet:

419 2872 427 2879 =
452 2847 514 2885 '⁹39
530 2846 676 2891 unde
704 2853 958 2903 Philosophus
988 2853 1085 2901 dicit,
1110 2854 1149 2891 in
1177 2855 1209 2891 II
1237 2855 1357 2892 Ethic.
1383 2854 1421 2902 *‚

363 2906 468 2954 quod
503 2906 622 2943 virtus
651 2906 905 2943 intellectualis
939 2907 1083 2956 indiget
1107 2908 1362 2955 experimento
1391 2914 1426 2944 et

362 2965 538 3008 tempore.
561 2961 657 3009 Spes
677 2967 806 2996 autern
825 2972 904 2996 non
933 2967 989 2996 est
1017 2959 1055 2996 in
1073 2960 1112 2996 vi
1134 2960 1334 3008 cognitiva,
1356 2961 1423 2998 sed

362 3012 400 3049 in
428 3011 654 3061 appetitiva,
679 3019 721 3049 ut
750 3012 892 3050 dictum
922 3020 978 3049 est
1004 3011 1034 3048 *.
1063 3013 1164 3061 Ergo
1195 3013 1424 3063 experientia

362 3077 441 3102 non
470 3071 526 3102 est
554 3078 667 3103 causa
694 3065 787 3114 spei.

418 3130 452 3155 2.
465 3118 698 3166 Pium-anm,
714 3118 971 3167 Philosophus
987 3118 1086 3165 dicit,
1102 3118 1141 3155 in
1156 3119 1188 3155 II
1199 3119 1422 3166 Rhetoric.*‚

364 3171 468 3220 quod
494 3183 600 3208 senes
627 3177 715 3208 sunt
740 3171 902 3219 difficilis
928 3172 1017 3220 spei,
1044 3176 1203 3219 propter
1230 3172 1422 3220 experien-

362 3224 473 3261 tiam:
502 3236 548 3261 ex
576 3236 654 3273 quo
681 3223 833 3261 videtur
860 3225 964 3274 quod
989 3224 1217 3273 experientia
1245 3224 1290 3261 sit
1310 3237 1424 3262 causa

365 3277 534 3314 defectus
562 3277 654 3326 spei.
677 3277 755 3314 Sed
780 3289 858 3314 non
878 3284 934 3314 est
959 3277 1062 3315 idem
1087 3290 1201 3315 causa
1229 3277 1423 3326 opposito-

363 3342 460 3367 rum.
482 3331 584 3377 Ergo
614 3329 844 3378 experientia
871 3329 950 3367 noti
979 3338 1035 3367 est
1063 3343 1176 3367 causa
1204 3330 1296 3378 spei.

329 3428 335 3434 ι
419 3384 453 3420 3.
470 3384 702 3430 ΡΚΑΕΤΕΚΕΑ,
719 3383 975 3432 Philosophus
991 3383 1088 3427 dicit,
1107 3383 1144 3420 in
1162 3385 1194 3420 II
1205 3383 1251 3420 de
1265 3383 1378 3420 Caelo
1389 3384 1420 3430 ·,

363 3435 468 3485 quod
497 3436 542 3472 de
569 3436 740 3473 omnibus
759 3437 955 3473 enuntiare
981 3436 1133 3484 aliquid,
1154 3442 1190 3472 et
1207 3436 1299 3473 nihil
1310 3448 1423 3485 prae-

362 3489 581 3535 termittere,
611 3489 835 3537 quandoque
868 3495 923 3526 est
946 3490 1097 3539 signum
1134 3489 1317 3526 stultitiae.
1346 3490 1423 3527 Sed

364 3542 467 3590 quod
495 3543 615 3579 homo
635 3549 752 3578 tentet
781 3542 922 3590 omnia,
944 3543 992 3580 ad
1013 3542 1316 3590 magnitudinem
1341 3542 1422 3591 spei

361 3594 550 3643 pertinere
570 3595 735 3632 videtur:
766 3595 917 3632 stultitia
946 3603 1073 3632 autem
1099 3595 1276 3645 provenit
1304 3607 1347 3632 ex
1369 3594 1422 3632 in-

1479 2695 1718 2744 experientia.
1735 2696 1838 2743 Ergo
1857 2695 2127 2744 inexperientia
2145 2695 2296 2733 videtur
2315 2709 2398 2734 esse
2418 2697 2539 2745 magis

1479 2760 1592 2785 causa
1620 2748 1701 2797 spei
1729 2759 1846 2796 quam
1876 2748 2116 2798 experientia.

1532 2802 1607 2838 SED
1636 2813 1781 2838 CONTRA
1808 2812 1875 2838 EST
1902 2801 2008 2849 quod
2032 2801 2287 2851 Philosophus
2308 2802 2408 2849 dicit,
2428 2802 2467 2839 in
2488 2804 2537 2839 III

1477 2854 1597 2891 Ethic.
1621 2855 1651 2901 *,
1669 2854 1773 2903 quod
1791 2854 1910 2903 aliqui
1925 2860 2014 2891 sunt
2027 2855 2148 2892 bonae
2165 2855 2253 2904 spei,
2268 2861 2426 2904 propter
2443 2856 2539 2892 mul-

1478 2907 1581 2944 toties
1618 2912 1653 2943 et
1682 2907 1822 2947 multos
1855 2908 2007 2944 vicisse.-
2039 2908 2144 2956 quod
2181 2908 2231 2945 ad
2268 2908 2538 2956 experientiam

1478 2959 1650 3009 pertinet.
1671 2961 1773 3008 Ergo
1803 2960 2030 3009 experientia
2058 2968 2115 2997 est
2142 2973 2256 2997 causa
2284 2960 2375 3010 spei.

1531 3014 1757 3050 RESPONDEO
1776 3025 1961 3050 mCENDUM
1981 3013 2096 3062 quod,
2118 3013 2213 3050 sicut
2232 3025 2346 3062 supra
2360 3013 2380 3035 ³⁴
2394 3013 2537 3051 dictum
2565 3029 2575 3038 ·
2635 3043 2641 3050 .

1479 3073 1551 3112 est⁷
1582 3062 1662 3114 spei
1693 3066 1884 3103 obiectum
1913 3073 1970 3102 est
2001 3066 2149 3103 bonum
2176 3066 2344 3103 futurum
2373 3066 2537 3104 arduum

1477 3094 1657 3166 pos⁷sibile
1686 3118 1853 3167 adipisci.
1875 3120 2004 3155 Potest
2033 3128 2122 3166 ergo
2151 3119 2291 3169 aliquid
2311 3131 2393 3156 esse
2423 3131 2538 3157 causa

1478 3171 1570 3220 spei,
1590 3172 1653 3208 vel
1673 3171 1761 3219 quia
1788 3171 1875 3208 facit
1892 3172 2040 3208 homini
2069 3171 2208 3222 aliquid
2229 3184 2311 3209 esse
2335 3172 2536 3221 possibile:

1476 3225 1538 3261 vel
1567 3224 1656 3272 quia
1683 3223 1770 3260 facit
1790 3236 1879 3261 eum
1908 3224 2119 3261 existimare
2139 3225 2281 3274 aliquid
2310 3237 2392 3262 esse
2416 3225 2537 3274 possi-

1477 3277 1562 3314 bile.
1580 3277 1710 3313 Primo
1730 3277 1848 3314 modo
1875 3285 1931 3314 est
1952 3289 2067 3314 causa
2085 3278 2166 3327 spei
2190 3291 2306 3315 omne
2325 3278 2415 3315 illud
2434 3278 2537 3327 quod

1477 3338 1588 3378 auget
1607 3337 1833 3378 potestatem
1856 3330 2034 3378 hominis,
2050 3330 2145 3367 sicut
2165 3331 2328 3378 divitiae,
2344 3331 2535 3379 fortitudo,

1478 3390 1524 3430 et,
1554 3383 1650 3419 inter
1678 3390 1810 3429 cetera,
1842 3383 1954 3420 etiam
1983 3383 2232 3432 experientia:
2261 3396 2351 3421 nam
2378 3396 2448 3432 per
2477 3396 2538 3420 ex-

1476 3436 1700 3484 perientiam
1733 3436 1852 3473 homo
1890 3436 2047 3485 acquirit
2075 3437 2288 3473 facultatem
2318 3436 2458 3485 aliquid
2487 3436 2535 3473 de

1477 3489 1574 3526 facili
1610 3488 1796 3537 faciendi,
1827 3496 1864 3525 et
1900 3501 1945 3525 ex
1983 3490 2057 3526 hoc
2095 3489 2263 3538 sequitur
2295 3501 2392 3538 spes.
2424 3490 2536 3526 Unde

1477 3542 1655 3589 Vegetius
1684 3541 1782 3590 dicit,
1804 3541 1842 3578 in
1870 3541 1965 3578 libro
1994 3542 2040 3578 de
2066 3543 2124 3579 Re
2151 3542 2316 3578 Militari
2340 3541 2381 3579 *ε
2409 3543 2535 3580 Nemo
2566 3550 2575 3559 '

1473 3596 1604 3642 facere
1632 3598 1760 3631 metuit
1787 3595 1888 3643 quod
1912 3607 1952 3631 se
1980 3596 2072 3632 bene
2099 3595 2267 3632 didicisse
2294 3595 2455 3643 confidit.

2568 809 2645 858 “Sqffi
2655 815 2688 836 ιιι,
2700 816 2713 831 n
2732 816 2739 831 x

2669 825 2723 858 lect..
2735 825 2783 859 viu.

2629 2871 2688 2892 ,vn1‚
2701 2871 2759 2894 n.3.1

2659 2872 2759 2914 lecum

2566 2865 2644 2914 §a
