<?xml version="1.0" encoding="UTF-8"?>
<!DOCTYPE html PUBLIC "-//W3C//DTD XHTML 1.0 Transitional//EN"
    "http://www.w3.org/TR/xhtml1/DTD/xhtml1-transitional.dtd">
<html xmlns="http://www.w3.org/1999/xhtml" xml:lang="en" lang="en">
 <head>
  <title>
</title>
<meta http-equiv="Content-Type" content="text/html;charset=utf-8" />
  <meta name='ocr-system' content='tesseract 3.04.00' />
  <meta name='ocr-capabilities' content='ocr_page ocr_carea ocr_par ocr_line ocrx_word'/>
</head>
<body>
  <div class='ocr_page' id='page_1' title='image "./operaomniaiussui06thom_0045.png"; bbox 0 0 2852 4152; ppageno 0'>
   <div class='ocr_carea' id='block_1_1' title="bbox 87 576 228 604">
    <p class='ocr_par' dir='ltr' id='par_1_1' title="bbox 87 576 228 604">
     <span class='ocr_line' id='line_1_1' title="bbox 87 576 228 604; baseline -0.007 -6"><span class='ocrx_word' id='word_1_1' title='bbox 87 578 98 588; x_wconf 83' lang='grc'><em>·</em></span> <span class='ocrx_word' id='word_1_2' title='bbox 113 576 180 598; x_wconf 83' lang='lat' dir='ltr'><strong>Vers.</strong></span> <span class='ocrx_word' id='word_1_3' title='bbox 195 581 228 604; x_wconf 79' lang='lat'><strong>23.</strong></span> 
     </span>
    </p>
   </div>
   <div class='ocr_carea' id='block_1_2' title="bbox 88 837 282 865">
    <p class='ocr_par' dir='ltr' id='par_1_2' title="bbox 88 837 282 865">
     <span class='ocr_line' id='line_1_2' title="bbox 88 837 282 865; baseline -0.01 -4"><span class='ocrx_word' id='word_1_4' title='bbox 88 840 100 851; x_wconf 66' lang='lat'>⁴</span> <span class='ocrx_word' id='word_1_5' title='bbox 114 839 165 861; x_wconf 75' lang='lat' dir='ltr'><strong>Art.</strong></span> <span class='ocrx_word' id='word_1_6' title='bbox 181 844 201 865; x_wconf 68' lang='grc' dir='ltr'><strong>π,</strong></span> <span class='ocrx_word' id='word_1_7' title='bbox 216 837 244 860; x_wconf 82' lang='lat' dir='ltr'><strong>ad</strong></span> <span class='ocrx_word' id='word_1_8' title='bbox 259 845 282 864; x_wconf 78' lang='lat'><strong>⁴·</strong></span> 
     </span>
    </p>
   </div>
   <div class='ocr_carea' id='block_1_3' title="bbox 0 848 67 4152">
    <p class='ocr_par' dir='ltr' id='par_1_3' title="bbox 0 848 67 4152">
     <span class='ocr_line' id='line_1_3' title="bbox 0 848 67 4152; baseline 0 0"><span class='ocrx_word' id='word_1_9' title='bbox 0 848 67 4152; x_wconf 95' lang='lat' dir='ltr'><strong> </strong></span> 
     </span>
    </p>
   </div>
   <div class='ocr_carea' id='block_1_4' title="bbox 1020 225 1785 272">
    <p class='ocr_par' dir='ltr' id='par_1_4' title="bbox 1020 225 1785 272">
     <span class='ocr_line' id='line_1_4' title="bbox 1020 225 1785 272; baseline -0.003 -9"><span class='ocrx_word' id='word_1_10' title='bbox 1020 226 1284 272; x_wconf 87' lang='lat' dir='ltr'><strong>QUAESTIO</strong></span> <span class='ocrx_word' id='word_1_11' title='bbox 1315 226 1382 271; x_wconf 86' lang='grc' dir='ltr'>ΙΙΙ,</span> <span class='ocrx_word' id='word_1_12' title='bbox 1412 225 1706 262; x_wconf 89' lang='lat' dir='ltr'><strong>ARTICULUS</strong></span> <span class='ocrx_word' id='word_1_13' title='bbox 1734 225 1785 261; x_wconf 90' lang='lat' dir='ltr'><strong>Vl</strong></span> 
     </span>
    </p>
   </div>
   <div class='ocr_carea' id='block_1_5' title="bbox 324 303 1390 1888">
    <p class='ocr_par' dir='ltr' id='par_1_5' title="bbox 324 303 1384 555">
     <span class='ocr_line' id='line_1_5' title="bbox 324 303 1383 355; baseline -0.003 -12"><span class='ocrx_word' id='word_1_14' title='bbox 324 305 429 355; x_wconf 92' lang='lat' dir='ltr'><strong>quod</strong></span> <span class='ocrx_word' id='word_1_15' title='bbox 457 304 648 342; x_wconf 87' lang='lat' dir='ltr'>reducitur</span> <span class='ocrx_word' id='word_1_16' title='bbox 675 303 721 340; x_wconf 92' lang='lat' dir='ltr'><strong>de</strong></span> <span class='ocrx_word' id='word_1_17' title='bbox 749 304 918 352; x_wconf 91' lang='lat' dir='ltr'><strong>potentia</strong></span> <span class='ocrx_word' id='word_1_18' title='bbox 941 304 980 341; x_wconf 93' lang='lat' dir='ltr'><strong>in</strong></span> <span class='ocrx_word' id='word_1_19' title='bbox 1003 311 1142 341; x_wconf 89' lang='lat' dir='ltr'><strong>actum.</strong></span> <span class='ocrx_word' id='word_1_20' title='bbox 1172 304 1383 340; x_wconf 87' lang='lat' dir='ltr'><strong>Intellectus</strong></span> 
     </span>
     <span class='ocr_line' id='line_1_6' title="bbox 325 354 1383 405; baseline -0.002 -10"><span class='ocrx_word' id='word_1_21' title='bbox 325 365 453 396; x_wconf 87' lang='lat' dir='ltr'><strong>autem</strong></span> <span class='ocrx_word' id='word_1_22' title='bbox 480 358 671 394; x_wconf 92' lang='lat' dir='ltr'><strong>humanus</strong></span> <span class='ocrx_word' id='word_1_23' title='bbox 699 356 890 393; x_wconf 86' lang='lat' dir='ltr'><strong>reducitur</strong></span> <span class='ocrx_word' id='word_1_24' title='bbox 909 354 924 385; x_wconf 72' lang='grc' dir='ltr'>β</span> <span class='ocrx_word' id='word_1_25' title='bbox 952 356 995 395; x_wconf 86' lang='lat' dir='ltr'><strong>in</strong></span> <span class='ocrx_word' id='word_1_26' title='bbox 1019 364 1145 394; x_wconf 91' lang='lat' dir='ltr'><strong>actum</strong></span> <span class='ocrx_word' id='word_1_27' title='bbox 1172 369 1242 405; x_wconf 90' lang='lat' dir='ltr'><strong>per</strong></span> <span class='ocrx_word' id='word_1_28' title='bbox 1261 357 1383 393; x_wconf 91' lang='lat' dir='ltr'><strong>consi-</strong></span> 
     </span>
     <span class='ocr_line' id='line_1_7' title="bbox 326 407 1384 458; baseline -0.003 -10"><span class='ocrx_word' id='word_1_29' title='bbox 326 410 562 449; x_wconf 78' lang='lat' dir='ltr'>demtionem</span> <span class='ocrx_word' id='word_1_30' title='bbox 586 407 827 446; x_wconf 82' lang='lat' dir='ltr'><strong>scientiarum</strong></span> <span class='ocrx_word' id='word_1_31' title='bbox 848 409 1178 458; x_wconf 84' lang='lat' dir='ltr'><strong>speculativarum.</strong></span> <span class='ocrx_word' id='word_1_32' title='bbox 1208 410 1309 457; x_wconf 88' lang='lat' dir='ltr'><strong>Ergo</strong></span> <span class='ocrx_word' id='word_1_33' title='bbox 1328 409 1384 446; x_wconf 92' lang='lat' dir='ltr'><strong>vi-</strong></span> 
     </span>
     <span class='ocr_line' id='line_1_8' title="bbox 327 461 1384 511; baseline -0.002 -10"><span class='ocrx_word' id='word_1_34' title='bbox 327 462 436 501; x_wconf 89' lang='lat' dir='ltr'><strong>detur</strong></span> <span class='ocrx_word' id='word_1_35' title='bbox 472 462 576 511; x_wconf 91' lang='lat' dir='ltr'><strong>quod</strong></span> <span class='ocrx_word' id='word_1_36' title='bbox 604 461 644 498; x_wconf 89' lang='lat' dir='ltr'><strong>in</strong></span> <span class='ocrx_word' id='word_1_37' title='bbox 670 461 891 498; x_wconf 89' lang='lat' dir='ltr'><strong>huiusmodi</strong></span> <span class='ocrx_word' id='word_1_38' title='bbox 921 462 1220 499; x_wconf 86' lang='lat' dir='ltr'><strong>consideratione</strong></span> <span class='ocrx_word' id='word_1_39' title='bbox 1254 462 1384 505; x_wconf 86' lang='lat' dir='ltr'><strong>ultima</strong></span> 
     </span>
     <span class='ocr_line' id='line_1_9' title="bbox 325 514 933 555; baseline -0.005 -1"><span class='ocrx_word' id='word_1_40' title='bbox 325 515 492 555; x_wconf 87' lang='lat' dir='ltr'><strong>hominis</strong></span> <span class='ocrx_word' id='word_1_41' title='bbox 520 514 714 551; x_wconf 87' lang='lat' dir='ltr'><strong>beatitudo</strong></span> <span class='ocrx_word' id='word_1_42' title='bbox 745 515 933 551; x_wconf 85' lang='lat' dir='ltr'><strong>consistat.</strong></span> 
     </span>
    </p>

    <p class='ocr_par' dir='ltr' id='par_1_6' title="bbox 326 567 1385 816">
     <span class='ocr_line' id='line_1_10' title="bbox 381 567 1383 616; baseline -0.002 -10"><span class='ocrx_word' id='word_1_43' title='bbox 381 569 455 606; x_wconf 79' lang='lat' dir='ltr'><strong>SED</strong></span> <span class='ocrx_word' id='word_1_44' title='bbox 475 579 620 604; x_wconf 78' lang='lat' dir='ltr'>CONTRA</span> <span class='ocrx_word' id='word_1_45' title='bbox 639 579 705 604; x_wconf 84' lang='lat' dir='ltr'><strong>EST</strong></span> <span class='ocrx_word' id='word_1_46' title='bbox 724 567 829 616; x_wconf 91' lang='lat' dir='ltr'><strong>quod</strong></span> <span class='ocrx_word' id='word_1_47' title='bbox 862 567 994 604; x_wconf 90' lang='lat' dir='ltr'><strong>dicitur</strong></span> <span class='ocrx_word' id='word_1_48' title='bbox 1019 567 1259 609; x_wconf 61' lang='lat' dir='ltr'><strong>&gt;Ierem.1x*:</strong></span> <span class='ocrx_word' id='word_1_49' title='bbox 1293 567 1383 605; x_wconf 89' lang='lat' dir='ltr'><strong>Non</strong></span> 
     </span>
     <span class='ocr_line' id='line_1_11' title="bbox 326 620 1383 671; baseline -0.001 -13"><span class='ocrx_word' id='word_1_50' title='bbox 326 621 511 671; x_wconf 79' lang='lat' dir='ltr'><strong>glorietur</strong></span> <span class='ocrx_word' id='word_1_51' title='bbox 527 620 675 668; x_wconf 84' lang='lat' dir='ltr'><strong>sapiens</strong></span> <span class='ocrx_word' id='word_1_52' title='bbox 702 620 739 656; x_wconf 89' lang='lat' dir='ltr'><strong>in</strong></span> <span class='ocrx_word' id='word_1_53' title='bbox 758 620 938 668; x_wconf 86' lang='lat' dir='ltr'><strong>sapientia</strong></span> <span class='ocrx_word' id='word_1_54' title='bbox 966 632 1057 665; x_wconf 85' lang='lat' dir='ltr'><strong>sua;</strong></span> <span class='ocrx_word' id='word_1_55' title='bbox 1085 628 1122 657; x_wconf 87' lang='lat' dir='ltr'><strong>et</strong></span> <span class='ocrx_word' id='word_1_56' title='bbox 1148 620 1313 670; x_wconf 91' lang='lat' dir='ltr'><strong>loquitur</strong></span> <span class='ocrx_word' id='word_1_57' title='bbox 1337 620 1383 665; x_wconf 83' lang='lat' dir='ltr'><strong>de</strong></span> 
     </span>
     <span class='ocr_line' id='line_1_12' title="bbox 329 671 1383 723; baseline -0.003 -12"><span class='ocrx_word' id='word_1_58' title='bbox 329 671 512 723; x_wconf 85' lang='lat' dir='ltr'><strong>sapientia</strong></span> <span class='ocrx_word' id='word_1_59' title='bbox 539 673 858 721; x_wconf 85' lang='lat' dir='ltr'><strong>speculativarum</strong></span> <span class='ocrx_word' id='word_1_60' title='bbox 886 672 1139 710; x_wconf 82' lang='lat' dir='ltr'><strong>scientiarum.</strong></span> <span class='ocrx_word' id='word_1_61' title='bbox 1170 673 1261 710; x_wconf 93' lang='lat' dir='ltr'><strong>Non</strong></span> <span class='ocrx_word' id='word_1_62' title='bbox 1295 685 1383 721; x_wconf 90' lang='lat' dir='ltr'><strong>ergo</strong></span> 
     </span>
     <span class='ocr_line' id='line_1_13' title="bbox 329 724 1385 764; baseline -0.001 -1"><span class='ocrx_word' id='word_1_63' title='bbox 329 725 496 764; x_wconf 83' lang='lat' dir='ltr'><strong>consistit</strong></span> <span class='ocrx_word' id='word_1_64' title='bbox 513 724 552 762; x_wconf 90' lang='lat' dir='ltr'><strong>in</strong></span> <span class='ocrx_word' id='word_1_65' title='bbox 570 725 708 762; x_wconf 90' lang='lat' dir='ltr'><strong>harum</strong></span> <span class='ocrx_word' id='word_1_66' title='bbox 729 725 1031 763; x_wconf 88' lang='lat' dir='ltr'><strong>consideratione</strong></span> <span class='ocrx_word' id='word_1_67' title='bbox 1059 725 1192 763; x_wconf 89' lang='lat' dir='ltr'><strong>ultima</strong></span> <span class='ocrx_word' id='word_1_68' title='bbox 1219 725 1385 763; x_wconf 89' lang='lat' dir='ltr'><strong>hominis</strong></span> 
     </span>
     <span class='ocr_line' id='line_1_14' title="bbox 327 777 710 816; baseline -0.008 0"><span class='ocrx_word' id='word_1_69' title='bbox 327 777 533 816; x_wconf 83' lang='lat' dir='ltr'><strong>beatitudo.</strong></span> <span class='ocrx_word' id='word_1_70' title='bbox 704 786 710 791; x_wconf 63' lang='grc'><strong><em>“</em></strong></span> 
     </span>
    </p>

    <p class='ocr_par' dir='ltr' id='par_1_7' title="bbox 328 830 1388 1456">
     <span class='ocr_line' id='line_1_15' title="bbox 381 830 1385 879; baseline 0 -12"><span class='ocrx_word' id='word_1_71' title='bbox 381 831 606 868; x_wconf 64' lang='grc' dir='ltr'>3115ΡοΝοΕο</span> <span class='ocrx_word' id='word_1_72' title='bbox 626 842 809 868; x_wconf 67' lang='lat' dir='ltr'><strong>monimum</strong></span> <span class='ocrx_word' id='word_1_73' title='bbox 828 830 945 879; x_wconf 91' lang='lat' dir='ltr'><strong>quod,</strong></span> <span class='ocrx_word' id='word_1_74' title='bbox 966 830 1060 867; x_wconf 90' lang='lat' dir='ltr'><strong>sicut</strong></span> <span class='ocrx_word' id='word_1_75' title='bbox 1079 843 1193 879; x_wconf 88' lang='lat' dir='ltr'><strong>supra</strong></span> <span class='ocrx_word' id='word_1_76' title='bbox 1207 831 1228 852; x_wconf 71' lang='lat'><strong>’¹‘</strong></span> <span class='ocrx_word' id='word_1_77' title='bbox 1243 830 1385 867; x_wconf 90' lang='lat' dir='ltr'><strong>dictum</strong></span> 
     </span>
     <span class='ocr_line' id='line_1_16' title="bbox 329 883 1384 932; baseline -0.001 -12"><span class='ocrx_word' id='word_1_78' title='bbox 329 890 396 931; x_wconf 88' lang='lat' dir='ltr'><strong>est,</strong></span> <span class='ocrx_word' id='word_1_79' title='bbox 425 883 565 932; x_wconf 87' lang='lat' dir='ltr'><strong>duplex</strong></span> <span class='ocrx_word' id='word_1_80' title='bbox 593 891 648 920; x_wconf 89' lang='lat' dir='ltr'><strong>est</strong></span> <span class='ocrx_word' id='word_1_81' title='bbox 675 883 840 920; x_wconf 90' lang='lat' dir='ltr'><strong>hominis</strong></span> <span class='ocrx_word' id='word_1_82' title='bbox 869 883 1084 920; x_wconf 87' lang='lat' dir='ltr'><strong>beatitudo:</strong></span> <span class='ocrx_word' id='word_1_83' title='bbox 1112 895 1189 920; x_wconf 91' lang='lat' dir='ltr'><strong>una</strong></span> <span class='ocrx_word' id='word_1_84' title='bbox 1207 883 1384 931; x_wconf 87' lang='lat' dir='ltr'><strong>perfecta,</strong></span> 
     </span>
     <span class='ocr_line' id='line_1_17' title="bbox 329 935 1386 985; baseline 0 -13"><span class='ocrx_word' id='word_1_85' title='bbox 329 943 367 972; x_wconf 93' lang='lat' dir='ltr'><strong>et</strong></span> <span class='ocrx_word' id='word_1_86' title='bbox 389 936 462 974; x_wconf 88' lang='lat' dir='ltr'><strong>alia</strong></span> <span class='ocrx_word' id='word_1_87' title='bbox 490 935 721 984; x_wconf 89' lang='lat' dir='ltr'><strong>imperfecta.</strong></span> <span class='ocrx_word' id='word_1_88' title='bbox 753 937 914 985; x_wconf 89' lang='lat' dir='ltr'><strong>Oportet</strong></span> <span class='ocrx_word' id='word_1_89' title='bbox 933 943 1061 973; x_wconf 90' lang='lat' dir='ltr'><strong>autem</strong></span> <span class='ocrx_word' id='word_1_90' title='bbox 1081 935 1283 983; x_wconf 87' lang='lat' dir='ltr'><strong>intelligere</strong></span> <span class='ocrx_word' id='word_1_91' title='bbox 1302 948 1386 984; x_wconf 91' lang='lat' dir='ltr'><strong>per-</strong></span> 
     </span>
     <span class='ocr_line' id='line_1_18' title="bbox 328 988 1384 1037; baseline -0.001 -11"><span class='ocrx_word' id='word_1_92' title='bbox 328 988 466 1026; x_wconf 84' lang='lat' dir='ltr'><strong>fectam</strong></span> <span class='ocrx_word' id='word_1_93' title='bbox 491 988 774 1035; x_wconf 87' lang='lat' dir='ltr'><strong>beatitudinem,</strong></span> <span class='ocrx_word' id='word_1_94' title='bbox 795 1001 892 1037; x_wconf 91' lang='lat' dir='ltr'><strong>quae</strong></span> <span class='ocrx_word' id='word_1_95' title='bbox 912 988 1054 1036; x_wconf 87' lang='lat' dir='ltr'><strong>attingit</strong></span> <span class='ocrx_word' id='word_1_96' title='bbox 1072 989 1121 1026; x_wconf 93' lang='lat' dir='ltr'><strong>ad</strong></span> <span class='ocrx_word' id='word_1_97' title='bbox 1140 1001 1273 1025; x_wconf 89' lang='lat' dir='ltr'><strong>veram</strong></span> <span class='ocrx_word' id='word_1_98' title='bbox 1293 989 1384 1026; x_wconf 90' lang='lat' dir='ltr'><strong>bea-</strong></span> 
     </span>
     <span class='ocr_line' id='line_1_19' title="bbox 328 1041 1388 1090; baseline -0.001 -12"><span class='ocrx_word' id='word_1_99' title='bbox 328 1041 496 1079; x_wconf 89' lang='lat' dir='ltr'><strong>titudinis</strong></span> <span class='ocrx_word' id='word_1_100' title='bbox 521 1041 725 1078; x_wconf 91' lang='lat' dir='ltr'><strong>rationem:</strong></span> <span class='ocrx_word' id='word_1_101' title='bbox 755 1041 1027 1078; x_wconf 89' lang='lat' dir='ltr'><strong>beatitudinem</strong></span> <span class='ocrx_word' id='word_1_102' title='bbox 1056 1048 1184 1077; x_wconf 90' lang='lat' dir='ltr'><strong>autem</strong></span> <span class='ocrx_word' id='word_1_103' title='bbox 1213 1041 1388 1090; x_wconf 89' lang='lat' dir='ltr'><strong>imperfe-</strong></span> 
     </span>
     <span class='ocr_line' id='line_1_20' title="bbox 330 1093 1386 1143; baseline 0 -12"><span class='ocrx_word' id='word_1_104' title='bbox 330 1101 442 1142; x_wconf 85' lang='lat' dir='ltr'><strong>ctam,</strong></span> <span class='ocrx_word' id='word_1_105' title='bbox 472 1106 571 1143; x_wconf 93' lang='lat' dir='ltr'><strong>quae</strong></span> <span class='ocrx_word' id='word_1_106' title='bbox 599 1107 678 1131; x_wconf 92' lang='lat' dir='ltr'><strong>non</strong></span> <span class='ocrx_word' id='word_1_107' title='bbox 706 1093 861 1142; x_wconf 86' lang='lat' dir='ltr'><strong>attingit,</strong></span> <span class='ocrx_word' id='word_1_108' title='bbox 892 1094 959 1131; x_wconf 94' lang='lat' dir='ltr'><strong>sed</strong></span> <span class='ocrx_word' id='word_1_109' title='bbox 977 1093 1173 1142; x_wconf 90' lang='lat' dir='ltr'><strong>participat</strong></span> <span class='ocrx_word' id='word_1_110' title='bbox 1191 1094 1386 1142; x_wconf 90' lang='lat' dir='ltr'><strong>quandam</strong></span> 
     </span>
     <span class='ocr_line' id='line_1_21' title="bbox 329 1146 1386 1197; baseline 0 -14"><span class='ocrx_word' id='word_1_111' title='bbox 329 1146 595 1197; x_wconf 84' lang='lat' dir='ltr'><strong>particularem</strong></span> <span class='ocrx_word' id='word_1_112' title='bbox 615 1146 852 1184; x_wconf 88' lang='lat' dir='ltr'><strong>beatitudinis</strong></span> <span class='ocrx_word' id='word_1_113' title='bbox 872 1146 1166 1184; x_wconf 90' lang='lat' dir='ltr'><strong>similitudinem.</strong></span> <span class='ocrx_word' id='word_1_114' title='bbox 1185 1146 1289 1183; x_wconf 89' lang='lat' dir='ltr'><strong>Sicut</strong></span> <span class='ocrx_word' id='word_1_115' title='bbox 1302 1159 1386 1195; x_wconf 91' lang='lat' dir='ltr'><strong>per-</strong></span> 
     </span>
     <span class='ocr_line' id='line_1_22' title="bbox 329 1198 1386 1248; baseline 0 -12"><span class='ocrx_word' id='word_1_116' title='bbox 329 1198 426 1236; x_wconf 90' lang='lat' dir='ltr'><strong>fecta</strong></span> <span class='ocrx_word' id='word_1_117' title='bbox 443 1199 645 1248; x_wconf 90' lang='lat' dir='ltr'><strong>prudentia</strong></span> <span class='ocrx_word' id='word_1_118' title='bbox 661 1199 850 1236; x_wconf 90' lang='lat' dir='ltr'><strong>invenitur</strong></span> <span class='ocrx_word' id='word_1_119' title='bbox 867 1204 882 1227; x_wconf 74' lang='grc' dir='ltr'><strong>Υ</strong></span> <span class='ocrx_word' id='word_1_120' title='bbox 901 1199 940 1236; x_wconf 88' lang='grc'><strong>111</strong></span> <span class='ocrx_word' id='word_1_121' title='bbox 958 1199 1128 1245; x_wconf 91' lang='lat' dir='ltr'><strong>homine,</strong></span> <span class='ocrx_word' id='word_1_122' title='bbox 1150 1200 1251 1247; x_wconf 89' lang='lat' dir='ltr'><strong>apud</strong></span> <span class='ocrx_word' id='word_1_123' title='bbox 1270 1212 1386 1248; x_wconf 91' lang='lat' dir='ltr'><strong>quem</strong></span> 
     </span>
     <span class='ocr_line' id='line_1_23' title="bbox 331 1251 1386 1311; baseline 0 -22"><span class='ocrx_word' id='word_1_124' title='bbox 331 1259 387 1289; x_wconf 92' lang='lat' dir='ltr'><strong>est</strong></span> <span class='ocrx_word' id='word_1_125' title='bbox 413 1251 507 1289; x_wconf 82' lang='lat' dir='ltr'><strong>ratio</strong></span> <span class='ocrx_word' id='word_1_126' title='bbox 527 1265 654 1289; x_wconf 90' lang='lat' dir='ltr'><strong>rerum</strong></span> <span class='ocrx_word' id='word_1_127' title='bbox 678 1251 891 1299; x_wconf 89' lang='lat' dir='ltr'><strong>agibilium:</strong></span> <span class='ocrx_word' id='word_1_128' title='bbox 921 1251 1139 1299; x_wconf 82' lang='lat' dir='ltr'><strong>imperfecta</strong></span> <span class='ocrx_word' id='word_1_129' title='bbox 1157 1259 1283 1288; x_wconf 89' lang='lat' dir='ltr'><strong>autem</strong></span> <span class='ocrx_word' id='word_1_130' title='bbox 1299 1265 1386 1311; x_wconf 80' lang='lat' dir='ltr'><strong>pru-</strong></span> 
     </span>
     <span class='ocr_line' id='line_1_24' title="bbox 331 1303 1388 1352; baseline -0.001 -11"><span class='ocrx_word' id='word_1_131' title='bbox 331 1304 457 1342; x_wconf 82' lang='lat' dir='ltr'><strong>dentia</strong></span> <span class='ocrx_word' id='word_1_132' title='bbox 477 1312 532 1341; x_wconf 91' lang='lat' dir='ltr'><strong>est</strong></span> <span class='ocrx_word' id='word_1_133' title='bbox 549 1305 588 1341; x_wconf 92' lang='lat' dir='ltr'><strong>in</strong></span> <span class='ocrx_word' id='word_1_134' title='bbox 607 1304 836 1352; x_wconf 87' lang='lat' dir='ltr'><strong>quibusdam</strong></span> <span class='ocrx_word' id='word_1_135' title='bbox 856 1303 1082 1339; x_wconf 88' lang='lat' dir='ltr'><strong>animalibus</strong></span> <span class='ocrx_word' id='word_1_136' title='bbox 1101 1304 1258 1349; x_wconf 91' lang='lat' dir='ltr'><strong>brutis,</strong></span> <span class='ocrx_word' id='word_1_137' title='bbox 1250 1316 1287 1340; x_wconf 89' lang='grc'><strong>111</strong></span> <span class='ocrx_word' id='word_1_138' title='bbox 1307 1305 1388 1351; x_wconf 91' lang='lat' dir='ltr'><strong>qui-</strong></span> 
     </span>
     <span class='ocr_line' id='line_1_25' title="bbox 330 1355 1388 1405; baseline 0.001 -13"><span class='ocrx_word' id='word_1_139' title='bbox 330 1356 402 1392; x_wconf 85' lang='lat' dir='ltr'><strong>bus</strong></span> <span class='ocrx_word' id='word_1_140' title='bbox 429 1363 517 1392; x_wconf 88' lang='lat' dir='ltr'><strong>sunt</strong></span> <span class='ocrx_word' id='word_1_141' title='bbox 543 1356 699 1404; x_wconf 90' lang='lat' dir='ltr'><strong>quidam</strong></span> <span class='ocrx_word' id='word_1_142' title='bbox 726 1355 970 1404; x_wconf 84' lang='lat' dir='ltr'><strong>particulares</strong></span> <span class='ocrx_word' id='word_1_143' title='bbox 989 1355 1183 1391; x_wconf 86' lang='lat' dir='ltr'><strong>instinctus</strong></span> <span class='ocrx_word' id='word_1_144' title='bbox 1207 1357 1254 1392; x_wconf 91' lang='lat' dir='ltr'><strong>ad</strong></span> <span class='ocrx_word' id='word_1_145' title='bbox 1274 1369 1388 1405; x_wconf 91' lang='lat' dir='ltr'><strong>quae-</strong></span> 
     </span>
     <span class='ocr_line' id='line_1_26' title="bbox 331 1407 1227 1462; baseline 0 -18"><span class='ocrx_word' id='word_1_146' title='bbox 331 1409 420 1445; x_wconf 87' lang='lat' dir='ltr'><strong>dam</strong></span> <span class='ocrx_word' id='word_1_147' title='bbox 441 1418 558 1462; x_wconf 88' lang='lat' dir='ltr'><strong>opera</strong></span> <span class='ocrx_word' id='word_1_148' title='bbox 586 1408 723 1445; x_wconf 86' lang='lat' dir='ltr'><strong>similia</strong></span> <span class='ocrx_word' id='word_1_149' title='bbox 750 1407 929 1456; x_wconf 90' lang='lat' dir='ltr'><strong>operibus</strong></span> <span class='ocrx_word' id='word_1_150' title='bbox 957 1407 1178 1455; x_wconf 88' lang='lat' dir='ltr'><strong>prudentiae</strong></span> <span class='ocrx_word' id='word_1_151' title='bbox 1197 1407 1227 1444; x_wconf 71' lang='lat'><strong>²¹².</strong></span> 
     </span>
    </p>

    <p class='ocr_par' dir='ltr' id='par_1_8' title="bbox 328 1454 1390 1879">
     <span class='ocr_line' id='line_1_27' title="bbox 328 1454 1388 1508; baseline 0 -10"><span class='ocrx_word' id='word_1_152' title='bbox 328 1483 332 1485; x_wconf 95' lang='lat'>-</span> <span class='ocrx_word' id='word_1_153' title='bbox 355 1454 536 1498; x_wconf 58' lang='lat' dir='ltr'><strong>Peracta</strong></span> <span class='ocrx_word' id='word_1_154' title='bbox 555 1460 664 1508; x_wconf 90' lang='lat' dir='ltr'><strong>igitur</strong></span> <span class='ocrx_word' id='word_1_155' title='bbox 678 1460 900 1498; x_wconf 86' lang='lat' dir='ltr'><strong>beatitudo</strong></span> <span class='ocrx_word' id='word_1_156' title='bbox 891 1473 931 1497; x_wconf 87' lang='grc'><strong>111</strong></span> <span class='ocrx_word' id='word_1_157' title='bbox 950 1460 1250 1498; x_wconf 89' lang='lat' dir='ltr'><strong>consideratione</strong></span> <span class='ocrx_word' id='word_1_158' title='bbox 1270 1460 1388 1498; x_wconf 91' lang='lat' dir='ltr'><strong>scien-</strong></span> 
     </span>
     <span class='ocr_line' id='line_1_28' title="bbox 330 1512 1388 1561; baseline -0.002 -10"><span class='ocrx_word' id='word_1_159' title='bbox 330 1512 468 1558; x_wconf 82' lang='lat' dir='ltr'><strong>tiarum</strong></span> <span class='ocrx_word' id='word_1_160' title='bbox 487 1513 806 1561; x_wconf 86' lang='lat' dir='ltr'><strong>speculativarum</strong></span> <span class='ocrx_word' id='word_1_161' title='bbox 827 1512 1068 1550; x_wconf 89' lang='lat' dir='ltr'><strong>essentialiter</strong></span> <span class='ocrx_word' id='word_1_162' title='bbox 1086 1512 1290 1550; x_wconf 88' lang='lat' dir='ltr'><strong>consistere</strong></span> <span class='ocrx_word' id='word_1_163' title='bbox 1310 1525 1388 1550; x_wconf 91' lang='lat' dir='ltr'><strong>non</strong></span> 
     </span>
     <span class='ocr_line' id='line_1_29' title="bbox 330 1565 1390 1616; baseline -0.001 -13"><span class='ocrx_word' id='word_1_164' title='bbox 330 1572 459 1616; x_wconf 85' lang='lat' dir='ltr'><strong>potest</strong></span> <span class='ocrx_word' id='word_1_165' title='bbox 474 1565 505 1602; x_wconf 65' lang='lat'><strong>¹².</strong></span> <span class='ocrx_word' id='word_1_166' title='bbox 530 1565 592 1603; x_wconf 91' lang='lat' dir='ltr'><strong>Ad</strong></span> <span class='ocrx_word' id='word_1_167' title='bbox 611 1566 717 1602; x_wconf 92' lang='lat' dir='ltr'><strong>cuius</strong></span> <span class='ocrx_word' id='word_1_168' title='bbox 737 1565 978 1612; x_wconf 90' lang='lat' dir='ltr'><strong>evidentiam,</strong></span> <span class='ocrx_word' id='word_1_169' title='bbox 1000 1565 1317 1603; x_wconf 89' lang='lat' dir='ltr'><strong>considerandum</strong></span> <span class='ocrx_word' id='word_1_170' title='bbox 1333 1574 1390 1603; x_wconf 88' lang='lat' dir='ltr'><strong>est</strong></span> 
     </span>
     <span class='ocr_line' id='line_1_30' title="bbox 331 1617 1388 1678; baseline -0.001 -23"><span class='ocrx_word' id='word_1_171' title='bbox 331 1618 439 1669; x_wconf 77' lang='lat' dir='ltr'><strong>quod</strong></span> <span class='ocrx_word' id='word_1_172' title='bbox 466 1618 717 1656; x_wconf 87' lang='lat' dir='ltr'><strong>consideratio</strong></span> <span class='ocrx_word' id='word_1_173' title='bbox 756 1618 1011 1678; x_wconf 80' lang='lat' dir='ltr'><strong>speculativae</strong></span> <span class='ocrx_word' id='word_1_174' title='bbox 1039 1617 1214 1655; x_wconf 89' lang='lat' dir='ltr'><strong>scientiae</strong></span> <span class='ocrx_word' id='word_1_175' title='bbox 1242 1630 1320 1655; x_wconf 90' lang='lat' dir='ltr'><strong>non</strong></span> <span class='ocrx_word' id='word_1_176' title='bbox 1348 1631 1388 1655; x_wconf 91' lang='lat' dir='ltr'><strong>se</strong></span> 
     </span>
     <span class='ocr_line' id='line_1_31' title="bbox 332 1670 1389 1721; baseline -0.002 -12"><span class='ocrx_word' id='word_1_177' title='bbox 332 1670 497 1710; x_wconf 79' lang='lat' dir='ltr'><strong>extendit</strong></span> <span class='ocrx_word' id='word_1_178' title='bbox 523 1672 620 1708; x_wconf 90' lang='lat' dir='ltr'><strong>ultra</strong></span> <span class='ocrx_word' id='word_1_179' title='bbox 646 1671 823 1708; x_wconf 90' lang='lat' dir='ltr'><strong>virtutem</strong></span> <span class='ocrx_word' id='word_1_180' title='bbox 851 1670 1124 1721; x_wconf 89' lang='lat' dir='ltr'><strong>principiorum</strong></span> <span class='ocrx_word' id='word_1_181' title='bbox 1152 1670 1247 1708; x_wconf 91' lang='lat' dir='ltr'><strong>illius</strong></span> <span class='ocrx_word' id='word_1_182' title='bbox 1271 1670 1389 1707; x_wconf 90' lang='lat' dir='ltr'><strong>scien—</strong></span> 
     </span>
     <span class='ocr_line' id='line_1_32' title="bbox 331 1723 1390 1774; baseline -0.001 -13"><span class='ocrx_word' id='word_1_183' title='bbox 331 1723 425 1773; x_wconf 76' lang='lat' dir='ltr'><strong>tiae:</strong></span> <span class='ocrx_word' id='word_1_184' title='bbox 461 1724 551 1772; x_wconf 91' lang='lat' dir='ltr'><strong>quia</strong></span> <span class='ocrx_word' id='word_1_185' title='bbox 577 1724 617 1762; x_wconf 87' lang='lat' dir='ltr'><strong>in</strong></span> <span class='ocrx_word' id='word_1_186' title='bbox 643 1724 835 1774; x_wconf 88' lang='lat' dir='ltr'><strong>principiis</strong></span> <span class='ocrx_word' id='word_1_187' title='bbox 872 1723 1048 1761; x_wconf 90' lang='lat' dir='ltr'><strong>scientiae</strong></span> <span class='ocrx_word' id='word_1_188' title='bbox 1070 1723 1281 1762; x_wconf 88' lang='lat' dir='ltr'><strong>virtualiter</strong></span> <span class='ocrx_word' id='word_1_189' title='bbox 1313 1731 1390 1760; x_wconf 90' lang='lat' dir='ltr'><strong>tota</strong></span> 
     </span>
     <span class='ocr_line' id='line_1_33' title="bbox 332 1775 1390 1825; baseline -0.002 -10"><span class='ocrx_word' id='word_1_190' title='bbox 332 1775 488 1823; x_wconf 65' lang='lat' dir='ltr'><strong>seientia</strong></span> <span class='ocrx_word' id='word_1_191' title='bbox 516 1776 739 1815; x_wconf 88' lang='lat' dir='ltr'><strong>continetur.</strong></span> <span class='ocrx_word' id='word_1_192' title='bbox 769 1777 896 1814; x_wconf 88' lang='lat' dir='ltr'><strong>Prima</strong></span> <span class='ocrx_word' id='word_1_193' title='bbox 923 1784 1052 1814; x_wconf 88' lang='lat' dir='ltr'><strong>autem</strong></span> <span class='ocrx_word' id='word_1_194' title='bbox 1070 1776 1253 1825; x_wconf 89' lang='lat' dir='ltr'><strong>principia</strong></span> <span class='ocrx_word' id='word_1_195' title='bbox 1272 1776 1390 1813; x_wconf 91' lang='lat' dir='ltr'><strong>scien-</strong></span> 
     </span>
     <span class='ocr_line' id='line_1_34' title="bbox 332 1829 1390 1888; baseline -0.003 -20"><span class='ocrx_word' id='word_1_196' title='bbox 332 1829 471 1868; x_wconf 88' lang='lat' dir='ltr'><strong>tiarum</strong></span> <span class='ocrx_word' id='word_1_197' title='bbox 499 1830 816 1879; x_wconf 85' lang='lat' dir='ltr'><strong>speculativarum</strong></span> <span class='ocrx_word' id='word_1_198' title='bbox 845 1837 932 1866; x_wconf 90' lang='lat' dir='ltr'><strong>sunt</strong></span> <span class='ocrx_word' id='word_1_199' title='bbox 954 1842 1022 1888; x_wconf 80' lang='lat' dir='ltr'><strong>per</strong></span> <span class='ocrx_word' id='word_1_200' title='bbox 1045 1840 1199 1866; x_wconf 89' lang='lat' dir='ltr'><strong>sensum</strong></span> <span class='ocrx_word' id='word_1_201' title='bbox 1220 1837 1390 1877; x_wconf 87' lang='lat' dir='ltr'><strong>accepta;</strong></span> 
     </span>
    </p>
   </div>
   <div class='ocr_carea' id='block_1_6' title="bbox 271 1881 1390 1938">
    <p class='ocr_par' dir='ltr' id='par_1_9' title="bbox 271 1881 1390 1938">
     <span class='ocr_line' id='line_1_35' title="bbox 271 1881 1390 1938; baseline -0.002 -18"><span class='ocrx_word' id='word_1_202' title='bbox 271 1931 279 1938; x_wconf 49' lang='grc'><strong>.</strong></span> <span class='ocrx_word' id='word_1_203' title='bbox 294 1900 306 1906; x_wconf 90' lang='grc'><em>·</em></span> <span class='ocrx_word' id='word_1_204' title='bbox 333 1890 375 1920; x_wconf 87' lang='grc'><strong>111</strong></span> <span class='ocrx_word' id='word_1_205' title='bbox 388 1889 492 1932; x_wconf 87' lang='lat' dir='ltr'><strong>patet</strong></span> <span class='ocrx_word' id='word_1_206' title='bbox 509 1895 578 1931; x_wconf 91' lang='lat' dir='ltr'><strong>per</strong></span> <span class='ocrx_word' id='word_1_207' title='bbox 595 1882 896 1931; x_wconf 83' lang='lat' dir='ltr'><strong>Philosophum&#39;</strong></span> <span class='ocrx_word' id='word_1_208' title='bbox 888 1894 926 1919; x_wconf 89' lang='grc'><strong>111</strong></span> <span class='ocrx_word' id='word_1_209' title='bbox 946 1882 1130 1930; x_wconf 89' lang='lat' dir='ltr'><strong>principio</strong></span> <span class='ocrx_word' id='word_1_210' title='bbox 1140 1881 1390 1930; x_wconf 75' lang='lat' dir='ltr'><strong>Metaphys.*,</strong></span> 
     </span>
    </p>
   </div>
   <div class='ocr_carea' id='block_1_7' title="bbox 299 1934 1393 2142">
    <p class='ocr_par' dir='ltr' id='par_1_10' title="bbox 299 1934 1393 2142">
     <span class='ocr_line' id='line_1_36' title="bbox 299 1934 1392 1973; baseline -0.002 -1"><span class='ocrx_word' id='word_1_211' title='bbox 299 1957 307 1964; x_wconf 91' lang='lat'><strong>·</strong></span> <span class='ocrx_word' id='word_1_212' title='bbox 334 1943 372 1973; x_wconf 90' lang='lat' dir='ltr'><strong>et</strong></span> <span class='ocrx_word' id='word_1_213' title='bbox 388 1935 427 1972; x_wconf 91' lang='lat' dir='ltr'><strong>in</strong></span> <span class='ocrx_word' id='word_1_214' title='bbox 446 1935 523 1972; x_wconf 92' lang='lat' dir='ltr'><strong>fine</strong></span> <span class='ocrx_word' id='word_1_215' title='bbox 542 1937 682 1972; x_wconf 86' lang='lat' dir='ltr'><strong>Poster.</strong></span> <span class='ocrx_word' id='word_1_216' title='bbox 702 1935 722 1957; x_wconf 76' lang='lat'><strong>’¹‘</strong></span> <span class='ocrx_word' id='word_1_217' title='bbox 750 1935 861 1972; x_wconf 92' lang='lat' dir='ltr'><strong>Unde</strong></span> <span class='ocrx_word' id='word_1_218' title='bbox 889 1942 967 1971; x_wconf 89' lang='lat' dir='ltr'><strong>tota</strong></span> <span class='ocrx_word' id='word_1_219' title='bbox 995 1934 1244 1972; x_wconf 90' lang='lat' dir='ltr'><strong>consideratio</strong></span> <span class='ocrx_word' id='word_1_220' title='bbox 1273 1934 1392 1970; x_wconf 91' lang='lat' dir='ltr'><strong>scien-</strong></span> 
     </span>
     <span class='ocr_line' id='line_1_37' title="bbox 299 1983 1393 2036; baseline -0.002 -11"><span class='ocrx_word' id='word_1_221' title='bbox 299 1983 307 1991; x_wconf 77' lang='grc'>’</span> <span class='ocrx_word' id='word_1_222' title='bbox 333 1988 471 2026; x_wconf 88' lang='lat' dir='ltr'><strong>tiarum</strong></span> <span class='ocrx_word' id='word_1_223' title='bbox 499 1988 818 2036; x_wconf 84' lang='lat' dir='ltr'><strong>speculativarum</strong></span> <span class='ocrx_word' id='word_1_224' title='bbox 847 2000 925 2024; x_wconf 91' lang='lat' dir='ltr'><strong>non</strong></span> <span class='ocrx_word' id='word_1_225' title='bbox 962 1994 1086 2036; x_wconf 90' lang='lat' dir='ltr'><strong>potest</strong></span> <span class='ocrx_word' id='word_1_226' title='bbox 1116 1988 1211 2023; x_wconf 89' lang='lat' dir='ltr'><strong>ultra</strong></span> <span class='ocrx_word' id='word_1_227' title='bbox 1244 1987 1393 2024; x_wconf 83' lang='lat' dir='ltr'><strong>extendi</strong></span> 
     </span>
     <span class='ocr_line' id='line_1_38' title="bbox 335 2040 1392 2089; baseline -0.003 -11"><span class='ocrx_word' id='word_1_228' title='bbox 335 2053 453 2089; x_wconf 93' lang='lat' dir='ltr'><strong>quam</strong></span> <span class='ocrx_word' id='word_1_229' title='bbox 483 2041 716 2078; x_wconf 91' lang='lat' dir='ltr'><strong>sensibilium</strong></span> <span class='ocrx_word' id='word_1_230' title='bbox 747 2040 908 2088; x_wconf 87' lang='lat' dir='ltr'><strong>cognitio</strong></span> <span class='ocrx_word' id='word_1_231' title='bbox 938 2041 1075 2077; x_wconf 92' lang='lat' dir='ltr'><strong>ducere</strong></span> <span class='ocrx_word' id='word_1_232' title='bbox 1103 2047 1238 2087; x_wconf 90' lang='lat' dir='ltr'><strong>potest.</strong></span> <span class='ocrx_word' id='word_1_233' title='bbox 1268 2040 1310 2075; x_wconf 94' lang='lat' dir='ltr'><strong>In</strong></span> <span class='ocrx_word' id='word_1_234' title='bbox 1331 2052 1392 2076; x_wconf 92' lang='lat' dir='ltr'><strong>co-</strong></span> 
     </span>
     <span class='ocr_line' id='line_1_39' title="bbox 335 2092 1390 2142; baseline -0.002 -12"><span class='ocrx_word' id='word_1_235' title='bbox 335 2093 501 2142; x_wconf 90' lang='lat' dir='ltr'><strong>gnitione</strong></span> <span class='ocrx_word' id='word_1_236' title='bbox 531 2101 658 2131; x_wconf 91' lang='lat' dir='ltr'><strong>autem</strong></span> <span class='ocrx_word' id='word_1_237' title='bbox 687 2093 919 2130; x_wconf 88' lang='lat' dir='ltr'><strong>sensibilium</strong></span> <span class='ocrx_word' id='word_1_238' title='bbox 948 2105 1026 2130; x_wconf 92' lang='lat' dir='ltr'><strong>non</strong></span> <span class='ocrx_word' id='word_1_239' title='bbox 1044 2099 1168 2141; x_wconf 86' lang='lat' dir='ltr'><strong>potest</strong></span> <span class='ocrx_word' id='word_1_240' title='bbox 1188 2092 1390 2129; x_wconf 89' lang='lat' dir='ltr'><strong>consistere</strong></span> 
     </span>
    </p>
   </div>
   <div class='ocr_carea' id='block_1_8' title="bbox 337 2223 1394 2355">
    <p class='ocr_par' dir='ltr' id='par_1_11' title="bbox 337 2223 1394 2355">
     <span class='ocr_line' id='line_1_40' title="bbox 383 2223 1394 2267; baseline -0.003 -17"><span class='ocrx_word' id='word_1_241' title='bbox 383 2224 419 2267; x_wconf 40' lang='grc' dir='ltr'>.β).</span> <span class='ocrx_word' id='word_1_242' title='bbox 435 2225 579 2250; x_wconf 81' lang='lat' dir='ltr'><strong>reducitur.</strong></span> <span class='ocrx_word' id='word_1_243' title='bbox 597 2238 616 2244; x_wconf 93' lang='lat'><em>-</em></span> <span class='ocrx_word' id='word_1_244' title='bbox 634 2225 666 2249; x_wconf 86' lang='lat' dir='ltr'><strong>de</strong></span> <span class='ocrx_word' id='word_1_245' title='bbox 680 2225 803 2257; x_wconf 79' lang='lat' dir='ltr'><strong>potentia</strong></span> <span class='ocrx_word' id='word_1_246' title='bbox 822 2224 918 2248; x_wconf 83' lang='lat' dir='ltr'><strong>addunt</strong></span> <span class='ocrx_word' id='word_1_247' title='bbox 936 2224 994 2254; x_wconf 81' lang='lat' dir='ltr'><strong>GK;</strong></span> <span class='ocrx_word' id='word_1_248' title='bbox 1015 2224 1047 2248; x_wconf 85' lang='lat' dir='ltr'><strong>de</strong></span> <span class='ocrx_word' id='word_1_249' title='bbox 1060 2224 1184 2255; x_wconf 81' lang='lat' dir='ltr'><strong>potentia</strong></span> <span class='ocrx_word' id='word_1_250' title='bbox 1195 2241 1201 2248; x_wconf 92' lang='lat'><strong>.</strong></span> <span class='ocrx_word' id='word_1_251' title='bbox 1213 2241 1237 2248; x_wconf 93' lang='grc'><strong>..</strong></span> <span class='ocrx_word' id='word_1_252' title='bbox 1257 2223 1394 2248; x_wconf 81' lang='lat' dir='ltr'><strong>reducitur</strong></span> 
     </span>
     <span class='ocr_line' id='line_1_41' title="bbox 337 2266 1323 2355; baseline -0.004 -35"><span class='ocrx_word' id='word_1_253' title='bbox 337 2266 552 2355; x_wconf 47' lang='grc' dir='ltr'><strong>οωξῖῐρὲἢεοια</strong></span> <span class='ocrx_word' id='word_1_254' title='bbox 566 2295 713 2327; x_wconf 78' lang='lat' dir='ltr'><strong>prudentia</strong></span> <span class='ocrx_word' id='word_1_255' title='bbox 733 2294 875 2319; x_wconf 77' lang='lat' dir='ltr'><strong>invenitur.</strong></span> <span class='ocrx_word' id='word_1_256' title='bbox 887 2308 907 2312; x_wconf 97' lang='lat'>—</span> <span class='ocrx_word' id='word_1_257' title='bbox 921 2298 960 2318; x_wconf 82' lang='lat' dir='ltr'><strong>est</strong></span> <span class='ocrx_word' id='word_1_258' title='bbox 973 2294 1094 2327; x_wconf 65' lang='lat' dir='ltr'><strong>perfecta</strong></span> <span class='ocrx_word' id='word_1_259' title='bbox 1109 2293 1257 2325; x_wconf 77' lang='lat' dir='ltr'><strong>prudentia</strong></span> <span class='ocrx_word' id='word_1_260' title='bbox 1278 2293 1323 2317; x_wconf 85' lang='lat' dir='ltr'><strong>Pa.</strong></span> 
     </span>
    </p>
   </div>
   <div class='ocr_carea' id='block_1_9' title="bbox 407 2331 802 2363">
    <p class='ocr_par' dir='ltr' id='par_1_12' title="bbox 407 2331 802 2363">
     <span class='ocr_line' id='line_1_42' title="bbox 407 2331 802 2363; baseline -0.005 -7"><span class='ocrx_word' id='word_1_261' title='bbox 407 2331 416 2363; x_wconf 96' lang='lat'>)</span> <span class='ocrx_word' id='word_1_262' title='bbox 435 2331 479 2356; x_wconf 76' lang='lat' dir='ltr'><strong>ab.</strong></span> <span class='ocrx_word' id='word_1_263' title='bbox 493 2343 514 2349; x_wconf 89' lang='lat'><em>-</em></span> <span class='ocrx_word' id='word_1_264' title='bbox 531 2331 593 2356; x_wconf 86' lang='grc'>0111.</span> <span class='ocrx_word' id='word_1_265' title='bbox 612 2331 713 2355; x_wconf 63' lang='lat' dir='ltr'><strong>codices</strong></span> <span class='ocrx_word' id='word_1_266' title='bbox 733 2334 760 2354; x_wconf 87' lang='lat' dir='ltr'><strong>et</strong></span> <span class='ocrx_word' id='word_1_267' title='bbox 776 2336 802 2354; x_wconf 79' lang='lat' dir='ltr'><strong>a.</strong></span> 
     </span>
    </p>
   </div>
   <div class='ocr_carea' id='block_1_10' title="bbox 1408 355 1414 857">
    <p class='ocr_par' dir='ltr' id='par_1_13' title="bbox 1408 355 1414 857">
     <span class='ocr_line' id='line_1_43' title="bbox 1408 355 1414 857; baseline 0 0"><span class='ocrx_word' id='word_1_268' title='bbox 1408 355 1414 857; x_wconf 95' lang='lat' dir='ltr'><strong> </strong></span> 
     </span>
    </p>
   </div>
   <div class='ocr_carea' id='block_1_11' title="bbox 2441 228 2487 264">
    <p class='ocr_par' dir='ltr' id='par_1_14' title="bbox 2441 228 2487 264">
     <span class='ocr_line' id='line_1_44' title="bbox 2441 228 2487 264; baseline 0.022 -1"><span class='ocrx_word' id='word_1_269' title='bbox 2441 228 2487 264; x_wconf 83' lang='lat'><strong>33</strong></span> 
     </span>
    </p>
   </div>
   <div class='ocr_carea' id='block_1_12' title="bbox 1436 302 2500 2137">
    <p class='ocr_par' dir='ltr' id='par_1_15' title="bbox 1436 302 2496 1549">
     <span class='ocr_line' id='line_1_45' title="bbox 1436 302 2490 352; baseline 0.004 -12"><span class='ocrx_word' id='word_1_270' title='bbox 1436 303 1567 340; x_wconf 90' lang='lat' dir='ltr'><strong>ultima</strong></span> <span class='ocrx_word' id='word_1_271' title='bbox 1594 303 1758 340; x_wconf 90' lang='lat' dir='ltr'><strong>hominis</strong></span> <span class='ocrx_word' id='word_1_272' title='bbox 1786 302 2000 350; x_wconf 85' lang='lat' dir='ltr'><strong>beatitudo,</strong></span> <span class='ocrx_word' id='word_1_273' title='bbox 2030 315 2128 352; x_wconf 89' lang='lat' dir='ltr'><strong>quae</strong></span> <span class='ocrx_word' id='word_1_274' title='bbox 2157 312 2212 340; x_wconf 90' lang='lat' dir='ltr'><strong>est</strong></span> <span class='ocrx_word' id='word_1_275' title='bbox 2247 305 2377 342; x_wconf 90' lang='lat' dir='ltr'><strong>ultima</strong></span> <span class='ocrx_word' id='word_1_276' title='bbox 2411 307 2490 344; x_wconf 90' lang='lat' dir='ltr'><strong>eius</strong></span> 
     </span>
     <span class='ocr_line' id='line_1_46' title="bbox 1436 355 2489 407; baseline 0.005 -15"><span class='ocrx_word' id='word_1_277' title='bbox 1436 356 1628 405; x_wconf 88' lang='lat' dir='ltr'><strong>perfectio.</strong></span> <span class='ocrx_word' id='word_1_278' title='bbox 1659 357 1751 392; x_wconf 93' lang='lat' dir='ltr'><strong>Non</strong></span> <span class='ocrx_word' id='word_1_279' title='bbox 1771 355 1871 392; x_wconf 91' lang='lat' dir='ltr'><strong>enim</strong></span> <span class='ocrx_word' id='word_1_280' title='bbox 1901 355 2040 404; x_wconf 90' lang='lat' dir='ltr'><strong>aliquid</strong></span> <span class='ocrx_word' id='word_1_281' title='bbox 2058 357 2249 404; x_wconf 88' lang='lat' dir='ltr'><strong>perficitur</strong></span> <span class='ocrx_word' id='word_1_282' title='bbox 2268 359 2315 394; x_wconf 91' lang='lat' dir='ltr'><strong>ab</strong></span> <span class='ocrx_word' id='word_1_283' title='bbox 2330 357 2343 380; x_wconf 69' lang='grc' dir='ltr'><strong>δ</strong></span> <span class='ocrx_word' id='word_1_284' title='bbox 2363 360 2489 407; x_wconf 92' lang='lat' dir='ltr'><strong>aliquo</strong></span> 
     </span>
     <span class='ocr_line' id='line_1_47' title="bbox 1437 408 2490 457; baseline 0.004 -12"><span class='ocrx_word' id='word_1_285' title='bbox 1437 409 1614 456; x_wconf 88' lang='lat' dir='ltr'><strong>inferiori,</strong></span> <span class='ocrx_word' id='word_1_286' title='bbox 1644 409 1714 446; x_wconf 91' lang='lat' dir='ltr'><strong>nisi</strong></span> <span class='ocrx_word' id='word_1_287' title='bbox 1744 408 1956 445; x_wconf 90' lang='lat' dir='ltr'><strong>secundum</strong></span> <span class='ocrx_word' id='word_1_288' title='bbox 1985 409 2121 457; x_wconf 92' lang='lat' dir='ltr'><strong>quod</strong></span> <span class='ocrx_word' id='word_1_289' title='bbox 2112 421 2151 446; x_wconf 88' lang='lat' dir='ltr'><strong>m</strong></span> <span class='ocrx_word' id='word_1_290' title='bbox 2170 409 2334 447; x_wconf 90' lang='lat' dir='ltr'><strong>inferiori</strong></span> <span class='ocrx_word' id='word_1_291' title='bbox 2355 420 2409 448; x_wconf 92' lang='lat' dir='ltr'><strong>est</strong></span> <span class='ocrx_word' id='word_1_292' title='bbox 2427 413 2490 449; x_wconf 92' lang='lat' dir='ltr'><strong>ali-</strong></span> 
     </span>
     <span class='ocr_line' id='line_1_48' title="bbox 1438 460 2491 510; baseline 0.003 -12"><span class='ocrx_word' id='word_1_293' title='bbox 1438 474 1514 509; x_wconf 91' lang='lat' dir='ltr'><strong>qua</strong></span> <span class='ocrx_word' id='word_1_294' title='bbox 1532 460 1766 510; x_wconf 88' lang='lat' dir='ltr'><strong>participatio</strong></span> <span class='ocrx_word' id='word_1_295' title='bbox 1787 460 2001 509; x_wconf 87' lang='lat' dir='ltr'><strong>superioris.</strong></span> <span class='ocrx_word' id='word_1_296' title='bbox 2026 461 2269 500; x_wconf 86' lang='lat' dir='ltr'><strong>Manifestum</strong></span> <span class='ocrx_word' id='word_1_297' title='bbox 2290 471 2344 500; x_wconf 93' lang='lat' dir='ltr'><strong>est</strong></span> <span class='ocrx_word' id='word_1_298' title='bbox 2364 472 2491 502; x_wconf 90' lang='lat' dir='ltr'><strong>autem</strong></span> 
     </span>
     <span class='ocr_line' id='line_1_49' title="bbox 1438 513 2491 564; baseline 0.003 -14"><span class='ocrx_word' id='word_1_299' title='bbox 1438 515 1543 563; x_wconf 91' lang='lat' dir='ltr'><strong>quod</strong></span> <span class='ocrx_word' id='word_1_300' title='bbox 1570 515 1693 551; x_wconf 79' lang='lat' dir='ltr'><strong>forma</strong></span> <span class='ocrx_word' id='word_1_301' title='bbox 1719 513 1870 562; x_wconf 90' lang='lat' dir='ltr'><strong>lapidis,</strong></span> <span class='ocrx_word' id='word_1_302' title='bbox 1899 514 1962 550; x_wconf 92' lang='lat' dir='ltr'><strong>vel</strong></span> <span class='ocrx_word' id='word_1_303' title='bbox 1991 513 2185 551; x_wconf 89' lang='lat' dir='ltr'><strong>cuiuslibet</strong></span> <span class='ocrx_word' id='word_1_304' title='bbox 2212 515 2266 551; x_wconf 93' lang='lat' dir='ltr'><strong>rei</strong></span> <span class='ocrx_word' id='word_1_305' title='bbox 2297 516 2491 564; x_wconf 87' lang='lat' dir='ltr'><strong>sensibilis,</strong></span> 
     </span>
     <span class='ocr_line' id='line_1_50' title="bbox 1439 566 2492 616; baseline 0.003 -13"><span class='ocrx_word' id='word_1_306' title='bbox 1439 575 1494 603; x_wconf 90' lang='lat' dir='ltr'><strong>est</strong></span> <span class='ocrx_word' id='word_1_307' title='bbox 1512 567 1664 603; x_wconf 89' lang='lat' dir='ltr'><strong>inferior</strong></span> <span class='ocrx_word' id='word_1_308' title='bbox 1677 566 1844 604; x_wconf 89' lang='lat' dir='ltr'><strong>homine.</strong></span> <span class='ocrx_word' id='word_1_309' title='bbox 1865 567 1975 603; x_wconf 86' lang='lat' dir='ltr'><strong>Unde</strong></span> <span class='ocrx_word' id='word_1_310' title='bbox 1992 578 2060 615; x_wconf 92' lang='lat' dir='ltr'><strong>per</strong></span> <span class='ocrx_word' id='word_1_311' title='bbox 2078 567 2241 604; x_wconf 88' lang='lat' dir='ltr'><strong>formam</strong></span> <span class='ocrx_word' id='word_1_312' title='bbox 2262 569 2394 616; x_wconf 89' lang='lat' dir='ltr'><strong>lapidis</strong></span> <span class='ocrx_word' id='word_1_313' title='bbox 2413 581 2492 606; x_wconf 91' lang='lat' dir='ltr'><strong>non</strong></span> 
     </span>
     <span class='ocr_line' id='line_1_51' title="bbox 1438 618 2490 668; baseline 0.002 -12"><span class='ocrx_word' id='word_1_314' title='bbox 1438 620 1631 668; x_wconf 89' lang='lat' dir='ltr'><strong>perficitur</strong></span> <span class='ocrx_word' id='word_1_315' title='bbox 1665 619 1871 656; x_wconf 86' lang='lat' dir='ltr'><strong>intellectus</strong></span> <span class='ocrx_word' id='word_1_316' title='bbox 1905 618 2130 668; x_wconf 89' lang='lat' dir='ltr'><strong>inquantum</strong></span> <span class='ocrx_word' id='word_1_317' title='bbox 2160 627 2214 656; x_wconf 90' lang='lat' dir='ltr'><strong>est</strong></span> <span class='ocrx_word' id='word_1_318' title='bbox 2240 620 2321 657; x_wconf 93' lang='lat' dir='ltr'><strong>talis</strong></span> <span class='ocrx_word' id='word_1_319' title='bbox 2349 621 2490 668; x_wconf 88' lang='lat' dir='ltr'><strong>forma,</strong></span> 
     </span>
     <span class='ocr_line' id='line_1_52' title="bbox 1438 671 2491 721; baseline 0.003 -13"><span class='ocrx_word' id='word_1_320' title='bbox 1438 672 1505 709; x_wconf 91' lang='lat' dir='ltr'><strong>sed</strong></span> <span class='ocrx_word' id='word_1_321' title='bbox 1519 672 1743 721; x_wconf 89' lang='lat' dir='ltr'><strong>inquantum</strong></span> <span class='ocrx_word' id='word_1_322' title='bbox 1763 671 1801 708; x_wconf 92' lang='lat' dir='ltr'><strong>in</strong></span> <span class='ocrx_word' id='word_1_323' title='bbox 1822 684 1866 708; x_wconf 92' lang='lat' dir='ltr'><strong>ea</strong></span> <span class='ocrx_word' id='word_1_324' title='bbox 1884 671 2126 720; x_wconf 89' lang='lat' dir='ltr'><strong>participatur</strong></span> <span class='ocrx_word' id='word_1_325' title='bbox 2144 672 2269 720; x_wconf 90' lang='lat' dir='ltr'><strong>aliqua</strong></span> <span class='ocrx_word' id='word_1_326' title='bbox 2288 673 2491 711; x_wconf 87' lang='lat' dir='ltr'><strong>similitudo</strong></span> 
     </span>
     <span class='ocr_line' id='line_1_53' title="bbox 1439 723 2491 773; baseline 0.003 -13"><span class='ocrx_word' id='word_1_327' title='bbox 1439 724 1592 761; x_wconf 90' lang='lat' dir='ltr'><strong>alicuius</strong></span> <span class='ocrx_word' id='word_1_328' title='bbox 1611 730 1623 745; x_wconf 58' lang='grc' dir='ltr'>ε</span> <span class='ocrx_word' id='word_1_329' title='bbox 1647 723 1752 772; x_wconf 93' lang='lat' dir='ltr'><strong>quod</strong></span> <span class='ocrx_word' id='word_1_330' title='bbox 1781 731 1836 760; x_wconf 92' lang='lat' dir='ltr'><strong>est</strong></span> <span class='ocrx_word' id='word_1_331' title='bbox 1867 736 1981 772; x_wconf 91' lang='lat' dir='ltr'><strong>supra</strong></span> <span class='ocrx_word' id='word_1_332' title='bbox 2007 724 2235 762; x_wconf 89' lang='lat' dir='ltr'><strong>intellectum</strong></span> <span class='ocrx_word' id='word_1_333' title='bbox 2267 726 2491 773; x_wconf 90' lang='lat' dir='ltr'><strong>humanum,</strong></span> 
     </span>
     <span class='ocr_line' id='line_1_54' title="bbox 1439 777 2491 826; baseline 0.003 -13"><span class='ocrx_word' id='word_1_334' title='bbox 1439 777 1578 814; x_wconf 90' lang='lat' dir='ltr'><strong>scilicet</strong></span> <span class='ocrx_word' id='word_1_335' title='bbox 1604 778 1735 813; x_wconf 90' lang='lat' dir='ltr'><strong>lumen</strong></span> <span class='ocrx_word' id='word_1_336' title='bbox 1762 777 2000 824; x_wconf 83' lang='lat' dir='ltr'><strong>intelligibile,</strong></span> <span class='ocrx_word' id='word_1_337' title='bbox 2019 778 2082 813; x_wconf 92' lang='lat' dir='ltr'><strong>vel</strong></span> <span class='ocrx_word' id='word_1_338' title='bbox 2101 777 2241 826; x_wconf 90' lang='lat' dir='ltr'><strong>aliquid</strong></span> <span class='ocrx_word' id='word_1_339' title='bbox 2260 779 2491 816; x_wconf 84' lang='lat' dir='ltr'><strong>huiusmodi.</strong></span> 
     </span>
     <span class='ocr_line' id='line_1_55' title="bbox 1440 829 2492 878; baseline 0.003 -12"><span class='ocrx_word' id='word_1_340' title='bbox 1440 830 1568 866; x_wconf 90' lang='lat' dir='ltr'><strong>Omne</strong></span> <span class='ocrx_word' id='word_1_341' title='bbox 1597 837 1726 866; x_wconf 87' lang='lat' dir='ltr'><strong>autern</strong></span> <span class='ocrx_word' id='word_1_342' title='bbox 1759 829 1864 878; x_wconf 92' lang='lat' dir='ltr'><strong>quod</strong></span> <span class='ocrx_word' id='word_1_343' title='bbox 1899 837 1954 866; x_wconf 91' lang='lat' dir='ltr'><strong>est</strong></span> <span class='ocrx_word' id='word_1_344' title='bbox 1980 841 2050 878; x_wconf 89' lang='lat' dir='ltr'><strong>per</strong></span> <span class='ocrx_word' id='word_1_345' title='bbox 2076 829 2197 876; x_wconf 88' lang='lat' dir='ltr'><strong>aliud,</strong></span> <span class='ocrx_word' id='word_1_346' title='bbox 2227 831 2416 868; x_wconf 91' lang='lat' dir='ltr'><strong>reducitur</strong></span> <span class='ocrx_word' id='word_1_347' title='bbox 2444 833 2492 869; x_wconf 92' lang='lat' dir='ltr'><strong>ad</strong></span> 
     </span>
     <span class='ocr_line' id='line_1_56' title="bbox 1439 882 2492 931; baseline 0.003 -13"><span class='ocrx_word' id='word_1_348' title='bbox 1439 882 1477 918; x_wconf 92' lang='lat' dir='ltr'><strong>id</strong></span> <span class='ocrx_word' id='word_1_349' title='bbox 1506 883 1609 931; x_wconf 91' lang='lat' dir='ltr'><strong>quod</strong></span> <span class='ocrx_word' id='word_1_350' title='bbox 1638 889 1693 918; x_wconf 92' lang='lat' dir='ltr'><strong>est</strong></span> <span class='ocrx_word' id='word_1_351' title='bbox 1719 893 1788 930; x_wconf 92' lang='lat' dir='ltr'><strong>per</strong></span> <span class='ocrx_word' id='word_1_352' title='bbox 1815 894 1867 919; x_wconf 91' lang='lat' dir='ltr'><strong>se.</strong></span> <span class='ocrx_word' id='word_1_353' title='bbox 1897 882 2007 919; x_wconf 91' lang='lat' dir='ltr'><strong>Unde</strong></span> <span class='ocrx_word' id='word_1_354' title='bbox 2043 890 2192 930; x_wconf 88' lang='lat' dir='ltr'><strong>oportet</strong></span> <span class='ocrx_word' id='word_1_355' title='bbox 2227 883 2333 930; x_wconf 93' lang='lat' dir='ltr'><strong>quod</strong></span> <span class='ocrx_word' id='word_1_356' title='bbox 2363 884 2492 921; x_wconf 90' lang='lat' dir='ltr'><strong>ultima</strong></span> 
     </span>
     <span class='ocr_line' id='line_1_57' title="bbox 1438 933 2492 984; baseline 0.001 -12"><span class='ocrx_word' id='word_1_357' title='bbox 1438 935 1619 984; x_wconf 84' lang='lat' dir='ltr'><strong>perfectio</strong></span> <span class='ocrx_word' id='word_1_358' title='bbox 1647 933 1813 971; x_wconf 91' lang='lat' dir='ltr'><strong>hominis</strong></span> <span class='ocrx_word' id='word_1_359' title='bbox 1841 934 1887 971; x_wconf 90' lang='lat' dir='ltr'><strong>sit</strong></span> <span class='ocrx_word' id='word_1_360' title='bbox 1903 946 1972 982; x_wconf 93' lang='lat' dir='ltr'><strong>per</strong></span> <span class='ocrx_word' id='word_1_361' title='bbox 1991 934 2245 982; x_wconf 87' lang='lat' dir='ltr'><strong>cognitionem</strong></span> <span class='ocrx_word' id='word_1_362' title='bbox 2265 935 2420 974; x_wconf 91' lang='lat' dir='ltr'><strong>alicuius</strong></span> <span class='ocrx_word' id='word_1_363' title='bbox 2440 937 2492 973; x_wconf 91' lang='lat' dir='ltr'><strong>rei</strong></span> 
     </span>
     <span class='ocr_line' id='line_1_58' title="bbox 1440 987 2492 1036; baseline 0.002 -12"><span class='ocrx_word' id='word_1_364' title='bbox 1440 1000 1538 1036; x_wconf 91' lang='lat' dir='ltr'><strong>quae</strong></span> <span class='ocrx_word' id='word_1_365' title='bbox 1566 987 1612 1024; x_wconf 90' lang='lat' dir='ltr'><strong>sit</strong></span> <span class='ocrx_word' id='word_1_366' title='bbox 1639 999 1751 1035; x_wconf 89' lang='lat' dir='ltr'><strong>supra</strong></span> <span class='ocrx_word' id='word_1_367' title='bbox 1779 987 2007 1024; x_wconf 91' lang='lat' dir='ltr'><strong>intellectum</strong></span> <span class='ocrx_word' id='word_1_368' title='bbox 2031 988 2254 1025; x_wconf 91' lang='lat' dir='ltr'><strong>humanum.</strong></span> <span class='ocrx_word' id='word_1_369' title='bbox 2285 989 2492 1026; x_wconf 90' lang='lat' dir='ltr'><strong>Ostensum</strong></span> 
     </span>
     <span class='ocr_line' id='line_1_59' title="bbox 1440 1039 2492 1089; baseline 0.002 -12"><span class='ocrx_word' id='word_1_370' title='bbox 1440 1048 1496 1077; x_wconf 91' lang='lat' dir='ltr'><strong>est</strong></span> <span class='ocrx_word' id='word_1_371' title='bbox 1522 1048 1650 1077; x_wconf 89' lang='lat' dir='ltr'><strong>autem</strong></span> <span class='ocrx_word' id='word_1_372' title='bbox 1677 1040 1697 1061; x_wconf 76' lang='lat'><strong>&#39;¹‘</strong></span> <span class='ocrx_word' id='word_1_373' title='bbox 1724 1040 1829 1088; x_wconf 92' lang='lat' dir='ltr'><strong>quod</strong></span> <span class='ocrx_word' id='word_1_374' title='bbox 1860 1052 1929 1088; x_wconf 91' lang='lat' dir='ltr'><strong>per</strong></span> <span class='ocrx_word' id='word_1_375' title='bbox 1955 1039 2142 1076; x_wconf 89' lang='lat' dir='ltr'><strong>sensibilia</strong></span> <span class='ocrx_word' id='word_1_376' title='bbox 2173 1053 2251 1077; x_wconf 92' lang='lat' dir='ltr'><strong>non</strong></span> <span class='ocrx_word' id='word_1_377' title='bbox 2278 1049 2403 1089; x_wconf 92' lang='lat' dir='ltr'><strong>potest</strong></span> <span class='ocrx_word' id='word_1_378' title='bbox 2429 1043 2492 1079; x_wconf 88' lang='lat' dir='ltr'><strong>de-</strong></span> 
     </span>
     <span class='ocr_line' id='line_1_60' title="bbox 1438 1091 2492 1142; baseline 0.002 -12"><span class='ocrx_word' id='word_1_379' title='bbox 1438 1093 1559 1130; x_wconf 91' lang='lat' dir='ltr'><strong>veniri</strong></span> <span class='ocrx_word' id='word_1_380' title='bbox 1579 1093 1616 1129; x_wconf 90' lang='lat' dir='ltr'><strong>in</strong></span> <span class='ocrx_word' id='word_1_381' title='bbox 1636 1092 1889 1140; x_wconf 88' lang='lat' dir='ltr'><strong>cognitionem</strong></span> <span class='ocrx_word' id='word_1_382' title='bbox 1910 1091 2203 1129; x_wconf 89' lang='lat' dir='ltr'><strong>substantiarum</strong></span> <span class='ocrx_word' id='word_1_383' title='bbox 2222 1102 2492 1142; x_wconf 89' lang='lat' dir='ltr'><strong>separatarum,</strong></span> 
     </span>
     <span class='ocr_line' id='line_1_61' title="bbox 1440 1144 2494 1194; baseline 0.002 -12"><span class='ocrx_word' id='word_1_384' title='bbox 1440 1157 1537 1194; x_wconf 90' lang='lat' dir='ltr'><strong>quae</strong></span> <span class='ocrx_word' id='word_1_385' title='bbox 1575 1152 1662 1182; x_wconf 91' lang='lat' dir='ltr'><strong>sunt</strong></span> <span class='ocrx_word' id='word_1_386' title='bbox 1701 1157 1814 1193; x_wconf 91' lang='lat' dir='ltr'><strong>supra</strong></span> <span class='ocrx_word' id='word_1_387' title='bbox 1849 1144 2077 1181; x_wconf 90' lang='lat' dir='ltr'><strong>intellectum</strong></span> <span class='ocrx_word' id='word_1_388' title='bbox 2117 1145 2340 1183; x_wconf 89' lang='lat' dir='ltr'><strong>humanum.</strong></span> <span class='ocrx_word' id='word_1_389' title='bbox 2382 1146 2494 1184; x_wconf 92' lang='lat' dir='ltr'><strong>Unde</strong></span> 
     </span>
     <span class='ocr_line' id='line_1_62' title="bbox 1440 1196 2494 1247; baseline 0.002 -13"><span class='ocrx_word' id='word_1_390' title='bbox 1440 1197 1660 1247; x_wconf 91' lang='lat' dir='ltr'><strong>relinquitur</strong></span> <span class='ocrx_word' id='word_1_391' title='bbox 1692 1197 1796 1246; x_wconf 92' lang='lat' dir='ltr'><strong>quod</strong></span> <span class='ocrx_word' id='word_1_392' title='bbox 1828 1196 1959 1234; x_wconf 90' lang='lat' dir='ltr'><strong>ultima</strong></span> <span class='ocrx_word' id='word_1_393' title='bbox 1992 1197 2158 1234; x_wconf 89' lang='lat' dir='ltr'><strong>hominis</strong></span> <span class='ocrx_word' id='word_1_394' title='bbox 2190 1198 2382 1236; x_wconf 90' lang='lat' dir='ltr'><strong>beatitudo</strong></span> <span class='ocrx_word' id='word_1_395' title='bbox 2416 1212 2494 1236; x_wconf 91' lang='lat' dir='ltr'><strong>non</strong></span> 
     </span>
     <span class='ocr_line' id='line_1_63' title="bbox 1439 1249 2495 1299; baseline 0.001 -12"><span class='ocrx_word' id='word_1_396' title='bbox 1439 1250 1557 1299; x_wconf 90' lang='lat' dir='ltr'><strong>possit</strong></span> <span class='ocrx_word' id='word_1_397' title='bbox 1571 1263 1653 1287; x_wconf 90' lang='lat' dir='ltr'><strong>esse</strong></span> <span class='ocrx_word' id='word_1_398' title='bbox 1671 1249 1710 1286; x_wconf 91' lang='lat' dir='ltr'><strong>in</strong></span> <span class='ocrx_word' id='word_1_399' title='bbox 1726 1249 2023 1286; x_wconf 87' lang='lat' dir='ltr'><strong>consideratione</strong></span> <span class='ocrx_word' id='word_1_400' title='bbox 2043 1250 2357 1298; x_wconf 87' lang='lat' dir='ltr'><strong>speculativarum</strong></span> <span class='ocrx_word' id='word_1_401' title='bbox 2377 1253 2495 1288; x_wconf 90' lang='lat' dir='ltr'><strong>scien-</strong></span> 
     </span>
     <span class='ocr_line' id='line_1_64' title="bbox 1439 1302 2496 1352; baseline 0.002 -13"><span class='ocrx_word' id='word_1_402' title='bbox 1439 1303 1588 1340; x_wconf 88' lang='lat' dir='ltr'><strong>tiarum.</strong></span> <span class='ocrx_word' id='word_1_403' title='bbox 1612 1324 1636 1330; x_wconf 92' lang='lat'>-</span> <span class='ocrx_word' id='word_1_404' title='bbox 1667 1302 1744 1339; x_wconf 90' lang='lat' dir='ltr'><strong>Sed</strong></span> <span class='ocrx_word' id='word_1_405' title='bbox 1771 1302 1866 1338; x_wconf 91' lang='lat' dir='ltr'><strong>sicut</strong></span> <span class='ocrx_word' id='word_1_406' title='bbox 1891 1302 1930 1338; x_wconf 91' lang='lat' dir='ltr'><strong>in</strong></span> <span class='ocrx_word' id='word_1_407' title='bbox 1961 1302 2094 1339; x_wconf 91' lang='lat' dir='ltr'><strong>formis</strong></span> <span class='ocrx_word' id='word_1_408' title='bbox 2122 1303 2358 1340; x_wconf 92' lang='lat' dir='ltr'><strong>sensibilibus</strong></span> <span class='ocrx_word' id='word_1_409' title='bbox 2386 1305 2496 1352; x_wconf 88' lang='lat' dir='ltr'><strong>parti-</strong></span> 
     </span>
     <span class='ocr_line' id='line_1_65' title="bbox 1442 1354 2496 1403; baseline 0.003 -12"><span class='ocrx_word' id='word_1_410' title='bbox 1442 1356 1585 1403; x_wconf 91' lang='lat' dir='ltr'><strong>cipatur</strong></span> <span class='ocrx_word' id='word_1_411' title='bbox 1612 1355 1736 1403; x_wconf 88' lang='lat' dir='ltr'><strong>aliqua</strong></span> <span class='ocrx_word' id='word_1_412' title='bbox 1769 1354 1972 1391; x_wconf 88' lang='lat' dir='ltr'><strong>similitudo</strong></span> <span class='ocrx_word' id='word_1_413' title='bbox 2007 1355 2245 1403; x_wconf 89' lang='lat' dir='ltr'><strong>superiorum</strong></span> <span class='ocrx_word' id='word_1_414' title='bbox 2273 1357 2496 1394; x_wconf 90' lang='lat' dir='ltr'><strong>substantia-</strong></span> 
     </span>
     <span class='ocr_line' id='line_1_66' title="bbox 1441 1407 2495 1456; baseline 0.004 -13"><span class='ocrx_word' id='word_1_415' title='bbox 1441 1419 1538 1455; x_wconf 91' lang='lat' dir='ltr'><strong>rum,</strong></span> <span class='ocrx_word' id='word_1_416' title='bbox 1566 1407 1617 1443; x_wconf 86' lang='lat' dir='ltr'><strong>ita</strong></span> <span class='ocrx_word' id='word_1_417' title='bbox 1645 1407 1892 1443; x_wconf 88' lang='lat' dir='ltr'><strong>consideratio</strong></span> <span class='ocrx_word' id='word_1_418' title='bbox 1914 1407 2155 1444; x_wconf 88' lang='lat' dir='ltr'><strong>scientiarum</strong></span> <span class='ocrx_word' id='word_1_419' title='bbox 2178 1408 2495 1456; x_wconf 79' lang='lat' dir='ltr'><strong>speculativarum</strong></span> 
     </span>
     <span class='ocr_line' id='line_1_67' title="bbox 1442 1459 2496 1509; baseline 0.003 -13"><span class='ocrx_word' id='word_1_420' title='bbox 1442 1467 1497 1496; x_wconf 87' lang='lat' dir='ltr'><strong>est</strong></span> <span class='ocrx_word' id='word_1_421' title='bbox 1524 1459 1712 1508; x_wconf 88' lang='lat' dir='ltr'><strong>quaedam</strong></span> <span class='ocrx_word' id='word_1_422' title='bbox 1739 1459 1972 1508; x_wconf 87' lang='lat' dir='ltr'><strong>participatio</strong></span> <span class='ocrx_word' id='word_1_423' title='bbox 2000 1472 2115 1496; x_wconf 90' lang='lat' dir='ltr'><strong>verae</strong></span> <span class='ocrx_word' id='word_1_424' title='bbox 2140 1467 2175 1497; x_wconf 93' lang='lat' dir='ltr'><strong>et</strong></span> <span class='ocrx_word' id='word_1_425' title='bbox 2192 1461 2380 1509; x_wconf 89' lang='lat' dir='ltr'><strong>perfectae</strong></span> <span class='ocrx_word' id='word_1_426' title='bbox 2408 1461 2496 1499; x_wconf 88' lang='lat' dir='ltr'><strong>bea-</strong></span> 
     </span>
     <span class='ocr_line' id='line_1_68' title="bbox 1440 1511 1619 1549; baseline -0.006 0"><span class='ocrx_word' id='word_1_427' title='bbox 1440 1511 1619 1549; x_wconf 84' lang='lat' dir='ltr'><strong>titudinis.</strong></span> 
     </span>
    </p>

    <p class='ocr_par' dir='ltr' id='par_1_16' title="bbox 1441 1565 2496 1759">
     <span class='ocr_line' id='line_1_69' title="bbox 1494 1565 2496 1615; baseline 0.002 -14"><span class='ocrx_word' id='word_1_428' title='bbox 1494 1567 1553 1601; x_wconf 83' lang='grc' dir='ltr'><strong>Αι)</strong></span> <span class='ocrx_word' id='word_1_429' title='bbox 1585 1575 1722 1601; x_wconf 68' lang='lat' dir='ltr'><strong>ptumum</strong></span> <span class='ocrx_word' id='word_1_430' title='bbox 1758 1575 1856 1600; x_wconf 83' lang='lat' dir='ltr'>ERGO</span> <span class='ocrx_word' id='word_1_431' title='bbox 1889 1575 2071 1600; x_wconf 82' lang='lat' dir='ltr'><strong>DICENDUM</strong></span> <span class='ocrx_word' id='word_1_432' title='bbox 2107 1565 2212 1612; x_wconf 92' lang='lat' dir='ltr'><strong>quod</strong></span> <span class='ocrx_word' id='word_1_433' title='bbox 2243 1565 2496 1615; x_wconf 90' lang='lat' dir='ltr'><strong>Philosophus</strong></span> 
     </span>
     <span class='ocr_line' id='line_1_70' title="bbox 1441 1616 2494 1668; baseline 0.002 -14"><span class='ocrx_word' id='word_1_434' title='bbox 1441 1618 1605 1665; x_wconf 90' lang='lat' dir='ltr'><strong>loquitur</strong></span> <span class='ocrx_word' id='word_1_435' title='bbox 1618 1617 1656 1653; x_wconf 90' lang='lat' dir='ltr'><strong>in</strong></span> <span class='ocrx_word' id='word_1_436' title='bbox 1671 1617 1765 1653; x_wconf 92' lang='lat' dir='ltr'><strong>libro</strong></span> <span class='ocrx_word' id='word_1_437' title='bbox 1779 1617 1997 1652; x_wconf 86' lang='lat' dir='ltr'><strong>Ethicorum</strong></span> <span class='ocrx_word' id='word_1_438' title='bbox 2016 1617 2063 1653; x_wconf 89' lang='lat' dir='ltr'><strong>de</strong></span> <span class='ocrx_word' id='word_1_439' title='bbox 2073 1616 2250 1653; x_wconf 71' lang='lat' dir='ltr'><strong>&#39;felicitate</strong></span> <span class='ocrx_word' id='word_1_440' title='bbox 2265 1618 2494 1668; x_wconf 88' lang='lat' dir='ltr'><strong>imperfecta,</strong></span> 
     </span>
     <span class='ocr_line' id='line_1_71' title="bbox 1442 1668 2496 1719; baseline 0.002 -13"><span class='ocrx_word' id='word_1_441' title='bbox 1442 1670 1600 1719; x_wconf 89' lang='lat' dir='ltr'><strong>qualiter</strong></span> <span class='ocrx_word' id='word_1_442' title='bbox 1618 1669 1629 1693; x_wconf 61' lang='grc' dir='ltr'>ἶ</span> <span class='ocrx_word' id='word_1_443' title='bbox 1657 1670 1694 1706; x_wconf 87' lang='grc'><strong>111</strong></span> <span class='ocrx_word' id='word_1_444' title='bbox 1722 1669 1794 1705; x_wconf 88' lang='lat' dir='ltr'><strong>hac</strong></span> <span class='ocrx_word' id='word_1_445' title='bbox 1820 1668 1898 1705; x_wconf 91' lang='lat' dir='ltr'><strong>vita</strong></span> <span class='ocrx_word' id='word_1_446' title='bbox 1915 1669 2045 1705; x_wconf 90' lang='lat' dir='ltr'><strong>haberi</strong></span> <span class='ocrx_word' id='word_1_447' title='bbox 2063 1676 2197 1718; x_wconf 90' lang='lat' dir='ltr'><strong>potest,</strong></span> <span class='ocrx_word' id='word_1_448' title='bbox 2217 1678 2259 1706; x_wconf 91' lang='lat' dir='ltr'><strong>ut</strong></span> <span class='ocrx_word' id='word_1_449' title='bbox 2278 1683 2391 1719; x_wconf 88' lang='lat' dir='ltr'><strong>supra</strong></span> <span class='ocrx_word' id='word_1_450' title='bbox 2405 1671 2425 1693; x_wconf 71' lang='lat'><strong>⁵¹⁸</strong></span> <span class='ocrx_word' id='word_1_451' title='bbox 2444 1672 2496 1708; x_wconf 89' lang='lat' dir='ltr'><strong>di-</strong></span> 
     </span>
     <span class='ocr_line' id='line_1_72' title="bbox 1444 1729 1642 1759; baseline -0.005 0"><span class='ocrx_word' id='word_1_452' title='bbox 1444 1729 1546 1759; x_wconf 91' lang='lat' dir='ltr'><strong>ctum</strong></span> <span class='ocrx_word' id='word_1_453' title='bbox 1577 1730 1642 1759; x_wconf 89' lang='lat' dir='ltr'><strong>est.</strong></span> 
     </span>
    </p>

    <p class='ocr_par' dir='ltr' id='par_1_17' title="bbox 1446 1774 2498 1929">
     <span class='ocr_line' id='line_1_73' title="bbox 1497 1774 2498 1822; baseline 0 -10"><span class='ocrx_word' id='word_1_454' title='bbox 1497 1777 1554 1812; x_wconf 85' lang='lat' dir='ltr'><strong>AD</strong></span> <span class='ocrx_word' id='word_1_455' title='bbox 1574 1786 1763 1812; x_wconf 81' lang='lat' dir='ltr'>SECUNDUM</span> <span class='ocrx_word' id='word_1_456' title='bbox 1782 1785 1963 1811; x_wconf 79' lang='lat' dir='ltr'><strong>mOENDUM</strong></span> <span class='ocrx_word' id='word_1_457' title='bbox 1983 1774 2087 1822; x_wconf 92' lang='lat' dir='ltr'><strong>quod</strong></span> <span class='ocrx_word' id='word_1_458' title='bbox 2109 1774 2324 1812; x_wconf 89' lang='lat' dir='ltr'><strong>naturaliter</strong></span> <span class='ocrx_word' id='word_1_459' title='bbox 2351 1775 2498 1812; x_wconf 88' lang='lat' dir='ltr'><strong>deside-</strong></span> 
     </span>
     <span class='ocr_line' id='line_1_74' title="bbox 1447 1827 2496 1874; baseline 0.001 -9"><span class='ocrx_word' id='word_1_460' title='bbox 1447 1835 1548 1865; x_wconf 88' lang='lat' dir='ltr'><strong>ratur</strong></span> <span class='ocrx_word' id='word_1_461' title='bbox 1575 1839 1654 1863; x_wconf 93' lang='lat' dir='ltr'><strong>non</strong></span> <span class='ocrx_word' id='word_1_462' title='bbox 1687 1827 1812 1863; x_wconf 90' lang='lat' dir='ltr'><strong>solum</strong></span> <span class='ocrx_word' id='word_1_463' title='bbox 1845 1827 2010 1874; x_wconf 87' lang='lat' dir='ltr'><strong>perfecta</strong></span> <span class='ocrx_word' id='word_1_464' title='bbox 2046 1827 2260 1873; x_wconf 90' lang='lat' dir='ltr'><strong>beatitudo,</strong></span> <span class='ocrx_word' id='word_1_465' title='bbox 2289 1828 2356 1864; x_wconf 93' lang='lat' dir='ltr'><strong>sed</strong></span> <span class='ocrx_word' id='word_1_466' title='bbox 2384 1828 2496 1866; x_wconf 89' lang='lat' dir='ltr'><strong>etiam</strong></span> 
     </span>
     <span class='ocr_line' id='line_1_75' title="bbox 1446 1878 2463 1929; baseline 0 -12"><span class='ocrx_word' id='word_1_467' title='bbox 1446 1881 1730 1929; x_wconf 90' lang='lat' dir='ltr'><strong>qualiscumque</strong></span> <span class='ocrx_word' id='word_1_468' title='bbox 1759 1879 1962 1915; x_wconf 91' lang='lat' dir='ltr'><strong>similitudo</strong></span> <span class='ocrx_word' id='word_1_469' title='bbox 1989 1879 2051 1915; x_wconf 92' lang='lat' dir='ltr'><strong>vel</strong></span> <span class='ocrx_word' id='word_1_470' title='bbox 2078 1878 2308 1927; x_wconf 88' lang='lat' dir='ltr'><strong>participatio</strong></span> <span class='ocrx_word' id='word_1_471' title='bbox 2337 1880 2463 1928; x_wconf 91' lang='lat' dir='ltr'><strong>ipsius.</strong></span> 
     </span>
    </p>

    <p class='ocr_par' dir='ltr' id='par_1_18' title="bbox 1446 1931 2500 2137">
     <span class='ocr_line' id='line_1_76' title="bbox 1499 1931 2497 1980; baseline 0 -11"><span class='ocrx_word' id='word_1_472' title='bbox 1499 1935 1557 1969; x_wconf 83' lang='lat' dir='ltr'><strong>An</strong></span> <span class='ocrx_word' id='word_1_473' title='bbox 1571 1944 1730 1969; x_wconf 78' lang='lat' dir='ltr'>TERTIUM</span> <span class='ocrx_word' id='word_1_474' title='bbox 1748 1943 1930 1968; x_wconf 78' lang='lat' dir='ltr'>D1CEND1JM</span> <span class='ocrx_word' id='word_1_475' title='bbox 1947 1931 2051 1980; x_wconf 93' lang='lat' dir='ltr'><strong>quod</strong></span> <span class='ocrx_word' id='word_1_476' title='bbox 2069 1944 2138 1980; x_wconf 92' lang='lat' dir='ltr'><strong>per</strong></span> <span class='ocrx_word' id='word_1_477' title='bbox 2157 1932 2497 1969; x_wconf 90' lang='lat' dir='ltr'><strong>considerationem</strong></span> 
     </span>
     <span class='ocr_line' id='line_1_77' title="bbox 1447 1984 2499 2032; baseline 0 -10"><span class='ocrx_word' id='word_1_478' title='bbox 1447 1985 1688 2022; x_wconf 87' lang='lat' dir='ltr'><strong>scientiarum</strong></span> <span class='ocrx_word' id='word_1_479' title='bbox 1726 1984 2042 2032; x_wconf 87' lang='lat' dir='ltr'><strong>speculativarum</strong></span> <span class='ocrx_word' id='word_1_480' title='bbox 2075 1984 2265 2020; x_wconf 91' lang='lat' dir='ltr'><strong>reducitur</strong></span> <span class='ocrx_word' id='word_1_481' title='bbox 2292 1986 2499 2022; x_wconf 90' lang='lat' dir='ltr'><strong>intellectus</strong></span> 
     </span>
     <span class='ocr_line' id='line_1_78' title="bbox 1446 2036 2500 2085; baseline 0 -11"><span class='ocrx_word' id='word_1_482' title='bbox 1446 2044 1575 2074; x_wconf 90' lang='lat' dir='ltr'><strong>noster</strong></span> <span class='ocrx_word' id='word_1_483' title='bbox 1600 2037 1725 2085; x_wconf 90' lang='lat' dir='ltr'><strong>aliquo</strong></span> <span class='ocrx_word' id='word_1_484' title='bbox 1754 2037 1873 2073; x_wconf 92' lang='lat' dir='ltr'><strong>modo</strong></span> <span class='ocrx_word' id='word_1_485' title='bbox 1902 2036 1940 2073; x_wconf 91' lang='lat' dir='ltr'><strong>in</strong></span> <span class='ocrx_word' id='word_1_486' title='bbox 1968 2044 2106 2084; x_wconf 90' lang='lat' dir='ltr'><strong>actum,</strong></span> <span class='ocrx_word' id='word_1_487' title='bbox 2136 2049 2215 2074; x_wconf 92' lang='lat' dir='ltr'><strong>non</strong></span> <span class='ocrx_word' id='word_1_488' title='bbox 2243 2045 2369 2074; x_wconf 90' lang='lat' dir='ltr'><strong>autem</strong></span> <span class='ocrx_word' id='word_1_489' title='bbox 2389 2038 2427 2074; x_wconf 92' lang='lat' dir='ltr'><strong>in</strong></span> <span class='ocrx_word' id='word_1_490' title='bbox 2445 2039 2500 2074; x_wconf 96' lang='lat' dir='ltr'><strong>ul-</strong></span> 
     </span>
     <span class='ocr_line' id='line_1_79' title="bbox 1446 2090 1919 2137; baseline -0.002 -10"><span class='ocrx_word' id='word_1_491' title='bbox 1446 2091 1582 2127; x_wconf 90' lang='lat' dir='ltr'><strong>timum</strong></span> <span class='ocrx_word' id='word_1_492' title='bbox 1611 2097 1647 2126; x_wconf 90' lang='lat' dir='ltr'><strong>et</strong></span> <span class='ocrx_word' id='word_1_493' title='bbox 1675 2090 1919 2137; x_wconf 87' lang='lat' dir='ltr'><strong>completum.</strong></span> 
     </span>
    </p>
   </div>
   <div class='ocr_carea' id='block_1_13' title="bbox 1447 2219 2502 2324">
    <p class='ocr_par' dir='ltr' id='par_1_19' title="bbox 1447 2219 2502 2324">
     <span class='ocr_line' id='line_1_80' title="bbox 1500 2219 2502 2254; baseline -0.003 -8"><span class='ocrx_word' id='word_1_494' title='bbox 1500 2224 1522 2254; x_wconf 86' lang='grc' dir='ltr'><strong>ε)</strong></span> <span class='ocrx_word' id='word_1_495' title='bbox 1541 2222 1632 2254; x_wconf 81' lang='lat' dir='ltr'><strong>aliqua</strong></span> <span class='ocrx_word' id='word_1_496' title='bbox 1650 2221 1796 2246; x_wconf 76' lang='lat' dir='ltr'><strong>similitudo</strong></span> <span class='ocrx_word' id='word_1_497' title='bbox 1819 2221 1940 2245; x_wconf 82' lang='lat' dir='ltr'><strong>alicuius.</strong></span> <span class='ocrx_word' id='word_1_498' title='bbox 1957 2233 1976 2238; x_wconf 95' lang='lat'><em>-</em></span> <span class='ocrx_word' id='word_1_499' title='bbox 1993 2220 2095 2252; x_wconf 80' lang='lat' dir='ltr'><strong>aliquid</strong></span> <span class='ocrx_word' id='word_1_500' title='bbox 2117 2219 2201 2244; x_wconf 86' lang='lat' dir='ltr'><strong>simile</strong></span> <span class='ocrx_word' id='word_1_501' title='bbox 2219 2220 2300 2244; x_wconf 82' lang='lat' dir='ltr'><strong>alicui</strong></span> <span class='ocrx_word' id='word_1_502' title='bbox 2318 2220 2370 2249; x_wconf 84' lang='lat' dir='ltr'><strong>Pa;</strong></span> <span class='ocrx_word' id='word_1_503' title='bbox 2389 2228 2436 2252; x_wconf 86' lang='lat' dir='ltr'><strong>pro</strong></span> <span class='ocrx_word' id='word_1_504' title='bbox 2453 2220 2502 2244; x_wconf 87' lang='lat' dir='ltr'><strong>ali-</strong></span> 
     </span>
     <span class='ocr_line' id='line_1_81' title="bbox 1447 2255 1999 2289; baseline -0.007 -7"><span class='ocrx_word' id='word_1_505' title='bbox 1447 2265 1507 2289; x_wconf 84' lang='lat' dir='ltr'><strong>qua,</strong></span> <span class='ocrx_word' id='word_1_506' title='bbox 1528 2257 1629 2288; x_wconf 70' lang='lat' dir='ltr'><strong>aliquid</strong></span> <span class='ocrx_word' id='word_1_507' title='bbox 1647 2257 1770 2288; x_wconf 76' lang='lat' dir='ltr'><strong>ACpBH,</strong></span> <span class='ocrx_word' id='word_1_508' title='bbox 1791 2255 1892 2287; x_wconf 81' lang='lat' dir='ltr'><strong>aliquid</strong></span> <span class='ocrx_word' id='word_1_509' title='bbox 1912 2255 1951 2279; x_wconf 87' lang='lat' dir='ltr'><strong>vel</strong></span> <span class='ocrx_word' id='word_1_510' title='bbox 1969 2255 1999 2279; x_wconf 90' lang='lat' dir='ltr'><strong>L.</strong></span> 
     </span>
     <span class='ocr_line' id='line_1_82' title="bbox 1499 2291 1880 2324; baseline -0.005 -8"><span class='ocrx_word' id='word_1_511' title='bbox 1499 2291 1524 2324; x_wconf 89' lang='grc' dir='ltr'><strong>ζ)</strong></span> <span class='ocrx_word' id='word_1_512' title='bbox 1544 2292 1667 2324; x_wconf 83' lang='lat' dir='ltr'><strong>qualiter.</strong></span> <span class='ocrx_word' id='word_1_513' title='bbox 1685 2306 1704 2310; x_wconf 93' lang='lat'><em>-</em></span> <span class='ocrx_word' id='word_1_514' title='bbox 1723 2291 1809 2323; x_wconf 84' lang='lat' dir='ltr'><strong>qualis</strong></span> <span class='ocrx_word' id='word_1_515' title='bbox 1828 2291 1880 2315; x_wconf 82' lang='lat' dir='ltr'><strong>EF.</strong></span> 
     </span>
    </p>
   </div>
   <div class='ocr_carea' id='block_1_14' title="bbox 1011 2404 1834 2439">
    <p class='ocr_par' dir='ltr' id='par_1_20' title="bbox 1011 2404 1834 2439">
     <span class='ocr_line' id='line_1_83' title="bbox 1011 2404 1834 2439; baseline -0.005 0"><span class='ocrx_word' id='word_1_516' title='bbox 1011 2405 1341 2439; x_wconf 70' lang='lat' dir='ltr'><strong>Commeat-,aria</strong></span> <span class='ocrx_word' id='word_1_517' title='bbox 1363 2404 1612 2438; x_wconf 76' lang='lat' dir='ltr'><strong>Cardinalis</strong></span> <span class='ocrx_word' id='word_1_518' title='bbox 1634 2404 1834 2437; x_wconf 78' lang='lat' dir='ltr'><strong>Caietani</strong></span> 
     </span>
    </p>
   </div>
   <div class='ocr_carea' id='block_1_15' title="bbox 339 2447 1401 3587">
    <p class='ocr_par' dir='ltr' id='par_1_21' title="bbox 339 2492 1400 2842">
     <span class='ocr_line' id='line_1_84' title="bbox 369 2492 1396 2535; baseline -0.006 -7"><span class='ocrx_word' id='word_1_519' title='bbox 369 2507 390 2528; x_wconf 72' lang='lat' dir='ltr'>u</span> <span class='ocrx_word' id='word_1_520' title='bbox 414 2496 545 2528; x_wconf 86' lang='lat' dir='ltr'><strong>articulo</strong></span> <span class='ocrx_word' id='word_1_521' title='bbox 569 2501 656 2526; x_wconf 85' lang='lat' dir='ltr'><strong>sexto</strong></span> <span class='ocrx_word' id='word_1_522' title='bbox 680 2495 822 2525; x_wconf 87' lang='lat' dir='ltr'><strong>eiusdem</strong></span> <span class='ocrx_word' id='word_1_523' title='bbox 843 2493 1036 2535; x_wconf 81' lang='lat' dir='ltr'><strong>quaestionis</strong></span> <span class='ocrx_word' id='word_1_524' title='bbox 1057 2492 1178 2530; x_wconf 82' lang='lat' dir='ltr'><strong>tertiae,</strong></span> <span class='ocrx_word' id='word_1_525' title='bbox 1199 2498 1275 2523; x_wconf 85' lang='lat' dir='ltr'><strong>nota</strong></span> <span class='ocrx_word' id='word_1_526' title='bbox 1300 2501 1396 2533; x_wconf 89' lang='lat' dir='ltr'><strong>quare</strong></span> 
     </span>
     <span class='ocr_line' id='line_1_85' title="bbox 342 2447 1398 2582; baseline -0.006 -10"><span class='ocrx_word' id='word_1_527' title='bbox 342 2447 473 2582; x_wconf 76' lang='lat' dir='ltr'><strong>Iprirna</strong></span> <span class='ocrx_word' id='word_1_528' title='bbox 487 2539 642 2580; x_wconf 84' lang='lat' dir='ltr'><strong>principia</strong></span> <span class='ocrx_word' id='word_1_529' title='bbox 656 2537 804 2581; x_wconf 85' lang='lat' dir='ltr'><strong>(scilicet,</strong></span> <span class='ocrx_word' id='word_1_530' title='bbox 822 2539 874 2569; x_wconf 92' lang='lat' dir='ltr'><strong>De</strong></span> <span class='ocrx_word' id='word_1_531' title='bbox 889 2537 1026 2578; x_wconf 77' lang='lat' dir='ltr'><strong>quolibet</strong></span> <span class='ocrx_word' id='word_1_532' title='bbox 1039 2538 1157 2568; x_wconf 86' lang='lat' dir='ltr'><strong>dicitur</strong></span> <span class='ocrx_word' id='word_1_533' title='bbox 1179 2545 1248 2568; x_wconf 84' lang='lat' dir='ltr'><strong>esse</strong></span> <span class='ocrx_word' id='word_1_534' title='bbox 1266 2537 1315 2567; x_wconf 83' lang='lat' dir='ltr'><strong>vel</strong></span> <span class='ocrx_word' id='word_1_535' title='bbox 1333 2537 1398 2566; x_wconf 66' lang='lat' dir='ltr'><strong>nor}</strong></span> 
     </span>
     <span class='ocr_line' id='line_1_86' title="bbox 339 2580 1400 2634; baseline -0.007 -17"><span class='ocrx_word' id='word_1_536' title='bbox 339 2595 418 2623; x_wconf 67' lang='lat' dir='ltr'><strong>esee,</strong></span> <span class='ocrx_word' id='word_1_537' title='bbox 438 2582 610 2634; x_wconf 45' lang='lat' dir='ltr'><strong>etc),·1icet</strong></span> <span class='ocrx_word' id='word_1_538' title='bbox 631 2583 808 2614; x_wconf 89' lang='lat' dir='ltr'><strong>secundum</strong></span> <span class='ocrx_word' id='word_1_539' title='bbox 824 2582 979 2612; x_wconf 88' lang='lat' dir='ltr'><strong>ambitum</strong></span> <span class='ocrx_word' id='word_1_540' title='bbox 1001 2581 1211 2612; x_wconf 87' lang='lat' dir='ltr'><strong>terminorum</strong></span> <span class='ocrx_word' id='word_1_541' title='bbox 1233 2580 1400 2611; x_wconf 76' lang='lat' dir='ltr'><strong>extendant</strong></span> 
     </span>
     <span class='ocr_line' id='line_1_87' title="bbox 340 2624 1397 2667; baseline -0.006 -7"><span class='ocrx_word' id='word_1_542' title='bbox 340 2639 375 2661; x_wconf 88' lang='lat' dir='ltr'><strong>se</strong></span> <span class='ocrx_word' id='word_1_543' title='bbox 389 2629 429 2660; x_wconf 85' lang='lat' dir='ltr'><strong>ad</strong></span> <span class='ocrx_word' id='word_1_544' title='bbox 445 2627 554 2659; x_wconf 90' lang='lat' dir='ltr'><strong>omnia</strong></span> <span class='ocrx_word' id='word_1_545' title='bbox 570 2627 765 2667; x_wconf 80' lang='lat' dir='ltr'><strong>simpliciter3</strong></span> <span class='ocrx_word' id='word_1_546' title='bbox 778 2626 811 2656; x_wconf 91' lang='lat' dir='ltr'><strong>in</strong></span> <span class='ocrx_word' id='word_1_547' title='bbox 823 2626 925 2662; x_wconf 88' lang='lat' dir='ltr'><strong>nobis,</strong></span> <span class='ocrx_word' id='word_1_548' title='bbox 941 2625 1044 2655; x_wconf 87' lang='lat' dir='ltr'><strong>idest·</strong></span> <span class='ocrx_word' id='word_1_549' title='bbox 1036 2635 1068 2655; x_wconf 87' lang='lat' dir='ltr'><strong>m</strong></span> <span class='ocrx_word' id='word_1_550' title='bbox 1085 2631 1192 2655; x_wconf 88' lang='lat' dir='ltr'><strong>nostra</strong></span> <span class='ocrx_word' id='word_1_551' title='bbox 1207 2624 1397 2664; x_wconf 89' lang='lat' dir='ltr'><strong>cognitione,</strong></span> 
     </span>
     <span class='ocr_line' id='line_1_88' title="bbox 340 2667 1397 2710; baseline -0.006 -7"><span class='ocrx_word' id='word_1_552' title='bbox 340 2683 406 2704; x_wconf 90' lang='lat' dir='ltr'><strong>non</strong></span> <span class='ocrx_word' id='word_1_553' title='bbox 433 2682 466 2702; x_wconf 89' lang='lat' dir='ltr'><strong>se</strong></span> <span class='ocrx_word' id='word_1_554' title='bbox 490 2671 662 2702; x_wconf 85' lang='lat' dir='ltr'><strong>extendunt</strong></span> <span class='ocrx_word' id='word_1_555' title='bbox 683 2670 765 2701; x_wconf 92' lang='lat' dir='ltr'><strong>ultra</strong></span> <span class='ocrx_word' id='word_1_556' title='bbox 787 2669 819 2700; x_wconf 89' lang='lat' dir='ltr'><strong>id</strong></span> <span class='ocrx_word' id='word_1_557' title='bbox 842 2679 908 2710; x_wconf 92' lang='lat' dir='ltr'><strong>quo</strong></span> <span class='ocrx_word' id='word_1_558' title='bbox 932 2669 1045 2700; x_wconf 88' lang='lat' dir='ltr'><strong>ducere</strong></span> <span class='ocrx_word' id='word_1_559' title='bbox 1069 2675 1204 2709; x_wconf 89' lang='lat' dir='ltr'><strong>possunt</strong></span> <span class='ocrx_word' id='word_1_560' title='bbox 1227 2667 1397 2698; x_wconf 85' lang='lat' dir='ltr'><strong>sensibilia:</strong></span> 
     </span>
     <span class='ocr_line' id='line_1_89' title="bbox 341 2711 1399 2758; baseline -0.006 -11"><span class='ocrx_word' id='word_1_561' title='bbox 341 2716 416 2758; x_wconf 88' lang='lat' dir='ltr'><strong>quia</strong></span> <span class='ocrx_word' id='word_1_562' title='bbox 431 2715 549 2746; x_wconf 90' lang='lat' dir='ltr'><strong>scilicet</strong></span> <span class='ocrx_word' id='word_1_563' title='bbox 571 2721 645 2745; x_wconf 90' lang='lat' dir='ltr'><strong>sunt</strong></span> <span class='ocrx_word' id='word_1_564' title='bbox 671 2720 798 2754; x_wconf 81' lang='lat' dir='ltr'><strong>accepta</strong></span> <span class='ocrx_word' id='word_1_565' title='bbox 821 2723 839 2743; x_wconf 87' lang='lat' dir='ltr'><strong>a</strong></span> <span class='ocrx_word' id='word_1_566' title='bbox 862 2713 1018 2749; x_wconf 88' lang='lat' dir='ltr'><strong>sensibus,</strong></span> <span class='ocrx_word' id='word_1_567' title='bbox 1043 2718 1074 2742; x_wconf 92' lang='lat' dir='ltr'><strong>et</strong></span> <span class='ocrx_word' id='word_1_568' title='bbox 1096 2713 1134 2742; x_wconf 91' lang='lat' dir='ltr'><strong>ab</strong></span> <span class='ocrx_word' id='word_1_569' title='bbox 1154 2711 1197 2742; x_wconf 87' lang='lat' dir='ltr'><strong>eis</strong></span> <span class='ocrx_word' id='word_1_570' title='bbox 1221 2712 1399 2752; x_wconf 91' lang='lat' dir='ltr'><strong>dependent</strong></span> 
     </span>
     <span class='ocr_line' id='line_1_90' title="bbox 342 2755 1398 2802; baseline -0.005 -12"><span class='ocrx_word' id='word_1_571' title='bbox 342 2760 449 2802; x_wconf 89' lang='lat' dir='ltr'><strong>quoad</strong></span> <span class='ocrx_word' id='word_1_572' title='bbox 462 2759 580 2800; x_wconf 87' lang='lat' dir='ltr'><strong>species</strong></span> <span class='ocrx_word' id='word_1_573' title='bbox 596 2765 627 2789; x_wconf 85' lang='lat' dir='ltr'><strong>et</strong></span> <span class='ocrx_word' id='word_1_574' title='bbox 637 2768 743 2788; x_wconf 89' lang='lat' dir='ltr'><strong>usum.</strong></span> <span class='ocrx_word' id='word_1_575' title='bbox 756 2758 803 2788; x_wconf 83' lang='lat' dir='ltr'><strong>Ex</strong></span> <span class='ocrx_word' id='word_1_576' title='bbox 818 2757 879 2788; x_wconf 90' lang='lat' dir='ltr'><strong>hoc</strong></span> <span class='ocrx_word' id='word_1_577' title='bbox 900 2757 985 2787; x_wconf 88' lang='lat' dir='ltr'><strong>enim</strong></span> <span class='ocrx_word' id='word_1_578' title='bbox 997 2756 1143 2797; x_wconf 87' lang='lat' dir='ltr'><strong>provenit</strong></span> <span class='ocrx_word' id='word_1_579' title='bbox 1158 2756 1246 2796; x_wconf 93' lang='lat' dir='ltr'><strong>quod</strong></span> <span class='ocrx_word' id='word_1_580' title='bbox 1262 2755 1321 2786; x_wconf 88' lang='lat' dir='ltr'><strong>nisi</strong></span> <span class='ocrx_word' id='word_1_581' title='bbox 1333 2765 1398 2796; x_wconf 94' lang='lat' dir='ltr'><strong>quo</strong></span> 
     </span>
     <span class='ocr_line' id='line_1_91' title="bbox 342 2800 1398 2842; baseline -0.006 -7"><span class='ocrx_word' id='word_1_582' title='bbox 342 2803 538 2835; x_wconf 74' lang='lat' dir='ltr'><strong>sensibilium</strong></span> <span class='ocrx_word' id='word_1_583' title='bbox 561 2802 680 2842; x_wconf 80' lang='lat' dir='ltr'><strong>species</strong></span> <span class='ocrx_word' id='word_1_584' title='bbox 699 2802 830 2837; x_wconf 90' lang='lat' dir='ltr'><strong>ducunt,</strong></span> <span class='ocrx_word' id='word_1_585' title='bbox 854 2810 1044 2841; x_wconf 85' lang='lat' dir='ltr'><strong>cognoscere</strong></span> <span class='ocrx_word' id='word_1_586' title='bbox 1063 2810 1123 2831; x_wconf 88' lang='lat' dir='ltr'><strong>nos</strong></span> <span class='ocrx_word' id='word_1_587' title='bbox 1139 2800 1240 2830; x_wconf 86' lang='lat' dir='ltr'><strong>facere</strong></span> <span class='ocrx_word' id='word_1_588' title='bbox 1255 2805 1398 2840; x_wconf 86' lang='lat' dir='ltr'><strong>possunt.</strong></span> 
     </span>
    </p>

    <p class='ocr_par' dir='ltr' id='par_1_22' title="bbox 342 2841 1401 3230">
     <span class='ocr_line' id='line_1_92' title="bbox 402 2841 1399 2883; baseline -0.005 -5"><span class='ocrx_word' id='word_1_589' title='bbox 402 2847 500 2878; x_wconf 83' lang='lat' dir='ltr'><strong>11.1n</strong></span> <span class='ocrx_word' id='word_1_590' title='bbox 524 2846 638 2877; x_wconf 89' lang='lat' dir='ltr'><strong>eodem</strong></span> <span class='ocrx_word' id='word_1_591' title='bbox 656 2845 787 2876; x_wconf 89' lang='lat' dir='ltr'><strong>articulo</strong></span> <span class='ocrx_word' id='word_1_592' title='bbox 811 2841 946 2876; x_wconf 85' lang='lat' dir='ltr'><strong>dubium</strong></span> <span class='ocrx_word' id='word_1_593' title='bbox 967 2845 1103 2875; x_wconf 90' lang='lat' dir='ltr'><strong>occurrit</strong></span> <span class='ocrx_word' id='word_1_594' title='bbox 1117 2844 1197 2875; x_wconf 85' lang='lat' dir='ltr'><strong>circa</strong></span> <span class='ocrx_word' id='word_1_595' title='bbox 1218 2844 1306 2874; x_wconf 87' lang='lat' dir='ltr'><strong>illam</strong></span> <span class='ocrx_word' id='word_1_596' title='bbox 1327 2853 1399 2883; x_wconf 90' lang='lat' dir='ltr'><strong>pro-</strong></span> 
     </span>
     <span class='ocr_line' id='line_1_93' title="bbox 342 2888 1399 2933; baseline -0.006 -10"><span class='ocrx_word' id='word_1_597' title='bbox 342 2891 551 2933; x_wconf 89' lang='lat' dir='ltr'><strong>positionem:</strong></span> <span class='ocrx_word' id='word_1_598' title='bbox 575 2890 665 2920; x_wconf 86' lang='lat' dir='ltr'><strong>Nihil</strong></span> <span class='ocrx_word' id='word_1_599' title='bbox 680 2889 851 2930; x_wconf 79' lang='lat' dir='ltr'><strong>perficitur</strong></span> <span class='ocrx_word' id='word_1_600' title='bbox 877 2889 916 2919; x_wconf 87' lang='lat' dir='ltr'><strong>ab</strong></span> <span class='ocrx_word' id='word_1_601' title='bbox 943 2889 1050 2930; x_wconf 82' lang='lat' dir='ltr'><strong>aliquo</strong></span> <span class='ocrx_word' id='word_1_602' title='bbox 1074 2888 1243 2928; x_wconf 87' lang='lat' dir='ltr'><strong>inferiori,</strong></span> <span class='ocrx_word' id='word_1_603' title='bbox 1269 2889 1331 2918; x_wconf 85' lang='lat' dir='ltr'><strong>nisi</strong></span> <span class='ocrx_word' id='word_1_604' title='bbox 1352 2897 1399 2918; x_wconf 89' lang='lat' dir='ltr'><strong>se-</strong></span> 
     </span>
     <span class='ocr_line' id='line_1_94' title="bbox 343 2931 1399 2975; baseline -0.006 -8"><span class='ocrx_word' id='word_1_605' title='bbox 343 2935 482 2967; x_wconf 83' lang='lat' dir='ltr'><strong>cundum</strong></span> <span class='ocrx_word' id='word_1_606' title='bbox 501 2934 586 2975; x_wconf 84' lang='lat' dir='ltr'><strong>quod</strong></span> <span class='ocrx_word' id='word_1_607' title='bbox 608 2934 639 2963; x_wconf 87' lang='lat' dir='ltr'><strong>in</strong></span> <span class='ocrx_word' id='word_1_608' title='bbox 664 2932 814 2974; x_wconf 82' lang='lat' dir='ltr'><strong>inferiori</strong></span> <span class='ocrx_word' id='word_1_609' title='bbox 836 2937 882 2963; x_wconf 82' lang='lat' dir='ltr'><strong>est</strong></span> <span class='ocrx_word' id='word_1_610' title='bbox 903 2933 1012 2972; x_wconf 82' lang='lat' dir='ltr'><strong>aliqua</strong></span> <span class='ocrx_word' id='word_1_611' title='bbox 1029 2932 1234 2972; x_wconf 78' lang='lat' dir='ltr'><strong>participatio</strong></span> <span class='ocrx_word' id='word_1_612' title='bbox 1256 2931 1399 2971; x_wconf 81' lang='lat' dir='ltr'><strong>superio-</strong></span> 
     </span>
     <span class='ocr_line' id='line_1_95' title="bbox 344 2974 1400 3018; baseline -0.007 -7"><span class='ocrx_word' id='word_1_613' title='bbox 344 2981 399 3011; x_wconf 84' lang='lat' dir='ltr'><strong>ris.</strong></span> <span class='ocrx_word' id='word_1_614' title='bbox 423 2977 527 3014; x_wconf 79' lang='lat' dir='ltr'><strong>Haec,</strong></span> <span class='ocrx_word' id='word_1_615' title='bbox 552 2987 650 3018; x_wconf 85' lang='lat' dir='ltr'><strong>quam</strong></span> <span class='ocrx_word' id='word_1_616' title='bbox 678 2976 768 3018; x_wconf 86' lang='lat' dir='ltr'><strong>quasi</strong></span> <span class='ocrx_word' id='word_1_617' title='bbox 798 2975 969 3006; x_wconf 88' lang='lat' dir='ltr'><strong>maximam</strong></span> <span class='ocrx_word' id='word_1_618' title='bbox 998 2975 1099 3006; x_wconf 87' lang='lat' dir='ltr'><strong>littera</strong></span> <span class='ocrx_word' id='word_1_619' title='bbox 1128 2975 1276 3011; x_wconf 84' lang='lat' dir='ltr'><strong>assumit,</strong></span> <span class='ocrx_word' id='word_1_620' title='bbox 1306 2974 1400 3004; x_wconf 83' lang='lat' dir='ltr'><strong>habet</strong></span> 
     </span>
     <span class='ocr_line' id='line_1_96' title="bbox 343 3018 1400 3059; baseline -0.007 -5"><span class='ocrx_word' id='word_1_621' title='bbox 343 3022 525 3054; x_wconf 77' lang='lat' dir='ltr'><strong>manifestas</strong></span> <span class='ocrx_word' id='word_1_622' title='bbox 543 3020 720 3052; x_wconf 84' lang='lat' dir='ltr'><strong>instantias:</strong></span> <span class='ocrx_word' id='word_1_623' title='bbox 745 3026 780 3050; x_wconf 94' lang='lat' dir='ltr'><strong>ut</strong></span> <span class='ocrx_word' id='word_1_624' title='bbox 796 3029 869 3050; x_wconf 90' lang='lat' dir='ltr'><strong>cum</strong></span> <span class='ocrx_word' id='word_1_625' title='bbox 885 3019 985 3050; x_wconf 88' lang='lat' dir='ltr'><strong>homo</strong></span> <span class='ocrx_word' id='word_1_626' title='bbox 1001 3018 1160 3059; x_wconf 85' lang='lat' dir='ltr'><strong>perficitur</strong></span> <span class='ocrx_word' id='word_1_627' title='bbox 1173 3018 1236 3048; x_wconf 81' lang='lat' dir='ltr'><strong>ab</strong></span> <span class='ocrx_word' id='word_1_628' title='bbox 1228 3028 1309 3058; x_wconf 76' lang='lat' dir='ltr'><strong>igne,</strong></span> <span class='ocrx_word' id='word_1_629' title='bbox 1323 3018 1400 3048; x_wconf 87' lang='lat' dir='ltr'><strong>dum</strong></span> 
     </span>
     <span class='ocr_line' id='line_1_97' title="bbox 344 3062 1400 3106; baseline -0.008 -7"><span class='ocrx_word' id='word_1_630' title='bbox 344 3065 462 3103; x_wconf 60' lang='lat' dir='ltr'><strong>:alesin</strong></span> <span class='ocrx_word' id='word_1_631' title='bbox 486 3073 526 3102; x_wconf 91' lang='lat' dir='ltr'><strong>et,</strong></span> <span class='ocrx_word' id='word_1_632' title='bbox 543 3065 631 3106; x_wconf 90' lang='lat' dir='ltr'><strong>quod</strong></span> <span class='ocrx_word' id='word_1_633' title='bbox 654 3064 754 3104; x_wconf 86' lang='lat' dir='ltr'><strong>magis</strong></span> <span class='ocrx_word' id='word_1_634' title='bbox 777 3069 876 3104; x_wconf 88' lang='lat' dir='ltr'><strong>urget,</strong></span> <span class='ocrx_word' id='word_1_635' title='bbox 897 3072 971 3094; x_wconf 89' lang='lat' dir='ltr'><strong>cum</strong></span> <span class='ocrx_word' id='word_1_636' title='bbox 995 3072 1104 3093; x_wconf 82' lang='lat' dir='ltr'><strong>sensus</strong></span> <span class='ocrx_word' id='word_1_637' title='bbox 1120 3062 1279 3102; x_wconf 89' lang='lat' dir='ltr'><strong>perficitur</strong></span> <span class='ocrx_word' id='word_1_638' title='bbox 1296 3062 1334 3092; x_wconf 84' lang='lat' dir='ltr'><strong>ab</strong></span> <span class='ocrx_word' id='word_1_639' title='bbox 1351 3071 1400 3091; x_wconf 81' lang='lat' dir='ltr'><strong>ex-</strong></span> 
     </span>
     <span class='ocr_line' id='line_1_98' title="bbox 343 3106 1401 3149; baseline -0.007 -7"><span class='ocrx_word' id='word_1_640' title='bbox 343 3106 453 3142; x_wconf 82' lang='lat' dir='ltr'><strong>traneo</strong></span> <span class='ocrx_word' id='word_1_641' title='bbox 477 3109 625 3146; x_wconf 84' lang='lat' dir='ltr'><strong>sensibili,</strong></span> <span class='ocrx_word' id='word_1_642' title='bbox 649 3109 738 3149; x_wconf 93' lang='lat' dir='ltr'><strong>quod</strong></span> <span class='ocrx_word' id='word_1_643' title='bbox 761 3114 883 3138; x_wconf 78' lang='lat' dir='ltr'><strong>constat</strong></span> <span class='ocrx_word' id='word_1_644' title='bbox 905 3117 972 3138; x_wconf 88' lang='lat' dir='ltr'><strong>esse</strong></span> <span class='ocrx_word' id='word_1_645' title='bbox 994 3106 1149 3136; x_wconf 85' lang='lat' dir='ltr'><strong>inferioris</strong></span> <span class='ocrx_word' id='word_1_646' title='bbox 1173 3106 1302 3142; x_wconf 90' lang='lat' dir='ltr'><strong>ordinis,</strong></span> <span class='ocrx_word' id='word_1_647' title='bbox 1327 3115 1401 3136; x_wconf 89' lang='lat' dir='ltr'><strong>cum</strong></span> 
     </span>
     <span class='ocr_line' id='line_1_99' title="bbox 344 3149 1400 3194; baseline -0.007 -8"><span class='ocrx_word' id='word_1_648' title='bbox 344 3155 383 3186; x_wconf 91' lang='lat' dir='ltr'><strong>sit</strong></span> <span class='ocrx_word' id='word_1_649' title='bbox 405 3154 439 3185; x_wconf 85' lang='lat' dir='ltr'><strong>in</strong></span> <span class='ocrx_word' id='word_1_650' title='bbox 462 3163 575 3194; x_wconf 87' lang='lat' dir='ltr'><strong>genere</strong></span> <span class='ocrx_word' id='word_1_651' title='bbox 601 3152 860 3188; x_wconf 84' lang='lat' dir='ltr'><strong>inanimatorum,</strong></span> <span class='ocrx_word' id='word_1_652' title='bbox 885 3161 994 3182; x_wconf 91' lang='lat' dir='ltr'><strong>sensus</strong></span> <span class='ocrx_word' id='word_1_653' title='bbox 1018 3157 1124 3181; x_wconf 88' lang='lat' dir='ltr'><strong>autem</strong></span> <span class='ocrx_word' id='word_1_654' title='bbox 1146 3150 1179 3180; x_wconf 91' lang='lat' dir='ltr'><strong>in</strong></span> <span class='ocrx_word' id='word_1_655' title='bbox 1203 3149 1312 3180; x_wconf 89' lang='lat' dir='ltr'><strong>ordine</strong></span> <span class='ocrx_word' id='word_1_656' title='bbox 1335 3149 1400 3179; x_wconf 86' lang='lat' dir='ltr'><strong>ani-</strong></span> 
     </span>
     <span class='ocr_line' id='line_1_100' title="bbox 344 3197 612 3230; baseline -0.012 0"><span class='ocrx_word' id='word_1_657' title='bbox 344 3209 415 3230; x_wconf 87' lang='lat' dir='ltr'><strong>mae</strong></span> <span class='ocrx_word' id='word_1_658' title='bbox 438 3197 612 3229; x_wconf 86' lang='lat' dir='ltr'><strong>sensitivae.</strong></span> 
     </span>
    </p>

    <p class='ocr_par' dir='ltr' id='par_1_23' title="bbox 343 3236 1400 3545">
     <span class='ocr_line' id='line_1_101' title="bbox 399 3236 1400 3277; baseline -0.006 -5"><span class='ocrx_word' id='word_1_659' title='bbox 399 3242 451 3272; x_wconf 88' lang='lat'><strong>111.</strong></span> <span class='ocrx_word' id='word_1_660' title='bbox 476 3242 527 3272; x_wconf 92' lang='lat' dir='ltr'><strong>Ad</strong></span> <span class='ocrx_word' id='word_1_661' title='bbox 546 3240 734 3271; x_wconf 81' lang='lat' dir='ltr'><strong>evidentiam</strong></span> <span class='ocrx_word' id='word_1_662' title='bbox 750 3239 854 3275; x_wconf 88' lang='lat' dir='ltr'><strong>huius,</strong></span> <span class='ocrx_word' id='word_1_663' title='bbox 872 3237 1041 3269; x_wconf 89' lang='lat' dir='ltr'><strong>dicendum</strong></span> <span class='ocrx_word' id='word_1_664' title='bbox 1057 3246 1103 3268; x_wconf 88' lang='lat' dir='ltr'><strong>est</strong></span> <span class='ocrx_word' id='word_1_665' title='bbox 1121 3236 1210 3277; x_wconf 93' lang='lat' dir='ltr'><strong>quod</strong></span> <span class='ocrx_word' id='word_1_666' title='bbox 1224 3236 1400 3277; x_wconf 88' lang='lat' dir='ltr'><strong>propositio</strong></span> 
     </span>
     <span class='ocr_line' id='line_1_102' title="bbox 343 3280 1399 3326; baseline -0.007 -9"><span class='ocrx_word' id='word_1_667' title='bbox 343 3286 398 3317; x_wconf 80' lang='lat' dir='ltr'><strong>illa</strong></span> <span class='ocrx_word' id='word_1_668' title='bbox 420 3296 479 3326; x_wconf 89' lang='lat' dir='ltr'><strong>pro</strong></span> <span class='ocrx_word' id='word_1_669' title='bbox 503 3285 639 3315; x_wconf 85' lang='lat' dir='ltr'><strong>maxima</strong></span> <span class='ocrx_word' id='word_1_670' title='bbox 662 3284 806 3314; x_wconf 87' lang='lat' dir='ltr'><strong>habenda</strong></span> <span class='ocrx_word' id='word_1_671' title='bbox 829 3289 891 3319; x_wconf 87' lang='lat' dir='ltr'><strong>est,</strong></span> <span class='ocrx_word' id='word_1_672' title='bbox 917 3282 971 3313; x_wconf 89' lang='lat' dir='ltr'><strong>sed</strong></span> <span class='ocrx_word' id='word_1_673' title='bbox 994 3292 1059 3312; x_wconf 90' lang='lat' dir='ltr'><strong>non</strong></span> <span class='ocrx_word' id='word_1_674' title='bbox 1083 3288 1128 3312; x_wconf 86' lang='lat' dir='ltr'><strong>est</strong></span> <span class='ocrx_word' id='word_1_675' title='bbox 1145 3280 1346 3320; x_wconf 80' lang='lat' dir='ltr'><strong>intelligenda</strong></span> <span class='ocrx_word' id='word_1_676' title='bbox 1362 3280 1399 3310; x_wconf 91' lang='lat' dir='ltr'><strong>de</strong></span> 
     </span>
     <span class='ocr_line' id='line_1_103' title="bbox 343 3325 1401 3371; baseline -0.008 -10"><span class='ocrx_word' id='word_1_677' title='bbox 343 3330 535 3371; x_wconf 80' lang='lat' dir='ltr'><strong>perfectione</strong></span> <span class='ocrx_word' id='word_1_678' title='bbox 558 3328 735 3359; x_wconf 87' lang='lat' dir='ltr'><strong>secundum</strong></span> <span class='ocrx_word' id='word_1_679' title='bbox 757 3327 849 3368; x_wconf 90' lang='lat' dir='ltr'><strong>quid,</strong></span> <span class='ocrx_word' id='word_1_680' title='bbox 874 3327 929 3357; x_wconf 88' lang='lat' dir='ltr'><strong>sed</strong></span> <span class='ocrx_word' id='word_1_681' title='bbox 952 3325 1146 3366; x_wconf 85' lang='lat' dir='ltr'><strong>simpliciter;</strong></span> <span class='ocrx_word' id='word_1_682' title='bbox 1166 3325 1210 3355; x_wconf 85' lang='lat' dir='ltr'><strong>ita</strong></span> <span class='ocrx_word' id='word_1_683' title='bbox 1223 3325 1313 3365; x_wconf 89' lang='lat' dir='ltr'><strong>quod</strong></span> <span class='ocrx_word' id='word_1_684' title='bbox 1333 3334 1401 3354; x_wconf 87' lang='lat' dir='ltr'><strong>sen-</strong></span> 
     </span>
     <span class='ocr_line' id='line_1_104' title="bbox 343 3368 1399 3413; baseline -0.007 -8"><span class='ocrx_word' id='word_1_685' title='bbox 343 3384 398 3405; x_wconf 84' lang='lat' dir='ltr'><strong>sus</strong></span> <span class='ocrx_word' id='word_1_686' title='bbox 421 3381 482 3405; x_wconf 86' lang='lat' dir='ltr'><strong>est:</strong></span> <span class='ocrx_word' id='word_1_687' title='bbox 506 3373 596 3404; x_wconf 87' lang='lat' dir='ltr'><strong>Nihil</strong></span> <span class='ocrx_word' id='word_1_688' title='bbox 612 3372 782 3413; x_wconf 76' lang='lat' dir='ltr'><strong>perficitur</strong></span> <span class='ocrx_word' id='word_1_689' title='bbox 803 3372 988 3411; x_wconf 78' lang='lat' dir='ltr'><strong>simpliciter</strong></span> <span class='ocrx_word' id='word_1_690' title='bbox 1012 3380 1076 3410; x_wconf 79' lang='lat' dir='ltr'><strong>per</strong></span> <span class='ocrx_word' id='word_1_691' title='bbox 1097 3369 1218 3409; x_wconf 85' lang='lat' dir='ltr'><strong>aliquid</strong></span> <span class='ocrx_word' id='word_1_692' title='bbox 1251 3368 1399 3408; x_wconf 83' lang='lat' dir='ltr'><strong>inferius,</strong></span> 
     </span>
     <span class='ocr_line' id='line_1_105' title="bbox 344 3412 1401 3458; baseline -0.007 -9"><span class='ocrx_word' id='word_1_693' title='bbox 344 3419 406 3449; x_wconf 87' lang='lat' dir='ltr'><strong>nisi</strong></span> <span class='ocrx_word' id='word_1_694' title='bbox 428 3425 486 3449; x_wconf 90' lang='lat' dir='ltr'><strong>etc.</strong></span> <span class='ocrx_word' id='word_1_695' title='bbox 509 3417 550 3448; x_wconf 86' lang='lat' dir='ltr'><strong>Et</strong></span> <span class='ocrx_word' id='word_1_696' title='bbox 573 3426 628 3458; x_wconf 89' lang='lat' dir='ltr'><strong>per</strong></span> <span class='ocrx_word' id='word_1_697' title='bbox 650 3416 713 3446; x_wconf 92' lang='lat' dir='ltr'><strong>hoc</strong></span> <span class='ocrx_word' id='word_1_698' title='bbox 736 3415 911 3446; x_wconf 84' lang='lat' dir='ltr'><strong>excluditur</strong></span> <span class='ocrx_word' id='word_1_699' title='bbox 940 3414 1045 3444; x_wconf 87' lang='grc'>01111115</span> <span class='ocrx_word' id='word_1_700' title='bbox 1070 3412 1218 3443; x_wconf 84' lang='lat' dir='ltr'><strong>instantia</strong></span> <span class='ocrx_word' id='word_1_701' title='bbox 1241 3412 1279 3442; x_wconf 90' lang='lat' dir='ltr'><strong>de</strong></span> <span class='ocrx_word' id='word_1_702' title='bbox 1302 3412 1401 3453; x_wconf 85' lang='lat' dir='ltr'><strong>perfe-</strong></span> 
     </span>
     <span class='ocr_line' id='line_1_106' title="bbox 344 3453 1399 3496; baseline -0.008 -3"><span class='ocrx_word' id='word_1_703' title='bbox 344 3461 501 3493; x_wconf 88' lang='lat' dir='ltr'><strong>ctionibus</strong></span> <span class='ocrx_word' id='word_1_704' title='bbox 531 3459 788 3491; x_wconf 83' lang='lat' dir='ltr'><strong>accidentalibus:</strong></span> <span class='ocrx_word' id='word_1_705' title='bbox 814 3458 990 3489; x_wconf 90' lang='lat' dir='ltr'><strong>subiectum</strong></span> <span class='ocrx_word' id='word_1_706' title='bbox 1014 3457 1099 3488; x_wconf 89' lang='lat' dir='ltr'><strong>enim</strong></span> <span class='ocrx_word' id='word_1_707' title='bbox 1122 3455 1298 3487; x_wconf 90' lang='lat' dir='ltr'><strong>secundum</strong></span> <span class='ocrx_word' id='word_1_708' title='bbox 1322 3453 1399 3496; x_wconf 90' lang='lat' dir='ltr'><strong>quid</strong></span> 
     </span>
     <span class='ocr_line' id='line_1_107' title="bbox 343 3501 1127 3545; baseline -0.008 -8"><span class='ocrx_word' id='word_1_709' title='bbox 343 3512 468 3537; x_wconf 84' lang='lat' dir='ltr'><strong>tantum</strong></span> <span class='ocrx_word' id='word_1_710' title='bbox 491 3504 650 3545; x_wconf 89' lang='lat' dir='ltr'><strong>perficitur</strong></span> <span class='ocrx_word' id='word_1_711' title='bbox 673 3504 711 3533; x_wconf 92' lang='lat' dir='ltr'><strong>ab</strong></span> <span class='ocrx_word' id='word_1_712' title='bbox 734 3502 919 3533; x_wconf 91' lang='lat' dir='ltr'><strong>huiusmodi</strong></span> <span class='ocrx_word' id='word_1_713' title='bbox 943 3501 1127 3542; x_wconf 80' lang='lat' dir='ltr'><strong>perfectivis.</strong></span> 
     </span>
    </p>

    <p class='ocr_par' dir='ltr' id='par_1_24' title="bbox 398 3544 1400 3587">
     <span class='ocr_line' id='line_1_108' title="bbox 398 3544 1400 3587; baseline -0.007 -7"><span class='ocrx_word' id='word_1_714' title='bbox 398 3549 498 3580; x_wconf 88' lang='lat' dir='ltr'><strong>Radix</strong></span> <span class='ocrx_word' id='word_1_715' title='bbox 521 3555 628 3579; x_wconf 85' lang='lat' dir='ltr'><strong>autem</strong></span> <span class='ocrx_word' id='word_1_716' title='bbox 651 3547 746 3578; x_wconf 91' lang='lat' dir='ltr'><strong>huius</strong></span> <span class='ocrx_word' id='word_1_717' title='bbox 769 3546 995 3587; x_wconf 88' lang='lat' dir='ltr'><strong>propositionis</strong></span> <span class='ocrx_word' id='word_1_718' title='bbox 1014 3552 1060 3576; x_wconf 89' lang='lat' dir='ltr'><strong>est</strong></span> <span class='ocrx_word' id='word_1_719' title='bbox 1075 3544 1158 3585; x_wconf 88' lang='lat' dir='ltr'><strong>quia,</strong></span> <span class='ocrx_word' id='word_1_720' title='bbox 1180 3554 1252 3574; x_wconf 87' lang='lat' dir='ltr'><strong>cum</strong></span> <span class='ocrx_word' id='word_1_721' title='bbox 1275 3553 1400 3583; x_wconf 81' lang='lat' dir='ltr'><strong>semper</strong></span> 
     </span>
    </p>
   </div>
   <div class='ocr_carea' id='block_1_16' title="bbox 486 3606 1007 3635">
    <p class='ocr_par' dir='ltr' id='par_1_25' title="bbox 486 3606 1007 3635">
     <span class='ocr_line' id='line_1_109' title="bbox 486 3606 1007 3635; baseline -0.008 -1"><span class='ocrx_word' id='word_1_722' title='bbox 486 3610 595 3635; x_wconf 65' lang='lat' dir='ltr'><strong>Summa</strong></span> <span class='ocrx_word' id='word_1_723' title='bbox 614 3609 714 3633; x_wconf 73' lang='lat' dir='ltr'><strong>Tuam..</strong></span> <span class='ocrx_word' id='word_1_724' title='bbox 735 3608 765 3632; x_wconf 94' lang='lat' dir='ltr'><strong>D.</strong></span> <span class='ocrx_word' id='word_1_725' title='bbox 784 3607 898 3632; x_wconf 62' lang='lat' dir='ltr'><strong>Tnonar.</strong></span> <span class='ocrx_word' id='word_1_726' title='bbox 917 3606 949 3630; x_wconf 91' lang='lat' dir='ltr'><strong>T.</strong></span> <span class='ocrx_word' id='word_1_727' title='bbox 968 3606 1007 3630; x_wconf 87' lang='lat'><strong>111.</strong></span> 
     </span>
    </p>
   </div>
   <div class='ocr_carea' id='block_1_17' title="bbox 1449 2489 2543 3405">
    <p class='ocr_par' dir='ltr' id='par_1_26' title="bbox 1449 2489 2507 3188">
     <span class='ocr_line' id='line_1_110' title="bbox 1450 2489 2502 2532; baseline -0.003 -10"><span class='ocrx_word' id='word_1_728' title='bbox 1450 2501 1552 2532; x_wconf 81' lang='lat' dir='ltr'><strong>agens</strong></span> <span class='ocrx_word' id='word_1_729' title='bbox 1567 2490 1784 2522; x_wconf 84' lang='lat' dir='ltr'><strong>honorabilius</strong></span> <span class='ocrx_word' id='word_1_730' title='bbox 1797 2490 1839 2521; x_wconf 83' lang='lat' dir='ltr'><strong>sit</strong></span> <span class='ocrx_word' id='word_1_731' title='bbox 1847 2491 1991 2530; x_wconf 80' lang='lat' dir='ltr'><strong>patiente</strong></span> <span class='ocrx_word' id='word_1_732' title='bbox 2005 2489 2033 2528; x_wconf 81' lang='lat'><strong>²¹¹,</strong></span> <span class='ocrx_word' id='word_1_733' title='bbox 2051 2495 2176 2529; x_wconf 90' lang='lat' dir='ltr'><strong>oportet</strong></span> <span class='ocrx_word' id='word_1_734' title='bbox 2198 2496 2234 2520; x_wconf 91' lang='lat' dir='ltr'><strong>ut</strong></span> <span class='ocrx_word' id='word_1_735' title='bbox 2257 2500 2294 2519; x_wconf 90' lang='lat' dir='ltr'><strong>eo</strong></span> <span class='ocrx_word' id='word_1_736' title='bbox 2318 2490 2416 2520; x_wconf 91' lang='lat' dir='ltr'><strong>modo</strong></span> <span class='ocrx_word' id='word_1_737' title='bbox 2436 2499 2502 2530; x_wconf 91' lang='lat' dir='ltr'><strong>quo</strong></span> 
     </span>
     <span class='ocr_line' id='line_1_111' title="bbox 1449 2533 2504 2576; baseline -0.003 -10"><span class='ocrx_word' id='word_1_738' title='bbox 1449 2535 1569 2576; x_wconf 83' lang='lat' dir='ltr'><strong>aliquid</strong></span> <span class='ocrx_word' id='word_1_739' title='bbox 1593 2541 1639 2566; x_wconf 89' lang='lat' dir='ltr'><strong>est</strong></span> <span class='ocrx_word' id='word_1_740' title='bbox 1660 2534 1851 2575; x_wconf 87' lang='lat' dir='ltr'><strong>perfectibile</strong></span> <span class='ocrx_word' id='word_1_741' title='bbox 1874 2535 1912 2564; x_wconf 85' lang='lat' dir='ltr'><strong>ab</strong></span> <span class='ocrx_word' id='word_1_742' title='bbox 1936 2534 2044 2574; x_wconf 86' lang='lat' dir='ltr'><strong>aliquo</strong></span> <span class='ocrx_word' id='word_1_743' title='bbox 2067 2539 2187 2573; x_wconf 83' lang='lat' dir='ltr'><strong>agente,</strong></span> <span class='ocrx_word' id='word_1_744' title='bbox 2207 2534 2320 2563; x_wconf 88' lang='lat' dir='ltr'><strong>eodem</strong></span> <span class='ocrx_word' id='word_1_745' title='bbox 2347 2534 2445 2564; x_wconf 90' lang='lat' dir='ltr'><strong>modo</strong></span> <span class='ocrx_word' id='word_1_746' title='bbox 2465 2533 2504 2564; x_wconf 87' lang='lat' dir='ltr'><strong>sit</strong></span> 
     </span>
     <span class='ocr_line' id='line_1_112' title="bbox 1450 2577 2502 2619; baseline -0.003 -9"><span class='ocrx_word' id='word_1_747' title='bbox 1450 2579 1621 2619; x_wconf 86' lang='lat' dir='ltr'><strong>ignobilius</strong></span> <span class='ocrx_word' id='word_1_748' title='bbox 1648 2579 1720 2609; x_wconf 89' lang='lat' dir='ltr'><strong>illo:</strong></span> <span class='ocrx_word' id='word_1_749' title='bbox 1745 2579 1771 2609; x_wconf 84' lang='lat' dir='ltr'><strong>si</strong></span> <span class='ocrx_word' id='word_1_750' title='bbox 1794 2585 1840 2608; x_wconf 86' lang='lat' dir='ltr'><strong>est</strong></span> <span class='ocrx_word' id='word_1_751' title='bbox 1867 2577 2058 2618; x_wconf 85' lang='lat' dir='ltr'><strong>perfectibile</strong></span> <span class='ocrx_word' id='word_1_752' title='bbox 2085 2578 2124 2608; x_wconf 77' lang='lat' dir='ltr'><strong>ab</strong></span> <span class='ocrx_word' id='word_1_753' title='bbox 2149 2587 2186 2607; x_wconf 86' lang='lat' dir='ltr'><strong>eo</strong></span> <span class='ocrx_word' id='word_1_754' title='bbox 2209 2578 2384 2608; x_wconf 77' lang='lat' dir='ltr'><strong>secundum</strong></span> <span class='ocrx_word' id='word_1_755' title='bbox 2407 2577 2502 2617; x_wconf 93' lang='lat' dir='ltr'><strong>quid,</strong></span> 
     </span>
     <span class='ocr_line' id='line_1_113' title="bbox 1451 2621 2504 2663; baseline -0.003 -9"><span class='ocrx_word' id='word_1_756' title='bbox 1451 2630 1498 2654; x_wconf 85' lang='lat' dir='ltr'><strong>est</strong></span> <span class='ocrx_word' id='word_1_757' title='bbox 1515 2622 1685 2663; x_wconf 87' lang='lat' dir='ltr'><strong>ignobilius</strong></span> <span class='ocrx_word' id='word_1_758' title='bbox 1701 2622 1877 2653; x_wconf 87' lang='lat' dir='ltr'><strong>secundum</strong></span> <span class='ocrx_word' id='word_1_759' title='bbox 1899 2621 1994 2662; x_wconf 90' lang='lat' dir='ltr'><strong>quid;</strong></span> <span class='ocrx_word' id='word_1_760' title='bbox 2018 2628 2049 2652; x_wconf 86' lang='lat' dir='ltr'><strong>et</strong></span> <span class='ocrx_word' id='word_1_761' title='bbox 2071 2621 2097 2651; x_wconf 88' lang='lat' dir='ltr'><strong>si</strong></span> <span class='ocrx_word' id='word_1_762' title='bbox 2120 2627 2166 2651; x_wconf 91' lang='lat' dir='ltr'><strong>est</strong></span> <span class='ocrx_word' id='word_1_763' title='bbox 2181 2621 2371 2661; x_wconf 87' lang='lat' dir='ltr'><strong>perfectibile</strong></span> <span class='ocrx_word' id='word_1_764' title='bbox 2386 2621 2504 2661; x_wconf 89' lang='lat' dir='ltr'><strong>simpli—</strong></span> 
     </span>
     <span class='ocr_line' id='line_1_114' title="bbox 1451 2664 2506 2706; baseline -0.001 -9"><span class='ocrx_word' id='word_1_765' title='bbox 1451 2666 1541 2702; x_wconf 89' lang='lat' dir='ltr'><strong>citer,</strong></span> <span class='ocrx_word' id='word_1_766' title='bbox 1566 2673 1612 2697; x_wconf 90' lang='lat' dir='ltr'><strong>est</strong></span> <span class='ocrx_word' id='word_1_767' title='bbox 1639 2666 1808 2706; x_wconf 90' lang='lat' dir='ltr'><strong>ignobilius</strong></span> <span class='ocrx_word' id='word_1_768' title='bbox 1837 2664 2027 2705; x_wconf 90' lang='lat' dir='ltr'><strong>simpliciter.</strong></span> <span class='ocrx_word' id='word_1_769' title='bbox 2050 2664 2091 2695; x_wconf 93' lang='lat' dir='ltr'><strong>Et</strong></span> <span class='ocrx_word' id='word_1_770' title='bbox 2114 2664 2188 2705; x_wconf 87' lang='lat' dir='ltr'><strong>quia</strong></span> <span class='ocrx_word' id='word_1_771' title='bbox 2211 2674 2306 2695; x_wconf 91' lang='lat' dir='ltr'><strong>omne</strong></span> <span class='ocrx_word' id='word_1_772' title='bbox 2329 2674 2423 2705; x_wconf 86' lang='lat' dir='ltr'><strong>agens</strong></span> <span class='ocrx_word' id='word_1_773' title='bbox 2443 2664 2506 2704; x_wconf 87' lang='lat' dir='ltr'><strong>agit</strong></span> 
     </span>
     <span class='ocr_line' id='line_1_115' title="bbox 1451 2707 2504 2748; baseline -0.002 -8"><span class='ocrx_word' id='word_1_774' title='bbox 1451 2710 1510 2741; x_wconf 91' lang='lat' dir='ltr'><strong>sibi</strong></span> <span class='ocrx_word' id='word_1_775' title='bbox 1538 2710 1653 2746; x_wconf 81' lang='lat' dir='ltr'><strong>simile,</strong></span> <span class='ocrx_word' id='word_1_776' title='bbox 1677 2719 1734 2740; x_wconf 91' lang='lat' dir='ltr'><strong>nec</strong></span> <span class='ocrx_word' id='word_1_777' title='bbox 1764 2709 1852 2739; x_wconf 91' lang='lat' dir='ltr'><strong>aliter</strong></span> <span class='ocrx_word' id='word_1_778' title='bbox 1874 2718 1968 2748; x_wconf 86' lang='lat' dir='ltr'><strong>agens</strong></span> <span class='ocrx_word' id='word_1_779' title='bbox 1992 2707 2112 2748; x_wconf 89' lang='lat' dir='ltr'><strong>perficit</strong></span> <span class='ocrx_word' id='word_1_780' title='bbox 2134 2708 2254 2748; x_wconf 89' lang='lat' dir='ltr'><strong>patiens</strong></span> <span class='ocrx_word' id='word_1_781' title='bbox 2278 2707 2337 2738; x_wconf 90' lang='lat' dir='ltr'><strong>nisi</strong></span> <span class='ocrx_word' id='word_1_782' title='bbox 2359 2708 2504 2738; x_wconf 90' lang='lat' dir='ltr'><strong>similitu-</strong></span> 
     </span>
     <span class='ocr_line' id='line_1_116' title="bbox 1452 2751 2504 2788; baseline -0.003 -4"><span class='ocrx_word' id='word_1_783' title='bbox 1452 2754 1559 2784; x_wconf 90' lang='lat' dir='ltr'><strong>dinem</strong></span> <span class='ocrx_word' id='word_1_784' title='bbox 1581 2763 1672 2784; x_wconf 84' lang='lat' dir='ltr'><strong>suam</strong></span> <span class='ocrx_word' id='word_1_785' title='bbox 1688 2753 1716 2784; x_wconf 89' lang='lat' dir='ltr'><strong>ei</strong></span> <span class='ocrx_word' id='word_1_786' title='bbox 1739 2752 2022 2788; x_wconf 84' lang='lat' dir='ltr'><strong>communicando;</strong></span> <span class='ocrx_word' id='word_1_787' title='bbox 2043 2751 2183 2782; x_wconf 84' lang='lat' dir='ltr'><strong>eiusdem</strong></span> <span class='ocrx_word' id='word_1_788' title='bbox 2202 2751 2330 2782; x_wconf 87' lang='lat' dir='ltr'><strong>rationis</strong></span> <span class='ocrx_word' id='word_1_789' title='bbox 2354 2758 2400 2782; x_wconf 89' lang='lat' dir='ltr'><strong>est</strong></span> <span class='ocrx_word' id='word_1_790' title='bbox 2419 2761 2504 2782; x_wconf 90' lang='lat' dir='ltr'><strong>com-</strong></span> 
     </span>
     <span class='ocr_line' id='line_1_117' title="bbox 1452 2795 2506 2848; baseline -0.003 -20"><span class='ocrx_word' id='word_1_791' title='bbox 1452 2808 1560 2848; x_wconf 79' lang='lat' dir='ltr'><strong>parare</strong></span> <span class='ocrx_word' id='word_1_792' title='bbox 1589 2798 1710 2838; x_wconf 90' lang='lat' dir='ltr'><strong>aliquid</strong></span> <span class='ocrx_word' id='word_1_793' title='bbox 1735 2796 1926 2837; x_wconf 86' lang='lat' dir='ltr'><strong>perfectibile</strong></span> <span class='ocrx_word' id='word_1_794' title='bbox 1949 2797 1989 2826; x_wconf 84' lang='lat' dir='ltr'><strong>ad</strong></span> <span class='ocrx_word' id='word_1_795' title='bbox 2012 2795 2238 2836; x_wconf 84' lang='lat' dir='ltr'><strong>perfectionem</strong></span> <span class='ocrx_word' id='word_1_796' title='bbox 2268 2795 2451 2831; x_wconf 81' lang='lat' dir='ltr'><strong>formalem,</strong></span> <span class='ocrx_word' id='word_1_797' title='bbox 2474 2802 2506 2826; x_wconf 86' lang='lat' dir='ltr'><strong>et</strong></span> 
     </span>
     <span class='ocr_line' id='line_1_118' title="bbox 1452 2839 2504 2889; baseline -0.003 -17"><span class='ocrx_word' id='word_1_798' title='bbox 1452 2842 1618 2882; x_wconf 91' lang='lat' dir='ltr'><strong>proprium</strong></span> <span class='ocrx_word' id='word_1_799' title='bbox 1641 2851 1735 2881; x_wconf 88' lang='lat' dir='ltr'><strong>agens</strong></span> <span class='ocrx_word' id='word_1_800' title='bbox 1757 2841 1858 2876; x_wconf 85' lang='lat' dir='ltr'><strong>illius,</strong></span> <span class='ocrx_word' id='word_1_801' title='bbox 1883 2840 1990 2880; x_wconf 89' lang='lat' dir='ltr'><strong>quoad</strong></span> <span class='ocrx_word' id='word_1_802' title='bbox 2012 2840 2073 2870; x_wconf 92' lang='lat' dir='ltr'><strong>hoc</strong></span> <span class='ocrx_word' id='word_1_803' title='bbox 2097 2840 2185 2889; x_wconf 83' lang='lat' dir='ltr'><strong>quod</strong></span> <span class='ocrx_word' id='word_1_804' title='bbox 2209 2846 2255 2869; x_wconf 89' lang='lat' dir='ltr'><strong>est</strong></span> <span class='ocrx_word' id='word_1_805' title='bbox 2277 2849 2343 2869; x_wconf 90' lang='lat' dir='ltr'><strong>esse</strong></span> <span class='ocrx_word' id='word_1_806' title='bbox 2366 2839 2504 2870; x_wconf 83' lang='lat' dir='ltr'><strong>nobilius</strong></span> 
     </span>
     <span class='ocr_line' id='line_1_119' title="bbox 1451 2882 2506 2925; baseline -0.004 -9"><span class='ocrx_word' id='word_1_807' title='bbox 1451 2886 1502 2916; x_wconf 90' lang='lat' dir='ltr'><strong>vel</strong></span> <span class='ocrx_word' id='word_1_808' title='bbox 1523 2885 1702 2925; x_wconf 78' lang='lat' dir='ltr'><strong>ignobilius.</strong></span> <span class='ocrx_word' id='word_1_809' title='bbox 1727 2885 1774 2915; x_wconf 84' lang='lat' dir='ltr'><strong>Ex</strong></span> <span class='ocrx_word' id='word_1_810' title='bbox 1796 2885 1858 2915; x_wconf 90' lang='lat' dir='ltr'><strong>hoc</strong></span> <span class='ocrx_word' id='word_1_811' title='bbox 1876 2884 1961 2915; x_wconf 83' lang='lat' dir='ltr'><strong>enim</strong></span> <span class='ocrx_word' id='word_1_812' title='bbox 1979 2883 2124 2923; x_wconf 88' lang='lat' dir='ltr'><strong>provenit</strong></span> <span class='ocrx_word' id='word_1_813' title='bbox 2142 2883 2230 2924; x_wconf 91' lang='lat' dir='ltr'><strong>quod</strong></span> <span class='ocrx_word' id='word_1_814' title='bbox 2252 2883 2330 2913; x_wconf 91' lang='lat' dir='ltr'><strong>nihil</strong></span> <span class='ocrx_word' id='word_1_815' title='bbox 2347 2882 2506 2923; x_wconf 89' lang='lat' dir='ltr'><strong>perficitur</strong></span> 
     </span>
     <span class='ocr_line' id='line_1_120' title="bbox 1453 2926 2506 2970; baseline -0.004 -10"><span class='ocrx_word' id='word_1_816' title='bbox 1453 2929 1635 2970; x_wconf 88' lang='lat' dir='ltr'><strong>simpliciter</strong></span> <span class='ocrx_word' id='word_1_817' title='bbox 1657 2929 1695 2959; x_wconf 89' lang='lat' dir='ltr'><strong>ab</strong></span> <span class='ocrx_word' id='word_1_818' title='bbox 1719 2928 1826 2968; x_wconf 87' lang='lat' dir='ltr'><strong>aliquo</strong></span> <span class='ocrx_word' id='word_1_819' title='bbox 1850 2927 2004 2963; x_wconf 90' lang='lat' dir='ltr'><strong>inferiori,</strong></span> <span class='ocrx_word' id='word_1_820' title='bbox 2028 2926 2088 2956; x_wconf 88' lang='lat' dir='ltr'><strong>nisi</strong></span> <span class='ocrx_word' id='word_1_821' title='bbox 2111 2926 2199 2967; x_wconf 93' lang='lat' dir='ltr'><strong>quod</strong></span> <span class='ocrx_word' id='word_1_822' title='bbox 2225 2926 2389 2966; x_wconf 85' lang='lat' dir='ltr'><strong>participat</strong></span> <span class='ocrx_word' id='word_1_823' title='bbox 2412 2936 2506 2966; x_wconf 91' lang='lat' dir='ltr'><strong>supe-</strong></span> 
     </span>
     <span class='ocr_line' id='line_1_121' title="bbox 1451 2950 2507 3012; baseline -0.004 -9"><span class='ocrx_word' id='word_1_824' title='bbox 1451 2974 1526 3004; x_wconf 93' lang='lat' dir='ltr'><strong>rius.</strong></span> <span class='ocrx_word' id='word_1_825' title='bbox 1550 2973 1633 3003; x_wconf 84' lang='lat' dir='ltr'><strong>Nam</strong></span> <span class='ocrx_word' id='word_1_826' title='bbox 1657 2972 1682 3002; x_wconf 90' lang='lat' dir='ltr'><strong>si</strong></span> <span class='ocrx_word' id='word_1_827' title='bbox 1706 2971 1887 3012; x_wconf 89' lang='lat' dir='ltr'><strong>simpliciter</strong></span> <span class='ocrx_word' id='word_1_828' title='bbox 1917 2950 2075 3011; x_wconf 89' lang='lat' dir='ltr'><strong>perficitur</strong></span> <span class='ocrx_word' id='word_1_829' title='bbox 2097 2970 2135 3000; x_wconf 83' lang='lat' dir='ltr'><strong>ab</strong></span> <span class='ocrx_word' id='word_1_830' title='bbox 2158 2969 2232 3006; x_wconf 91' lang='lat' dir='ltr'><strong>illo,</strong></span> <span class='ocrx_word' id='word_1_831' title='bbox 2257 2975 2302 3000; x_wconf 90' lang='lat' dir='ltr'><strong>est</strong></span> <span class='ocrx_word' id='word_1_832' title='bbox 2325 2969 2507 3010; x_wconf 87' lang='lat' dir='ltr'><strong>simpliciter</strong></span> 
     </span>
     <span class='ocr_line' id='line_1_122' title="bbox 1451 3013 2504 3056; baseline -0.004 -9"><span class='ocrx_word' id='word_1_833' title='bbox 1451 3017 1580 3047; x_wconf 88' lang='lat' dir='ltr'><strong>inferius</strong></span> <span class='ocrx_word' id='word_1_834' title='bbox 1598 3016 1653 3046; x_wconf 88' lang='lat' dir='ltr'><strong>illo</strong></span> <span class='ocrx_word' id='word_1_835' title='bbox 1670 3015 1857 3056; x_wconf 82' lang='lat' dir='ltr'><strong>perfective:</strong></span> <span class='ocrx_word' id='word_1_836' title='bbox 1882 3021 1912 3045; x_wconf 88' lang='lat' dir='ltr'><strong>et</strong></span> <span class='ocrx_word' id='word_1_837' title='bbox 1934 3013 1960 3044; x_wconf 86' lang='lat' dir='ltr'><strong>si</strong></span> <span class='ocrx_word' id='word_1_838' title='bbox 1981 3014 2060 3044; x_wconf 91' lang='lat' dir='ltr'><strong>illud</strong></span> <span class='ocrx_word' id='word_1_839' title='bbox 2083 3013 2288 3054; x_wconf 88' lang='lat' dir='ltr'><strong>perfectivum</strong></span> <span class='ocrx_word' id='word_1_840' title='bbox 2304 3020 2351 3044; x_wconf 91' lang='lat' dir='ltr'><strong>est</strong></span> <span class='ocrx_word' id='word_1_841' title='bbox 2365 3013 2504 3049; x_wconf 88' lang='lat' dir='ltr'><strong>inferius,</strong></span> 
     </span>
     <span class='ocr_line' id='line_1_123' title="bbox 1452 3057 2506 3108; baseline -0.004 -17"><span class='ocrx_word' id='word_1_842' title='bbox 1452 3069 1628 3101; x_wconf 88' lang='lat' dir='ltr'><strong>nunquam,</strong></span> <span class='ocrx_word' id='word_1_843' title='bbox 1645 3067 1680 3090; x_wconf 90' lang='lat' dir='ltr'><strong>ut</strong></span> <span class='ocrx_word' id='word_1_844' title='bbox 1695 3060 1748 3095; x_wconf 88' lang='lat' dir='ltr'><strong>sic,</strong></span> <span class='ocrx_word' id='word_1_845' title='bbox 1766 3058 1903 3099; x_wconf 87' lang='lat' dir='ltr'><strong>perficiet</strong></span> <span class='ocrx_word' id='word_1_846' title='bbox 1922 3057 2105 3108; x_wconf 79' lang='lat' dir='ltr'><strong>simpliciter</strong></span> <span class='ocrx_word' id='word_1_847' title='bbox 2122 3067 2218 3088; x_wconf 87' lang='lat' dir='ltr'><strong>suum</strong></span> <span class='ocrx_word' id='word_1_848' title='bbox 2241 3057 2403 3097; x_wconf 86' lang='lat' dir='ltr'><strong>superius;</strong></span> <span class='ocrx_word' id='word_1_849' title='bbox 2426 3067 2506 3098; x_wconf 88' lang='lat' dir='ltr'><strong>quo-</strong></span> 
     </span>
     <span class='ocr_line' id='line_1_124' title="bbox 1452 3100 2506 3142; baseline -0.003 -8"><span class='ocrx_word' id='word_1_850' title='bbox 1452 3105 1538 3134; x_wconf 86' lang='lat' dir='ltr'><strong>niam</strong></span> <span class='ocrx_word' id='word_1_851' title='bbox 1562 3110 1641 3134; x_wconf 86' lang='lat' dir='ltr'><strong>esset</strong></span> <span class='ocrx_word' id='word_1_852' title='bbox 1655 3100 1845 3142; x_wconf 86' lang='lat' dir='ltr'><strong>simpliciter</strong></span> <span class='ocrx_word' id='word_1_853' title='bbox 1871 3102 2016 3142; x_wconf 84' lang='lat' dir='ltr'><strong>superius</strong></span> <span class='ocrx_word' id='word_1_854' title='bbox 2039 3107 2070 3132; x_wconf 90' lang='lat' dir='ltr'><strong>et</strong></span> <span class='ocrx_word' id='word_1_855' title='bbox 2091 3101 2221 3132; x_wconf 86' lang='lat' dir='ltr'><strong>inferius</strong></span> <span class='ocrx_word' id='word_1_856' title='bbox 2252 3107 2395 3141; x_wconf 84' lang='lat' dir='ltr'><strong>respectu</strong></span> <span class='ocrx_word' id='word_1_857' title='bbox 2425 3101 2506 3132; x_wconf 85' lang='lat' dir='ltr'><strong>eius-</strong></span> 
     </span>
     <span class='ocr_line' id='line_1_125' title="bbox 1453 3146 1953 3196; baseline -0.004 -18"><span class='ocrx_word' id='word_1_858' title='bbox 1453 3149 1544 3184; x_wconf 89' lang='lat' dir='ltr'><strong>dem,</strong></span> <span class='ocrx_word' id='word_1_859' title='bbox 1569 3147 1658 3196; x_wconf 78' lang='lat' dir='ltr'><strong>quod</strong></span> <span class='ocrx_word' id='word_1_860' title='bbox 1680 3153 1726 3177; x_wconf 89' lang='lat' dir='ltr'><strong>est</strong></span> <span class='ocrx_word' id='word_1_861' title='bbox 1747 3146 1953 3186; x_wconf 85' lang='lat' dir='ltr'><strong>impossibile.</strong></span> 
     </span>
    </p>

    <p class='ocr_par' dir='ltr' id='par_1_27' title="bbox 1452 3187 2507 3405">
     <span class='ocr_line' id='line_1_126' title="bbox 1505 3187 2506 3232; baseline -0.004 -11"><span class='ocrx_word' id='word_1_862' title='bbox 1505 3191 1546 3222; x_wconf 85' lang='grc' dir='ltr'><strong>Ε1</strong></span> <span class='ocrx_word' id='word_1_863' title='bbox 1569 3191 1644 3232; x_wconf 83' lang='lat' dir='ltr'><strong>quia</strong></span> <span class='ocrx_word' id='word_1_864' title='bbox 1666 3189 1841 3221; x_wconf 91' lang='lat' dir='ltr'><strong>intellectus</strong></span> <span class='ocrx_word' id='word_1_865' title='bbox 1864 3199 1930 3220; x_wconf 91' lang='lat' dir='ltr'><strong>non</strong></span> <span class='ocrx_word' id='word_1_866' title='bbox 1953 3188 2128 3219; x_wconf 89' lang='lat' dir='ltr'><strong>secundum</strong></span> <span class='ocrx_word' id='word_1_867' title='bbox 2142 3188 2229 3230; x_wconf 88' lang='lat' dir='ltr'><strong>quid,</strong></span> <span class='ocrx_word' id='word_1_868' title='bbox 2250 3188 2304 3218; x_wconf 88' lang='lat' dir='ltr'><strong>sed</strong></span> <span class='ocrx_word' id='word_1_869' title='bbox 2326 3187 2506 3228; x_wconf 87' lang='lat' dir='ltr'><strong>simpliciter</strong></span> 
     </span>
     <span class='ocr_line' id='line_1_127' title="bbox 1453 3229 2507 3283; baseline -0.005 -17"><span class='ocrx_word' id='word_1_870' title='bbox 1453 3235 1611 3276; x_wconf 87' lang='lat' dir='ltr'><strong>perficitur</strong></span> <span class='ocrx_word' id='word_1_871' title='bbox 1634 3235 1672 3264; x_wconf 82' lang='lat' dir='ltr'><strong>ab</strong></span> <span class='ocrx_word' id='word_1_872' title='bbox 1695 3233 1882 3273; x_wconf 90' lang='lat' dir='ltr'><strong>intelligibili</strong></span> <span class='ocrx_word' id='word_1_873' title='bbox 1905 3229 2076 3283; x_wconf 87' lang='lat' dir='ltr'><strong>(quoniam</strong></span> <span class='ocrx_word' id='word_1_874' title='bbox 2096 3239 2142 3263; x_wconf 87' lang='lat' dir='ltr'><strong>est</strong></span> <span class='ocrx_word' id='word_1_875' title='bbox 2160 3231 2309 3272; x_wconf 90' lang='lat' dir='ltr'><strong>perfectio</strong></span> <span class='ocrx_word' id='word_1_876' title='bbox 2324 3231 2459 3272; x_wconf 85' lang='lat' dir='ltr'><strong>propria,</strong></span> <span class='ocrx_word' id='word_1_877' title='bbox 2477 3238 2507 3262; x_wconf 89' lang='lat' dir='ltr'><strong>et</strong></span> 
     </span>
     <span class='ocr_line' id='line_1_128' title="bbox 1452 3275 2507 3316; baseline -0.005 -7"><span class='ocrx_word' id='word_1_878' title='bbox 1452 3279 1539 3310; x_wconf 88' lang='lat' dir='ltr'><strong>velut</strong></span> <span class='ocrx_word' id='word_1_879' title='bbox 1562 3277 1772 3308; x_wconf 81' lang='lat' dir='ltr'><strong>substantialis</strong></span> <span class='ocrx_word' id='word_1_880' title='bbox 1801 3277 1920 3313; x_wconf 83' lang='lat' dir='ltr'><strong>forma,</strong></span> <span class='ocrx_word' id='word_1_881' title='bbox 1944 3286 2009 3306; x_wconf 89' lang='lat' dir='ltr'><strong>non</strong></span> <span class='ocrx_word' id='word_1_882' title='bbox 2032 3275 2138 3306; x_wconf 86' lang='lat' dir='ltr'><strong>minus</strong></span> <span class='ocrx_word' id='word_1_883' title='bbox 2161 3285 2258 3316; x_wconf 84' lang='lat' dir='ltr'><strong>quam</strong></span> <span class='ocrx_word' id='word_1_884' title='bbox 2280 3276 2507 3316; x_wconf 86' lang='lat' dir='ltr'><strong>quodcumque</strong></span> 
     </span>
     <span class='ocr_line' id='line_1_129' title="bbox 1454 3319 2506 3362; baseline -0.005 -9"><span class='ocrx_word' id='word_1_885' title='bbox 1454 3323 1594 3353; x_wconf 84' lang='lat' dir='ltr'><strong>naturale</strong></span> <span class='ocrx_word' id='word_1_886' title='bbox 1607 3321 1814 3362; x_wconf 82' lang='lat' dir='ltr'><strong>perfectivum</strong></span> <span class='ocrx_word' id='word_1_887' title='bbox 1835 3320 1983 3351; x_wconf 83' lang='lat' dir='ltr'><strong>materiae</strong></span> <span class='ocrx_word' id='word_1_888' title='bbox 2011 3320 2140 3360; x_wconf 85' lang='lat' dir='ltr'><strong>primae,</strong></span> <span class='ocrx_word' id='word_1_889' title='bbox 2172 3326 2208 3351; x_wconf 91' lang='lat' dir='ltr'><strong>ut</strong></span> <span class='ocrx_word' id='word_1_890' title='bbox 2230 3319 2261 3349; x_wconf 89' lang='lat' dir='ltr'><strong>in</strong></span> <span class='ocrx_word' id='word_1_891' title='bbox 2278 3320 2319 3349; x_wconf 91' lang='lat'><strong>111</strong></span> <span class='ocrx_word' id='word_1_892' title='bbox 2337 3319 2376 3350; x_wconf 84' lang='lat' dir='ltr'><strong>de</strong></span> <span class='ocrx_word' id='word_1_893' title='bbox 2390 3320 2506 3348; x_wconf 85' lang='lat' dir='ltr'><strong>Anima</strong></span> 
     </span>
     <span class='ocr_line' id='line_1_130' title="bbox 1453 3361 2543 3405; baseline -0.005 -8"><span class='ocrx_word' id='word_1_894' title='bbox 1453 3367 1491 3398; x_wconf 86' lang='lat' dir='ltr'><strong>ab</strong></span> <span class='ocrx_word' id='word_1_895' title='bbox 1513 3369 1651 3397; x_wconf 85' lang='lat' dir='ltr'><strong>Averroe</strong></span> <span class='ocrx_word' id='word_1_896' title='bbox 1666 3365 1884 3405; x_wconf 83' lang='lat' dir='ltr'><strong>exprimitur*,</strong></span> <span class='ocrx_word' id='word_1_897' title='bbox 1901 3371 1932 3396; x_wconf 89' lang='lat' dir='ltr'><strong>et</strong></span> <span class='ocrx_word' id='word_1_898' title='bbox 1946 3365 1989 3394; x_wconf 89' lang='lat' dir='ltr'><strong>ab</strong></span> <span class='ocrx_word' id='word_1_899' title='bbox 2000 3364 2167 3394; x_wconf 85' lang='lat' dir='ltr'><strong>Aristotele</strong></span> <span class='ocrx_word' id='word_1_900' title='bbox 2182 3363 2347 3394; x_wconf 81' lang='lat' dir='ltr'><strong>inchoatur</strong></span> <span class='ocrx_word' id='word_1_901' title='bbox 2356 3361 2414 3404; x_wconf 49' lang='lat' dir='ltr'><strong>W),</strong></span> <span class='ocrx_word' id='word_1_902' title='bbox 2434 3362 2543 3392; x_wconf 84' lang='lat' dir='ltr'><strong>ideo‘</strong></span> 
     </span>
    </p>
   </div>
   <div class='ocr_carea' id='block_1_18' title="bbox 1453 3449 2508 3580">
    <p class='ocr_par' dir='ltr' id='par_1_28' title="bbox 1453 3449 2508 3580">
     <span class='ocr_line' id='line_1_131' title="bbox 1453 3449 2508 3502; baseline -0.005 -18"><span class='ocrx_word' id='word_1_903' title='bbox 1453 3455 1568 3494; x_wconf 90' lang='lat' dir='ltr'><strong>ipsum,</strong></span> <span class='ocrx_word' id='word_1_904' title='bbox 1586 3453 1645 3483; x_wconf 90' lang='lat' dir='ltr'><strong>nisi</strong></span> <span class='ocrx_word' id='word_1_905' title='bbox 1667 3452 1858 3493; x_wconf 84' lang='lat' dir='ltr'><strong>inquantum</strong></span> <span class='ocrx_word' id='word_1_906' title='bbox 1881 3451 2044 3502; x_wconf 77' lang='lat' dir='ltr'><strong>participat</strong></span> <span class='ocrx_word' id='word_1_907' title='bbox 2060 3451 2177 3491; x_wconf 86' lang='lat' dir='ltr'><strong>aliquid</strong></span> <span class='ocrx_word' id='word_1_908' title='bbox 2201 3449 2353 3490; x_wconf 79' lang='lat' dir='ltr'><strong>superiuS.</strong></span> <span class='ocrx_word' id='word_1_909' title='bbox 2378 3450 2417 3480; x_wconf 88' lang='lat' dir='ltr'><strong>Et</strong></span> <span class='ocrx_word' id='word_1_910' title='bbox 2436 3459 2508 3489; x_wconf 91' lang='lat' dir='ltr'><strong>pro-</strong></span> 
     </span>
     <span class='ocr_line' id='line_1_132' title="bbox 1453 3493 2508 3538; baseline -0.005 -10"><span class='ocrx_word' id='word_1_911' title='bbox 1453 3505 1522 3538; x_wconf 90' lang='lat' dir='ltr'><strong>pter</strong></span> <span class='ocrx_word' id='word_1_912' title='bbox 1537 3498 1597 3528; x_wconf 90' lang='lat' dir='ltr'><strong>hoc</strong></span> <span class='ocrx_word' id='word_1_913' title='bbox 1621 3496 1803 3527; x_wconf 89' lang='lat' dir='ltr'><strong>Aristoteles</strong></span> <span class='ocrx_word' id='word_1_914' title='bbox 1826 3496 1934 3536; x_wconf 88' lang='lat' dir='ltr'><strong>posuit</strong></span> <span class='ocrx_word' id='word_1_915' title='bbox 1956 3495 1973 3514; x_wconf 90' lang='grc'><strong>*</strong></span> <span class='ocrx_word' id='word_1_916' title='bbox 1987 3495 2180 3526; x_wconf 89' lang='lat' dir='ltr'><strong>intellectum</strong></span> <span class='ocrx_word' id='word_1_917' title='bbox 2202 3501 2354 3534; x_wconf 85' lang='lat' dir='ltr'><strong>agentem,</strong></span> <span class='ocrx_word' id='word_1_918' title='bbox 2368 3493 2508 3533; x_wconf 88' lang='lat' dir='ltr'><strong>superio-</strong></span> 
     </span>
     <span class='ocr_line' id='line_1_133' title="bbox 1454 3538 2244 3580; baseline -0.005 -8"><span class='ocrx_word' id='word_1_919' title='bbox 1454 3552 1520 3572; x_wconf 90' lang='lat' dir='ltr'><strong>rem</strong></span> <span class='ocrx_word' id='word_1_920' title='bbox 1543 3541 1703 3572; x_wconf 88' lang='lat' dir='ltr'><strong>intellectu</strong></span> <span class='ocrx_word' id='word_1_921' title='bbox 1727 3540 1884 3580; x_wconf 82' lang='lat' dir='ltr'><strong>possibili,</strong></span> <span class='ocrx_word' id='word_1_922' title='bbox 1908 3539 2114 3580; x_wconf 86' lang='lat' dir='ltr'><strong>perfectivum&#39;</strong></span> <span class='ocrx_word' id='word_1_923' title='bbox 2136 3538 2244 3578; x_wconf 92' lang='lat' dir='ltr'><strong>ipsius.</strong></span> 
     </span>
    </p>
   </div>
   <div class='ocr_carea' id='block_1_19' title="bbox 2352 3596 2365 3621">
    <p class='ocr_par' dir='ltr' id='par_1_29' title="bbox 2352 3596 2365 3621">
     <span class='ocr_line' id='line_1_134' title="bbox 2352 3596 2365 3621; baseline 0 0"><span class='ocrx_word' id='word_1_924' title='bbox 2352 3596 2365 3621; x_wconf 82' lang='lat'><strong>5</strong></span> 
     </span>
    </p>
   </div>
   <div class='ocr_carea' id='block_1_20' title="bbox 2520 1051 2708 1105">
    <p class='ocr_par' dir='ltr' id='par_1_30' title="bbox 2520 1051 2708 1105">
     <span class='ocr_line' id='line_1_135' title="bbox 2521 1051 2708 1081; baseline 0 -7"><span class='ocrx_word' id='word_1_925' title='bbox 2521 1054 2530 1063; x_wconf 84' lang='lat'>&#39;</span> <span class='ocrx_word' id='word_1_926' title='bbox 2547 1053 2606 1074; x_wconf 83' lang='lat' dir='ltr'><strong>Part.</strong></span> <span class='ocrx_word' id='word_1_927' title='bbox 2626 1051 2650 1079; x_wconf 85' lang='lat'><strong>1,</strong></span> <span class='ocrx_word' id='word_1_928' title='bbox 2670 1059 2708 1081; x_wconf 84' lang='lat' dir='ltr'><strong>qu.</strong></span> 
     </span>
     <span class='ocr_line' id='line_1_136' title="bbox 2520 1082 2707 1105; baseline 0.005 -5"><span class='ocrx_word' id='word_1_929' title='bbox 2520 1084 2628 1105; x_wconf 72' lang='lat' dir='ltr'><strong>Lxxxvm,</strong></span> <span class='ocrx_word' id='word_1_930' title='bbox 2638 1082 2679 1101; x_wconf 78' lang='lat' dir='ltr'><strong>art.</strong></span> <span class='ocrx_word' id='word_1_931' title='bbox 2687 1086 2707 1101; x_wconf 80' lang='lat'><strong>2.</strong></span> 
     </span>
    </p>
   </div>
   <div class='ocr_carea' id='block_1_21' title="bbox 2522 1704 2712 1731">
    <p class='ocr_par' dir='ltr' id='par_1_31' title="bbox 2522 1704 2712 1731">
     <span class='ocr_line' id='line_1_137' title="bbox 2522 1704 2712 1731; baseline -0.005 -5"><span class='ocrx_word' id='word_1_932' title='bbox 2522 1705 2533 1715; x_wconf 76' lang='lat'>⁸</span> <span class='ocrx_word' id='word_1_933' title='bbox 2547 1705 2597 1726; x_wconf 84' lang='lat' dir='ltr'><strong>Art.</strong></span> <span class='ocrx_word' id='word_1_934' title='bbox 2612 1710 2632 1730; x_wconf 84' lang='lat'><strong>2,</strong></span> <span class='ocrx_word' id='word_1_935' title='bbox 2647 1704 2675 1725; x_wconf 82' lang='lat' dir='ltr'><strong>ad</strong></span> <span class='ocrx_word' id='word_1_936' title='bbox 2689 1711 2712 1731; x_wconf 76' lang='lat'><strong>4.</strong></span> 
     </span>
    </p>
   </div>
   <div class='ocr_carea' id='block_1_22' title="bbox 2529 2494 2739 2596">
    <p class='ocr_par' dir='ltr' id='par_1_32' title="bbox 2529 2494 2739 2596">
     <span class='ocr_line' id='line_1_138' title="bbox 2529 2494 2738 2516; baseline 0 0"><span class='ocrx_word' id='word_1_937' title='bbox 2529 2497 2538 2505; x_wconf 70' lang='lat'><strong>⁴</strong></span> <span class='ocrx_word' id='word_1_938' title='bbox 2553 2494 2650 2516; x_wconf 63' lang='lat' dir='ltr'><strong>Ariston</strong></span> <span class='ocrx_word' id='word_1_939' title='bbox 2666 2494 2695 2516; x_wconf 83' lang='lat' dir='ltr'><strong>de</strong></span> <span class='ocrx_word' id='word_1_940' title='bbox 2705 2494 2738 2516; x_wconf 79' lang='lat' dir='ltr'><strong>A-</strong></span> 
     </span>
     <span class='ocr_line' id='line_1_139' title="bbox 2529 2521 2737 2548; baseline -0.005 -5"><span class='ocrx_word' id='word_1_941' title='bbox 2529 2522 2609 2548; x_wconf 77' lang='lat' dir='ltr'><strong>ni‚n·a</strong></span> <span class='ocrx_word' id='word_1_942' title='bbox 2632 2521 2672 2543; x_wconf 81' lang='lat' dir='ltr'><strong>lib.</strong></span> <span class='ocrx_word' id='word_1_943' title='bbox 2693 2521 2737 2548; x_wconf 86' lang='lat'><strong>111,</strong></span> 
     </span>
     <span class='ocr_line' id='line_1_140' title="bbox 2530 2551 2739 2596; baseline -0.01 0"><span class='ocrx_word' id='word_1_944' title='bbox 2530 2553 2674 2596; x_wconf 56' lang='lat' dir='ltr'><strong>8³¹31²hv1ec¹2¹t</strong></span> <span class='ocrx_word' id='word_1_945' title='bbox 2689 2551 2711 2595; x_wconf 62' lang='grc' dir='ltr'>ἒ</span> <span class='ocrx_word' id='word_1_946' title='bbox 2726 2559 2739 2563; x_wconf 82' lang='grc'><em>“</em></span> 
     </span>
    </p>
   </div>
   <div class='ocr_carea' id='block_1_23' title="bbox 1453 3364 2745 3458">
    <p class='ocr_par' dir='ltr' id='par_1_33' title="bbox 1453 3364 2745 3451">
     <span class='ocr_line' id='line_1_141' title="bbox 2533 3364 2715 3403; baseline 0 -17"><span class='ocrx_word' id='word_1_947' title='bbox 2533 3364 2715 3403; x_wconf 52' lang='lat' dir='ltr'><strong>„Commenta</strong></span> 
     </span>
     <span class='ocr_line' id='line_1_142' title="bbox 1453 3380 2745 3458; baseline -0.002 -17"><span class='ocrx_word' id='word_1_948' title='bbox 1453 3410 1649 3451; x_wconf 90' lang='lat' dir='ltr'><strong>impossibile</strong></span> <span class='ocrx_word' id='word_1_949' title='bbox 1681 3415 1727 3440; x_wconf 83' lang='lat' dir='ltr'><strong>est</strong></span> <span class='ocrx_word' id='word_1_950' title='bbox 1755 3409 1844 3450; x_wconf 90' lang='lat' dir='ltr'><strong>quod</strong></span> <span class='ocrx_word' id='word_1_951' title='bbox 1874 3408 1993 3458; x_wconf 77' lang='lat' dir='ltr'><strong>aliquid</strong></span> <span class='ocrx_word' id='word_1_952' title='bbox 2022 3407 2151 3438; x_wconf 85' lang='lat' dir='ltr'><strong>inferius</strong></span> <span class='ocrx_word' id='word_1_953' title='bbox 2182 3407 2340 3437; x_wconf 88' lang='lat' dir='ltr'><strong>intellectu</strong></span> <span class='ocrx_word' id='word_1_954' title='bbox 2369 3405 2508 3446; x_wconf 88' lang='lat' dir='ltr'><strong>perficiat</strong></span> <span class='ocrx_word' id='word_1_955' title='bbox 2534 3418 2559 3440; x_wconf 85' lang='lat' dir='ltr'><strong>s.</strong></span> <span class='ocrx_word' id='word_1_956' title='bbox 2533 3391 2623 3438; x_wconf 48' lang='lat'><strong>”31⁹</strong></span> <span class='ocrx_word' id='word_1_957' title='bbox 2627 3380 2745 3438; x_wconf 50' lang='lat' dir='ltr'><strong>ievctn&#39;viis</strong></span> 
     </span>
    </p>
   </div>
   <div class='ocr_carea' id='block_1_24' title="bbox 2535 3495 2644 3523">
    <p class='ocr_par' dir='ltr' id='par_1_34' title="bbox 2535 3495 2644 3523">
     <span class='ocr_line' id='line_1_143' title="bbox 2535 3495 2644 3523; baseline -0.011 -5.775"><span class='ocrx_word' id='word_1_958' title='bbox 2535 3495 2611 3523; x_wconf 82' lang='lat' dir='ltr'><strong>&#39;Cap.</strong></span> <span class='ocrx_word' id='word_1_959' title='bbox 2622 3501 2644 3516; x_wconf 87' lang='lat' dir='ltr'><strong>v.</strong></span> 
     </span>
    </p>
   </div>
  </div>
 </body>
</html>
