2852 4152
122 847 203 895 sfil't
212 847 332 895 {33:¹31ss

120 1110 128 1118 '
142 1108 198 1129 Peri
214 1108 327 1134 Archon„

118 1134 157 1155 lib.
174 1135 200 1160 11,
217 1141 242 1155 ca
261 1150 266 1155 .
283 1141 316 1155 111.

118 1161 178 1182 ''De
188 1141 301 1181 111501).Αο
322 1176 327 1181 .

120 1187 149 1208 de
164 1187 212 1208 Ciu.
225 1187 275 1212 Dei,
287 1167 326 1207 lig.

117 1213 146 1239 X,
162 1219 213 1240 cap.
227 1219 280 1234 xxx.

214 1367 229 1396 t

115 1429 127 1482 ἐ
141 1427 175 1449 Cf.
187 1431 228 1449 art.
244 1434 263 1454 2,
277 1421 327 1455 argJ

111 2115 192 2163 39¹³}ss
205 2121 258 2162 lueet?
262 2121 297 2163 1'i3.
311 2125 321 2129 -

111 2331 120 2340 '¹
137 2330 184 2357 Qu.
199 2336 231 2357 ιιι,
246 2334 288 2352 311.
299 2331 321 2353 8.

370 231 416 265 50

367 309 477 346 minis
496 310 734 347 transmutari
755 319 888 359 potest,
910 319 951 347 ut
969 311 1005 347 in
1024 311 1159 348 vitium
1179 317 1191 332 ⁸
1220 312 1422 359 degeneret

366 376 387 400 a
414 362 562 409 virtute,
591 364 628 400 in
658 363 762 400 cuius
791 370 875 400 actu
903 364 1156 412 principaliter
1185 363 1351 400 consistit
1369 364 1421 399 fe-

363 416 491 452 licitas.
523 416 562 452 Si
590 424 716 453 autern
735 416 854 453 virtus
877 424 1070 453 remaneat
1089 417 1242 463 integra,
1263 415 1419 451 exterio—

364 481 423 505 res
442 469 771 506 transmutationes
795 477 953 518 possunt
972 469 1127 516 quidem
1148 468 1419 504 beatitudinem

363 522 476 558 talem
509 522 746 570 perturbare,
776 522 999 570 inquantum
1034 521 1244 568 impediunt
1281 520 1418 556 multas

364 575 602 623 operationes
633 574 835 611 virtutum:
866 586 942 610 non
980 582 1106 609 tamen
1144 580 1304 621 possunt
1331 585 1416 609 eam

362 627 523 664 totaliter
560 628 723 673 auferre,
754 627 841 675 quia
878 627 1002 663 adhuc
1039 633 1210 662 remanet
1247 625 1416 673 operatio

361 680 518 726 virtutis,
541 680 632 717 dum
661 680 761 727 ipsas
781 678 1024 715 adversitates
1044 678 1163 714 110010
1183 678 1418 715 laudabiliter

362 733 527 770 sustinet.
540 734 623 769 -Et
642 732 729 780 quia
749 731 939 768 beatitudo
960 731 1071 767 huius
1094 731 1192 767 vitae
1213 731 1330 767 amitti
1350 743 1417 780 po-

359 793 441 831 test,
472 786 576 832 quod
604 785 754 821 videtur
782 796 862 820 esse
893 791 1023 820 contra
1052 783 1238 820 rationem
1261 784 1416 820 beatitu—

361 838 471 883 dinis;
493 839 579 875 ideo
601 838 853 884 Philosophus
877 836 975 882 dicit,
995 836 1032 872 in
1053 837 1200 873 IEthic.
1218 836 1248 883 ³¹⁸,
1270 837 1415 886 aliquos

360 903 441 927 esse
470 892 508 928 in
535 891 606 927 hac
628 890 706 926 vita
726 890 868 935 beatos,
890 901 967 925 non
988 889 1216 937 simpliciter,
1237 890 1304 926 sed
1322 890 1419 926 sicut

357 945 539 988 homines,
569 954 733 991 quorum
763 949 895 978 natura
924 942 1123 978 mutationi
1150 941 1318 979 subiecta
1347 951 1413 980 est.

412 997 450 1032 Si
466 1008 558 1033 vero
583 997 785 1043 loquamur
805 994 851 1030 de
871 994 1100 1031 beatitudine
1125 995 1290 1043 perfecta
1315 1008 1414 1043 quae

357 1057 572 1097 expectatur
599 1055 686 1096 post
712 1048 812 1083 hanc
839 1047 968 1093 vitam,
998 1047 1196 1084 sciendum
1225 1055 1281 1084 est
1309 1049 1413 1095 quod

357 1102 542 1149 Origenes
576 1101 703 1148 posuit
721 1099 761 1147 ³¹⁶,
792 1100 1032 1148 quorundam
1066 1101 1350 1137 Platonicorum
1371 1102 1412 1122 *ᾖ*

356 1166 522 1191 01101010
555 1165 732 1201 5000005,
762 1153 867 1201 quod
895 1161 982 1201 post
1009 1153 1180 1190 ultimam
1216 1153 1413 1190 beatitudi-

354 1220 443 1245 nem
463 1208 582 1244 homo
610 1214 734 1255 potest
761 1206 843 1243 fieri
871 1206 995 1242 miser.

408 1261 485 1297 Sed
503 1261 578 1296 hoc
598 1259 794 1296 manifeste
813 1266 970 1307 apparet
999 1270 1080 1294 esse
1099 1259 1236 1294 falsum
1257 1258 1412 1307 duplici-

353 1322 418 1350 ter.
437 1313 566 1350 Primo
586 1313 752 1361 quidem,
774 1324 818 1348 ex
837 1312 918 1360 ipsa
939 1311 1135 1348 communi
1155 1311 1299 1348 ratione
1323 1312 1412 1349 bea·

353 1366 528 1404 titudinis.
559 1366 659 1402 Cum
680 1365 782 1401 enim
802 1365 883 1412 ipsa
902 1364 1095 1401 beatitudo
1111 1363 1123 1389 t
1142 1364 1188 1401 sit
1201 1366 1411 1413 perfectum

353 1421 490 1457 bonum
507 1425 543 1455 et
553 1419 742 1467 sufficiens
756 1417 787 1464 ²¹⁸,
805 1425 954 1466 oportet
973 1417 1078 1466 quod
1094 1417 1323 1455 desiderium
1343 1419 1411 1455 ho-

353 1473 464 1510 minis
485 1472 636 1520 quietet,
668 1479 703 1507 et
731 1483 846 1507 omne
867 1471 1011 1507 malum
1033 1470 1218 1507 excludat.
1249 1471 1411 1508 Natura-

351 1527 432 1563 liter
460 1533 586 1562 autem
611 1525 731 1561 homo
753 1523 941 1560 desiderat
959 1523 1118 1560 retinere
1138 1524 1283 1560 bonum
1306 1524 1410 1572 quod

351 1580 484 1626 habet,
515 1586 551 1614 et
577 1578 682 1626 quod
710 1577 790 1613 eius
818 1576 1001 1613 retinendi
1037 1576 1276 1613 securitatem
1315 1577 1410 1614 obti-

351 1639 458 1669 neat:
489 1630 655 1679 alioquin
683 1641 838 1667 necesse
859 1637 913 1666 est
928 1630 1033 1677 quod
1053 1629 1187 1666 timore
1202 1630 1408 1677 amittendi,

349 1686 412 1722 vel
441 1685 571 1721 dolore
605 1683 652 1720 de
693 1683 912 1720 certitudine
950 1682 1182 1729 amissionis,
1212 1683 1408 1730 affligatur.

351 1737 569 1786 Requiritur
605 1736 713 1784 igitur
746 1736 794 1772 ad
829 1747 961 1772 veram
994 1735 1265 1772 beatitudinem
1304 1737 1410 1784 quod

350 1792 469 1834 homo
509 1798 648 1826 certam
686 1789 823 1825 habeat
861 1788 1081 1837 opinionem
1119 1789 1264 1825 bonum
1304 1790 1408 1837 quod

349 1845 484 1890 habet,
518 1854 716 1891 nunquam
754 1853 793 1878 se
829 1841 1070 1878 amissurum.
1105 1842 1215 1887 Quae
1251 1842 1408 1890 quidem

350 1897 478 1945 opinio
508 1896 537 1933 si
565 1907 657 1933 vera
685 1895 741 1942 sit,
772 1906 1011 1942 consequens
1039 1902 1094 1931 est
1122 1895 1227 1942 quod
1251 1895 1408 1932 beatitu-

350 1950 478 1987 dinem
507 1960 706 1996 nunquam
735 1948 889 1984 amittet.
920 1947 959 1983 Si
988 1955 1116 1983 autem
1137 1948 1229 1983 falsa
1257 1948 1313 1994 sit,
1334 1948 1408 1984 hoc

348 2002 474 2051 ipsum
511 2009 565 2038 est
601 2000 798 2049 quoddam
831 2001 995 2046 malum,
1025 2001 1158 2037 falsam
1187 2000 1408 2048 opinionem

348 2056 508 2092 habere:
539 2066 629 2091 nam
658 2054 793 2090 falsum
823 2060 879 2089 est
906 2054 1050 2089 malum
1079 2053 1299 2099 intellectus,
1316 2053 1411 2090 sicut

347 2120 483 2145 verum
511 2115 566 2144 est
594 2108 740 2143 bonum
761 2106 889 2155 ipsius,
909 2114 950 2142 ut
969 2106 1104 2143 dicitur
1122 2106 1161 2142 in
1179 2106 1229 2142 Vl
1249 2107 1369 2144 Ethic.
1390 2106 1410 2128 ’¹‘

348 2162 440 2198 Non
469 2161 578 2208 igitur
605 2160 681 2197 iam
709 2172 801 2196 vere
830 2159 898 2196 erit
925 2159 1070 2207 beatus,
1100 2159 1131 2196 si
1156 2159 1311 2208 aliquod
1329 2172 1410 2196 013-

348 2216 426 2251 1010
457 2214 489 2250 01
518 2213 624 2250 10051.

403 2267 580 2304 Secundo
615 2265 718 2303 idem
757 2272 933 2313 apparet,
964 2265 993 2301 si
1023 2264 1282 2301 consideretur
1315 2264 1408 2301 ratio

348 2319 586 2357 beatitudinis
602 2319 639 2355 in
655 2318 818 2367 speciali.
841 2318 1049 2354 Ostensum
1067 2325 1122 2354 est
1145 2317 1247 2355 enim
1267 2317 1409 2366 supra*

349 2373 454 2422 quod
469 2373 634 2422 perfecta
654 2371 846 2408 beatitudo
875 2370 1042 2407 hominis
1071 2370 1108 2407 in
1136 2370 1284 2407 visione
1314 2370 1409 2408 divi-

348 2439 420 2464 nae
458 2425 641 2463 essentiae
687 2424 864 2461 consistit.
903 2425 972 2461 Est
1010 2431 1137 2460 autem
1174 2424 1409 2472 impossibile

348 2479 452 2529 quod
482 2479 614 2527 aliquis
633 2478 767 2515 videns
788 2477 957 2514 divinam
979 2477 1192 2523 essentiam,
1212 2477 1302 2514 velit
1322 2489 1408 2514 eam

347 2545 425 2569 non
444 2533 585 2569 videre.
607 2531 707 2578 Quia
734 2543 848 2567 omne
869 2531 1015 2566 bonum
1035 2530 1207 2567 habitum
1228 2542 1304 2578 quo
1325 2530 1408 2578 quis

348 2598 475 2623 carere
498 2586 590 2631 vult,
621 2592 685 2621 aut
714 2591 768 2620 est
795 2583 1036 2630 insufficiens,
1068 2591 1103 2620 01
1131 2583 1324 2631 003011101
1343 2583 1407 2620 311-

348 2639 439 2688 quid
476 2637 720 2675 sufficientius
754 2638 839 2673 loco
874 2636 973 2673 eius:
1004 2643 1068 2673 aut
1105 2637 1219 2673 habet
1252 2636 1407 2684 aliquod

400 2744 422 2776 ε)
443 2744 468 2769 in
489 2744 590 2769 vitium.
609 2757 628 2762 -
647 2743 767 2767 videlicet
786 2743 831 2767 Pa.

1023 2816 1354 2850 Commentaria.
1377 2815 1625 2848 Gar-dinalis
1647 2815 1846 2848 Caietam
2140 2853 2143 2857 ἱ
2398 2827 2402 2830 ·
2430 2794 2529 2857 'si-32,

377 2911 396 2931 N
411 2906 524 2941 quarto
540 2897 671 2930 articulo
689 2897 913 2938 aliquantisper
928 2896 1120 2926 morandum
1138 2903 1193 2926 est.
1212 2895 1297 2926 Scito
1313 2895 1408 2935 igitur

350 2914 491 2985 Iprim0‚
507 2943 540 2974 in
555 2943 647 2974 titulo
664 2942 766 2983 quarti
782 2941 912 2976 articuli,
931 2940 1136 2971 differentiam
1156 2939 1235 2970 inter
1250 2939 1408 2979 perpetui-

347 2996 442 3019 tatem
476 2995 505 3018 et
536 2986 828 3017 inamissibilitatem
860 2984 1072 3015 beatitudinis.
1096 2985 1295 3024 Perpetuitas
1322 2984 1407 3014 enim

347 3032 498 3073 significat
514 3031 713 3063 durationem
729 3030 904 3071 quandam:
925 3029 1174 3060 inamissibilitas
1190 3035 1297 3059 autem
1313 3028 1406 3068 signi-

346 3076 418 3107 ficat
440 3075 727 3106 immutabilitatem
750 3074 921 3114 quandam.
945 3074 1032 3104 Haec
1056 3083 1129 3113 ergo
1147 3080 1194 3103 est
1212 3072 1331 3113 species
1347 3072 1406 3102 im·

347 3120 573 3156 mutabilitatis,
598 3119 651 3150 illa
675 3118 858 3149 durationis.
884 3117 924 3148 Et
947 3116 1101 3158 quoniam
1116 3116 1239 3148 duratio
1260 3126 1408 3147 mensura

348 3171 393 3195 est
416 3163 575 3195 mutabilis
598 3163 647 3193 vel
670 3162 885 3198 immutabilis,
902 3162 988 3201 prius
1006 3161 1187 3192 naturaliter
1209 3161 1290 3191 inest
1313 3161 1405 3191 alicui

346 3209 389 3239 rei
405 3208 612 3248 sempiternae
627 3206 864 3237 immutabilitas
881 3216 977 3246 00310
993 3205 1199 3246 perpetuitas:
1215 3205 1317 3235 immo
1329 3203 1406 3235 haec

347 3260 393 3284 est
415 3253 499 3283 illius
531 3251 676 3287 effectus,
705 3258 740 3281 ut
763 3260 800 3280 ex
827 3250 1012 3290 quaestione
1040 3250 1161 3280 decima
1191 3249 1290 3280 Primi
1316 3249 1404 3285 libri,

348 3297 515 3328 coniuncta
535 3306 648 3332 nonae,
665 3302 803 3336 apparet.
821 3294 907 3325 Cum
928 3293 1023 3334 igitur
1042 3294 1092 3324 hic
1115 3293 1275 3334 quaeritur
1297 3299 1405 3323 utrum

347 3341 508 3372 beatitudo
533 3339 634 3380 possit
657 3338 775 3375 amitti,
801 3345 847 3369 est
877 3338 1019 3379 quaestio
1049 3348 1114 3368 non
1138 3338 1176 3368 de
1199 3336 1406 3378 perpetuitate

347 3384 533 3421 formaliter,
557 3384 611 3414 sed
635 3384 673 3414 de
701 3381 978 3418 inamissibilitate,
1003 3392 1084 3422 quae
1113 3388 1160 3412 est
1190 3380 1406 3422 perpetuitatis

349 3439 450 3460 causa.

403 3473 439 3503 11.
465 3473 548 3503 Scito
566 3472 715 3507 secundo,
736 3471 767 3501 in
792 3480 924 3510 corpore
948 3470 1080 3505 articuli,
1097 3470 1185 3510 quod
1209 3469 1310 3509 prima
1326 3469 1405 3499 ratio

348 3515 379 3545 in
392 3517 492 3546 littera
503 3517 593 3547 allata
606 3526 663 3555 pro
680 3515 892 3551 conclusione,
904 3524 985 3555 quae
997 3521 1026 3544 et
1036 3514 1068 3543 in
1082 3514 1123 3544 IV
1132 3514 1230 3551 Sent.,
1242 3513 1311 3543 dist.
1324 3523 1404 3549 xmx,

348 3570 401 3599 qu.
419 3571 443 3596 1,
464 3567 518 3590 art.
542 3571 566 3596 1,
588 3561 642 3600 00·
659 3570 694 3599 4,
712 3559 857 3599 tangitur,
876 3558 958 3589 male
974 3558 1097 3588 videtur
1113 3557 1244 3597 intelligi
1264 3567 1282 3587 a
1299 3557 1405 3594 Scoto‚

1093 234 1356 279 QUAESTIO
1385 235 1435 280 V,
1465 235 1760 271 ARTICULUS
1790 236 1841 271 IV

1475 311 1767 348 incommodum
1799 324 2011 360 annexum,
2040 322 2196 363 propter
2233 316 2338 364 quod
2369 318 2408 355 in
2435 318 2536 356 fasti-

1476 363 1579 400 dium
1615 364 1731 401 venit.
1765 364 1869 400 Visio
1907 373 1971 402 aut
2008 367 2157 404 divinae
2196 369 2380 406 essentiae
2418 372 2537 420 replet

1474 416 1641 452 animam
1666 416 1842 453 omnibus
1870 418 1993 467 bonis,
2015 432 2103 456 cum
2132 420 2332 469 coniungat
2358 423 2451 460 fonti
2478 432 2534 461 to-

1473 467 1545 504 tius
1573 468 1767 505 bonitatis:
1796 470 1898 507 unde
1927 470 2060 508 dicitur
2078 472 2118 509 in
2146 474 2300 510 Psalmo
2327 485 2387 512 xvi
2401 475 2436 512 *ε
2466 478 2534 514 Sa-

1473 520 1595 556 tiabor
1613 532 1698 557 cum
1717 523 1937 569 apparuerit
1953 524 2079 573 gloria
2099 531 2185 569 tua‚·
2213 533 2250 562 et
2268 527 2355 574 Sap.
2371 539 2419 564 vu
2438 528 2459 550 '¹‘
2478 529 2533 566 di-

1474 571 1582 608 citur:
1606 574 1795 611 Venerunt
1810 575 1903 612 mihi
1924 578 2051 614 omnia
2071 579 2169 615 bona
2182 579 2330 626 pariter
2348 591 2434 617 cum
2453 581 2530 628 iila,

1472 624 1610 661 scilicet
1638 638 1726 662 cum
1756 629 2073 677 contemplatione
2101 631 2319 680 sapientiae.
2355 633 2533 671 Similiter

1473 677 1584 713 etiam
1623 690 1702 714 non
1734 679 1849 717 habet
1869 681 2035 730 aliquod
2071 683 2365 722 incommodum
2398 686 2530 724 adiun-

1470 737 1595 766 ctum:
1625 731 1714 778 quia
1743 732 1790 768 cle
1812 735 2138 783 *contemplatione
2162 737 2366 786 sapientiae
2387 738 2529 787 dicitur,

1471 783 1557 831 Sap.
1578 783 1693 821 vt11*:
1722 785 1813 822 Non
1841 787 1953 823 habet
1977 788 2268 827 amaritudinem
2295 793 2529 830 conversatio

1470 835 1578 882 illius,
1608 849 1676 873 nec
1703 838 1865 875 taedium
1894 840 2083 877 convictus
2106 843 2195 879 eius.
2227 843 2290 880 Sic
2310 845 2400 891 ergo
2419 853 2531 894 patet

1470 889 1575 936 quod
1594 890 1747 938 propria
1765 891 1960 928 voluntate
1980 893 2112 930 beatus
2130 906 2216 932 non.
2228 904 2352 944 potest
2371 897 2530 934 beatitu-

1470 941 1599 978 dinem
1620 944 1804 980 deserere.
1826 965 1848 971 -
1870 944 2049 981 Similiter
2069 946 2181 984 etiam
2201 960 2280 985 non
2298 956 2423 997 potest
2442 961 2527 987 eam

1467 994 1639 1041 perdere,
1666 997 1751 1032 Deo
1780 998 2034 1035 subtrahente.
2066 998 2177 1046 Quia,
2207 1012 2294 1037 cum
2323 1002 2527 1040 subtractio

1469 1046 1708 1084 beatitudinis
1737 1049 1783 1085 sit
1810 1050 2001 1097 quaedam
2029 1063 2167 1099 poena,
2197 1064 2274 1098 000
2302 1062 2427 1102 potest
2444 1055 2527 1093 talis

1469 1099 1673 1136 subtractio
1693 1113 1716 1136 a
1734 1102 1832 1148 Deo,
1853 1102 1950 1138 iusto
1979 1103 2114 1151 iudice,
2129 1106 2345 1153 provenire,
2366 1107 2436 1144 nisi
2454 1119 2526 1156 pro

1468 1151 1592 1199 aliqua
1622 1153 1748 1201 culpa:
1769 1153 1806 1190 in
1827 1166 1944 1202 quam
1970 1157 2202 1193 cadere‘non
2225 1166 2350 1206 potest
2372 1160 2437 1207 qui
2455 1160 2527 1197 Dei

1468 1204 1670 1242 essentiam
1697 1206 1819 1254 videt,
1849 1219 1936 1244 curn
1965 1208 2014 1245 ad
2044 1209 2144 1246 hanc
2170 1209 2360 1248 visionem
2389 1222 2434 1248 ex
2461 1222 2527 1248 ne-

1467 1257 1637 1294 cessitate
1666 1261 2048 1307 sequatur·rectitudo
2076 1262 2293 1309 voluntatis,
2313 1271 2356 1300 ut
2373 1275 2488 1313 supra
2506 1265 2527 1287 '¹'

1466 1317 1662 1347 ostensum
1690 1319 1755 1349 est.
1775 1333 1799 1340 -
1820 1312 1999 1350 Similiter
2018 1311 2131 1351 etiarn
2152 1327 2223 1352 nec
2241 1315 2396 1365 aliquod
2423 1317 2526 1355 aliud

1466 1374 1582 1410 agens
1614 1372 1742 1412 potest
1775 1377 1862 1402 earn
1898 1367 2143 1404 subtrahere:
2162 1368 2263 1415 Quia
2296 1381 2406 1407 mens
2438 1371 2531 1408 Deo*

1466 1416 1666 1453 coniuncta
1701 1429 1816 1466 super
1852 1419 1982 1456 omnia
2013 1420 2087 1456 alia
2115 1421 2301 1467 elevatur3
2331 1429 2368 1459 et
2395 1422 2448 1460 sic
2474 1424 2524 1460 ab

1464 1469 1684 1507 huiusmodi
1698 1470 1964 1509 coniunctione
1981 1473 2127 1509 nullum
2147 1474 2247 1511 aliud
2267 1486 2383 1522 agens
2401 1483 2527 1524 potest

1464 1521 1587 1570 ipsam
1604 1524 1814 1561 excludere.
1831 1524 1942 1562 Unde
1962 1525 2236 1563 inconveniens
2254 1527 2406 1565 videtur
2418 1526 2525 1577 quod

1463 1587 1532 1624 per
1569 1576 1754 1624 quasdam
1796 1577 2061 1615 alternationes
2101 1586 2320 1627 temporum
2361 1587 2526 1618 transeat

1463 1629 1582 1665 homo
1603 1629 1649 1665 de
1670 1629 1900 1667 beatitudine
1923 1630 1973 1667 ad
1992 1631 2196 1678 miseriam,
2218 1639 2255 1669 et
2274 1643 2294 1669 e
2314 1644 2533 1672 conversor

1442 1686 1450 1693 “
1463 1681 1552 1731 0013
1571 1682 1792 1719 11010510οἀ1
1810 1685 2040 1731 temporales
2059 1685 2324 1722 alternationes
2344 1697 2426 1723 esse
2445 1696 2531 1729 non

1463 1742 1634 1783 possunt,
1656 1735 1726 1772 nisi
1754 1735 1853 1772 circa
1882 1748 1926 1773 ea
1953 1749 2052 1785 quae
2075 1737 2270 1785 subiacent
2297 1739 2461 1788 tempori
2488 1746 2526 1777 et

1464 1795 1596 1824 motui.
2490 1814 2506 1820 ω
2527 1804 2530 1805 ’

1515 1841 1575 1878 An
1603 1853 1740 1878 ptumum
1768 1853 1867 1878 ERGO
1895 1853 2080 1879 mmmmm
2109 1843 2212 1891 quod
2247 1843 2441 1881 beatitudo
2468 1852 2526 1883 est

1463 1894 1643 1942 perfectio
1678 1902 1965 1941 consummata,
2004 1907 2102 1943 quae
2136 1907 2295 1933 omnem
2332 1896 2523 1935 defectum

1464 1947 1627 1984 excludit
1645 1959 1667 1983 a
1686 1947 1810 1984 beato.
1841 1948 1890 1984 Et
1916 1947 2003 1984 ideo
2033 1948 2176 1997 absque
2195 1948 2442 1987 mutabilitate
2457 1951 2524 1988 ad·

1462 1999 1568 2037 venit
1594 2011 1680 2036 eam
1709 2000 1882 2046 habenti,
1912 2000 2071 2038 faciente
2102 2002 2178 2038 hoc
2204 2001 2342 2039 virtute
2377 2002 2522 2052 divina,

1464 2064 1561 2101 quae
1589 2052 1786 2089 hominem
1810 2053 1984 2090 sublevat
2001 2053 2040 2090 in
2058 2054 2385 2102 participationem
2405 2062 2530 2093 30101--

1463 2105 1586 2142 0113115
1614 2105 1912 2142 transcendentis
1941 2118 2097 2143 omnem
2126 2107 2389 2145 mutationem.

1515 2160 1574 2195 An
1602 2170 1791 2195 SECUNDUM
1820 2170 2004 2196 DICENDUM
2042 2159 2148 2208 quod
2173 2160 2352 2198 voluntas
2380 2161 2428 2199 ad
2456 2173 2525 2210 op-

1462 2211 1585 2260 posita
1613 2223 1653 2248 se
1678 2212 1793 2248 habet
1812 2211 1850 2248 in
1869 2211 1926 2248 his
1951 2224 2049 2260 quae
2069 2213 2118 2249 ad
2141 2213 2260 2250 finem
2281 2213 2523 2252 ordinantur:

1462 2265 1529 2301 sed
1559 2264 1607 2301 ad
1637 2264 1811 2300 ultimum
1839 2265 1959 2301 finem
1988 2265 2146 2302 naturali
2177 2266 2398 2303 necessitate
2427 2267 2525 2304 ordi-

1462 2325 1585 2354 natur.
1608 2317 1725 2364 Quod
1743 2324 1847 2365 patet
1866 2329 1911 2353 ex
1931 2318 2017 2364 hoc,
2038 2318 2143 2366 quod
2161 2319 2282 2374 homo
2301 2331 2380 2356 non
2398 2327 2524 2368 potest

1462 2382 1540 2407 non
1567 2371 1666 2407 velle
1695 2381 1777 2406 esse
1806 2371 1950 2406 beatus.

1515 2425 1574 2460 Αι)
1588 2434 1747 2460 TER-num
1762 2434 1945 2460 111οΕ01)οΜ
1961 2423 2066 2471 00οἀ
2081 2423 2274 2461 beatitudo
2293 2425 2409 2461 habet
2421 2425 2523 2474 prin-

1463 2476 1604 2525 cipium
1625 2487 1670 2512 ex
1690 2475 1905 2512 conditione
1924 2476 2198 2525 participantis:
2225 2476 2292 2514 sed
2312 2485 2414 2514 caret
2431 2478 2521 2526 fine,

1461 2537 1618 2578 propter
1646 2529 1904 2566 conditionem
1929 2529 2020 2566 boni
2046 2529 2152 2566 cuius
2175 2529 2413 2578 participatio
2437 2530 2524 2568 facit

1462 2583 1629 2619 b'eatum.
1651 2581 1762 2619 Unde
1791 2583 1839 2618 ab
1859 2581 1932 2618 alio
1953 2589 2008 2618 est
2028 2581 2175 2619 initium
2195 2581 2457 2630 beatitudinis;
2487 2591 2524 2621 et

1463 2636 1510 2672 ab
1539 2635 1612 2672 alio
1642 2642 1698 2672 est
1726 2634 1831 2684 quod
1861 2642 1962 2672 caret
1988 2635 2077 2672 fine.

1514 2743 1538 2773 ζ)
1559 2742 1616 2773 ipsa
1636 2741 1780 2766 beatitudo.
1797 2753 1817 2760 —-
1835 2740 1897 2765 Om.
1916 2740 2028 2764 codices.

1460 2895 1493 2925 in
1509 2895 1642 2932 Quarto,
1660 2894 1730 2925 dist.
1749 2905 1830 2930 xmx,
1849 2905 1902 2935 qu.
1922 2904 1963 2925 vx.
1988 2895 2096 2925 Potest
2111 2894 2268 2935 siquidem
2279 2893 2457 2935 ‘dupliciter
2474 2894 2526 2926 inss‘

1459 2939 1556 2979 telligi
1575 2939 1663 2980 quod
1679 2939 1840 2970 beatitudo
1864 2939 1903 2969 sit
1920 2938 2091 2979 quietativa
2110 2938 2216 2969 omnis
2234 2938 2387 2970 desiderii.
2402 2939 2521 2976 Primo,

1460 2990 1496 3014 ut
1511 2994 1622 3014 sensus
1645 2983 1685 3014 sit
1699 2983 1788 3024 quod
1812 2983 1973 3014 beatitudo
1991 2982 2134 3014 formatis
2153 2988 2200 3014 est
2221 2981 2362 3013 formatis
2377 2982 2526 3023 impletio*

1460 3027 1564 3058 omnis
1587 3027 1741 3058 desiderii.
1766 3027 1807 3058 Et
1822 3027 1873 3058 hic
1889 3037 1999 3058 sensus
2016 3033 2062 3057 est
2085 3026 2198 3067 falsus„
2213 3026 2255 3057 Et
2276 3033 2383 3057 tamen
2397 3027 2522 3072 illatum

1460 3072 1573 3103 Scotus
1589 3071 1796 3112 reprehendit.
1812 3089 1832 3093 —
1848 3071 2006 3107 Secundo,
2023 3077 2059 3102 ut
2072 3069 2113 3100 sit
2129 3080 2238 3100 sensus
2255 3070 2343 3110 quod
2359 3071 2521 3103 beatitudo

1459 3115 1600 3146 formalis
1624 3122 1670 3146 est
1696 3115 1833 3146 inferens
1861 3114 2080 3155 impletionem
2105 3114 2209 3144 omnis
2233 3113 2392 3152 desiderii,
2413 3116 2521 3156 expul-

1460 3160 1647 3200 sionemque
1667 3159 1772 3190 omnis
1787 3159 1872 3196 mali,
1889 3167 2097 3200 quocumque
2119 3158 2219 3188 modo
2243 3157 2324 3188 illud
2341 3159 2503 3199 contingat
2512 3154 2526 3190 ε’

1459 3204 1501 3234 ita
1520 3205 1609 3244 quod
1632 3204 1711 3235 ratio
1733 3202 1936 3235 beatitudinis
1950 3202 1984 3232 in
2000 3202 2165 3232 communi
2189 3202 2283 3242 exigit
2298 3203 2388 3242 quod
2409 3194 2524 3234 infe‘t‘tt

1447 3248 1635 3279 'satietatem
1654 3247 1759 3280 omnis
1782 3246 1926 3278 desiderii
1949 3246 2109 3282 naturalis,
2127 3246 2335 3277 abstrahendo
2358 3257 2378 3279 ι
2399 3246 2522 3280 taline]

1458 3292 1512 3323 tali
1544 3293 1653 3323 modo.
1678 3292 1718 3322 Et
1741 3291 1791 3322 hic
1819 3300 1929 3322 sensus
1957 3297 2004 3321 est
2025 3300 2131 3327 verus,
2156 3297 2187 3321 et
2213 3290 2352 3321 intentus
2380 3297 2447 3329 Qum
2469 3289 2520 3325 hic

1459 3346 1556 3377 quam
1580 3336 1612 3366 in
1636 3336 1678 3367 IV
1702 3335 1787 3376 Sent.
1812 3335 1858 3366 Ex
1880 3334 1942 3365 hoc
1966 3334 2051 3365 enim
2075 3334 2218 3375 sequitur
2244 3334 2408 3369 manifeste
2432 3334 2521 3375 quod

1459 3380 1621 3411 beatitudo
1645 3379 1739 3420 exigit
1760 3378 2072 3415 inamissibilitatem,
2098 3385 2133 3409 ut
2155 3378 2189 3408 in
2209 3377 2312 3411 littera
2335 3377 2519 3419 deducitur:

1460 3424 1602 3465 alioquin
1625 3424 1719 3455 dolor
1739 3422 1790 3454 vel
1808 3422 1904 3453 timor
1927 3422 2043 3453 inesset
2060 3423 2165 3454 beat0.
2415 3435 2419 3438 ·
2469 3434 2474 3437 ¹

2561 487 2570 496 '¹
2587 485 2652 508 Vere.
2668 492 2698 515 ¹5·

2559 539 2568 547 ·
2584 537 2652 560 vers.
2666 543 2690 561 ιι.

2558 804 2567 813 ·
2582 802 2651 824 Vers.
2665 804 2696 826 16.

2555 1272 2563 1282 ·
2580 1272 2627 1300 Qu.
2642 1278 2674 1301 tv,
2688 1277 2765 1301 ιη.4.

1515 3469 1607 3499 Unde
1624 3467 1789 3508 dupliciter
1804 3467 1927 3503 Scotus,
1944 3466 2072 3503 ibidem,
2087 3466 2236 3497 defecisse
2251 3466 2384 3497 videtur.
2401 3465 2519 3502 Primo,
2547 3454 2557 3460 ’

1460 3513 1534 3553 0013
1558 3523 1623 3543 000
1648 3511 1787 3542 distinxit
1809 3511 1890 3541 inter
1920 3510 2176 3541 immobilitatem
2199 3520 2255 3540 seu
2278 3509 2519 3540 inamissibilita-

1459 3563 1533 3592 tem,
1552 3563 1582 3587 et
1597 3555 1853 3596 perpetuitatem:
1880 3561 1910 3586 et
1933 3565 2014 3596 quae
2034 3555 2072 3585 de
2088 3552 2341 3601 immutabilitate
2361 3553 2518 3590 dicuntur,

2844 2770 2852 2915 ...-.-A.........
2848 2724 2852 2754 ...-
