2852 4152
0 2625 11 2641 4
1 2585 14 2619 ,..
0 2527 40 2576 “J
7 2514 10 2516 ⁴

111 495 322 559 1911311111·-

113 548 121 558 ·
149 546 206 575 Cap.
222 553 252 574 tv,
263 553 285 569 n.
301 553 322 575 3.

995 251 1258 304 QUAESTIO
1288 258 1464 304 XXVIII,

351 331 496 372 deatur
506 335 610 385 bona
632 336 718 372 vel-
731 335 831 371 mala
857 336 949 384 pati,
980 343 1017 372 et
1044 336 1152 373 affici.
1174 337 1224 372 Et
1250 343 1405 396 propter

350 387 439 433 1108,
464 382 662 435 proprium
691 394 747 424 est
774 387 986 425 amicorum
1013 389 1144 425 eadem
1171 388 1275 435 velle,
1305 394 1340 425 et
1367 389 1403 425 in

350 439 478 475 eodem
493 440 635 476 tristari
647 445 681 476 et
692 440 872 489 gaudere,
889 435 1099 478 secundum
1115 441 1405 501 Philosophum,

349 491 389 528 in
416 492 468 527 IX
486 492 605 529 Ethic.
621 492 645 514 '¹⁸
661 499 706 528 et
716 492 757 531 in
775 494 805 528 II
826 494 1015 530 Rhetoric
1035 493 1075 516 ²¹⁸*
1094 494 1142 531 Ut
1161 494 1224 541 sic,
1246 494 1405 543 inquan-

349 551 430 580 tum
458 554 556 595 quae
584 551 672 595 sunt
697 545 811 582 amici
834 546 1006 583 aestimat
1025 558 1103 592 sua,
1125 558 1258 583 amans
1275 546 1404 584 videa-

349 604 409 633 tur
437 608 520 634 8558
544 597 595 634 in
613 592 753 644 amato,
779 598 886 645 quasi
915 599 1016 635 idem
1036 600 1154 635 factus
1177 607 1316 636 amato,
1347 601 1404 636 In-

350 657 534 700 quantum
563 656 690 686 autem
719 662 739 685 e
769 663 955 687 converso
982 653 1064 687 vult
1095 659 1131 688 et
1156 652 1230 699 agit
1251 659 1406 700 propter

350 701 517 741 amicum
546 695 665 738 'sicut
674 710 832 762 propter
867 703 1052 752 seipsum,
1087 704 1194 752 quasi
1227 711 1404 752 reputans

350 750 514 795 amicum
540 749 647 791 idem'
675 755 756 802 sibi,
786 756 840 792 sic
867 763 1036 792 amatum
1065 763 1121 793 est
1148 757 1186 793 in
1214 764 1376 793 amante.

402 806 532 843 Potest
564 814 691 858 autem
721 815 756 844 et
783 808 891 845 tertio
924 809 1043 845 modo
1072 816 1203 845 mutua
1236 809 1404 846 inhaesio

349 858 501 910 intelligi
525 859 564 896 in
592 866 724 899 amore
752 860 949 907 amicitiae,
979 861 1189 898 secundum
1217 861 1320 898 viam
1349 874 1404 898 re-

351 906 592 961 damationis:
621 911 846 960 inquantum
864 922 1005 950 mutuo·
1019 925 1059 950 se
1079 921 1207 950 amant
1225 913 1348 961 amici,
1370 920 1406 950 et

349 960 420 1000 sibi
446 963 610 1002 invicem
640 965 742 1002 bona
768 966 902 1002 volunt
929 973 965 1002 81
993 973 1205 1014 operantur.

402 1017 461 1056 An
479 1027 615 1054 PRIMUM
635 1029 732 1054 11380
757 1029 939 1056 DICENDUM
959 1018 1064 1066 quod
1092 1026 1259 1055 amatum
1289 1018 1404 1055 conti-

401 1127 428 1161 γ)
449 1128 494 1153 t'ta.
513 1142 530 1147 -
549 1129 588 1154 ita
606 1133 632 1154 et
650 1130 678 1161 F,
698 1138 750 1157 om.
764 1130 972 1163 ABDGIKLpH;
993 1131 1028 1155 Et
1047 1131 1151 1155 ideo...
1165 1131 1265 1156 amoris
1283 1131 1384 1156 oer.r

1493 257 1787 294 ARTICULUS
1818 258 1865 293 III
2444 265 2514 303 199

1458 343 1567 372 netur
1601 336 1640 372 in
1672 343 1843 383 amante,
1873 335 2098 383 inquantum
2132 342 2187 372 851
2218 336 2445 384 impressum
2474 334 2511 371 in

1458 388 1596 426 affectu
1615 388 1694 425 eius
1712 390 1781 438 per
1799 388 1992 438 quandam
2019 388 2343 436 complacentiam.
2364 389 2396 424 E
2423 399 2513 423 con-

1457 453 1570 478 verso
1598 453 1691 478 vero
1720 453 1853 478 amans
1881 440 2092 477 continetur
2118 440 2156 477 in
2186 447 2329 486 amato,
2356 440 2512 487 inquan-

1458 501 1539 530 tum
1567 506 1700 531 amans
1729 494 1896 543 sequitur
1923 493 2050 542 aliquo
2079 492 2196 529 modo
2226 492 2316 529 illud
2335 492 2438 540 quod
2459 499 2514 528 est

1458 546 1633 583 intimum
1649 546 1774 583 amati.
1791 546 1894 583 Nihil
1915 546 2016 583 enim
2036 545 2211 594 prohibet
2225 545 2375 582 diverso
2391 545 2509 581 modo

1459 611 1540 635 esse
1569 599 1709 648 aliquid
1737 599 1931 636 continens
1956 606 1992 635 et
2012 605 2252 635 contentum:
2282 597 2377 634 sicut
2394 609 2512 644 genus

1459 651 1670 697 continetur
1696 651 1734 688 in
1763 652 1888 700 specie
1917 658 1952 688 et
1980 663 2001 687 e
2030 662 2229 688 converso.

1510 706 1569 740 An
1597 716 1786 741 SECUNDUM
1805 716 1988 741 morannum
2008 703 2112 752 quod
2132 702 2284 740 rationis
2305 702 2513 750 apprehen-

1458 755 1514 792 sio
1532 757 1723 804 praecedit
1746 756 1924 793 affectum
1945 756 2096 793 amoris.
2117 756 2167 792 Et
2184 755 2282 802 ideo,
2307 757 2401 791 sicut
2419 754 2512 790 ratio

1459 808 1644 857 disquirit,
1674 809 1724 845 ita
1742 814 1758 837 Υ
1786 809 1941 846 affectus
1969 809 2110 845 amoris
2138 808 2320 845 subintrat
2346 807 2385 844 in
2407 818 2514 843 ‘ama-

1458 869 1551 908 tum,
1580 869 1621 898 ut
1650 873 1694 898 ex
1723 861 1828 898 dictis
1849 863 1868 881 ⁴·
1896 869 2009 910 patet.

1510 916 1569 951 AD
1597 925 1756 950 TERTmM
1783 926 1965 951 mcENDUM
1994 914 2096 962 quod
2131 913 2193 949 illa
2222 912 2314 949 ratio
2335 910 2515 960 procedit

1459 966 1506 1003 de
1533 966 1643 1003 tertio
1671 966 1789 1003 modo
1818 974 1970 1003 mutuae
1998 965 2239 1014 inhaesionis,
2269 965 2333 1013 qui
2362 976 2439 1001 non
2458 964 2514 1000 in-

1458 1019 1608 1055 venitur
1635 1019 1672 1055 in
1700 1019 1868 1067 quolibet
1895 1030 2037 1055 amore.

1021 1209 1350 1242 Commentario.
1371 1209 1620 1242 Gardjnalis
1641 1210 1840 1243 Caietam

381 1299 400 1318 N
425 1288 555 1319 articulo
571 1289 710 1319 secundo
732 1288 872 1318 eiusdem
888 1288 1185 1327 vigesimaeoctavae
1201 1287 1403 1328 quaestionis,

352 1300 506 1362 Iadverte
535 1332 601 1362 tria.
632 1331 755 1367 Primo,
781 1331 868 1371 quod
895 1341 985 1361 amor
1014 1331 1046 1361 in
1077 1331 1175 1361 modo
1206 1331 1328 1362 essendi
1351 1341 1406 1371 per

349 1375 634 1415 apprehensionem
658 1375 744 1404 addit
766 1384 890 1404 moram
912 1375 945 1403 in
969 1381 1103 1410 amante,
1130 1381 1161 1404 et
1185 1375 1405 1414 perscrutatio-

350 1428 424 1451 nem
440 1418 548 1448 amati:
570 1418 612 1448 ita
629 1418 718 1457 quod
733 1427 799 1447 non
815 1427 1036 1458 quaecumque
1051 1418 1260 1457 apprehensio
1272 1424 1318 1449 est
1333 1418 1404 1449 effe-

350 1468 417 1491 ctus
433 1461 559 1496 amoris,
576 1461 630 1490 sed
650 1460 857 1500 apprehensio
877 1461 967 1501 quasi
983 1461 1134 1491 continua
1154 1468 1184 1491 81
1198 1469 1404 1501 perscrutans.

348 1504 390 1535 Et
412 1514 450 1535 ex
471 1504 574 1544 prima
597 1504 777 1534 conditione
810 1504 939 1544 ponitur
969 1511 1111 1535 amatum
1140 1505 1174 1535 in
1201 1511 1344 1541 amante,
1369 1514 1407 1535 ex

349 1547 485 1578 secunda
509 1557 526 1578 e
549 1557 711 1583 converSO,
736 1548 912 1578 secundum
935 1548 1228 1588 apprehensionem.

404 1591 561 1628 Secundo,
586 1591 675 1633 quod
697 1591 730 1621 in
754 1590 865 1622 affectu
885 1601 1055 1622 commune
1075 1598 1120 1623 est
1137 1592 1236 1622 amori
1253 1592 1406 1623 amicitiae

349 1636 382 1666 et
403 1635 691 1676 concupiscentiae,
715 1635 804 1676 quod
827 1641 968 1666 amatum
996 1635 1196 1666 constituitur
1225 1635 1259 1665 in
1282 1642 1406 1666 amante

348 1682 406 1719 per
423 1678 690 1722 complacentiam
711 1678 841 1710 interius
864 1679 1034 1710 radicatam
1056 1679 1155 1720 ipsius
1178 1679 1287 1710 amati:
1312 1680 1344 1710 in
1368 1689 1406 1710 eo

349 1722 436 1753 enim
458 1723 548 1772 quod
570 1723 747 1762 complacet
761 1723 819 1753 sibi
837 1723 967 1754 interius
982 1733 1091 1754 amans
1107 1723 1146 1753 de
1165 1724 1335 1764 concupito
1357 1724 1406 1754 vel

349 1766 465 1816 amico,
479 1767 513 1801 in
528 1776 567 1797 eo
586 1773 668 1798 sunt.
686 1767 727 1801 Et
747 1766 810 1797 hoc
828 1767 924 1798 etiam
937 1767 1106 1807 respondet
1123 1777 1230 1798 morae
1248 1767 1281 1798 in
1297 1777 1407 1808 appre-

216 1838 219 1851 1
244 1838 250 1848 b
295 1832 298 1834 .
319 1835 321 1837 .
348 1804 545 1849 1131151038.-
557 1809 776 1842 Diversimode
791 1817 897 1842 autem
913 1821 1020 1841 amans
1037 1811 1238 1842 constituitur
1251 1811 1285 1841 in
1300 1819 1406 1843 amato

106 3416 118 3427 ¹
132 3415 158 3438 S.
168 3415 214 3438 Th.
228 3416 280 3439 lect.
294 3423 318 3439 x.

349 1851 526 1884 secundum
549 1860 720 1896 utrumque
743 1864 895 1891 amorem,
917 1861 952 1885 ut
970 1854 1003 1884 in
1019 1854 1119 1886 littera
1135 1855 1257 1886 dicitur.
1275 1855 1382 1892 Quia
1373 1866 1406 1886 in

349 1897 611 1937 concupiscentia,
622 1898 823 1929 constituitur
837 1898 871 1928 in
887 1905 925 1928 eo
940 1908 995 1939 per
1007 1898 1153 1929 affectum
1168 1898 1321 1939 perfectae
1334 1909 1406 1939 pos-

348 1941 496 1971 sessionis
517 1940 618 1972 illius:
642 1941 675 1972 in
698 1940 834 1972 amicitia
858 1951 944 1978 vero,
959 1952 1015 1982 per
1036 1942 1182 1973 affectum
1205 1943 1244 1973 ad
1267 1943 1407 1973 amicum

349 1982 390 2016 et
403 1994 460 2015 sna
484 1991 520 2016 31
541 1985 676 2025 ipsemet
693 1985 823 2016 amicus.
848 1986 888 2016 Et
906 1987 1001 2016 ambo
1023 1987 1215 2026 respondent
1233 1993 1406 2026 perscruta-

349 2027 429 2067 tioni
450 2027 484 2059 in
507 2028 765 2068 apprehensione.

404 2071 514 2103 Tertio
531 2072 630 2122 quod,
646 2072 670 2103 si
686 2073 719 2103 hi
731 2073 820 2104 modi
833 2080 963 2104 mutuae
979 2073 1193 2104 inhaesionis
1185 2083 1217 2104 m
1234 2074 1344 2105 affectu
1361 2074 1406 2104 di-

349 2115 481 2156 ligenter
503 2115 747 2154 considerentur,
764 2116 920 2147 videbitur
935 2117 1022 2158 quod
1038 2117 1290 2158 proportionales
1315 2124 1404 2149 sunt:

350 2165 381 2189 et
403 2159 500 2199 quod,
522 2159 602 2190 sicut
623 2160 656 2190 in
679 2160 938 2200 apprehensionis
956 2161 1055 2192 modo
1074 2161 1167 2192 unica
1186 2161 1403 2202 apprehensio,

350 2203 525 2234 secundum
549 2203 627 2234 duas
650 2203 716 2234 eius
743 2204 949 2241 conditiones,
974 2211 1145 2245 utrumque
1168 2205 1345 2241 constituit,
1369 2212 1406 2236 ut

1459 1289 1697 1325 declaravimus,
1722 1289 1764 1319 ita
1786 1289 1818 1319 in
1843 1299 1959 1319 amore.
1984 1291 2103 1319 Amans
2126 1289 2244 1330 quippe
2268 1289 2386 1329 aliquid
2404 1298 2512 1318 amore

1459 1332 1739 1372 concupiscentiae,
1756 1340 1840 1364 amat
1858 1333 1938 1363 illud
1960 1333 2056 1369 alteri,
2078 1333 2140 1362 sive
2165 1333 2216 1363 ille
2236 1333 2311 1363 alter
2327 1333 2366 1362 sit
2381 1332 2514 1371 ipsemet

1459 1385 1577 1411 amans,
1603 1376 1666 1406 sive
1689 1377 1774 1407 alter.
1796 1377 1830 1406 In
1853 1376 1914 1407 hoc
1938 1384 2042 1407 autem
2060 1383 2133 1407 sunt
2147 1377 2226 1406 duo:
2244 1376 2360 1406 scilicet
2374 1376 2513 1415 compla-

1459 1419 1559 1449 centia
1581 1419 1665 1449 illius
1688 1420 1861 1459 concupiti,
1888 1420 2028 1460 alioquin
2056 1430 2121 1450 non
2149 1427 2281 1455 amaret;
2306 1427 2337 1450 et
2359 1419 2513 1450 affectatio

1459 1462 1594 1492 habendi
1623 1463 1794 1503 utendique
1825 1463 1890 1493 illo.
1915 1464 1954 1494 Et
1985 1474 2020 1493 ex
2051 1464 2286 1503 complacentia,
2312 1470 2453 1494 amatum
2481 1463 2514 1493 in

1459 1512 1584 1535 amante
1603 1506 1818 1536 constituitur:
1844 1517 1879 1536 ex
1895 1507 2005 1537 affectu
2023 1507 2155 1547 perfecte
2170 1507 2303 1537 habendi
2319 1514 2385 1543 etc„
2407 1517 2422 1537 8
2440 1517 2515 1537 con-

1457 1558 1561 1584 verso;
1583 1549 1737 1589 egreditur
1756 1550 1840 1579 enim
1857 1560 1964 1580 amans
1980 1551 2019 1580 ad
2034 1550 2139 1590 ipsum
2157 1551 2210 1581 tali
2229 1551 2350 1581 affectu.
2361 1568 2379 1573 -
2394 1553 2514 1581 Amans

1459 1602 1589 1632 quoque
1612 1593 1764 1623 amicitiae
1780 1603 1897 1630 amore,
1918 1601 2002 1624 amat
2021 1594 2158 1624 amicum
2177 1601 2212 1624 ut
2228 1594 2377 1634 seipsum.
2398 1595 2434 1624 In
2451 1594 2513 1624 hoc

1459 1642 1565 1666 autem
1583 1636 1788 1667 includuntur
1807 1637 1887 1666 duo:
1907 1637 2021 1677 primo,
2040 1637 2128 1677 quod
2142 1647 2250 1667 amans
2266 1638 2377 1668 transit
2391 1637 2424 1667 in
2443 1648 2513 1678 per-

1460 1689 1572 1710 sonam
1595 1680 1705 1716 amici;
1731 1680 1880 1716 secundo,
1905 1681 1993 1720 quod
2016 1680 2135 1711 amicus
2159 1681 2267 1711 transit
2290 1681 2323 1710 in
2345 1691 2514 1721 personam

1459 1724 1601 1754 amantis.
1627 1724 1673 1754 Ex
1696 1724 1757 1754 hoc
1781 1724 1865 1754 enim
1888 1725 1977 1764 quod
2000 1731 2084 1755 amat
2100 1724 2238 1755 amicum
2257 1731 2386 1764 propter
2408 1725 2515 1764 ipsum

1459 1767 1607 1804 amicum,
1631 1768 1700 1798 vult
1722 1768 1816 1798 etiam
1838 1768 1978 1808 seipsum
1993 1768 2138 1808 praebere
2155 1768 2322 1808 quomodo
2338 1774 2454 1808 potest:
2480 1778 2516 1799 ac

1459 1822 1515 1851 per
1537 1811 1599 1842 hoc
1622 1812 1690 1852 ipse
1713 1812 1822 1843 transit
1843 1812 1876 1842 in
1899 1812 2036 1843 amicum
2060 1812 2234 1848 voluntate,
2259 1811 2370 1842 affectu
2391 1822 2426 1842 ac
2446 1822 2516 1851 pas-

1459 1855 1564 1892 sione;
1588 1855 1631 1886 ita
1659 1862 1695 1886 ut
1724 1857 1803 1886 bene
1825 1856 1875 1886 vel
1903 1856 1986 1886 male
2013 1855 2164 1887 afficiatur
2190 1856 2380 1896 sentiatque,
2411 1856 2513 1886 arnico

1460 1899 1620 1930 sentiente.
1649 1899 1696 1929 Ex
1718 1899 1780 1930 hoc
1802 1910 1877 1930 vero
1906 1901 1994 1940 quod
2021 1906 2105 1931 amat
2132 1899 2270 1930 amicum
2294 1907 2330 1930 ut
2359 1899 2515 1939 seipsum,

1459 1943 1589 1983 ponitur
1611 1944 1731 1974 amicus
1754 1950 1790 1974 ut
1811 1943 1896 1983 ipse:
1921 1950 1951 1974 et
1974 1944 2017 1974 sic
2039 1944 2159 1975 amicus
2175 1943 2283 1974 transit
2298 1944 2330 1974 in
2346 1953 2515 1983 personam

1459 1987 1602 2017 amantis.
1635 1987 1677 2018 Et
1708 1987 1770 2018 hoc
1794 1987 1927 2027 pertinet
1958 1988 1996 2018 ad
2028 1987 2305 2027 complacentiam:
2340 1988 2516 2027 complacet

1459 2031 1544 2061 enirn
1560 2037 1596 2062 ut
1610 2031 1752 2071 ipsemet.
1765 2048 1785 2053 -
1797 2032 1838 2062 Et
1851 2031 1895 2062 sic
1910 2031 1942 2061 in
1957 2037 2092 2071 utroque
2111 2041 2218 2061 amore
2233 2041 2372 2071 egressus
2388 2031 2516 2061 affectus

1458 2074 1491 2104 in
1514 2081 1669 2111 amatum,
1694 2075 1856 2106 constituit
1877 2075 1911 2105 in
1939 2084 1992 2105 eo:
2016 2075 2174 2115 ingressus
2201 2082 2308 2105 autem
2338 2075 2432 2105 amati
2460 2085 2516 2115 per

1459 2118 1721 2158 complacentiam
1743 2118 1776 2149 in
1799 2126 1967 2155 amantem,
1992 2126 2027 2150 ut
2042 2119 2108 2159 ipse
2124 2119 2157 2149 in
2173 2119 2317 2154 amicitia,
2333 2119 2382 2149 vel
2397 2118 2516 2160 aliquid

1459 2162 1507 2192 sui
1534 2162 1568 2192 in
1598 2162 1867 2202 concupiscentia,
1898 2163 2060 2194 constituit
2088 2172 2104 2193 e
2133 2173 2284 2193 converso
2315 2169 2456 2193 amatum
2482 2162 2516 2192 in

1459 2212 1593 2236 amante.

1147 2355 1463 2398 ARTICULUS
1491 2356 1718 2398 TERTIUS

992 2439 1148 2470 UTRUM
1170 2439 1347 2470 EXTASIS
1370 2439 1437 2470 511·
1460 2439 1683 2470 EFFECTUS
1707 2440 1868 2471 AMORIS

719 2507 750 2532 11·
771 2508 822 2538 11··,
841 2515 994 2540 qu.01.xxV‚
1014 2514 1060 2533 art.
1082 2516 1110 2540 23
1129 2509 1160 2533 111
1181 2509 1263 2538 Sent„
1284 2510 1341 2534 dist.
1359 2517 1442 2540 xxvn,

1462 2517 1507 2542 qu.
1522 2517 1544 2538 1,
1564 2514 1611 2535 art.
1629 2518 1650 2540 1,
1670 2510 1702 2534 ad
1720 2517 1751 2542 4;
1770 2510 1791 2534 11
1813 2510 1882 2540 Cor„
1902 2518 1958 2543 cap.
1976 2519 2024 2542 111,
2044 2511 2135 2540 lect-13

1204 2544 1245 2568 De
1265 2544 1326 2569 Diu.
1345 2545 1432 2574 Nom„
1452 2552 1508 2577 cap.
1526 2552 1560 2574 iv,
1579 2546 1638 2569 lect.
1651 2553 1676 2570 x

387 2639 446 2678 μὴ,
465 2640 538 2693 “55(
559 2633 582 2658 1)
610 2633 768 2658 TER-rrum
792 2634 845 2659 518
865 2634 1104 2659 PRoOEme:
1122 2622 1280 2659 Videtur
1300 2623 1404 2671 quod

377 2665 532 2735 Ἑὺᾼῑξρ
561 2674 694 2710 extasis
722 2687 800 2710 non
827 2675 873 2710 sit
901 2674 1057 2711 effectus
1086 2675 1236 2711 amoris.
1258 2675 1404 2712 Extasis

367 2710 528 2805 &5⁷⁴¹
510 2725 660 2768 (enim
687 2726 882 2774 quandam
911 2726 1175 2764 alienationem
1201 2727 1403 2777 importare

407 2755 503 2813 *²532
519 2773 718 2815 videtur.
735 2779 811 2816 Sed
826 2791 935 2815 amor
949 2791 1027 2816 non
1046 2791 1199 2828 semper
1216 2781 1303 2817 facit
1317 2780 1403 2817 alie-

346 2830 560 2867 nationem:
590 2837 677 2867 sunt
696 2831 797 2868 enim
825 2839 995 2868 amantes
1015 2832 1204 2870 interdum
1223 2833 1279 2870 sui
1300 2845 1402 2870 com-

346 2890 467 2931 potes.
488 2883 590 2930 Ergo
619 2895 729 2920 amor
757 2895 835 2920 non
863 2884 950 2920 facit
977 2884 1144 2922 extasim.

402 2946 436 2972 2.
458 2936 697 2983 PRAETEREA,
732 2948 865 2973 amans
904 2936 1090 2974 desiderat
1125 2946 1295 2975 amatum
1331 2938 1401 2975 sibi

346 2987 454 3039 uniri.
483 2987 606 3036 Magis
645 3000 732 3036 ergo
771 2995 940 3025 amatum
969 2990 1080 3027 trahit
1107 2990 1156 3027 ad
1193 3003 1254 3037 58,
1284 3003 1400 3039 quam

348 3041 460 3077 etiam
488 3048 618 3089 pergat
643 3040 682 3078 in
710 3049 891 3088 amatum,
922 3049 1024 3078 extra
1052 3055 1092 3079 se
1121 3043 1259 3079 exiens.

401 3094 435 3130 3.
456 3094 691 3140 ptumam,
712 3106 822 3130 amor
840 3094 921 3131 unit
939 3102 1108 3131 amatum
1132 3094 1285 3142 amanti,
1307 3095 1402 3133 sicut

348 3145 490 3182 dictum
521 3153 575 3183 est
605 3147 634 3184 ⁸¹.
657 3147 696 3184 Si
725 3157 814 3194 ergo
844 3159 976 3184 amans
1006 3155 1107 3184 extra
1135 3159 1175 3184 58
1202 3148 1330 3195 tendit,
1359 3157 1402 3187 ut

345 3198 383 3234 in
411 3206 582 3236 amatum
617 3200 767 3248 pergat,
798 3200 967 3247 sequitur
993 3200 1099 3248 quod
1130 3212 1282 3248 semper
1316 3201 1400 3253 plus

348 3250 475 3298 diligat
502 3258 672 3288 amatum
698 3262 814 3300 quam
843 3252 1022 3302 seipsum.
1045 3252 1160 3299 Quod
1187 3260 1291 3302 patet
1319 3265 1399 3292 esse

346 3303 494 3363 falsum.
516 3304 607 3340 Non
636 3315 726 3352 ergo
755 3305 889 3342 extasis
918 3313 973 3342 est
992 3305 1148 3342 effectus
1176 3305 1327 3343 amoris.

400 3357 474 3393 SED
504 3368 648 3393 CONTRA
675 3369 740 3394 EST
768 3358 871 3406 quod
899 3358 1104 3406 Dionysius
1124 3358 1224 3404 dicit,
1254 3371 1290 3395 1v
1317 3371 1398 3408 cap.

345 3408 391 3444 de
416 3409 504 3446 Div.
525 3410 640 3446 Nom.
661 3409 697 3457 ⁸,
728 3410 834 3457 quod
860 3411 1007 3448 divinus
1033 3423 1144 3448 amor
1166 3406 1323 3448 exta51m
1331 3413 1400 3460 sa-

399 3522 426 3555 α)
445 3523 541 3555 aliquis
560 3523 666 3553 dicitur,
680 3531 748 3548 cum.
766 3537 784 3542 -
801 3523 904 3556 aliquid
922 3524 1022 3549 dicitur
1034 3532 1092 3550 cum
1112 3525 1207 3557 aliquis
1227 3525 1335 3554 codices.
1351 3525 1400 3550 ali-
1427 3525 1430 3591 Ι

345 3557 409 3589 quid
427 3557 525 3583 dicitur
542 3565 601 3583 cum
620 3559 660 3583 ed.
675 3566 701 3584 a.

1459 2624 1528 2660 cit.-
1549 2631 1585 2660 et
1613 2624 1717 2672 quod
1736 2625 1812 2672 ipse
1838 2626 1942 2661 Deus
1954 2630 2111 2672 propter
2136 2636 2306 2661 amorem
2336 2632 2390 2662 est
2411 2632 2514 2663 exta-

1458 2677 1528 2712 sim
1550 2688 1697 2724 passus.
1720 2678 1819 2713 Cum
1840 2689 1928 2724 ergo
1957 2677 2113 2724 quilibet
2132 2689 2241 2714 amor
2259 2678 2305 2714 sit
2323 2679 2514 2726 quaedam

1459 2728 1663 2766 similitudo
1691 2729 1910 2778 participata
1938 2729 2054 2766 divini
2082 2730 2234 2776 amoris,
2258 2738 2297 2767 ut
2323 2731 2465 2768 ibidem
2493 2731 2514 2753 ’¹‘

1459 2781 1603 2828 dicitur,
1615 2781 1764 2818 videtur
1784 2782 1888 2830 quod
1903 2782 2058 2831 quilibet
2078 2794 2188 2819 amor
2203 2791 2330 2820 causet
2346 2785 2512 2821 extasim.

1511 2835 1736 2873 Responnsso
1764 2846 1947 2872 3188331111
1967 2835 2071 2884 quod
2100 2836 2257 2872 extasim
2285 2836 2362 2884 pati
2381 2837 2514 2886 aliquis

1459 2885 1612 2933 dicitur,
1644 2899 1730 2923 cum
1765 2892 1782 2908 α
1812 2894 1912 2924 extra
1944 2900 1984 2924 se
2017 2888 2181 2936 ponitur.
2210 2889 2325 2935 Quod
2358 2889 2513 2937 quidem

1459 2939 1638 2986 contingit
1657 2947 1693 2976 et
1720 2941 1929 2977 secundum
1948 2940 2029 2977 vim
2050 2941 2378 2989 apprehensivam,
2400 2949 2436 2978 et
2455 2954 2513 2979 se-

1458 2993 1626 3028 cundum
1645 2992 1726 3028 vim
1742 2992 1998 3041 appetitivam.
2017 2993 2238 3030 Secundum
2258 2993 2412 3042 quidem
2431 2995 2512 3032 vim

1457 3044 1774 3092 apprehensivam
1786 3045 1917 3093 aliquis
1929 3045 2060 3082 dicitur
2071 3053 2172 3083 extra
2187 3058 2226 3083 se
2241 3046 2344 3095 poni,
2357 3048 2512 3094 quando

1455 3097 1609 3144 ponitur
1628 3104 1730 3133 extra
1749 3097 2003 3145 cognitionem
2019 3098 2088 3134 sibi
2107 3098 2324 3148 propriam:
2343 3101 2405 3136 vel
2424 3101 2513 3149 quia

1457 3149 1505 3186 ad
1533 3149 1769 3197 superiorem
1794 3150 2026 3198 sublimatur,
2047 3150 2143 3188 sicut
2168 3152 2300 3200 homo,
2323 3153 2414 3189 dum
2440 3155 2511 3190 818-

1455 3209 1566 3238 vatur
1586 3201 1634 3238 ad
1655 3203 2014 3251 comprehendenda
2030 3204 2154 3252 aliqua
2173 3217 2270 3253 quae
2291 3213 2377 3242 sunt
2396 3218 2509 3254 supra

1456 3266 1610 3291 sensum
1641 3262 1676 3291 81
1703 3254 1900 3303 rationem,
1922 3256 2054 3293 dicitur
2073 3257 2229 3294 extasim
2248 3258 2334 3306 pati,
2351 3258 2508 3306 inquan-

1454 3315 1534 3344 tum
1547 3307 1705 3356 ssponitur
1720 3315 1820 3344 extra
1834 3306 1851 3337 β
1865 3310 2147 3346 connaturalem
2167 3311 2510 3359 apprehensionem

1456 3360 1608 3396 rationis
1647 3368 1682 3397 et
1709 3372 1861 3407 sensus;
1889 3361 1952 3398 vel
1979 3362 2068 3409 quia
2099 3362 2148 3399 ad
2182 3363 2357 3400 inferiora
2390 3363 2510 3412 depri-

1455 3412 1586 3459 mitur3
1606 3420 1708 3461 puta,
1729 3425 1815 3450 cum
1840 3413 1972 3462 aliquis
1992 3414 2030 3451 in
2059 3415 2194 3452 furiam
2214 3417 2275 3452 vel
2304 3416 2508 3453 amentiam

1509 3525 1534 3560 β)
1553 3528 1663 3558 ponitur
1681 3531 1771 3552 extra.
1788 3541 1808 3547 -
1820 3528 1928 3560 patitur
1945 3532 2027 3553 extra
2045 3528 2232 3559 ABCDEFGL,
2251 3536 2304 3553 om.
2324 3530 2374 3561 ΡΗ.

2637 813 2654 837 Υ

2541 864 2550 873 ·
2563 863 2588 884 In
2603 869 2708 890 corpore.

2542 2741 2552 2751 ⁸
2563 2723 2753 2763 S.Th.1ect.xv1.
