2846 4146
160 460 170 469 ·
184 458 212 480 D.
228 458 278 487 693.

160 610 316 659 §.Clffi'ege
326 615 369 657 'int

257 707 272 741 β

160 924 309 952 maspha,
318 930 368 952 cap.

159 956 184 978 n,
199 957 259 972 vers.
274 957 307 979 ¹9-

158 1035 170 1045 ·
175 1033 203 1056 D.
208 1039 258 1062 205,
263 1038 307 1061 mr,
313 1033 368 1056 1180.

1061 212 1326 259 QUAESTIO
1356 212 1495 258 LXIII,
1523 210 1819 247 ARTICULUS
1848 211 1899 246 IV

396 292 479 328 fusa
507 297 544 327 et
571 290 752 338 acquisita
781 289 958 327 differunt
977 291 1118 339 specie:
1149 299 1184 328 et
1204 290 1338 327 eadem
1359 290 1451 327 ratio

397 351 453 381 est
480 343 528 380 de
555 342 634 380 aliis
661 342 872 380 virtutibus.

448 395 534 432 Alio
563 396 681 432 modo
709 395 858 432 habitus
881 395 1157 444 distinguuntur
1176 395 1300 445 specie
1320 407 1453 432 secun-

397 448 490 486 dum
519 460 564 485 ea
588 448 636 486 ad
663 460 763 496 quae
792 447 1012 485 ordinantur
1029 449 1069 485 *ε
1098 461 1176 486 non
1196 448 1297 485 enirn
1319 455 1373 484 est
1392 460 1453 484 ea-

397 502 485 538 dem
513 500 638 550 specie
665 500 804 537 sanitas
831 501 997 538 hominis
1025 509 1062 538 et
1090 501 1188 549 equi,
1216 508 1371 549 propter
1399 500 1452 537 di-

395 565 525 591 versas
562 560 714 590 naturas
748 553 797 590 ad
830 565 924 601 quas
959 554 1192 591 ordinantur.
1231 554 1280 590 Et
1313 553 1451 590 eodem

397 606 516 644 modo
549 605 637 642 dicit
667 605 944 655 Philosophus,
978 607 1016 643 in
1053 608 1102 643 111
1135 606 1242 644 Polit.
1268 607 1309 653 *,
1348 606 1452 655 quod

397 658 570 696 diversae
603 665 690 695 sunt
720 658 878 696 virtutes
911 659 1071 706 civium,
1106 659 1318 696 secundum
1347 659 1451 708 quod

396 712 494 748 bene
514 722 554 747 se
573 710 715 747 habent
735 711 784 748 ad
804 711 972 749 diversas
990 711 1139 761 politias
1153 710 1179 748 β.
1206 712 1255 748 Et
1268 724 1337 760 per
1351 712 1453 748 hunc

397 763 511 801 etiam
534 763 702 800 modum
731 763 910 802 differunt
941 765 1066 814 specie
1098 764 1255 802 virtutes
1286 765 1452 801 morales

395 816 563 863 infusae,
596 828 666 865 per
698 829 792 864 quas
829 817 1005 855 homines
1037 817 1136 854 bene
1169 829 1209 853 se
1240 817 1383 853 habent
1414 816 1452 853 in

397 868 530 906 ordine
559 868 608 905 ad
635 870 710 906 hoc
738 870 844 917 quod
872 870 945 907 sint
971 870 1069 907 cives
1094 875 1310 906 sanctorum
1330 875 1366 906 et
1387 869 1453 905 do-

395 921 537 958 mestici
557 922 684 967 Dei*;
714 929 751 959 et
778 922 872 960 aliae
899 923 1057 960 virtutes
1083 922 1299 971 acquisitae,
1320 934 1453 959 secun-

396 974 489 1011 dum
519 986 612 1022 quas
639 976 759 1012 homo
779 988 820 1012 se
840 976 938 1013 bene
966 976 1080 1013 habet
1098 975 1137 1012 in
1156 974 1287 1012 ordine
1317 975 1365 1012 ad
1394 987 1453 1012 res

394 1028 581 1064 humanas
599 1027 630 1064 ³¹⁸.

2485 222 2556 256 411

1561 287 1620 326 Αἰ)
1649 301 1785 326 PRlMUM
1804 300 1902 325 ERGO
1922 301 2106 325 chaNDUM
2126 290 2231 337 quod
2248 288 2367 325 virtus
2387 288 2509 325 infusa
2530 296 2564 324 et

1507 342 1688 391 acquisita
1715 354 1794 378 non
1819 341 1944 378 solum
1966 341 2143 378 differunt
2161 343 2370 378 secundum
2391 341 2564 378 ordinem

1508 396 1556 432 ad
1574 395 1750 432 ultimum
1770 394 1910 439 finem3
1940 393 2007 430 sed
2027 393 2141 430 etiam
2161 394 2371 430 secundum
2392 393 2564 430 ordinem

1508 448 1556 486 ad
1584 447 1737 497 propria
1764 446 1924 493 obiecta,
1953 453 1995 482 ut
2023 445 2165 482 dictum
2195 453 2250 482 est
2267 445 2298 482 ³¹².

1561 503 1618 537 AD
1647 511 1836 537 SECUNDUM
1865 510 2048 536 oranouM
2077 498 2181 546 quod
2211 497 2282 534 alia
2311 498 2454 534 ratione
2483 510 2564 534 mo-

1508 554 1636 591 dificat
1651 551 1973 601 concupiscentias
1993 550 2269 588 delectabilium
2288 557 2406 586 tactus
2421 557 2565 598 tempe-

1508 606 1627 643 rantia
1646 605 1838 654 acquisita,
1861 612 1896 641 et
1914 603 2163 652 temperantia
2191 603 2324 649 infusa⁷
2354 610 2394 638 ut
2423 603 2564 639 dictum

1508 666 1564 696 est
1583 660 1614 696 ²⁸.
1644 659 1755 696 Unde
1783 670 1861 694 non
1889 658 2030 697 habent
2059 657 2225 693 eundem
2254 662 2391 692 actum.

1560 713 1619 748 AD
1647 722 1806 748 TERTIUM
1834 721 2017 747 DlCENDUM
2047 709 2151 758 quod
2179 709 2333 745 oculum
2363 707 2464 744 caeci
2490 708 2566 744 nati

1507 765 1612 801 Deus
1631 764 1717 800 fecit
1736 763 1785 800 ad
1805 763 1970 800 eundern
1992 770 2119 799 actum
2148 762 2196 799 ad
2217 760 2333 809 quem
2358 761 2567 797 formantur

1508 817 1569 853 alii
1597 816 1696 852 oculi
1725 815 1937 852 secundum
1970 823 2166 852 naturam:
2197 822 2232 851 et
2259 814 2347 851 ideo
2375 813 2443 850 fuit
2471 812 2565 849 eius-

1509 869 1598 906 dem
1627 868 1777 917 speciei.
1807 869 1856 905 Et
1879 869 2016 905 eadem
2035 868 2129 905 ratio
2150 875 2259 914 esset,
2281 867 2311 903 si
2330 867 2434 903 Deus
2453 866 2567 903 vellet

1508 922 1734 959 miraculose
1776 933 1931 958 causare
1972 921 2011 958 in
2050 920 2208 958 homine
2243 920 2400 956 virtutes
2437 919 2566 967 quales

1508 974 1753 1023 acquiruntur
1781 986 1825 1010 ex
1854 974 2010 1010 actibus.
2041 974 2117 1010 Sed
2146 974 2195 1010 ita
2223 985 2301 1010 non
2330 979 2386 1009 est
2412 971 2451 1008 in
2479 983 2567 1020 pro-

1508 1027 1632 1076 posito
1652 1027 1683 1073 ⁷¹⁸,
1713 1035 1754 1063 ut
1783 1027 1923 1063 dictum
1954 1034 2009 1063 est
2027 1026 2078 1063 ³³³⁸.

450 1175 475 1208 β)
490 1176 609 1208 politia-s.
623 1190 642 1195 -
655 1177 781 1208 politicas
800 1176 1080 1208 PABCEFGILpDHK
1099 1182 1124 1201 et
1142 1177 1182 1201 ed.
1197 1183 1222 1202 α.

1071 1255 1401 1289 commentaria.
1425 1255 1674 1289 Cardinalis
1697 1256 1895 1289 Caietam

399 1353 447 1415 IN
475 1343 606 1373 articulo
630 1349 759 1383 quarto,
785 1342 864 1372 nihil
892 1343 1074 1373 addendum
1097 1343 1232 1373 occurrit
1255 1343 1455 1383 supradictis,

427 1386 602 1428 nssirquod
617 1395 653 1416 ex
676 1386 883 1426 responsione
902 1387 941 1416 ad
961 1386 1089 1416 tertium
1112 1396 1237 1416 memor
1251 1387 1292 1416 sis
1311 1387 1456 1426 colligere

346 1424 484 1472 “quod
506 1429 625 1460 infusio
643 1429 810 1469 dupliciter
823 1440 856 1460 se
871 1430 966 1460 habet
979 1430 1019 1459 ad
1034 1430 1180 1460 virtutes:
1203 1430 1322 1460 scilicet
1338 1440 1394 1471 per
1413 1441 1455 1466 se,

395 1481 427 1507 et
442 1472 668 1515 per-accidens.
691 1474 774 1505 Nam
789 1473 956 1505 virtutibus
974 1473 1209 1514 acquisibilibus
1225 1483 1281 1514 per
1296 1480 1384 1504 actus
1399 1483 1456 1504 no·

352 1556 356 1562 x
395 1525 487 1559 εει-οε,
515 1517 627 1550 accidit
649 1517 791 1548 infundi:
816 1518 891 1559 quia
913 1517 939 1548 si
962 1517 1183 1554 infundantur,
1208 1517 1394 1548 ordinantur
1417 1518 1456 1548 ad

396 1568 502 1594 acmm
525 1562 663 1595 eundem
685 1562 789 1602 specie
807 1562 848 1592 ad
863 1563 968 1603 quem'
976 1561 1163 1592 ordinantur
1177 1561 1358 1602 acquisitae,
1376 1561 1457 1592 sicut

397 1606 482 1648 oculi
505 1606 693 1649 miraculose
712 1605 785 1637 dati.
810 1605 986 1637 Virtutibus
999 1609 1110 1636 'autem
1125 1615 1191 1636 non
1210 1605 1455 1646 acquisibilibus‚

1511 1354 1584 1374 curn
1608 1343 1792 1374 ordinentur
1815 1344 1854 1373 ad
1877 1350 1965 1374 actus
1988 1343 2149 1374 distinctos
2173 1343 2276 1383 specie
2299 1343 2337 1373 ab
2361 1343 2409 1373 his
2433 1342 2488 1383 qui
2505 1343 2569 1373 nati

1510 1394 1584 1417 sunt
1606 1386 1672 1417 fieri
1695 1388 1733 1417 ab
1753 1387 1922 1428 acquisitis,
1942 1397 2007 1417 non
2025 1387 2144 1423 accidit,
2168 1387 2222 1418 sed
2238 1397 2293 1427 per
2307 1397 2339 1417 se
2356 1386 2503 1417 convenit
2520 1387 2568 1416 in-

1510 1430 1617 1466 fundi;
1641 1431 1684 1461 ita
1707 1432 1795 1471 quod
1819 1441 1855 1461 ex
1878 1438 1988 1462 natura
2012 1442 2068 1462 sua
2091 1431 2207 1462 habent
2230 1431 2319 1471 quod
2335 1430 2494 1461 vindicent
2509 1430 2567 1460 sibi

1509 1474 1771 1505 infusibilitatem.
1796 1475 1837 1505 Et
1860 1481 2025 1515 propterea
2048 1475 2081 1504 in
2105 1474 2286 1506 definitione
2301 1474 2424 1505 virtutis
2443 1480 2569 1514 sumpta

1510 1518 1548 1548 ab
1572 1518 1752 1557 Augustino
1772 1518 1803 1554 *‚
1829 1518 1957 1549 dicitur:
1981 1529 2075 1559 quam
2105 1519 2195 1549 Deus
2222 1520 2254 1549 in
2279 1518 2367 1549 nobis
2389 1519 2458 1549 sine
2481 1517 2570 1548 nobis
2597 1526 2605 1534 ·

1510 1566 1674 1602 operatur.
1694 1562 1735 1592 Et
1749 1562 1811 1592 hoc
1827 1562 1905 1592 scito
1922 1562 2088 1602 applicare,
2107 1572 2179 1592 curn
2195 1569 2343 1593 tractatur
2359 1572 2408 1598 an,
2423 1561 2473 1592 vel
2489 1571 2568 1602 quo-

1510 1605 1611 1635 modo
1634 1605 1752 1636 infusio
1775 1605 1872 1636 variet
1895 1606 2032 1646 speciem
2055 1605 2099 1637 rei
2121 1605 2251 1637 infusae.

2595 451 2603 459 '
2618 449 2644 471 In
2659 455 2765 477 corpore.

2594 660 2602 668 ·
2618 659 2677 680 Ibid.

2596 1008 2804 1037 'D.19‚1o38,1183.

2595 1035 2617 1045 '⁴'
2632 1035 2657 1056 In
2673 1041 2777 1063 corpore.

2631 1525 2667 1546 Cf.
2692 1531 2739 1552 arg.
2760 1525 2809 1547 Sed

2597 1553 2688 1573 contra.
