2852 4152
129 2178 136 2184 .
145 2162 192 2189 Qu.
208 2168 254 2189 xm,
266 2165 310 2183 art.
318 2167 339 2189 2,

129 2189 262 2210 Comment.
275 2194 340 2210 num.

386 208 435 252 84

382 283 476 331 ignis
505 295 583 320 non
612 295 764 332 semper
782 291 960 321 movetur
979 296 1142 331 sursum,
1164 284 1232 321 sed
1252 284 1406 331 quando
1427 284 1438 309 ζ

384 344 438 372 est
467 344 568 373 extra
596 337 722 373 locum
753 349 877 374 suum.
912 338 960 373 Et
988 337 1156 373 similiter
1184 349 1262 373 non
1291 343 1439 384 oportet

383 389 486 437 quod
514 390 701 436 voluntas,
731 402 830 438 quae
859 390 905 426 de
929 389 1097 438 potentia
1116 389 1153 425 in
1173 396 1299 425 actum
1328 388 1438 425 redu-

383 442 477 478 citur
505 442 597 479 dum
618 442 758 490 aliquid
776 443 868 488 vult,
890 454 1042 490 semper
1061 449 1146 477 actu
1165 441 1270 476 velit:
1292 442 1359 477 sed
1378 453 1438 476 so-

380 495 460 530 lum
490 495 642 543 quando
673 503 728 531 est
758 495 797 531 in
826 495 950 542 aliqua
983 493 1228 541 dispositione
1263 493 1437 529 determi-

381 555 479 583 nata.
509 548 693 584 Voluntas
722 555 848 584 autem
877 546 960 591 Dei,
991 558 1088 594 quae
1109 553 1163 581 est
1183 552 1286 581 actus
1305 557 1435 593 purus,

381 612 534 648 semper
562 608 618 636 est
644 600 682 636 in
711 607 796 636 actu
823 598 988 636 volendi.

433 655 492 689 AD
520 664 677 689 TERTIUM
707 664 888 688 DICENDUM
909 650 1011 699 quod
1032 658 1187 686 naturae
1209 662 1361 698 semper
1380 663 1436 687 re-

380 705 542 753 spondet
568 717 701 751 unum,
727 704 1057 752 proportionatum
1081 710 1209 741 tamen
1229 708 1247 730 '¹
1267 710 1434 740 naturae.

379 758 546 794 Naturae
568 757 669 794 enim
690 757 727 793 in
746 768 894 804 genere,
926 755 1130 804 respondet
1154 755 1295 803 aliquid
1314 768 1435 792 unum

429 869 452 901 ζ)
473 870 586 901 quando.
606 883 623 886 —
643 868 799 899 quandoque
818 868 920 892 FGHK.

429 906 454 935 η)
475 908 572 929 tamen.
590 918 608 922 -
627 904 687 927 Om.
707 903 821 927 PFleH
841 908 867 928 et
886 910 910 927 a.

1113 207 1379 253 QUAEsT1o
1408 209 1459 255 x,

1489 209 1784 246 ARTICULUS
1814 210 1827 245 I

1492 285 1530 321 in
1550 297 1702 333 genere;
1733 294 1768 322 et
1796 293 1950 323 naturae
1971 287 2009 323 in
2029 288 2152 336 specie
2177 296 2366 337 acceptae,
2397 301 2552 337 respon-

1493 337 1556 374 det
1582 350 1703 374 unum
1722 338 1761 374 in
1781 339 1922 386 specie;
1953 347 2107 376 naturae
2137 348 2265 377 autem
2293 341 2550 379 individuatae

1491 391 1696 438 respondet
1723 390 1862 439 aliquid
1891 403 2011 428 unum
2040 392 2282 430 individuale.
2315 395 2414 431 Cum
2442 394 2552 442 igitur

1490 442 1667 478 voluntas
1687 442 1733 478 sit
1752 443 1942 491 quaedam
1960 444 2019 481 vis
2038 444 2308 493 immaterialis,
2329 447 2423 484 sicut
2443 455 2478 483 et
2496 447 2550 484 in-

1490 495 1671 541 tellectus,
1692 495 1898 543 respondet
1925 496 1995 533 sibi
2022 498 2238 535 naturaliter
2256 499 2411 548 aliquod
2429 511 2550 536 unum

1491 558 1709 594 commune,
1738 547 1876 584 scilicet
1903 548 2065 586 bonum:
2094 550 2188 587 sicut
2216 552 2330 588 etiarn
2349 552 2550 589 intellectui

1491 598 1643 646 aliquod
1666 611 1787 635 unum
1817 612 2034 649 commune,
2063 602 2202 640 scilicet
2219 616 2368 652 verum,
2387 605 2450 641 vel
2470 616 2547 651 enS,

1489 652 1551 687 vel
1578 652 1678 699 quod
1703 652 1794 699 quid
1819 659 1873 689 est
1889 651 1946 690 Ν.
1978 655 2057 691 Sub
2079 655 2182 692 bono
2203 664 2330 693 autem
2351 657 2549 694 communi

1491 705 1610 740 multa
1636 704 1874 753 particularia
1902 706 2004 743 bona
2032 708 2281 756 continentur,
2311 710 2360 746 ad
2383 722 2549 758 quorum

1492 757 1638 793 nullum
1667 757 1843 794 voluntas
1873 757 2153 798 determinatur.

1544 867 1568 900 θ)
1588 869 1659 901 quod
1671 870 1736 901 quid
1747 873 1795 894 est.
1807 883 1825 888 -—
1838 870 1968 902 quidquid
1986 857 2026 895 est
2043 871 2266 905 AfflGfflKLpF,
2279 874 2384 906 aliquid
2398 874 2550 899 huiusmodi

1490 903 1519 934 E,
1539 904 1669 936 quidquid
1687 907 1726 929 est
1744 905 1897 930 huiusmodi
1915 906 2010 938 PszF
2031 911 2056 931 et
2073 913 2099 931 a.

1050 981 1379 1015 Commentaria
1403 981 1651 1015 cardinalis
1673 984 1872 1016 Caietam

403 1070 422 1089 N
447 1057 639 1099 quaestionis
664 1056 803 1086 decimae
826 1055 959 1086 articulo
983 1056 1099 1096 primo,
1124 1057 1202 1088 scito
1219 1057 1308 1098 quod
1324 1057 1356 1097 ly
1378 1067 1434 1087 na-

377 1072 552 1133 Ituraliter
566 1101 598 1131 in
620 1100 713 1131 titulo
733 1099 885 1140 positum,
903 1100 1040 1131 sumitur
1055 1107 1090 1130 ut
1107 1100 1309 1140 distinguitur
1325 1107 1434 1131 contra

371 1147 403 1188 ly
427 1147 533 1177 libere.

439 1191 474 1220 In
498 1199 631 1230 corpore
655 1187 797 1218 eiusdem
816 1187 909 1227 primi
926 1187 1046 1217 articuli
1072 1187 1207 1217 dubium
1231 1187 1375 1223 occurrit,
1397 1197 1433 1217 ex

373 1245 410 1265 eo
435 1235 524 1275 quod
546 1236 667 1263 Auctor
691 1232 841 1262 divertere
864 1231 987 1261 videtur
1011 1241 1028 1261 a
1047 1231 1224 1271 proposito,
1241 1231 1320 1261 dum
1336 1241 1433 1272 quae-

372 1279 432 1309 stio
456 1285 502 1308 est
525 1278 563 1307 de
587 1275 720 1307 naturali
744 1282 779 1305 ut
802 1275 1004 1314 distinguitur
1027 1282 1136 1305 contra
1157 1275 1305 1312 liberum;
1329 1282 1358 1306 et
1382 1286 1432 1306 so-

371 1323 451 1353 lutio
475 1321 667 1362 quaestionis
692 1326 738 1349 est
753 1320 791 1349 de
806 1319 939 1348 naturali
963 1325 999 1349 ut
1022 1318 1225 1359 distinguitur
1249 1326 1357 1350 contra
1380 1330 1430 1350 ac-

372 1366 534 1399 cidentale.
560 1371 595 1395 ut
617 1370 703 1404 patet
725 1363 758 1392 in
781 1363 891 1393 littera.
1084 1380 1092 1387 ί

415 1411 451 1441 II.
464 1410 514 1440 Ad
526 1409 587 1439 hoc
600 1407 731 1438 breviter
744 1406 857 1437 dicitur
869 1407 966 1447 quod,
981 1406 1055 1447 quia
1068 1407 1208 1438 naturale
1221 1414 1256 1438 ut
1268 1407 1431 1447 distingui-

370 1462 421 1485 tur
445 1460 553 1484 contra
575 1452 720 1487 liberum,
746 1451 888 1492 sequitur
911 1451 951 1481 ad
974 1451 1114 1481 naturale
1133 1451 1212 1482 idest
1228 1451 1431 1482 substantiale

371 1497 481 1540 (omne
505 1496 590 1527 enim
606 1495 809 1526 substantiale
825 1501 871 1525 est
886 1492 1055 1536 naturale);
1077 1505 1113 1525 ex
1128 1495 1190 1526 hoc
1207 1496 1295 1536 quod
1310 1497 1432 1525 Auctor

370 1541 536 1572 declaravit
565 1540 598 1570 in
629 1540 794 1570 voluntate
823 1539 956 1569 inveniri
986 1546 1114 1570 motum
1143 1540 1320 1570 naturalem
1351 1539 1431 1570 idest

370 1585 616 1621 substantialem,
642 1583 762 1623 optime
790 1583 936 1614 satisfecit
951 1583 1097 1623 quaesito
1125 1594 1165 1614 an
1181 1584 1220 1615 sit
1235 1583 1306 1614 talis
1322 1590 1430 1614 motus

370 1630 519 1661 naturalis
551 1635 586 1659 ut
616 1627 818 1667 distinguitur
848 1634 957 1657 contra
986 1627 1133 1659 liberum.
1162 1628 1208 1658 Ea
1236 1635 1343 1658 autem
1371 1627 1431 1658 fuit

370 1674 449 1705 ratio
473 1682 655 1713 processus,
681 1672 756 1712 quia
779 1671 923 1701 videlicet
946 1671 1025 1702 ratio
1042 1671 1213 1711 significata
1232 1682 1288 1712 per
1311 1681 1430 1702 nomen

370 1718 530 1748 naturalis
553 1716 720 1757 aperienda
744 1722 817 1745 erat.
843 1715 935 1745 Unde
960 1715 984 1745 si
1004 1716 1109 1745 omnis
1131 1716 1304 1746 substantia
1319 1722 1431 1746 natura

371 1769 425 1798 est,
451 1761 608 1802 quidquid
630 1760 807 1790 secundum
831 1759 1039 1790 substantiam
1062 1759 1151 1796 inest,
1177 1761 1353 1791 secundum
1377 1769 1429 1789 na-

370 1813 472 1836 turam
502 1805 599 1840 inest;
623 1814 659 1834 ac
683 1814 738 1843 per
760 1804 838 1839 hoc,
863 1810 894 1833 et
917 1804 1120 1834 substantiale
1147 1810 1177 1834 et
1204 1804 1345 1834 naturale
1374 1811 1429 1835 est.

370 1850 555 1880 Secundum
578 1848 786 1878 substantiam
809 1854 916 1877 autem
939 1847 1028 1884 inest,
1046 1848 1203 1888 quidquid
1219 1859 1274 1888 per
1290 1859 1322 1879 se
1338 1848 1428 1880 inest.

369 1894 454 1933 Ergo
478 1893 563 1924 iuxta
585 1893 666 1922 hanc
689 1898 818 1922 naturae
842 1890 1118 1930 significationem,
1143 1902 1207 1932 qua
1231 1899 1260 1922 et
1283 1893 1430 1923 voluntas

369 1945 480 1968 natura
504 1943 558 1972 est,
584 1946 639 1976 per
654 1945 686 1965 se
702 1935 812 1971 inesse,
838 1942 868 1965 et
891 1936 1067 1965 secundum
1091 1936 1308 1972 substantiam,
1333 1943 1364 1967 et
1379 1947 1432 1967 na-

369 1981 517 2016 turaliter,
541 1981 627 2010 idern
651 1986 732 2009 sunt.
764 1979 850 2009 Haec
878 1985 985 2009 autem
1009 1979 1206 2020 aequivalere
1233 1980 1368 2010 naturali
1396 1987 1432 2011 ut

369 2024 572 2064 distinguitur
595 2030 703 2054 contra
718 2023 862 2058 liberum,
881 2029 966 2062 patet
985 2033 1021 2053 ex
1041 2033 1079 2053 eo
1096 2023 1171 2064 quia
1186 2023 1322 2053 liberum
1338 2024 1432 2054 habet

368 2079 427 2109 pro
452 2079 545 2098 causa
563 2067 656 2103 velle,
675 2067 814 2097 naturale
830 2074 938 2097 autern
955 2075 1038 2097 esse:
1061 2067 1092 2097 id
1109 2067 1194 2097 enim
1211 2068 1318 2098 solum
1333 2068 1430 2098 libere

368 2113 412 2150 fit,
437 2113 526 2153 quod
548 2111 583 2142 fit
606 2111 682 2152 quia
704 2111 790 2147 vult;
816 2118 847 2141 et
866 2110 898 2140 id
914 2111 1021 2141 solum
1045 2111 1227 2142 naturaliter
1248 2112 1338 2149 inest,
1355 2112 1430 2152 quia

368 2164 429 2193 est,
456 2164 491 2187 ut
513 2156 545 2186 in
568 2156 672 2186 Prima
695 2156 784 2185 Parte
799 2155 816 2174 *
839 2155 960 2185 dictum
984 2162 1040 2186 est.
1065 2156 1231 2196 Quidquid
1254 2163 1362 2187 autem
1381 2167 1430 2187 se-

368 2201 510 2232 cundum
538 2199 760 2235 substantiam,
793 2209 848 2229 seu
872 2209 928 2239 per
952 2209 984 2229 se
1007 2199 1104 2236 inest,
1130 2200 1210 2230 clare
1234 2207 1319 2240 patet
1341 2202 1430 2241 quod

367 2245 447 2275 inest
471 2244 546 2285 quia
569 2243 639 2274 talis
664 2253 730 2273 esse
751 2242 963 2273 substantialis
985 2249 1040 2279 est,
1062 2250 1092 2274 et
1107 2253 1173 2274 non
1193 2244 1266 2284 quia
1286 2244 1330 2275 sic
1350 2244 1429 2276 vult.

366 2289 463 2320 Nulla
487 2298 560 2329 ergo
577 2287 711 2318 diversio
730 2286 782 2317 hic
801 2286 870 2323 fuit,
890 2287 945 2317 sed
960 2287 1021 2317 alta
1036 2287 1241 2327 perscrutatio
1259 2289 1428 2326 naturalis,

368 2343 405 2364 ex
428 2343 491 2373 qua
515 2333 701 2363 doceremur
722 2330 952 2361 naturalitatem
968 2331 1000 2361 in
1018 2331 1167 2362 omnibus
1183 2331 1333 2368 invenire,
1350 2332 1431 2363 sicut

368 2380 490 2408 Auctor
505 2377 587 2407 fecit.
611 2376 659 2406 Ex
677 2376 735 2406 hac
751 2375 836 2405 enim
852 2375 972 2406 ratione
989 2375 1150 2412 naturalis,
1169 2376 1317 2407 adiuncta
1336 2377 1431 2407 altera

369 2421 588 2462 propositione
611 2419 790 2456 communi,
816 2419 932 2450 scilicet
955 2419 1044 2459 quod
1066 2429 1123 2459 per
1145 2430 1178 2450 se
1202 2420 1290 2460 prius
1313 2427 1359 2451 est
1381 2421 1429 2451 his

369 2475 450 2506 quae
474 2475 539 2495 non
556 2470 630 2495 sunt
649 2473 704 2504 per
720 2472 769 2499 se;
794 2462 901 2494 intulit
919 2463 1129 2494 universalem
1144 2464 1296 2504 regulam,
1314 2464 1430 2496 scilicet

369 2510 457 2550 quod
472 2508 663 2549 principium
676 2507 938 2538 convenientium·
949 2507 1043 2538 alicui
1055 2507 1135 2538 inest
1149 2508 1340 2548 naturaliter,
1350 2508 1431 2540 idest

369 2563 424 2593 per
448 2563 480 2583 se
503 2559 533 2583 et
557 2551 733 2583 secundum
757 2551 974 2587 substantiam,
995 2558 1026 2582 et
1044 2551 1119 2592 quia
1135 2558 1181 2582 est
1195 2552 1265 2583 talis
1289 2559 1428 2591 naturae,

369 2604 399 2628 et
422 2607 488 2627 non
507 2597 582 2637 quia
596 2596 675 2626 vult.
693 2596 740 2626 Ex
755 2595 813 2626 hac
829 2595 914 2626 enim
930 2596 1047 2635 regula,
1064 2596 1279 2627 subintellecta
1294 2597 1427 2634 minore,

369 2641 485 2672 scilicet
508 2641 595 2681 quod
619 2646 727 2670 motus
756 2640 977 2670 convenientes
1005 2640 1162 2671 voluntati
1194 2647 1267 2671 sunt
1295 2641 1429 2672 ordinati

369 2685 547 2716 secundum
569 2684 724 2717 rationem
747 2683 892 2724 principii
916 2690 946 2714 et
969 2684 1163 2724 principiati,
1193 2685 1282 2725 quod
1305 2692 1351 2716 est
1374 2696 1430 2725 per

368 2740 401 2759 se
425 2736 554 2765 notum;
579 2728 684 2759 statim
708 2728 840 2758 habetur
863 2727 1037 2764 intentum,
1062 2728 1179 2759 scilicet
1202 2729 1291 2769 quod
1315 2729 1432 2770 aliquis

368 2780 476 2804 motus
498 2773 579 2803 inest
600 2772 756 2802 voluntati
773 2772 949 2802 secundum
973 2772 1189 2809 substantiam,
1207 2783 1263 2813 per
1279 2783 1321 2810 se,
1338 2781 1429 2804 natu-

368 2818 481 2853 raliter,
505 2817 580 2857 quia
604 2823 650 2847 est
673 2816 752 2851 talis,
777 2822 807 2846 et
830 2826 895 2846 non
919 2815 994 2856 quia
1016 2816 1094 2847 vult.

413 2862 464 2892 111.
483 2861 516 2891 In
534 2861 675 2891 eiusdem
691 2860 812 2891 articuli
829 2870 971 2900 corpore,
989 2866 1065 2891 nota
1079 2860 1190 2900 triplex
1206 2861 1285 2900 poni
1305 2868 1429 2892 natura-

367 2906 436 2936 liter
448 2905 597 2935 volitum:
616 2905 729 2944 primo,
747 2905 883 2940 bonum;
901 2904 1052 2941 secundo,
1070 2905 1312 2941 beatitudinem;
1326 2905 1428 2942 tertio,

369 2959 464 2980 omne
489 2949 679 2980 conveniens
702 2948 822 2979 volenti
846 2949 1022 2978 secundum
1046 2959 1139 2979 suam
1162 2955 1317 2980 naturam.
1334 2950 1375 2980 Et
1391 2950 1429 2980 de

368 2993 478 3033 primis
498 2993 628 3033 quidem
648 2993 774 3023 duobus
799 2993 925 3022 evidens
949 2992 1027 3023 ratio
1043 2992 1075 3023 in
1097 2992 1198 3024 littera
1221 2993 1372 3024 redditur:
1391 2994 1429 3024 de

370 3037 461 3068 tertio
485 3043 592 3067 autem
616 3046 691 3066 non.
715 3036 808 3067 Unde
824 3043 854 3067 et
873 3036 1034 3067 dubitatur
1055 3044 1085 3067 et
1101 3037 1138 3067 de
1162 3037 1243 3078 ipso,
1262 3044 1292 3068 et
1307 3038 1345 3068 de
1361 3038 1429 3068 eius

369 3081 499 3111 ratione.
523 3081 571 3111 De
594 3081 664 3120 ipso
689 3080 828 3120 quidem,
853 3081 927 3120 quia
943 3080 1121 3121 experimur
1137 3081 1333 3121 oppositum,
1351 3083 1429 3112 dum

370 3125 515 3165 eligimus
538 3134 605 3154 non
629 3124 846 3154 convenientia
869 3126 1046 3155 secundum
1070 3132 1224 3162 naturam,
1249 3133 1285 3156 ut
1300 3126 1428 3163 nescire,

370 3179 435 3199 non
451 3169 594 3199 vivere.·-
608 3169 672 3199 Nec
688 3169 830 3198 evaditur
845 3168 978 3199 dicendo
995 3170 1086 3210 quod
1101 3169 1164 3200 hoc
1179 3169 1358 3210 appetimus
1373 3180 1430 3210 per

370 3213 522 3244 accidens.
547 3213 711 3250 Quoniam
735 3212 882 3253 opposita
897 3223 1010 3243 eorum
1027 3223 1108 3254 quae
1133 3214 1315 3249 naturaliter
1337 3214 1430 3245 volu-

370 3267 452 3294 mus,
477 3267 534 3287 nec
558 3266 613 3298 per
637 3267 668 3287 se
685 3266 741 3286 nec
758 3266 813 3296 per
829 3256 972 3287 accidens
988 3258 1067 3288 velle
1087 3267 1273 3297 possumus;
1290 3265 1326 3289 ut
1344 3265 1430 3299 patet

371 3301 408 3331 de
432 3301 537 3341 primo
562 3307 591 3331 et
615 3300 765 3331 secundo.

435 3345 482 3375 De
506 3344 627 3376 ratione
651 3353 736 3380 vero,
763 3343 878 3374 scilicet
905 3345 980 3384 quia
1006 3355 1067 3385 per
1090 3346 1285 3376 voluntatem
1309 3347 1427 3386 appeti-

371 3398 441 3418 mus
464 3390 559 3419 etiam
585 3390 780 3429 pertinentia
804 3388 847 3418 ad
870 3388 953 3419 alias
970 3391 1132 3429 potentias
1155 3395 1185 3420 et
1208 3395 1307 3420 totum
1331 3391 1429 3420 homi-

371 3441 459 3462 nem:
482 3432 744 3473 quandoquidem
760 3432 847 3462 nulla
864 3439 993 3472 apparet
1010 3433 1164 3464 connexio
1184 3433 1370 3464 huiusmodi
1391 3434 1429 3464 ad

370 3475 457 3505 illam
481 3477 729 3507 conclusionem.
754 3476 846 3507 Unde
871 3476 955 3507 enim
979 3478 1135 3518 sequitur:
1159 3478 1218 3508 Per
1233 3478 1430 3508 voluntatem

370 3520 549 3560 appetimus
580 3521 674 3551 etiarn
705 3520 891 3561 pertinentia
915 3521 954 3550 ad
978 3521 1053 3551 alias
1078 3521 1234 3561 potentias
1265 3529 1294 3552 et
1324 3529 1429 3552 toturn

1488 1056 1671 1093 hominem;
1696 1067 1770 1097 ergo
1801 1058 1983 1091 naturaliter
2014 1060 2165 1090 volumus
2193 1061 2301 1092 o'mnia
2330 1063 2548 1095 convenientia

1487 1100 1667 1131 volentibus
1692 1102 1868 1132 secundum
1892 1112 1983 1132 suam
2006 1101 2169 1134 naturam?

1532 1144 1584 1175 1v.
1609 1145 1660 1175 Ad
1683 1145 1824 1185 primum
1847 1145 1964 1176 horum
1987 1146 2121 1177 breviter
2144 1147 2258 1178 dicitur
2281 1149 2386 1189 quod,
2411 1151 2492 1181 sicut
2515 1151 2548 1181 in

1488 1188 1581 1218 rebus
1614 1188 1818 1219 exterioribus
1849 1190 1990 1221 naturale
2021 1190 2179 1221 invenitur
2211 1192 2396 1232 dupliciter,
2430 1194 2548 1225 scilicet

1488 1241 1626 1272 semper,
1654 1233 1704 1263 vel
1732 1233 1911 1274 frequenter
1941 1233 2067 1276 (motus
2096 1235 2181 1265 enim
2213 1236 2359 1267 caelestes
2390 1239 2547 1268 naturales

1487 1282 1561 1307 sunt
1598 1283 1634 1307 ut
1663 1277 1877 1308 universaliter
1906 1285 1936 1309 et
1966 1279 2090 1319 semper
2124 1278 2337 1320 indeficientes
2368 1291 2387 1311 a
2413 1282 2547 1313 naturali

1487 1329 1599 1356 cursu;
1625 1328 1732 1351 motus
1756 1328 1864 1352 autem
1890 1321 2054 1352 inferiores
2081 1324 2238 1354 naturales
2264 1331 2338 1363 sunt
2361 1331 2397 1355 ut
2419 1325 2452 1356 in
2475 1326 2546 1366 plu-

1486 1364 1572 1394 ribus
1596 1371 1627 1395 et
1649 1365 1829 1406 frequenter
1851 1364 2093 1409 indeficientes);
2118 1367 2162 1397 ita
2184 1374 2215 1398 et
2236 1367 2269 1398 in
2288 1368 2461 1401 voluntatis
2475 1380 2545 1402 mo—

1485 1407 1569 1439 tibus
1594 1409 1788 1440 naturalibus
1807 1409 1966 1440 invenitur
1981 1410 2162 1442 naturalitas
2177 1418 2314 1453 utroque
2329 1413 2440 1445 modo.
2463 1414 2547 1445 Natu

1485 1452 1525 1482 ad
1548 1453 1705 1494 quaedam
1731 1453 1878 1484 voluntas
1906 1453 1948 1484 sic
1978 1454 2160 1485 naturaliter
2189 1462 2236 1486 est
2263 1456 2487 1495 determinata,
2509 1465 2547 1490 ut

1485 1506 1551 1526 non
1575 1497 1675 1536 possit
1698 1497 1806 1539 aliquo
1830 1504 1922 1537 pacto
1943 1498 2024 1528 velle
2047 1499 2248 1538 oppositum:
2274 1500 2313 1530 ad
2328 1502 2487 1541 quaedam
2502 1502 2546 1533 sic

1485 1541 1665 1571 naturaliter
1689 1541 1894 1572 determinata
1917 1548 1972 1578 est,
1997 1549 2033 1573 ut
2055 1543 2157 1582 possit
2179 1553 2236 1583 per
2257 1544 2402 1574 accidens
2418 1545 2547 1585 opposi—

1485 1591 1555 1615 tum
1577 1585 1666 1615 velle.
1692 1585 1726 1615 In
1751 1585 1855 1625 primo
1880 1585 1991 1616 ordine
2014 1593 2088 1616 sunt
2111 1587 2176 1617 duo
2200 1587 2302 1627 prima
2325 1588 2423 1619 volita
2445 1589 2479 1620 in
2496 1589 2546 1621 lit·

1485 1635 1550 1658 tera
1565 1635 1742 1659 numerata:
1756 1629 1789 1659 in
1803 1630 1943 1659 secundo
1956 1639 2031 1660 vero
2047 1637 2093 1660 est
2106 1630 2235 1661 tertium
2246 1631 2421 1662 volitorum
2432 1642 2543 1672 genus.

1484 1673 1576 1703 Unde
1600 1673 1639 1703 ad
1662 1673 1723 1703 hoc
1746 1673 1875 1704 tertium
1897 1673 2034 1704 volitum
2060 1674 2208 1705 voluntas
2236 1685 2302 1706 non
2330 1675 2402 1716 plus
2423 1676 2547 1708 videtur

1484 1717 1666 1747 naturaliter
1688 1717 1845 1754 inclinata,
1866 1727 1964 1758 quam
1986 1718 2133 1748 voluntas
2158 1718 2266 1752 affecta
2288 1719 2397 1750 habitu
2420 1718 2545 1752 virtutis

1485 1761 1664 1801 acquisitae,
1682 1761 1720 1791 ad
1736 1771 1818 1801 opus
1837 1761 1921 1792 illius
1940 1761 2077 1798 virtutis;
2094 1762 2153 1792 nisi
2170 1772 2229 1803 pro
2246 1770 2366 1804 quanto
2381 1763 2544 1796 inclinatio

1485 1815 1521 1835 ex
1544 1812 1655 1836 natura
1678 1805 1785 1846 potior
1809 1812 1855 1836 est
1878 1816 1977 1846 quam
2000 1816 2036 1836 ex
2059 1806 2214 1847 acquisito
2245 1807 2363 1838 habitu.
2394 1808 2436 1839 Et
2466 1809 2546 1840 sicut

1483 1849 1630 1880 voluntas
1649 1850 1681 1879 in
1701 1849 1818 1880 iustitia
1841 1850 2011 1886 habituata,
2036 1857 2141 1890 potest
2158 1850 2274 1882 iniuste
2297 1851 2414 1889 facere;
2431 1852 2474 1884 ita
2489 1862 2544 1885 vo·

1469 1891 1588 1924 'luntas
1619 1894 1801 1924 naturaliter
1830 1893 1978 1924 inclinata
1999 1894 2032 1924 in
2055 1895 2179 1925 bonum
2209 1896 2398 1927 conveniens
2425 1897 2545 1938 volenti

1484 1935 1661 1968 secundum
1684 1948 1775 1968 suam
1799 1945 1954 1974 naturam,
1979 1945 2084 1978 potest
2106 1938 2174 1970 eius
2193 1939 2379 1979 oppositum
2402 1941 2492 1972 velle.

1550 1982 1600 2011 Ad
1625 1981 1801 2012 secundum
1816 1991 1892 2012 vero
1910 1982 2022 2012 dicitur
2037 1983 2135 2023 quod,
2151 1983 2223 2013 licet
2238 1983 2332 2013 verba
2347 1983 2400 2014 illa
2413 1984 2543 2025 litterae,

1485 2024 1510 2054 si
1534 2025 1601 2055 sola
1624 2032 1799 2061 sumantur,
1821 2035 1886 2055 non
1906 2025 2041 2056 inferant
2064 2026 2124 2056 nisi
2145 2026 2360 2057 extensionem
2372 2026 2545 2059 voluntatis

1484 2076 1515 2100 et
1530 2069 1598 2100 eius
1614 2069 1728 2100 obiecti
1740 2070 1780 2099 ad
1795 2069 1857 2100 hoc
1873 2069 2015 2106 tertium
2028 2070 2053 2100 si
2066 2077 2172 2101 tamen
2188 2070 2402 2110 intelligantur
2413 2072 2545 2102 coniun-

1484 2120 1532 2144 cta
1555 2113 1829 2153 praecedentibus,
1853 2109 1991 2144 inferunt
2014 2114 2245 2146 naturalitatem
2267 2121 2376 2147 motus
2398 2116 2545 2148 volunta·

1483 2157 1522 2187 tis
1537 2158 1570 2187 in
1582 2157 1644 2188 hoc
1662 2157 1800 2188 tertium.
1818 2158 1870 2188 Ad
1889 2157 1978 2188 euius
1991 2158 2190 2196 evidentiam,
2204 2158 2283 2190 scito
2295 2160 2385 2200 quod
2395 2160 2545 2192 voluntas

1483 2201 1644 2242 tripliciter
1663 2201 1814 2232 sumitur:
1833 2201 1949 2232 scilicet
1971 2208 2007 2233 ut
2030 2203 2187 2243 quaedam
2210 2202 2367 2244 potentia3
2393 2204 2543 2244 secundo,

1484 2252 1519 2276 ut
1543 2245 1668 2276 eliciens
1693 2256 1729 2276 ex
1752 2246 1895 2286 quodam
1922 2245 1955 2275 in
1986 2246 2154 2286 quiddam;
2184 2246 2291 2283 tertio,
2319 2253 2356 2278 ut
2375 2248 2543 2288 ⁷appetitus

1482 2289 1582 2329 ipsius
1605 2289 1703 2320 totius
1730 2289 1876 2320 volentis.
1904 2289 1946 2320 Et
1972 2289 2103 2330 quidem
2130 2289 2205 2330 quia
2231 2290 2379 2321 voluntas
2401 2291 2544 2332 potentia

1483 2333 1640 2374 quaedam
1664 2340 1723 2369 est,
1747 2333 1820 2363 ideo
1844 2332 2026 2364 naturaliter
2048 2333 2146 2364 fertur
2167 2333 2200 2364 in
2223 2334 2361 2371 bonum,
2385 2335 2475 2376 quod
2498 2342 2544 2367 est

1482 2378 1619 2408 volitum
1642 2377 1746 2417 primo
1770 2377 1912 2417 positum
1930 2377 1964 2407 in
1981 2377 2097 2408 littera:
2122 2377 2280 2418 quaelibet
2297 2378 2383 2410 enirn
2401 2379 2544 2419 potentia

1483 2421 1665 2452 naturaliter
1694 2421 1900 2452 determinata
1923 2428 1969 2452 est
1995 2421 2036 2452 ad
2059 2431 2155 2452 suum
2183 2422 2361 2459 obiectum,
2387 2423 2431 2454 ita
2452 2424 2543 2465 quod

1483 2475 1549 2496 non
1572 2471 1677 2505 potest
1699 2465 1732 2495 in
1756 2465 1952 2505 oppositum.
1978 2465 2062 2502 Quia
2083 2475 2158 2496 vero
2175 2473 2222 2496 est
2234 2466 2364 2498 volitiva
2378 2467 2544 2499 cuiusdam

1484 2519 1520 2540 ex
1547 2510 1703 2550 quodam,
1734 2509 1909 2540 secundum
1933 2508 2089 2540 rationem
2118 2519 2230 2540 causae
2253 2516 2285 2541 et
2307 2511 2440 2548 causati,
2469 2511 2542 2543 ideo

1483 2553 1665 2584 naturaliter
1687 2553 1755 2583 vult
1778 2553 2019 2589 beatitudinem,
2044 2563 2126 2594 quae
2148 2552 2242 2584 finale
2265 2553 2457 2595 principium
2479 2562 2541 2593 est;

1482 2598 1571 2638 quod
1586 2597 1723 2627 volitum
1739 2603 1785 2627 est
1800 2597 1940 2627 secundo
1953 2597 2105 2637 positum.
2118 2597 2203 2634 Quia
2218 2604 2325 2628 autem
2341 2605 2389 2629 est
2401 2609 2421 2629 a
2431 2605 2544 2630 natura

1483 2642 1554 2673 data
1567 2641 1686 2671 volenti
1702 2651 1767 2671 non
1785 2641 1891 2671 solum
1906 2647 1942 2672 ut
1954 2641 2031 2671 velit
2044 2641 2104 2671 sibi
2117 2641 2177 2681 ipsi
2191 2642 2358 2679 voluntati,
2377 2643 2432 2674 sed
2448 2643 2543 2674 etiam

1482 2692 1518 2716 ut
1540 2685 1614 2716 velit
1636 2685 1696 2725 ipsi
1712 2685 1831 2716 volenti
1851 2685 2029 2716 secundum
2043 2685 2184 2726 seipsum
2200 2692 2231 2717 et
2245 2696 2318 2717 suas
2333 2693 2449 2728 partes;
2469 2687 2542 2719 ideo

1482 2729 1662 2761 naturaliter
1677 2729 1745 2760 vult
1760 2730 1883 2760 bonurn
1907 2729 2097 2759 conveniens
2119 2729 2239 2761 volenti
2259 2731 2436 2762 secundum
2451 2741 2542 2763 suam

1481 2780 1642 2804 naturam:
1668 2773 1757 2814 quod
1780 2780 1826 2803 est
1849 2773 1985 2803 volitum
2007 2772 2099 2804 tertio
2122 2774 2195 2804 loeo
2211 2773 2244 2804 in
2265 2774 2367 2806 littera
2389 2775 2540 2815 positum.

1483 2817 1656 2854 Quodlibet
1679 2816 1763 2847 enim
1787 2817 1904 2847 horum
1927 2817 2024 2847 trium
2045 2817 2140 2849 habet
2162 2817 2318 2849 rationem
2346 2818 2455 2859 primi,
2484 2828 2541 2859 per

1483 2871 1532 2899 se,
1561 2868 1591 2892 et
1614 2862 1790 2892 secundum
1819 2861 2036 2892 substantiam.
2066 2861 2236 2892 Obiectum
2260 2862 2360 2899 enim,
2383 2868 2415 2893 et
2432 2863 2540 2903 *primo

1482 2911 1660 2946 respectum
1684 2905 1885 2946 principium,
1906 2912 1953 2936 est
1969 2915 2062 2936 causa
2077 2913 2264 2937 ceterorum.
2280 2906 2451 2946 Proprium
2465 2916 2540 2937 vero

1481 2949 1562 2980 infra
1585 2949 1731 2990 principii
1754 2949 1909 2980 rationem
1937 2950 2108 2981 clauditur:
2137 2951 2316 2982 amicabilia
2347 2950 2434 2980 enim
2459 2960 2542 2991 quae

1481 2999 1557 3024 sunt
1584 2993 1628 3024 ad
1657 2994 1755 3030 alios,
1788 2995 1917 3025 veniunt
1947 3003 1989 3024 ex
2020 2993 2238 3025 amicabilibus
2264 2994 2307 3025 ad
2333 3004 2368 3025 se
2389 2994 2415 3025 *.
2446 2994 2488 3025 Et
2516 2993 2542 3025 si

1482 3037 1544 3068 hoc
1566 3037 1692 3078 longius
1716 3038 1923 3078 repetendum
1947 3044 2036 3074 esset,
2061 3037 2231 3068 dicendum
2255 3044 2335 3068 esset
2350 3038 2449 3079 quod,
2466 3038 2542 3080 quia

1482 3081 1593 3112 volitio
1617 3082 1733 3122 pendet
1756 3079 1792 3112 ex
1815 3081 1914 3112 volito
1939 3088 1970 3112 et
1990 3082 2130 3118 volente,
2159 3081 2307 3122 utrinque
2335 3081 2463 3113 initium
2484 3091 2541 3113 vo-

1481 3126 1693 3156 luntariorum
1716 3132 1866 3156 motuum
1888 3125 2026 3155 inditum
2054 3134 2120 3155 esse
2143 3132 2278 3165 oportet.
2310 3126 2350 3156 Et
2377 3136 2414 3156 ex
2440 3126 2541 3157 volito

1483 3170 1612 3210 quidem
1635 3170 1754 3201 inditus
1779 3177 1824 3200 est
1845 3169 2002 3200 voluntati
2025 3175 2135 3200 motus
2155 3169 2188 3200 in
2212 3170 2449 3207 beatitudinem,
2473 3167 2540 3211 qui,

1483 3221 1594 3254 utpote
1622 3221 1732 3246 motus
1753 3213 1786 3244 in
1809 3212 1906 3244 finem
1934 3213 2134 3253 pn’marium,
2166 3214 2429 3254 complectentem
2450 3214 2484 3245 in
2507 3223 2540 3245 se

1482 3265 1582 3289 totam
1606 3258 1721 3289 obiecti
1743 3257 1980 3298 perfectionem,
2004 3257 2195 3298 principium
2220 3268 2257 3288 ex
2271 3268 2307 3290 ea
2320 3265 2407 3298 parte
2426 3265 2477 3298 ¹est
2491 3267 2539 3288 re-

1482 3302 1645 3342 liquorum
1669 3308 1828 3333 motuum.
1852 3301 1899 3332 Ex
1922 3307 2008 3343 parte
2027 3311 2103 3332 vero
2122 3301 2266 3339 volentis,
2290 3302 2408 3333 inditus
2423 3307 2470 3332 est
2483 3311 2539 3332 vo-

1483 3346 1596 3377 luntati
1612 3353 1719 3377 motus
1735 3345 1767 3376 in
1784 3345 1950 3386 proprium
1966 3346 2097 3376 bonum.
2114 3346 2294 3387 Utrumque
2315 3346 2400 3376 enim
2413 3344 2541 3377 tradidit

1483 3390 1676 3426 Aristoteles,
1691 3400 1764 3421 cum
1780 3390 1856 3420 dixit
1870 3388 1905 3419 ἰ
1921 3390 2066 3420 Amabile
2081 3390 2206 3430 quidem
2226 3391 2353 3427 bonum,
2370 3390 2540 3430 unicuique

1483 3440 1589 3464 autem
1603 3435 1784 3474 proprium.
1802 3433 1887 3464 Cum
1903 3433 1997 3473 igitur
2012 3436 2134 3464 Auctor
2149 3444 2185 3464 ex
2199 3434 2261 3464 hoc
2274 3433 2364 3474 quod
2377 3433 2540 3464 voluntate

1483 3478 1633 3508 volumus
1662 3488 1727 3508 non
1755 3477 1861 3508 solum
1890 3478 1929 3507 ad
1959 3478 2061 3517 ipsam
2085 3478 2268 3518 spectantia,
2300 3477 2355 3508 sed
2382 3477 2477 3508 etiam
2501 3477 2541 3507 ad

1483 3522 1657 3558 volentem,
1687 3521 1793 3552 intulit
1819 3522 1908 3562 quod
1938 3522 2119 3553 naturaliter
2144 3522 2295 3553 volumus
2323 3521 2541 3552 convenientia

2577 684 2586 693 '¹
2601 683 2630 705 D.
2645 689 2692 712 752.

2570 2999 2684 3023 ‘Ariston
2695 3000 2779 3028 Eme,

2569 3026 2609 3048 lib.
2623 3026 2664 3054 tx,
2682 3033 2733 3057 etp.
2747 3033 2779 3054 tv,

2569 3052 2722 3102 243‘0211335.
2728 3053 2779 3101 253:

2568 3110 2621 3154 ἷέἒε.
2632 3111 2691 3154 2112*
2706 3105 2755 3128 ⁸³
2773 3122 2779 3128 ·

2569 3402 2577 3411 ·
2583 3400 2667 3428 amic„
2674 3399 2778 3426 uavm.

2568 3433 2652 3475 ff‘il?
2663 3432 2759 3476 1²33·
2767 3438 2779 3444 ’
