2852 4152
152 559 163 570 *
178 559 225 587 Qu.
241 565 280 580 vui
296 565 346 586 sqq.

154 740 162 749 ·
177 739 225 766 Qu.
242 745 305 765 xvm,
320 742 361 760 art.

153 771 174 792 7,
191 765 218 786 ad
233 771 248 787 1.

157 829 164 837 ·
185 826 254 853 mid„
278 830 320 848 art.
341 826 363 848 s.

150 1570 158 1580 ·
173 1570 208 1591 Cf.
226 1575 289 1592 num.
304 1579 321 1594 1.

138 3209 145 3216 ·
160 3207 208 3235 Qu.
224 3212 286 3234 xvm,
302 3211 344 3229 art.

137 3240 161 3259 4.

138 3412 146 3420 ·
161 3410 228 3438 1bid.,
244 3414 288 3432 art.
302 3418 320 3439 3.

393 264 461 300 142

391 335 494 376 specie
523 337 697 367 secundum
727 347 777 373 se,
803 337 978 367 secundum
1006 346 1061 376 per
1089 346 1120 366 se
1149 334 1334 365 differentias
1367 332 1443 363 boni

391 387 420 411 et
444 380 527 417 mali,
545 391 610 416 seu,
627 381 716 422 quod
731 381 814 411 idern
831 387 887 416 est,
903 380 1078 411 secundum
1094 379 1211 419 species
1228 377 1408 408 moralium.
1424 393 1444 398 -

391 425 489 461 Quod
520 432 624 455 autem
654 432 741 455 actus
763 424 935 455 voluntatis
958 424 1020 454 sint
1051 423 1082 453 in
1102 431 1214 462 genere
1237 420 1442 456 naturalium,

391 468 485 499 etiam
509 468 661 509 specifice,
682 476 768 509 patet
791 479 827 499 ex
849 469 948 499 tribus
971 466 1165 507 supradictis.
1188 465 1295 495 Primo
1309 487 1316 500 ‚
1338 473 1374 493 ex
1398 463 1443 492 di-

391 512 557 543 stinctione
573 519 701 555 actuum
717 512 898 548 voluntatis,
915 512 1034 551 absque
1050 509 1242 540 admixtione
1262 507 1443 542 moralium,

391 557 534 596 superius
546 557 570 576 ·*
585 556 675 593 facta,
692 555 788 587 trium
813 556 891 586 circa
907 554 1013 589 finem,
1036 561 1066 584 et
1089 553 1185 583 trium
1205 552 1285 582 circa
1309 561 1345 581 ea
1363 560 1444 591 quae

390 607 464 631 sunt
486 601 526 631 ad
548 600 655 631 finem.
680 600 836 635 Secundo,
861 609 896 629 ex
920 608 957 628 eo
980 598 1068 637 quod
1091 606 1174 627 unus
1198 605 1333 626 numero
1357 602 1444 625 actus

390 644 561 675 voluntatis
592 652 638 675 est
661 645 693 674 in
721 644 848 674 diversis
879 642 1042 682 speciebus
1065 640 1238 670 moralium
1260 638 1442 679 disparatis,

391 698 429 719 eo
452 689 541 729 quod
564 695 637 719 sunt
660 688 726 718 eius
751 687 932 721 accidentia,
958 685 1038 715 sicut
1059 684 1144 714 idem
1161 694 1297 724 pomum
1319 683 1352 713 in
1376 692 1445 723 spe-

391 732 497 763 ciebus
516 732 578 763 albi
601 739 631 763 et
651 731 750 762 dulcis
764 731 790 761 *.
807 730 931 765 Tertio,
944 739 980 759 ex
995 738 1033 759 eo
1050 729 1138 770 quod
1159 728 1273 769 aliquis
1288 734 1375 759 actus
1389 736 1443 756 vo-

389 776 517 807 luntatis
540 776 634 807 habet
664 775 822 805 obiectum
846 773 1025 803 indifferens
1053 773 1092 803 ad
1115 773 1239 803 bonum
1269 778 1300 802 et
1322 771 1444 801 malum

389 820 509 850 morale
524 820 556 849 *:
582 826 664 850 extra
684 829 739 859 per
753 828 784 848 se
809 824 915 848 autem
939 816 1126 847 differentias
1143 817 1284 853 alicuius,
1309 826 1375 846 non
1398 815 1444 845 in—

387 864 510 894 venitur
532 864 648 903 ipsum.

442 908 540 944 Quod
562 914 668 938 autem
678 905 778 935 ‘huius
802 905 988 945 oppositum
1010 914 1076 934 nou
1091 904 1232 938 intendat
1246 904 1297 934 hic
1313 906 1443 939 Auctor,

387 962 454 982 non
476 952 582 982 solum
606 961 643 980 ex
666 949 840 989 praedictis,
858 950 912 979 sed
936 959 973 979 ex
995 949 1150 988 praesenti
1177 949 1310 979 habetur
1330 947 1442 983 littera,

387 996 512 1025 volente
536 1001 640 1025 actum
661 993 832 1024 voluntatis
855 993 899 1023 sic
915 993 1091 1023 secundum
1114 993 1191 1024 boni
1212 1000 1244 1024 et
1267 991 1342 1027 mali
1358 990 1443 1021 diffe-

387 1037 668 1078 rentiasdistingui
679 1061 686 1073 ,
711 1037 791 1068 sicut
808 1044 895 1068 actus
919 1037 1048 1067 rationis
1064 1037 1240 1067 secundum
1256 1035 1443 1066 differentias

386 1083 452 1112 veri
480 1088 511 1112 et
538 1078 617 1112 falsi.
639 1081 773 1112 Constat
803 1081 887 1111 enim
920 1081 1007 1122 quod
1036 1091 1118 1112 unus
1149 1090 1283 1111 numero
1313 1079 1443 1110 rationis

386 1133 482 1162 actus,
504 1132 581 1166 puta
607 1125 717 1166 opinio
741 1126 872 1156 actualis
899 1126 987 1166 quod
1010 1126 1153 1156 Socrates
1176 1125 1276 1159 sedet,
1303 1130 1349 1153 est
1372 1133 1442 1153 suc-

383 1170 501 1202 cessive
523 1180 615 1202 verus
638 1177 669 1202 et
691 1169 798 1205 falsus,
818 1171 939 1210 absque
961 1169 1010 1200 sui
1038 1169 1228 1200 mutatione:
1252 1167 1342 1208 quod
1364 1173 1444 1197 esset

386 1214 591 1256 impossibile,
611 1214 635 1245 si
653 1214 824 1244 differentia
840 1214 1016 1244 secundum
1038 1223 1151 1243 verum
1171 1219 1201 1242 et
1224 1211 1340 1242 falsum
1363 1217 1444 1241 esset

386 1268 442 1299 per
465 1255 498 1289 se
521 1257 651 1289 divisiva
673 1269 708 1289 ac
732 1258 932 1289 constitutiva
950 1265 1037 1288 actus
1061 1256 1205 1292 rationis;
1230 1265 1333 1296 neque
1357 1255 1443 1285 enim

386 1303 517 1344 aliquod
540 1313 642 1333 unum
658 1302 858 1332 individuum
882 1301 995 1332 coloris
1012 1307 1059 1332 est
1081 1301 1180 1331 modo
1205 1300 1323 1336 album,
1343 1300 1442 1330 modo

386 1347 522 1387 nigrum.
543 1347 630 1378 Sicut
657 1347 752 1386 igitur
774 1353 860 1376 actus
893 1345 1021 1376 rationis
1053 1355 1145 1375 suam
1176 1344 1270 1376 habet
1299 1343 1462 1385 absolute*

386 1391 539 1431 speciem,
565 1390 833 1431 differentiamque
867 1390 1119 1425 constitutivam,
1145 1388 1355 1429 susceptivam
1377 1388 1443 1418 veri

386 1442 417 1465 et
440 1435 520 1471 falsi;
545 1435 587 1465 ita
610 1442 697 1465 actus
720 1434 891 1465 voluntatis
915 1434 1081 1474 proprium
1105 1433 1198 1463 habet
1221 1443 1334 1473 genus,
1357 1432 1442 1463 diffe-

385 1479 498 1510 rentias
527 1489 562 1510 ac
586 1479 703 1519 species
727 1478 760 1508 in
783 1488 895 1518 genere
918 1485 1065 1514 naturae,
1090 1477 1321 1518 praevenientia
1343 1486 1443 1516 genus

386 1530 416 1554 et
439 1523 557 1563 species
580 1523 761 1553 moralium.

441 1568 492 1599 111.
505 1568 682 1604 Quomodo
698 1574 807 1598 autem
820 1566 897 1597 haec
911 1566 1032 1597 litterae
1043 1564 1349 1605 verba*accipienda
1357 1571 1441 1601 sunt,

384 1612 559 1643 videndum
581 1618 685 1643 restat.
701 1610 927 1642 Difficultatem
949 1610 1067 1641 habent
1090 1619 1156 1639 non
1184 1609 1290 1640 solum
1313 1619 1350 1640 ex
1373 1619 1442 1649 per-

385 1656 501 1693 senate,
530 1656 584 1686 sed
608 1666 644 1686 ex
667 1654 830 1696 perseitate
854 1654 923 1690 tali,
947 1653 1063 1690 scilicet
1087 1652 1339 1684 differentiarum.
1366 1654 1442 1684 Plus

386 1700 471 1731 enim
495 1700 627 1740 exigitur
650 1699 689 1729 ad
712 1699 773 1730 hoc
797 1699 885 1740 quod
904 1699 1026 1728 bonum
1051 1703 1081 1728 et
1104 1698 1225 1727 malum
1249 1697 1310 1728 sint
1333 1707 1389 1738 per
1409 1707 1441 1728 se

384 1744 574 1775 differentiae
605 1751 708 1779 actus,
731 1753 829 1784 quarn
859 1743 948 1783 quod
980 1742 1042 1772 sint
1064 1751 1120 1781 per
1142 1751 1175 1771 se
1207 1742 1378 1781 spectantia
1402 1742 1441 1772 ad

380 1797 500 1820 actum.
517 1788 621 1819 Facile
645 1788 802 1828 siquidem
825 1793 910 1827 patet
933 1787 1022 1827 quod
1045 1786 1078 1816 in
1102 1785 1283 1816 definitione
1307 1786 1383 1816 boni
1411 1792 1441 1817 et

384 1833 460 1864 mali
483 1832 611 1863 moralis
630 1832 760 1872 ponitur
777 1831 948 1862 voluntatis
971 1837 1069 1866 actus,
1090 1830 1244 1870 quoniam
1263 1837 1337 1861 sunt
1361 1830 1440 1861 circa

384 1876 613 1907 voluntarium:
631 1886 666 1906 ac
685 1886 740 1916 per
755 1876 827 1911 hoc,
845 1875 885 1904 ad
903 1875 1101 1915 perseitatem
1118 1874 1246 1904 secundi
1266 1874 1355 1905 modi
1371 1885 1441 1914 spe-

384 1928 476 1952 ctant.
496 1921 563 1951 Sed
586 1920 625 1950 ad
648 1919 709 1950 hoc
733 1919 820 1960 quod
846 1918 907 1949 sint
930 1929 985 1960 per
1008 1929 1040 1949 se
1065 1917 1267 1954 differentiae,
1292 1919 1439 1959 perseitas

382 1965 475 2006 primi
499 1964 588 1994 modi
612 1963 788 2004 requiritur.
812 1963 902 1999 Quae
926 1972 1000 1993 cum
1023 1971 1089 1992 non
1114 1962 1166 1997 sit,
1191 1962 1356 2002 dupliciter
1380 1962 1440 1993 dici

382 2015 495 2050 potest.
515 2010 582 2039 Aut
604 2008 693 2048 quod
716 2007 766 2037 hic
789 2006 925 2036 sumitur
946 2016 1005 2046 per
1028 2016 1062 2036 se
1081 2012 1117 2036 ut
1141 2005 1439 2046 distinguiturbcon—

380 2050 428 2085 tra
444 2062 508 2093 per
530 2052 630 2089 aliud,
650 2058 680 2082 et
695 2058 781 2082 actus
806 2050 980 2080 voluntatis
998 2050 1032 2080 in
1050 2058 1162 2090 genere
1186 2056 1330 2080 actuum:
1349 2057 1384 2081 ut
1400 2051 1440 2081 sit

382 2108 492 2128 sensus
517 2096 604 2137 quod
627 2096 750 2133 bonum
774 2101 803 2125 et
826 2094 948 2125 malum
971 2101 1046 2124 sunt
1068 2101 1156 2125 actus
1186 2094 1358 2125 voluntatis
1381 2094 1439 2124 dif-

381 2142 529 2173 ferentiae
544 2150 607 2180 ‘per
630 2150 681 2176 se,
704 2139 785 2170 idest
809 2134 878 2169 nod
899 2148 954 2179 per
977 2138 1072 2175 aliud,
1098 2138 1129 2169 in
1153 2148 1267 2178 genere
1297 2140 1436 2170 actuum.

380 2186 422 2217 Et
445 2185 621 2216 secundum
637 2184 708 2219 hoc‘,
731 2183 861 2224 ponitur
886 2181 1058 2213 differentia
1080 2182 1160 2212 inter
1176 2189 1263 2213 actus
1279 2182 1438 2214 humanos

380 2229 573 2265 voluntatis,
596 2233 626 2259 et
655 2228 788 2258 aliarum
815 2226 1043 2267 potentiarum,
1069 2226 1100 2256 in
1123 2226 1185 2256 hoc
1204 2227 1292 2267 quod
1315 2227 1438 2258 bonum

382 2281 412 2304 et
434 2274 554 2303 malum
583 2271 780 2311 distinguunt
810 2277 897 2300 actus
921 2270 1053 2300 aliarum
1082 2268 1198 2300 virium
1227 2270 1438 2301 mediantibus

380 2318 500 2348 actibus
523 2314 890 2355 voluntatis,·quoniam
913 2323 979 2344 non
999 2314 1063 2344 nisi
1086 2321 1242 2354 quatenus
1269 2315 1438 2345 voluntarii

380 2369 470 2393 sunt:
487 2367 575 2392 actus
595 2366 702 2391 autem
717 2358 887 2389 voluntatis
911 2358 1108 2398 distinguunt
1126 2367 1182 2398 per
1205 2368 1246 2394 se,
1267 2358 1347 2390 idest
1371 2369 1437 2390 non

380 2416 435 2447 per
466 2405 586 2446 aliquid
615 2404 711 2435 aliud.
732 2403 911 2434 Insinuatur
939 2412 1070 2443 quoque
1094 2403 1196 2443 quod,
1220 2402 1292 2434 licet
1314 2403 1437 2434 bonum

380 2458 410 2482 et
426 2448 547 2480 malum
562 2448 624 2479 sint
639 2458 695 2490 per
714 2458 746 2478 se
762 2446 951 2477 differentiae
976 2446 1194 2477 constitutivae
1216 2446 1437 2478 conditionum

379 2492 668 2534 supervenientium
680 2492 799 2522 actibus
814 2490 1009 2526 voluntariis,
1024 2497 1053 2521 et
1065 2500 1130 2520 non
1146 2490 1289 2530 ipsorum
1306 2497 1436 2522 actuum

378 2538 554 2568 secundum
579 2545 627 2572 se;
649 2535 840 2576 applicando
853 2536 958 2566 tamen
983 2545 1034 2564 eas
1054 2534 1097 2564 -ad
1117 2541 1204 2565 actus
1219 2534 1434 2575 ipsos,'respi-

379 2582 467 2613 ciunt
490 2588 576 2612 actus
598 2580 770 2611 voluntatis
794 2589 850 2620 per
872 2589 914 2615 se,
930 2579 1009 2609 alios
1032 2588 1088 2619 per
1111 2579 1207 2609 aliud.
1223 2596 1243 2602 -
1258 2581 1324 2610 Aut
1346 2579 1435 2620 quod

1082 258 1346 305 QUAESTlo
1376 257 1482 303 xlx,
1511 256 1806 292 ARTlcULUs
1835 257 1866 291 11

1498 332 1549 363 hic
1573 333 1709 364 sumitur
1721 343 1784 374 per
1806 343 1840 364 se
1863 335 1999 375 proprie,
2020 343 2055 367 ut
2074 337 2275 378 distinguitur
2298 346 2406 370 contra
2423 349 2486 379 per
2503 349 2555 370 ac-

1499 376 1623 414 cidens;
1646 384 1676 408 et
1699 385 1786 408 actus
1809 378 1980 409 voluntatis
2003 389 2068 410 non
2091 380 2124 411 in
2147 391 2260 421 genere
2283 389 2421 419 naturae,
2443 383 2495 413 sed
2521 390 2556 413 ut

1498 426 1545 451 est
1566 420 1599 451 in
1614 430 1727 461 genere
1750 422 1869 452 moi-iss
1885 427 1921 453 iit
1939 422 1978 453 sit
1996 432 2106 454 sensus
2134 426 2222 465 quod
2246 426 2368 457 bonum
2385 433 2416 457 et
2433 427 2555 457 malum

1498 463 1659 495 moraliter
1677 463 1751 496 sunt
1773 475 1829 506 per
1843 475 1874 496 se
1891 465 2080 497 differentiae
2096 475 2184 498 actus
2199 469 2370 500 voluntatis
2391 470 2425 500 in
2443 480 2555 510 genere

1498 507 1606 539 moris.
1623 509 1664 539 Et
1687 510 1863 540 secundum
1887 510 1958 546 hoc,
1984 510 2134 541 fundatur
2156 512 2206 542 hic
2226 512 2409 553 explicanda
2429 520 2459 545 et
2481 514 2555 544 hinc

1499 551 1683 582 deducenda
1704 552 1739 583 in
1762 554 1906 594 sequenti
1922 554 2064 591 articulo,
2088 554 2261 586 differentia
2283 555 2363 587 inter
2381 557 2555 588 bonitatem

1498 605 1534 625 ac
1558 595 1711 626 malitiam
1729 603 1816 627 actus
1839 598 2010 629 voluntatis
2034 605 2064 629 et
2087 599 2223 630 aliorum
2247 607 2375 631 actuum
2398 600 2555 630 humano-

1499 649 1581 675 rum,
1598 639 1630 670 in
1645 640 1706 670 hoc
1729 642 1817 681 quod
1838 642 1960 672 bonum
1977 649 2007 673 et
2021 643 2143 673 malum
2159 643 2291 674 moralia
2307 644 2347 674 ad
2361 643 2440 674 alios
2456 651 2554 681 actuS,

1500 689 1535 713 ut
1551 690 1625 713 sunt
1640 683 1673 713 in
1688 693 1801 723 genere
1816 685 1924 722 moris,
1941 696 1974 716 se
1990 686 2106 718 habent
2129 694 2164 718 ut
2181 687 2369 718 differentiae
2385 697 2441 728 per
2464 697 2506 723 se,
2524 695 2554 719 et

1499 733 1535 757 ut
1558 727 1718 758 ordinatae
1733 727 1814 759 inter
1829 739 1863 759 se
1885 739 1941 769 per
1955 730 2109 768 accidens,
2125 738 2155 763 et
2170 738 2206 762 ut
2228 731 2496 768 circumstantiae3
2515 732 2554 762 ad

1499 777 1604 801 actum
1627 781 1702 802 vero
1726 771 1898 803 voluntatis
1920 772 1953 804 in
1974 783 2086 813 genere
2114 776 2225 812 moris,
2247 786 2279 806 se
2302 775 2418 807 habent
2441 783 2477 807 ut
2499 786 2555 816 per

1499 825 1531 845 se
1556 815 1758 852 differentiae,
1783 823 1814 847 et
1836 826 1903 846 non
1925 817 2025 854 aliter,
2050 825 2086 849 ut
2107 819 2141 850 in
2165 820 2308 861 sequenti
2335 819 2466 856 arficulo
2489 820 2554 860 ple—

1499 859 1570 889 nius
1593 860 1720 900 patebit.
1745 860 1785 890 Et
1807 859 1857 891 hic
1880 861 1991 900 procul
2014 861 2112 892 dubio
2138 873 2250 895 sensus
2277 867 2328 894 ‘est
2348 864 2487 895 intentus
2515 865 2553 894 ab

1498 905 1652 942 Auctore,
1667 911 1699 935 et
1718 904 1843 935 subtilis
1865 904 1955 936 valde
1979 911 2038 935 est:
2062 906 2119 936 sed
2140 907 2336 939 difficultates
2351 908 2427 940 eius
2449 908 2482 939 in
2506 918 2554 938 se-

1497 947 1608 987 quenti
1630 955 1704 979 sunt
1727 948 1826 979 clarae
1849 948 1990 979 articulo.
2386 960 2389 970 ²

1553 992 1605 1022 IV.
1627 991 1718 1023 Circa
1733 1002 1848 1033 corpus
1864 992 2006 1023 eiusdem
2025 993 2155 1030 articuli,
2173 995 2307 1029 dubium
2322 1003 2369 1028 est
2383 1006 2429 1029 an,
2440 997 2554 1027 eodem

1498 1035 1597 1065 modo
1614 1043 1780 1067 sumantur
1803 1037 1927 1067 bonum
1946 1043 1986 1071 etr
1999 1038 2120 1068 malum
2136 1037 2169 1068 in
2185 1038 2400 1079 responsione,
2418 1050 2496 1073 cum
2509 1041 2554 1071 di-

1498 1079 1594 1115 citur,
1619 1080 1745 1110 Bonum
1777 1085 1807 1110 et
1834 1081 1955 1111 malum
1987 1086 2062 1112 sunt
2080 1091 2143 1122 per
2167 1091 2202 1112 se
2231 1077 2433 1123 differeittiae
2463 1090 2554 1116 actus

1498 1123 1689 1161 voluntatis;
1702 1130 1734 1154 et
1748 1123 1781 1154 in
1796 1123 1864 1154 eius
1878 1124 2045 1156 subiuncta
2060 1126 2190 1162 ratione,
2203 1135 2278 1157 cum
2292 1127 2450 1165 subditur,-
2467 1129 2552 1160 Nam

1497 1167 1612 1197 bonum
1637 1173 1667 1198 et
1699 1168 1819 1200 malum
1836 1178 1901 1208 per
1922 1178 1957 1200 se
1983 1169 2026 1201 ad
2058 1170 2251 1201 voluntatem
2269 1173 2449 1211 pertinent,
2467 1174 2555 1204 sicut

1497 1221 1607 1243 verum
1632 1217 1662 1242 et
1676 1211 1804 1253 falsum
1828 1212 1872 1243 ad
1898 1214 2065 1244 rationem.
2087 1214 2185 1251 Quod
2208 1214 2294 1246 enim
2316 1216 2431 1256 eodem
2454 1216 2554 1246 modo

1497 1262 1672 1292 sumantur,
1690 1255 1807 1289 scilicet
1829 1257 1868 1287 de
1891 1257 1977 1288 bono
2002 1264 2032 1290 et
2051 1258 2139 1290 malo
2163 1258 2293 1295 morali.
2317 1266 2465 1291 tractatus
2487 1259 2555 1300 ipse

1496 1299 1634 1336 moralis,
1652 1306 1683 1330 et
1706 1299 1936 1331 converificatio
1960 1307 2128 1333 testantur:
2144 1303 2277 1333 ·malum
2301 1303 2387 1334 enim
2408 1302 2443 1334 in
2467 1313 2555 1334 com-

1496 1344 1587 1374 muni
1602 1354 1667 1374 non
1683 1344 1845 1375 constituit
1859 1345 1998 1386 aliquam
2012 1346 2158 1386 speciem,
2176 1353 2212 1377 ut
2223 1348 2419 1387 praedictum
2435 1355 2482 1379 est
2495 1348 2521 1379 *.
2532 1366 2553 1371 -

1497 1387 1596 1426 Quo'd
1610 1395 1717 1420 autem
1740 1389 1950 1420 diversimode
1965 1398 2140 1427 sumantur,
2157 1391 2273 1422 scilicet
2291 1392 2324 1422 in
2347 1392 2554 1433 responsione

1495 1443 1554 1472 pro
1578 1433 1761 1469 moralibus,
1779 1440 1810 1464 et
1831 1433 1864 1463 in
1887 1434 2007 1465 ratione
2025 1445 2085 1474 pro
2108 1436 2409 1476 transcendentibus,
2427 1447 2463 1467 ex
2479 1447 2554 1476 pro-

1496 1476 1729 1517 portionalitate
1749 1477 1896 1508 adiuncta
1910 1478 1975 1509 veri
1995 1486 2026 1510 et
2040 1478 2109 1509 falsi
2125 1479 2319 1511 insinuatur:
2340 1491 2452 1512 verum
2468 1481 2554 1512 enim

1497 1529 1526 1552 et
1549 1521 1665 1552 falsum
1688 1522 1727 1551 ad
1743 1529 1884 1552 nostram
1907 1523 2072 1559 rationem,
2089 1523 2169 1554 sicut
2187 1525 2311 1554 bonum
2334 1532 2364 1556 et
2382 1526 2505 1556 malum
2520 1526 2554 1556 in

1496 1565 1662 1596 communi
1684 1566 1725 1596 ad
1747 1573 1887 1599 nostram
1910 1567 2117 1603 voluntatem,
2142 1578 2174 1601 se
2196 1568 2322 1600 habent.
2436 1606 2438 1608 ,

1551 1609 1589 1641 V.
1613 1610 1665 1640 Ad
1687 1610 1748 1640 hoc
1782 1610 1895 1642 dicitur
1916 1611 2024 1651 quod,
2043 1611 2116 1642 licet
2141 1612 2175 1642 in
2198 1613 2406 1653 responsione
2429 1613 2554 1646 bonum

1496 1660 1526 1685 et
1549 1654 1670 1684 malum
1690 1664 1755 1685 non
1772 1654 1830 1684 nisi
1846 1664 1905 1695 pro
1922 1655 2008 1685 bono
2034 1662 2064 1686 et
2083 1655 2167 1686 malo
2187 1656 2300 1687 morali
2320 1657 2404 1689 sumi
2415 1658 2551 1700 possint,

1495 1698 1649 1739 quoniam
1667 1698 1700 1728 in
1724 1698 1799 1729 solis
1815 1698 1988 1729 moralibus
2011 1699 2135 1730 bon'um
2159 1705 2189 1730 et
2204 1700 2326 1732 malum
2350 1703 2428 1733 sunt
2445 1710 2503 1743 per
2520 1711 2554 1736 se

1492 1741 1684 1773 'differentiae
1707 1742 1942 1778 constitutivae3
1967 1742 1999 1772 in
2024 1743 2145 1774 ratione
2164 1739 2270 1775 tamen
2293 1751 2430 1786 utroque
2453 1746 2553 1777 modo

1494 1787 1577 1816 sumi
1600 1793 1750 1826 possunt,
1772 1793 1803 1817 et
1826 1796 1884 1826 pro
1908 1787 2094 1823 moralibus,
2117 1794 2148 1818 et
2170 1798 2228 1828 pro
2252 1790 2552 1822 transcendentibus·

1494 1831 1554 1863 Pro
1582 1831 1756 1861 moralibus
1783 1830 1929 1871 quidem,
1951 1831 2025 1872 quia
2059 1841 2096 1863 ex
2122 1832 2299 1874 hocquod
2329 1834 2406 1865 haec
2437 1844 2494 1875 per
2510 1838 2553 1869 {se

1492 1882 1635 1915 spectant
1657 1875 1697 1905 ad
1719 1875 1926 1917 voluntatem,
1949 1875 2092 1917 sequitur
2114 1877 2203 1917 quod
2226 1887 2340 1908 eorum
2363 1878 2553 1911 differentiae

1493 1928 1549 1958 per
1572 1929 1604 1949 se
1628 1919 1822 1959 distinguant
1844 1926 1931 1950 actus
1956 1920 2033 1955 eius,
2056 1920 2155 1950 modo
2179 1920 2322 1961 exposito
2341 1918 2367 1953 *.
2384 1922 2446 1953 Pro
2469 1929 2552 1965 tran:

1493 1963 1713 2005 scendentibus
1736 1973 1825 1999 vero,
1851 1963 1924 2004 quia
1948 1974 1985 1994 ex
2008 1964 2068 1994 hoc
2091 1965 2179 2005 quod
2202 1965 2350 1996 voluntas
2374 1975 2430 2006 per
2452 1976 2495 2004 se,
2519 1967 2553 1998 in

1492 2006 1597 2046 primo
1613 2007 1712 2046 modo
1727 2006 1910 2047 perseitatis,
1929 2007 2054 2048 respicit
2074 2007 2198 2049 bonum
2216 2015 2369 2051 tanquam
2385 2010 2553 2051 proprium

1492 2051 1668 2087 obiectum,
1694 2058 1724 2081 et
1752 2058 1980 2091 consequenter
2009 2052 2147 2089 malum;
2171 2062 2208 2083 ex
2234 2050 2553 2095 ho'c,‘tanquamzx

1492 2094 1594 2135 prima
1615 2095 1729 2131 radice,
1749 2095 1892 2135 procedit
1914 2102 1950 2127 ut
1970 2096 2012 2128 ad
2035 2096 2159 2127 bonum
2180 2097 2214 2128 in
2238 2097 2411 2129 moralibus
2440 2098 2552 2137 volun,-

1491 2139 1562 2170 tatis
1586 2145 1673 2181 actus
1696 2148 1752 2179 per
1775 2149 1816 2175 se,
1835 2146 1870 2171 ut
1893 2140 2059 2180 proprium
2079 2141 2303 2180 susceptivum,
2327 2149 2517 2182 conemur„

1492 2193 1557 2214 non
1581 2193 1637 2224 per
1660 2183 1739 2214 alios
1766 2183 2007 2221 actusillorum
2039 2183 2218 2215 differentiis
2247 2185 2472 2226 distinguatur,
2497 2197 2530 2227 se

1491 2237 1547 2267 per
1570 2237 1612 2263 se,
1630 2233 1665 2257 ut
1689 2227 1894 2267 exposuimus
1913 2227 1997 2259 *.‘Et
2020 2227 2070 2258 hic
2094 2237 2204 2260 sensus
2227 2236 2274 2260 est
2296 2228 2552 2270 profundiorse't

1491 2270 1591 2311 magis
1615 2271 1728 2311 dignus
1752 2278 1842 2302 tanto
1866 2274 2019 2308 Auctore,
2044 2279 2080 2302 ut
2101 2272 2134 2302 in
2151 2270 2192 2302 111
2219 2273 2329 2304 Contr.
2355 2274 2463 2313 Genu,
2479 2279 2549 2316 «περὶ

1489 2325 1531 2350 xx,
1545 2315 1652 2345 videre
1674 2315 1801 2354 poteris.
2407 2338 2410 2340 v
2459 2316 2463 2319 “
2525 2317 2546 2350 ··J

1543 2359 1595 2389 Vl.
1617 2359 1871 2398 Responsionem
1886 2359 1925 2389 ad
1947 2359 2076 2389 tertium
2099 2359 2241 2390 eiusdem
2255 2361 2349 2400 primi
2368 2362 2490 2395 articuli
2505 2362 2550 2400 sic

1489 2402 1628 2444 intellige
1651 2403 1748 2444 quod,
1769 2402 1842 2433 licet
1865 2402 2026 2434 obiectum
2052 2403 2224 2434 voluntatis
2251 2404 2291 2436 sit
2314 2405 2437 2437 bonum
2459 2406 2549 2437 boni-

1488 2453 1550 2481 tate
1569 2453 1711 2483 naturae,
1736 2446 1822 2477 idem
1837 2453 1943 2477 tamen
1959 2447 2091 2483 bonurn,
2112 2454 2147 2478 ut
2166 2448 2356 2479 conveniens
2373 2450 2549 2481 secundum

1487 2491 1616 2522 rationis
1644 2491 1803 2527 ordinem,
1831 2498 1877 2522 est
1899 2492 2023 2521 bonum
2050 2491 2148 2521 moris
2179 2491 2341 2524 obiective.
2366 2493 2407 2524 Et
2429 2494 2472 2525 sic
2496 2493 2550 2532 dat

1489 2535 1662 2566 bonitatem
1685 2535 1840 2565 moralem
1862 2534 2035 2566 formaliter
2058 2535 2150 2566 actui.

2581 1349 2591 1360 ·
2606 1348 2642 1372 Cf.
2656 1354 2758 1376 numm
2769 1352 2792 1372 et

2597 1382 2621 1398 u.
2635 1381 2699 1402 xvtn,
2713 1379 2756 1398 art.
2771 1381 2792 1404 5,

2602 1405 2713 1424 ominem.

2580 1925 2590 1934 ”
2604 1923 2727 1956 Num-ur.

2579 2235 2589 2246 '¹
2603 2234 2664 2257 und.

1142 2691 1457 2757 ARTICULUS
1487 2714 1785 2757 SECUNDUS
2438 2752 2441 2756 ,
2572 2753 2580 2756 ,

774 2798 928 2829 UTRUM
952 2798 1138 2829 Romi-As
1161 2798 1439 2830 VOLUNTArts
1463 2798 1723 2829 DEPENDEAT
1746 2798 1803 2829 Ex
1826 2798 1938 2829 soto
1962 2798 2153 2830 omisero
2173 2842 2177 2845 ι
2273 2803 2277 2807 ⁴
2378 2792 2381 2794 ’
2483 2793 2487 2811 ³

377 2882 381 2918 ἶ
411 2902 470 2925 m»,
497 2894 544 2925 ’,ἃ
563 2905 567 2907 >
586 2891 608 2916 o
623 2890 813 2924 SECUNDUM
827 2889 881 2914 Sic
897 2889 1136 2915 PROCEDITUR.
1152 2876 1311 2923 Videtur
1328 2877 1433 2926 quod

400 2915 562 2992 &772⁴
586 2930 1054 2981 bonitasyvoluntatislnon
1073 2930 1288 2979 dependeat
1306 2931 1431 2968 solum

391 2984 439 3032 5
470 3023 472 3025 ,
520 2972 631 3036 ’ἦα
660 2983 822 3021 obiecto.
845 2983 947 3020 Finis
978 2983 1078 3020 enim
1103 2983 1254 3020 affinior
1282 2991 1338 3020 est
1365 2996 1433 3020 vo-

447 3079 450 3083 ,
501 3033 510 3073 Ῐ
540 3031 715 3083 ΧΙω-ιῖειῑί
737 3049 853 3085 quarn
879 3037 985 3075 alteri
1005 3036 1207 3085 potentiae.
1225 3037 1308 3083 'Sed
1328 3039 1432 3074 actus

376 3089 533 3126 aliarum
578 3090 830 3139 potentiarum
875 3090 1059 3138 recipiunt
1102 3090 1308 3126 bonitatem
1353 3103 1431 3127 non

374 3142 499 3179 solum
529 3154 572 3179 ex
602 3143 762 3188 obiecto,
793 3143 861 3179 sed
890 3143 1002 3180 etiam
1033 3141 1076 3179 ex
1105 3143 1198 3190 fine,
1228 3151 1270 3180 ut
1297 3154 1342 3180 ex
1371 3142 1431 3180 su-

373 3195 551 3244 pradictis
571 3196 595 3246 '¹1
617 3203 732 3245 patet.
751 3196 854 3244 Ergo
884 3196 996 3233 etiarn
1021 3196 1431 3246 actusvvoluntatis-ress
1484 3237 1487 3239 ,

375 3247 463 3297 cipit
490 3248 698 3290 bonitatem
722 3260 800 3285 non
826 3250 952 3287 solum
974 3261 1019 3291 ex
1047 3249 1210 3296 obiecto,
1231 3245 1430 3291 sedetiam

376 3313 420 3337 ex
448 3301 536 3338 fine.
892 3331 895 3333 .
1216 3308 1219 3311 ’
1351 3307 1355 3311 “

388 3394 392 3397 ,
417 3351 716 3400 ⁴2.-Paliuris{ti-La,
738 3354 886 3390 bonitas
915 3361 1018 3391 actus
1043 3352 1120 3391 non
1137 3354 1272 3398 'solum
1301 3361 1357 3400 est
1381 3367 1430 3399 ,ex

375 3405 535 3454 obiecto,
561 3405 768 3451 sedetiam
800 3419 845 3443 ex
862 3406 1172 3455 circumstantiis,
1201 3415 1243 3445 ut
1270 3418 1384 3456 supra
1404 3406 1430 3429 ·*

372 3457 515 3502 ¹{dictum
531 3462 622 3510 sse'sstss
638 3459 716 3508 Sed
743 3460 965 3510 'secundum'
989 3460 1250 3503 diversitatem*
1274 3460 1430 3498 circum-

374 3595 377 3597 .
427 3574 454 3605 α)
473 3570 534 3599 non.
552 3587 572 3594 -
590 3575 651 3599 Om.
665 3574 782 3599 ΡΕΚεΑ,
794 3580 819 3599 et
838 3574 877 3599 ed.
896 3581 923 3599 a.

1021 3538 1024 3539 ν
1056 3540 1079 3544 -..
1097 3539 1238 3544 „um-q...
1249 3538 1338 3544 u-..-t
1348 3538 1687 3546 δ.-....ᾼψὴ...,..μ,.-..ι».-μ

1487 2877 1708 2915 stantiarum
1743 2877 1922 2925 contingit
1959 2890 2041 2914 esse
2080 2877 2334 2917 diversitatem
2371 2861 2547 2933 bonitati}

1488 2938 1523 2968 et
1551 2930 1714 2968 malitiae
1744 2930 1781 2967 in
1810 2939 1895 2967 actu
1918 2931 2142 2970 voluntatis:
2167 2939 2259 2981 puta
2279 2933 2384 2981 quod
2412 2927 2546 2986 aliqu&

1485 2983 1575 3020 velit
1594 2984 1747 3033 quando
1770 2983 1893 3030 debet,
1917 2991 1952 3020 et
1978 2983 2044 3020 ubi
2073 2985 2197 3031 debet,
2220 2993 2256 3022 et
2274 2994 2460 3034 quantum
2481 2987 2545 3025 de-

1486 3037 1560 3083 bet,
1582 3044 1618 3074 et
1645 3038 1843 3085 quomodo
1874 3036 2001 3085 debet,
2031 3038 2094 3074 vel
2122 3046 2235 3086 prout
2263 3051 2342 3077 non
2372 3044 2389 3061 '²
2419 3039 2542 3079 debet.

1487 3091 1588 3137 Ergo
1618 3089 1766 3126 bonitas
1794 3090 1998 3127 voluntatis
2027 3103 2105 3127 non
2133 3091 2257 3128 solum
2283 3092 2472 3141 dependet
2499 3105 2544 3130 ex

1486 3143 1647 3189 obiecto,
1678 3142 1745 3180 sed
1773 3142 1887 3179 etiam
1917 3150 1962 3179 ex
1991 3143 2288 3181 circumstantiis.

1540 3197 1574 3232 3.
1597 3197 1827 3246 Paaerraam,
1844 3195 2061 3244 ,ignorantia
2089 3195 2453 3246 circumstantiarum
2470 3209 2542 3254 ,ρξ-

1485 3257 1599 3291 cusat,
1618 3246 1800 3287 malitiam
1818 3248 2032 3295 voluntatis,
2047 3257 2096 3297 'ut
2114 3262 2229 3298 supra
2246 3249 2266 3272 ’¹‘
2284 3247 2541 3294 habitumiesr.

1484 3302 1562 3339 Sed
1582 3303 1762 3339 h‘oc'non
1781 3308 1889 3347 esset,
1909 3301 1981 3338 nisi
2010 3302 2171 3339 bonitas>
2186 3311 2224 3340 et
2242 3303 2383 3346 malitia
2395 3303 2542 3340 volun.

1483 3353 1567 3391 'tatis
1588 3351 1626 3391 -a
1662 3352 1946 3391 circumstantiis
1967 3353 2227 3404 ‘dependeret'
2243 3357 2370 3404 2¹Ergo‘
2385 3354 2541 3404 'bonitas

1484 3414 1521 3444 et
1549 3407 1689 3451 malitia
1715 3406 1918 3444 voluntatis
1951 3407 2140 3457 dependet
2169 3411 2214 3447 ex
2234 3408 2539 3461 ''cii-ctimstantiis,²

1486 3467 1522 3510 et
1549 3473 1627 3498 non
1655 3459 1796 3512 asolo
1816 3459 1977 3498 obiecto.
2162 3462 2163 3466 ’
2236 3461 2237 3468 ’
2292 3457 2308 3465 ⁷
2407 3465 2430 3489 ’-

2571 3262 2579 3271 ·
2595 3260 2643 3288 Qu.
2653 3267 2684 3288 vi,
2698 3264 2741 3283 art.
2759 3261 2783 3283 8.
