<?xml version="1.0" encoding="UTF-8"?>
<!DOCTYPE html PUBLIC "-//W3C//DTD XHTML 1.0 Transitional//EN"
    "http://www.w3.org/TR/xhtml1/DTD/xhtml1-transitional.dtd">
<html xmlns="http://www.w3.org/1999/xhtml" xml:lang="en" lang="en">
 <head>
  <title>
</title>
<meta http-equiv="Content-Type" content="text/html;charset=utf-8" />
  <meta name='ocr-system' content='tesseract 3.04.00' />
  <meta name='ocr-capabilities' content='ocr_page ocr_carea ocr_par ocr_line ocrx_word'/>
</head>
<body>
  <div class='ocr_page' id='page_1' title='image "./operaomniaiussui06thom/operaomniaiussui06thom_0279.png"; bbox 0 0 2852 4152; ppageno 0'>
   <div class='ocr_carea' id='block_1_1' title="bbox 0 1204 31 2189">
    <p class='ocr_par' dir='ltr' id='par_1_1' title="bbox 0 1204 31 2189">
     <span class='ocr_line' id='line_1_1' title="bbox 0 1204 31 2189; baseline 0 0"><span class='ocrx_word' id='word_1_1' title='bbox 0 1204 31 2189; x_wconf 95' lang='lat' dir='ltr'> </span> 
     </span>
    </p>
   </div>
   <div class='ocr_carea' id='block_1_2' title="bbox 144 819 359 876">
    <p class='ocr_par' dir='ltr' id='par_1_2' title="bbox 144 819 359 876">
     <span class='ocr_line' id='line_1_2' title="bbox 144 819 359 876; baseline 0.005 -7.005"><span class='ocrx_word' id='word_1_2' title='bbox 144 819 359 876; x_wconf 53' lang='grc' dir='ltr'>ιἰἒᾟξβέζὶῑ</span> 
     </span>
    </p>
   </div>
   <div class='ocr_carea' id='block_1_3' title="bbox 146 1246 363 1327">
    <p class='ocr_par' dir='ltr' id='par_1_3' title="bbox 146 1246 362 1327">
     <span class='ocr_line' id='line_1_3' title="bbox 146 1246 362 1278; baseline 0 -9"><span class='ocrx_word' id='word_1_3' title='bbox 146 1247 160 1258; x_wconf 81' lang='grc'>’”</span> <span class='ocrx_word' id='word_1_4' title='bbox 168 1246 245 1278; x_wconf 66' lang='lat' dir='ltr'>§.Th-</span> <span class='ocrx_word' id='word_1_5' title='bbox 253 1247 305 1269; x_wconf 81' lang='lat' dir='ltr'>lect.</span> <span class='ocrx_word' id='word_1_6' title='bbox 313 1253 362 1269; x_wconf 80' lang='lat' dir='ltr'>tv.-</span> 
     </span>
     <span class='ocr_line' id='line_1_4' title="bbox 149 1272 363 1327; baseline 0 -6"><span class='ocrx_word' id='word_1_7' title='bbox 149 1272 254 1327; x_wconf 52' lang='lat' dir='ltr'>sstffit</span> <span class='ocrx_word' id='word_1_8' title='bbox 264 1273 295 1301; x_wconf 73' lang='lat' dir='ltr'>v,</span> <span class='ocrx_word' id='word_1_9' title='bbox 311 1279 363 1302; x_wconf 58' lang='lat' dir='ltr'>..p</span> 
     </span>
    </p>
   </div>
   <div class='ocr_carea' id='block_1_4' title="bbox 1072 254 1858 308">
    <p class='ocr_par' dir='ltr' id='par_1_4' title="bbox 1072 254 1858 308">
     <span class='ocr_line' id='line_1_5' title="bbox 1072 254 1858 308; baseline -0.013 -9"><span class='ocrx_word' id='word_1_10' title='bbox 1072 259 1337 308; x_wconf 89' lang='lat' dir='ltr'>QUAESTIO</span> <span class='ocrx_word' id='word_1_11' title='bbox 1367 259 1452 304; x_wconf 91' lang='lat' dir='ltr'>XL,</span> <span class='ocrx_word' id='word_1_12' title='bbox 1482 254 1777 294; x_wconf 93' lang='lat' dir='ltr'>ARTICULUS</span> <span class='ocrx_word' id='word_1_13' title='bbox 1807 255 1858 290; x_wconf 92' lang='lat' dir='ltr'>III·</span> 
     </span>
    </p>
   </div>
   <div class='ocr_carea' id='block_1_5' title="bbox 2481 252 2555 298">
    <p class='ocr_par' dir='ltr' id='par_1_5' title="bbox 2481 252 2555 298">
     <span class='ocr_line' id='line_1_6' title="bbox 2481 252 2555 298; baseline 0 -11"><span class='ocrx_word' id='word_1_14' title='bbox 2481 252 2555 298; x_wconf 85' lang='lat'>267</span> 
     </span>
    </p>
   </div>
   <div class='ocr_carea' id='block_1_6' title="bbox 1024 396 1915 527">
    <p class='ocr_par' dir='ltr' id='par_1_6' title="bbox 1024 396 1915 527">
     <span class='ocr_line' id='line_1_7' title="bbox 1186 396 1756 444; baseline -0.009 -1"><span class='ocrx_word' id='word_1_15' title='bbox 1186 400 1501 444; x_wconf 88' lang='lat' dir='ltr'>ARTICULUS</span> <span class='ocrx_word' id='word_1_16' title='bbox 1529 396 1756 440; x_wconf 86' lang='lat' dir='ltr'>TERTIUS</span> 
     </span>
     <span class='ocr_line' id='line_1_8' title="bbox 1024 487 1915 527; baseline -0.011 0"><span class='ocrx_word' id='word_1_17' title='bbox 1024 495 1179 527; x_wconf 84' lang='lat' dir='ltr'>UTRUM</span> <span class='ocrx_word' id='word_1_18' title='bbox 1202 494 1299 525; x_wconf 79' lang='lat' dir='ltr'>SPEs</span> <span class='ocrx_word' id='word_1_19' title='bbox 1323 494 1389 524; x_wconf 56' lang='lat' dir='ltr'>sn*</span> <span class='ocrx_word' id='word_1_20' title='bbox 1413 493 1455 523; x_wconf 89' lang='lat' dir='ltr'>1N</span> <span class='ocrx_word' id='word_1_21' title='bbox 1478 490 1632 523; x_wconf 72' lang='lat' dir='ltr'>Baurls</span> <span class='ocrx_word' id='word_1_22' title='bbox 1655 487 1915 520; x_wconf 80' lang='lat' dir='ltr'>ANIMALIBUS</span> 
     </span>
    </p>
   </div>
   <div class='ocr_carea' id='block_1_7' title="bbox 1219 572 1732 603">
    <p class='ocr_par' dir='ltr' id='par_1_7' title="bbox 1219 572 1732 603">
     <span class='ocr_line' id='line_1_9' title="bbox 1219 572 1732 603; baseline -0.008 -6"><span class='ocrx_word' id='word_1_23' title='bbox 1219 573 1250 597; x_wconf 89' lang='lat'>111</span> <span class='ocrx_word' id='word_1_24' title='bbox 1270 573 1352 602; x_wconf 67' lang='lat' dir='ltr'>Sem„</span> <span class='ocrx_word' id='word_1_25' title='bbox 1373 572 1432 596; x_wconf 86' lang='lat' dir='ltr'>dist.</span> <span class='ocrx_word' id='word_1_26' title='bbox 1450 578 1515 601; x_wconf 77' lang='lat' dir='ltr'>xxvx,</span> <span class='ocrx_word' id='word_1_27' title='bbox 1535 578 1580 603; x_wconf 85' lang='lat' dir='ltr'>qu.</span> <span class='ocrx_word' id='word_1_28' title='bbox 1603 577 1624 599; x_wconf 80' lang='lat'>1,</span> <span class='ocrx_word' id='word_1_29' title='bbox 1644 574 1690 594; x_wconf 85' lang='lat' dir='ltr'>art.</span> <span class='ocrx_word' id='word_1_30' title='bbox 1713 576 1732 592; x_wconf 83' lang='grc' dir='ltr'>ι.</span> 
     </span>
    </p>
   </div>
   <div class='ocr_carea' id='block_1_8' title="bbox 383 660 1454 1394">
    <p class='ocr_par' dir='ltr' id='par_1_8' title="bbox 386 660 1448 1027">
     <span class='ocr_line' id='line_1_10' title="bbox 419 660 1445 717; baseline -0.005 -16"><span class='ocrx_word' id='word_1_31' title='bbox 419 676 486 717; x_wconf 47' lang='lat'>{25⁵¹</span> <span class='ocrx_word' id='word_1_32' title='bbox 502 678 535 705; x_wconf 46' lang='lat' dir='ltr'><em>ss</em></span> <span class='ocrx_word' id='word_1_33' title='bbox 570 682 574 689; x_wconf 72' lang='lat'><em>‹</em></span> <span class='ocrx_word' id='word_1_34' title='bbox 596 674 619 700; x_wconf 86' lang='lat' dir='ltr'>t&gt;</span> <span class='ocrx_word' id='word_1_35' title='bbox 647 673 807 699; x_wconf 65' lang='grc' dir='ltr'>τεκτιυΜ</span> <span class='ocrx_word' id='word_1_36' title='bbox 832 674 886 699; x_wconf 77' lang='lat' dir='ltr'>sm</span> <span class='ocrx_word' id='word_1_37' title='bbox 905 666 1145 700; x_wconf 58' lang='lat' dir='ltr'>Pacci-:mrum</span> <span class='ocrx_word' id='word_1_38' title='bbox 1165 662 1321 699; x_wconf 90' lang='lat' dir='ltr'>Videtur</span> <span class='ocrx_word' id='word_1_39' title='bbox 1340 660 1445 709; x_wconf 92' lang='lat' dir='ltr'>quod</span> 
     </span>
     <span class='ocr_line' id='line_1_11' title="bbox 415 706 1446 773; baseline -0.003 -21"><span class='ocrx_word' id='word_1_40' title='bbox 415 706 559 773; x_wconf 41' lang='lat' dir='ltr'><em>Q</em></span> <span class='ocrx_word' id='word_1_41' title='bbox 597 715 638 752; x_wconf 91' lang='lat' dir='ltr'>in</span> <span class='ocrx_word' id='word_1_42' title='bbox 665 714 782 752; x_wconf 91' lang='lat' dir='ltr'>brutis</span> <span class='ocrx_word' id='word_1_43' title='bbox 810 715 1034 752; x_wconf 88' lang='lat' dir='ltr'>animalibus</span> <span class='ocrx_word' id='word_1_44' title='bbox 1060 728 1139 752; x_wconf 92' lang='lat' dir='ltr'>non</span> <span class='ocrx_word' id='word_1_45' title='bbox 1158 715 1202 752; x_wconf 92' lang='lat' dir='ltr'>sit</span> <span class='ocrx_word' id='word_1_46' title='bbox 1221 727 1318 763; x_wconf 92' lang='lat' dir='ltr'>spes.</span> <span class='ocrx_word' id='word_1_47' title='bbox 1350 714 1446 762; x_wconf 88' lang='lat' dir='ltr'>Spes</span> 
     </span>
     <span class='ocr_line' id='line_1_12' title="bbox 406 751 1447 815; baseline -0.005 -8"><span class='ocrx_word' id='word_1_48' title='bbox 406 767 441 810; x_wconf 60' lang='grc' dir='ltr'>’,Ὗ</span> <span class='ocrx_word' id='word_1_49' title='bbox 456 782 525 811; x_wconf 58' lang='grc' dir='ltr'>,ν</span> <span class='ocrx_word' id='word_1_50' title='bbox 538 751 577 811; x_wconf 66' lang='lat'>²6„</span> <span class='ocrx_word' id='word_1_51' title='bbox 599 767 702 804; x_wconf 87' lang='lat' dir='ltr'>enim</span> <span class='ocrx_word' id='word_1_52' title='bbox 719 778 775 805; x_wconf 91' lang='lat' dir='ltr'>est</span> <span class='ocrx_word' id='word_1_53' title='bbox 789 769 836 806; x_wconf 92' lang='lat' dir='ltr'>de</span> <span class='ocrx_word' id='word_1_54' title='bbox 851 768 976 805; x_wconf 84' lang='lat' dir='ltr'>futuro</span> <span class='ocrx_word' id='word_1_55' title='bbox 992 769 1109 815; x_wconf 90' lang='lat' dir='ltr'>bono,</span> <span class='ocrx_word' id='word_1_56' title='bbox 1125 775 1166 804; x_wconf 92' lang='lat' dir='ltr'>ut</span> <span class='ocrx_word' id='word_1_57' title='bbox 1184 769 1447 805; x_wconf 88' lang='lat' dir='ltr'>Damascenus</span> 
     </span>
     <span class='ocr_line' id='line_1_13' title="bbox 409 810 1448 868; baseline -0.003 -11"><span class='ocrx_word' id='word_1_58' title='bbox 409 813 420 822; x_wconf 32' lang='lat'><strong><em>³</em></strong></span> <span class='ocrx_word' id='word_1_59' title='bbox 446 812 582 854; x_wconf 44' lang='lat'>5⁶²3)</span> <span class='ocrx_word' id='word_1_60' title='bbox 558 810 688 857; x_wconf 41' lang='lat' dir='ltr'>&amp;dicit</span> <span class='ocrx_word' id='word_1_61' title='bbox 708 821 728 842; x_wconf 77' lang='lat'>’¹‘</span> <span class='ocrx_word' id='word_1_62' title='bbox 761 821 838 858; x_wconf 87' lang='lat' dir='ltr'>Sed</span> <span class='ocrx_word' id='word_1_63' title='bbox 868 833 1098 868; x_wconf 87' lang='lat' dir='ltr'>cognoscere</span> <span class='ocrx_word' id='word_1_64' title='bbox 1126 821 1296 857; x_wconf 90' lang='lat' dir='ltr'>futurum</span> <span class='ocrx_word' id='word_1_65' title='bbox 1325 825 1342 841; x_wconf 80' lang='lat'>‘²</span> <span class='ocrx_word' id='word_1_66' title='bbox 1369 831 1448 855; x_wconf 93' lang='lat' dir='ltr'>non</span> 
     </span>
     <span class='ocr_line' id='line_1_14' title="bbox 386 872 1448 924; baseline -0.003 -14"><span class='ocrx_word' id='word_1_67' title='bbox 386 874 548 924; x_wconf 87' lang='lat' dir='ltr'>pertinet</span> <span class='ocrx_word' id='word_1_68' title='bbox 580 873 628 910; x_wconf 90' lang='lat' dir='ltr'>ad</span> <span class='ocrx_word' id='word_1_69' title='bbox 658 873 832 911; x_wconf 90' lang='lat' dir='ltr'>animalia</span> <span class='ocrx_word' id='word_1_70' title='bbox 860 874 990 920; x_wconf 90' lang='lat' dir='ltr'>bruta,</span> <span class='ocrx_word' id='word_1_71' title='bbox 1021 885 1118 922; x_wconf 88' lang='lat' dir='ltr'>quae</span> <span class='ocrx_word' id='word_1_72' title='bbox 1146 873 1287 910; x_wconf 91' lang='lat' dir='ltr'>habent</span> <span class='ocrx_word' id='word_1_73' title='bbox 1324 872 1448 908; x_wconf 92' lang='lat' dir='ltr'>solum</span> 
     </span>
     <span class='ocr_line' id='line_1_15' title="bbox 389 925 1446 975; baseline -0.004 -11"><span class='ocrx_word' id='word_1_74' title='bbox 389 925 646 975; x_wconf 87' lang='lat' dir='ltr'>cognitionem</span> <span class='ocrx_word' id='word_1_75' title='bbox 666 927 898 974; x_wconf 87' lang='lat' dir='ltr'>sensitivam,</span> <span class='ocrx_word' id='word_1_76' title='bbox 919 938 1019 974; x_wconf 90' lang='lat' dir='ltr'>quae</span> <span class='ocrx_word' id='word_1_77' title='bbox 1039 938 1118 962; x_wconf 93' lang='lat' dir='ltr'>non</span> <span class='ocrx_word' id='word_1_78' title='bbox 1147 932 1203 962; x_wconf 91' lang='lat' dir='ltr'>est</span> <span class='ocrx_word' id='word_1_79' title='bbox 1221 925 1446 961; x_wconf 86' lang='lat' dir='ltr'>futurorum.</span> 
     </span>
     <span class='ocr_line' id='line_1_16' title="bbox 388 978 1276 1027; baseline -0.002 -11"><span class='ocrx_word' id='word_1_80' title='bbox 388 980 492 1027; x_wconf 87' lang='lat' dir='ltr'>Ergo</span> <span class='ocrx_word' id='word_1_81' title='bbox 520 991 607 1027; x_wconf 88' lang='lat' dir='ltr'>spes</span> <span class='ocrx_word' id='word_1_82' title='bbox 636 992 714 1016; x_wconf 91' lang='lat' dir='ltr'>non</span> <span class='ocrx_word' id='word_1_83' title='bbox 742 987 798 1016; x_wconf 90' lang='lat' dir='ltr'>est</span> <span class='ocrx_word' id='word_1_84' title='bbox 824 979 862 1016; x_wconf 94' lang='lat' dir='ltr'>in</span> <span class='ocrx_word' id='word_1_85' title='bbox 891 978 1009 1015; x_wconf 92' lang='lat' dir='ltr'>brutis</span> <span class='ocrx_word' id='word_1_86' title='bbox 1037 978 1276 1014; x_wconf 86' lang='lat' dir='ltr'>animalibus.</span> 
     </span>
    </p>

    <p class='ocr_par' dir='ltr' id='par_1_9' title="bbox 383 1028 1451 1344">
     <span class='ocr_line' id='line_1_17' title="bbox 442 1028 1450 1079; baseline -0.003 -11"><span class='ocrx_word' id='word_1_87' title='bbox 442 1044 478 1069; x_wconf 89' lang='lat'>2.</span> <span class='ocrx_word' id='word_1_88' title='bbox 500 1033 732 1078; x_wconf 75' lang='lat' dir='ltr'>PRAETEREA,</span> <span class='ocrx_word' id='word_1_89' title='bbox 753 1031 946 1069; x_wconf 87' lang='lat' dir='ltr'>obiectum</span> <span class='ocrx_word' id='word_1_90' title='bbox 966 1031 1047 1079; x_wconf 89' lang='lat' dir='ltr'>spei</span> <span class='ocrx_word' id='word_1_91' title='bbox 1077 1038 1133 1067; x_wconf 87' lang='lat' dir='ltr'>est</span> <span class='ocrx_word' id='word_1_92' title='bbox 1161 1031 1306 1067; x_wconf 90' lang='lat' dir='ltr'>bonum</span> <span class='ocrx_word' id='word_1_93' title='bbox 1330 1028 1450 1078; x_wconf 92' lang='lat' dir='ltr'>possi-</span> 
     </span>
     <span class='ocr_line' id='line_1_18' title="bbox 389 1082 1451 1133; baseline -0.003 -12"><span class='ocrx_word' id='word_1_94' title='bbox 389 1084 463 1121; x_wconf 91' lang='lat' dir='ltr'>bile</span> <span class='ocrx_word' id='word_1_95' title='bbox 497 1084 665 1133; x_wconf 87' lang='lat' dir='ltr'>adipisci.</span> <span class='ocrx_word' id='word_1_96' title='bbox 706 1085 783 1122; x_wconf 90' lang='lat' dir='ltr'>Sed</span> <span class='ocrx_word' id='word_1_97' title='bbox 816 1083 996 1133; x_wconf 89' lang='lat' dir='ltr'>possibile</span> <span class='ocrx_word' id='word_1_98' title='bbox 1031 1090 1068 1120; x_wconf 87' lang='lat' dir='ltr'>et</span> <span class='ocrx_word' id='word_1_99' title='bbox 1102 1082 1335 1132; x_wconf 91' lang='lat' dir='ltr'>impossibile</span> <span class='ocrx_word' id='word_1_100' title='bbox 1364 1089 1451 1119; x_wconf 90' lang='lat' dir='ltr'>sunt</span> 
     </span>
     <span class='ocr_line' id='line_1_19' title="bbox 389 1136 1450 1196; baseline -0.003 -22"><span class='ocrx_word' id='word_1_101' title='bbox 389 1137 580 1196; x_wconf 84' lang='lat' dir='ltr'>quaedam</span> <span class='ocrx_word' id='word_1_102' title='bbox 619 1137 853 1174; x_wconf 87' lang='lat' dir='ltr'>differentiae</span> <span class='ocrx_word' id='word_1_103' title='bbox 881 1136 963 1174; x_wconf 90' lang='lat' dir='ltr'>veri</span> <span class='ocrx_word' id='word_1_104' title='bbox 995 1143 1032 1173; x_wconf 89' lang='lat' dir='ltr'>et</span> <span class='ocrx_word' id='word_1_105' title='bbox 1064 1136 1163 1182; x_wconf 89' lang='lat' dir='ltr'>falsi,</span> <span class='ocrx_word' id='word_1_106' title='bbox 1193 1147 1292 1194; x_wconf 87' lang='lat' dir='ltr'>quae</span> <span class='ocrx_word' id='word_1_107' title='bbox 1325 1136 1450 1171; x_wconf 91' lang='lat' dir='ltr'>solum</span> 
     </span>
     <span class='ocr_line' id='line_1_20' title="bbox 389 1188 1450 1237; baseline -0.002 -11"><span class='ocrx_word' id='word_1_108' title='bbox 389 1197 477 1226; x_wconf 90' lang='lat' dir='ltr'>sunt</span> <span class='ocrx_word' id='word_1_109' title='bbox 503 1189 541 1226; x_wconf 92' lang='lat' dir='ltr'>in</span> <span class='ocrx_word' id='word_1_110' title='bbox 571 1197 715 1237; x_wconf 89' lang='lat' dir='ltr'>mente,</span> <span class='ocrx_word' id='word_1_111' title='bbox 735 1197 778 1227; x_wconf 91' lang='lat' dir='ltr'>ut</span> <span class='ocrx_word' id='word_1_112' title='bbox 804 1189 1059 1237; x_wconf 88' lang='lat' dir='ltr'>Philosophus</span> <span class='ocrx_word' id='word_1_113' title='bbox 1089 1188 1176 1225; x_wconf 88' lang='lat' dir='ltr'>dicit</span> <span class='ocrx_word' id='word_1_114' title='bbox 1203 1188 1242 1224; x_wconf 89' lang='lat' dir='ltr'>in</span> <span class='ocrx_word' id='word_1_115' title='bbox 1260 1188 1311 1225; x_wconf 91' lang='lat' dir='ltr'>VI</span> <span class='ocrx_word' id='word_1_116' title='bbox 1326 1188 1450 1224; x_wconf 90' lang='lat' dir='ltr'>Meta-</span> 
     </span>
     <span class='ocr_line' id='line_1_21' title="bbox 383 1241 1451 1291; baseline -0.004 -11"><span class='ocrx_word' id='word_1_117' title='bbox 383 1243 496 1291; x_wconf 85' lang='lat' dir='ltr'>phys.</span> <span class='ocrx_word' id='word_1_118' title='bbox 517 1243 537 1263; x_wconf 81' lang='grc'><strong>*</strong></span> <span class='ocrx_word' id='word_1_119' title='bbox 567 1244 668 1290; x_wconf 90' lang='lat' dir='ltr'>Ergo</span> <span class='ocrx_word' id='word_1_120' title='bbox 697 1255 784 1291; x_wconf 92' lang='lat' dir='ltr'>spes</span> <span class='ocrx_word' id='word_1_121' title='bbox 813 1254 892 1279; x_wconf 92' lang='lat' dir='ltr'>non</span> <span class='ocrx_word' id='word_1_122' title='bbox 921 1250 976 1278; x_wconf 92' lang='lat' dir='ltr'>est</span> <span class='ocrx_word' id='word_1_123' title='bbox 1002 1241 1042 1278; x_wconf 88' lang='lat' dir='ltr'>in</span> <span class='ocrx_word' id='word_1_124' title='bbox 1069 1241 1187 1278; x_wconf 90' lang='lat' dir='ltr'>brutis</span> <span class='ocrx_word' id='word_1_125' title='bbox 1211 1241 1451 1288; x_wconf 81' lang='lat' dir='ltr'>animalibus,</span> 
     </span>
     <span class='ocr_line' id='line_1_22' title="bbox 389 1295 933 1344; baseline -0.004 -12"><span class='ocrx_word' id='word_1_126' title='bbox 389 1295 446 1332; x_wconf 91' lang='lat' dir='ltr'>in</span> <span class='ocrx_word' id='word_1_127' title='bbox 457 1295 595 1344; x_wconf 92' lang='lat' dir='ltr'>quibus</span> <span class='ocrx_word' id='word_1_128' title='bbox 622 1307 701 1332; x_wconf 92' lang='lat' dir='ltr'>non</span> <span class='ocrx_word' id='word_1_129' title='bbox 730 1302 786 1332; x_wconf 92' lang='lat' dir='ltr'>est</span> <span class='ocrx_word' id='word_1_130' title='bbox 811 1306 933 1331; x_wconf 90' lang='lat' dir='ltr'>mens.</span> 
     </span>
    </p>

    <p class='ocr_par' dir='ltr' id='par_1_10' title="bbox 446 1345 1454 1394">
     <span class='ocr_line' id='line_1_23' title="bbox 446 1345 1454 1394; baseline -0.005 -9"><span class='ocrx_word' id='word_1_131' title='bbox 446 1349 480 1385; x_wconf 89' lang='lat'>3.</span> <span class='ocrx_word' id='word_1_132' title='bbox 505 1349 742 1394; x_wconf 77' lang='lat' dir='ltr'>PRAETEREA,</span> <span class='ocrx_word' id='word_1_133' title='bbox 770 1346 1002 1393; x_wconf 89' lang='lat' dir='ltr'>Augustinus</span> <span class='ocrx_word' id='word_1_134' title='bbox 1032 1345 1129 1391; x_wconf 89' lang='lat' dir='ltr'>dicit,</span> <span class='ocrx_word' id='word_1_135' title='bbox 1149 1357 1263 1392; x_wconf 88' lang='lat' dir='ltr'>super</span> <span class='ocrx_word' id='word_1_136' title='bbox 1290 1345 1381 1381; x_wconf 88' lang='lat' dir='ltr'>Gen.</span> <span class='ocrx_word' id='word_1_137' title='bbox 1403 1346 1454 1381; x_wconf 81' lang='lat' dir='ltr'>ad</span> 
     </span>
    </p>
   </div>
   <div class='ocr_carea' id='block_1_9' title="bbox 404 679 584 860">
    <p class='ocr_par' dir='ltr' id='par_1_11' title="bbox 404 679 584 860">
     <span class='ocr_line' id='line_1_24' title="bbox 404 679 584 860; baseline 0 0"><span class='ocrx_word' id='word_1_138' title='bbox 404 679 417 860; x_wconf 95' lang='lat' dir='ltr'> </span> <span class='ocrx_word' id='word_1_139' title='bbox 449 679 584 860; x_wconf 95' lang='lat' dir='ltr'>   </span> 
     </span>
    </p>
   </div>
   <div class='ocr_carea' id='block_1_10' title="bbox 150 1376 1451 1452">
    <p class='ocr_par' dir='ltr' id='par_1_12' title="bbox 150 1376 1451 1452">
     <span class='ocr_line' id='line_1_25' title="bbox 150 1376 1451 1452; baseline -0.005 -12.863"><span class='ocrx_word' id='word_1_140' title='bbox 150 1402 232 1452; x_wconf 43' lang='lat' dir='ltr'>,23:¹¹ss</span> <span class='ocrx_word' id='word_1_141' title='bbox 250 1402 297 1431; x_wconf 76' lang='lat' dir='ltr'>tx,</span> <span class='ocrx_word' id='word_1_142' title='bbox 311 1409 363 1432; x_wconf 56' lang='grc' dir='ltr'>ΟΨ·</span> <span class='ocrx_word' id='word_1_143' title='bbox 389 1400 457 1438; x_wconf 75' lang='lat' dir='ltr'>litt.</span> <span class='ocrx_word' id='word_1_144' title='bbox 474 1399 531 1447; x_wconf 78' lang='grc'>*,</span> <span class='ocrx_word' id='word_1_145' title='bbox 541 1399 647 1447; x_wconf 73' lang='lat' dir='ltr'>qued</span> <span class='ocrx_word' id='word_1_146' title='bbox 680 1376 861 1435; x_wconf 70' lang='lat' dir='ltr'>animalia</span> <span class='ocrx_word' id='word_1_147' title='bbox 894 1403 1094 1434; x_wconf 83' lang='lat' dir='ltr'>moventur</span> <span class='ocrx_word' id='word_1_148' title='bbox 1119 1398 1218 1435; x_wconf 78' lang='lat' dir='ltr'>visis.</span> <span class='ocrx_word' id='word_1_149' title='bbox 1253 1389 1330 1434; x_wconf 87' lang='lat' dir='ltr'>Sed</span> <span class='ocrx_word' id='word_1_150' title='bbox 1364 1409 1451 1445; x_wconf 90' lang='lat' dir='ltr'>spes</span> 
     </span>
    </p>
   </div>
   <div class='ocr_carea' id='block_1_11' title="bbox 147 1505 352 2172">
    <p class='ocr_par' dir='ltr' id='par_1_13' title="bbox 149 1505 295 1534">
     <span class='ocr_line' id='line_1_26' title="bbox 149 1505 295 1534; baseline 0 -6"><span class='ocrx_word' id='word_1_151' title='bbox 149 1505 295 1534; x_wconf 57' lang='lat' dir='ltr'>&#39;Vema-</span> 
     </span>
    </p>

    <p class='ocr_par' dir='ltr' id='par_1_14' title="bbox 147 2089 352 2172">
     <span class='ocr_line' id='line_1_27' title="bbox 148 2089 347 2118; baseline 0 -6"><span class='ocrx_word' id='word_1_152' title='bbox 148 2089 316 2118; x_wconf 79' lang='lat' dir='ltr'>&#39;Qu.1,art.</span> <span class='ocrx_word' id='word_1_153' title='bbox 335 2097 347 2113; x_wconf 67' lang='grc' dir='ltr'><strong>π</strong></span> 
     </span>
     <span class='ocr_line' id='line_1_28' title="bbox 148 2120 346 2145; baseline 0 -6"><span class='ocrx_word' id='word_1_154' title='bbox 148 2120 346 2145; x_wconf 53' lang='lat' dir='ltr'>quanm-mr</span> 
     </span>
     <span class='ocr_line' id='line_1_29' title="bbox 147 2146 352 2172; baseline -0.005 -6"><span class='ocrx_word' id='word_1_155' title='bbox 147 2146 320 2172; x_wconf 68' lang='lat' dir='ltr'>quxxv,art</span> <span class='ocrx_word' id='word_1_156' title='bbox 344 2149 352 2165; x_wconf 84' lang='lat'>1</span> 
     </span>
    </p>
   </div>
   <div class='ocr_carea' id='block_1_12' title="bbox 386 1449 1456 2080">
    <p class='ocr_par' dir='ltr' id='par_1_15' title="bbox 387 1449 1456 1594">
     <span class='ocr_line' id='line_1_30' title="bbox 389 1449 1456 1498; baseline -0.003 -10"><span class='ocrx_word' id='word_1_157' title='bbox 389 1464 469 1489; x_wconf 93' lang='lat' dir='ltr'>non</span> <span class='ocrx_word' id='word_1_158' title='bbox 504 1459 559 1488; x_wconf 92' lang='lat' dir='ltr'>est</span> <span class='ocrx_word' id='word_1_159' title='bbox 593 1451 641 1489; x_wconf 92' lang='lat' dir='ltr'>de</span> <span class='ocrx_word' id='word_1_160' title='bbox 676 1463 722 1487; x_wconf 95' lang='lat' dir='ltr'>eo</span> <span class='ocrx_word' id='word_1_161' title='bbox 756 1449 862 1498; x_wconf 92' lang='lat' dir='ltr'>quod</span> <span class='ocrx_word' id='word_1_162' title='bbox 895 1450 1065 1489; x_wconf 88' lang='lat' dir='ltr'>videtur.</span> <span class='ocrx_word' id='word_1_163' title='bbox 1096 1461 1185 1486; x_wconf 87' lang='lat' dir='ltr'>nam</span> <span class='ocrx_word' id='word_1_164' title='bbox 1220 1450 1321 1497; x_wconf 86' lang='lat' dir='ltr'>quod</span> <span class='ocrx_word' id='word_1_165' title='bbox 1354 1449 1456 1486; x_wconf 71' lang='lat' dir='ltr'>videt</span> 
     </span>
     <span class='ocr_line' id='line_1_31' title="bbox 387 1501 1451 1552; baseline -0.002 -12"><span class='ocrx_word' id='word_1_166' title='bbox 387 1504 482 1552; x_wconf 82' lang='lat' dir='ltr'>quis,</span> <span class='ocrx_word' id='word_1_167' title='bbox 502 1504 593 1552; x_wconf 79' lang='lat' dir='ltr'>quid</span> <span class='ocrx_word' id='word_1_168' title='bbox 608 1502 764 1552; x_wconf 79' lang='lat' dir='ltr'>sperat?</span> <span class='ocrx_word' id='word_1_169' title='bbox 782 1510 824 1539; x_wconf 93' lang='lat' dir='ltr'>ut</span> <span class='ocrx_word' id='word_1_170' title='bbox 843 1502 976 1539; x_wconf 90' lang='lat' dir='ltr'>dicitur</span> <span class='ocrx_word' id='word_1_171' title='bbox 993 1503 1106 1539; x_wconf 89' lang='lat' dir='ltr'>Rom.</span> <span class='ocrx_word' id='word_1_172' title='bbox 1118 1501 1218 1539; x_wconf 78' lang='lat' dir='ltr'>vi11*.</span> <span class='ocrx_word' id='word_1_173' title='bbox 1241 1502 1344 1549; x_wconf 87' lang='lat' dir='ltr'>Ergo</span> <span class='ocrx_word' id='word_1_174' title='bbox 1364 1514 1451 1550; x_wconf 92' lang='lat' dir='ltr'>spes</span> 
     </span>
     <span class='ocr_line' id='line_1_32' title="bbox 388 1555 1031 1594; baseline -0.005 0"><span class='ocrx_word' id='word_1_175' title='bbox 388 1569 468 1594; x_wconf 89' lang='lat' dir='ltr'>non</span> <span class='ocrx_word' id='word_1_176' title='bbox 497 1564 553 1594; x_wconf 89' lang='lat' dir='ltr'>est</span> <span class='ocrx_word' id='word_1_177' title='bbox 579 1556 618 1593; x_wconf 93' lang='lat' dir='ltr'>in</span> <span class='ocrx_word' id='word_1_178' title='bbox 646 1555 764 1593; x_wconf 90' lang='lat' dir='ltr'>brutis</span> <span class='ocrx_word' id='word_1_179' title='bbox 792 1555 1031 1593; x_wconf 85' lang='lat' dir='ltr'>animalibus.</span> 
     </span>
    </p>

    <p class='ocr_par' dir='ltr' id='par_1_16' title="bbox 387 1606 1451 1708">
     <span class='ocr_line' id='line_1_33' title="bbox 443 1606 1451 1657; baseline -0.003 -10"><span class='ocrx_word' id='word_1_180' title='bbox 443 1610 518 1647; x_wconf 79' lang='lat' dir='ltr'>SED</span> <span class='ocrx_word' id='word_1_181' title='bbox 546 1621 703 1656; x_wconf 79' lang='lat' dir='ltr'>CONTRA,</span> <span class='ocrx_word' id='word_1_182' title='bbox 734 1620 821 1657; x_wconf 89' lang='lat' dir='ltr'>spes</span> <span class='ocrx_word' id='word_1_183' title='bbox 849 1616 906 1645; x_wconf 90' lang='lat' dir='ltr'>est</span> <span class='ocrx_word' id='word_1_184' title='bbox 931 1607 1059 1657; x_wconf 85' lang='lat' dir='ltr'>passio</span> <span class='ocrx_word' id='word_1_185' title='bbox 1078 1606 1285 1644; x_wconf 86' lang='lat' dir='ltr'>irascibilis.</span> <span class='ocrx_word' id='word_1_186' title='bbox 1316 1606 1393 1643; x_wconf 92' lang='lat' dir='ltr'>Sed</span> <span class='ocrx_word' id='word_1_187' title='bbox 1412 1606 1451 1644; x_wconf 90' lang='lat' dir='ltr'>in</span> 
     </span>
     <span class='ocr_line' id='line_1_34' title="bbox 387 1660 1404 1708; baseline -0.005 -8"><span class='ocrx_word' id='word_1_188' title='bbox 387 1662 508 1700; x_wconf 87' lang='lat' dir='ltr'>brutis</span> <span class='ocrx_word' id='word_1_189' title='bbox 537 1661 763 1699; x_wconf 82' lang='lat' dir='ltr'>animalibus</span> <span class='ocrx_word' id='word_1_190' title='bbox 792 1668 847 1698; x_wconf 90' lang='lat' dir='ltr'>est</span> <span class='ocrx_word' id='word_1_191' title='bbox 875 1660 1080 1698; x_wconf 88' lang='lat' dir='ltr'>irascibilis.</span> <span class='ocrx_word' id='word_1_192' title='bbox 1110 1660 1212 1708; x_wconf 88' lang='lat' dir='ltr'>Ergo</span> <span class='ocrx_word' id='word_1_193' title='bbox 1242 1667 1279 1696; x_wconf 88' lang='lat' dir='ltr'>et</span> <span class='ocrx_word' id='word_1_194' title='bbox 1305 1671 1404 1708; x_wconf 90' lang='lat' dir='ltr'>spes.</span> 
     </span>
    </p>

    <p class='ocr_par' dir='ltr' id='par_1_17' title="bbox 386 1712 1453 2080">
     <span class='ocr_line' id='line_1_35' title="bbox 442 1712 1451 1762; baseline -0.004 -10"><span class='ocrx_word' id='word_1_195' title='bbox 442 1716 668 1752; x_wconf 62' lang='lat' dir='ltr'>REsponmzo</span> <span class='ocrx_word' id='word_1_196' title='bbox 686 1725 871 1752; x_wconf 80' lang='lat' dir='ltr'>chENDUM</span> <span class='ocrx_word' id='word_1_197' title='bbox 897 1714 1002 1762; x_wconf 94' lang='lat' dir='ltr'>quod</span> <span class='ocrx_word' id='word_1_198' title='bbox 1030 1712 1226 1750; x_wconf 86' lang='lat' dir='ltr'>interiores</span> <span class='ocrx_word' id='word_1_199' title='bbox 1253 1712 1451 1761; x_wconf 87' lang='lat' dir='ltr'>passiones</span> 
     </span>
     <span class='ocr_line' id='line_1_36' title="bbox 389 1765 1452 1814; baseline -0.002 -10"><span class='ocrx_word' id='word_1_200' title='bbox 389 1767 611 1805; x_wconf 90' lang='lat' dir='ltr'>animalium</span> <span class='ocrx_word' id='word_1_201' title='bbox 648 1779 692 1804; x_wconf 88' lang='lat' dir='ltr'>ex</span> <span class='ocrx_word' id='word_1_202' title='bbox 731 1766 978 1804; x_wconf 87' lang='lat' dir='ltr'>exterioribus</span> <span class='ocrx_word' id='word_1_203' title='bbox 1012 1765 1180 1803; x_wconf 87' lang='lat' dir='ltr'>motibus</span> <span class='ocrx_word' id='word_1_204' title='bbox 1218 1765 1452 1814; x_wconf 91' lang='lat' dir='ltr'>deprehendi</span> 
     </span>
     <span class='ocr_line' id='line_1_37' title="bbox 386 1818 1453 1869; baseline -0.001 -12"><span class='ocrx_word' id='word_1_205' title='bbox 386 1828 559 1869; x_wconf 90' lang='lat' dir='ltr'>possunt.</span> <span class='ocrx_word' id='word_1_206' title='bbox 585 1821 644 1857; x_wconf 88' lang='lat' dir='ltr'>Ex</span> <span class='ocrx_word' id='word_1_207' title='bbox 671 1820 809 1868; x_wconf 93' lang='lat' dir='ltr'>quibus</span> <span class='ocrx_word' id='word_1_208' title='bbox 842 1827 1000 1868; x_wconf 89' lang='lat' dir='ltr'>apparet</span> <span class='ocrx_word' id='word_1_209' title='bbox 1026 1818 1132 1867; x_wconf 89' lang='lat' dir='ltr'>quod</span> <span class='ocrx_word' id='word_1_210' title='bbox 1158 1818 1198 1855; x_wconf 92' lang='lat' dir='ltr'>in</span> <span class='ocrx_word' id='word_1_211' title='bbox 1225 1818 1453 1856; x_wconf 87' lang='lat' dir='ltr'>animalibus</span> 
     </span>
     <span class='ocr_line' id='line_1_38' title="bbox 387 1871 1451 1921; baseline -0.002 -11"><span class='ocrx_word' id='word_1_212' title='bbox 387 1873 507 1910; x_wconf 89' lang='lat' dir='ltr'>brutis</span> <span class='ocrx_word' id='word_1_213' title='bbox 537 1880 592 1910; x_wconf 93' lang='lat' dir='ltr'>est</span> <span class='ocrx_word' id='word_1_214' title='bbox 619 1885 718 1921; x_wconf 92' lang='lat' dir='ltr'>spes.</span> <span class='ocrx_word' id='word_1_215' title='bbox 758 1873 797 1909; x_wconf 92' lang='lat' dir='ltr'>Si</span> <span class='ocrx_word' id='word_1_216' title='bbox 827 1873 929 1909; x_wconf 89' lang='lat' dir='ltr'>enim</span> <span class='ocrx_word' id='word_1_217' title='bbox 965 1872 1068 1908; x_wconf 90' lang='lat' dir='ltr'>canis</span> <span class='ocrx_word' id='word_1_218' title='bbox 1094 1871 1225 1909; x_wconf 90' lang='lat' dir='ltr'>videat</span> <span class='ocrx_word' id='word_1_219' title='bbox 1257 1872 1451 1920; x_wconf 90' lang='lat' dir='ltr'>leporem,</span> 
     </span>
     <span class='ocr_line' id='line_1_39' title="bbox 387 1925 1453 1975; baseline -0.002 -13"><span class='ocrx_word' id='word_1_220' title='bbox 387 1933 453 1963; x_wconf 86' lang='lat' dir='ltr'>aut</span> <span class='ocrx_word' id='word_1_221' title='bbox 470 1925 648 1975; x_wconf 89' lang='lat' dir='ltr'>accipiter</span> <span class='ocrx_word' id='word_1_222' title='bbox 667 1938 794 1973; x_wconf 91' lang='lat' dir='ltr'>avem,</span> <span class='ocrx_word' id='word_1_223' title='bbox 815 1925 928 1962; x_wconf 89' lang='lat' dir='ltr'>nimis</span> <span class='ocrx_word' id='word_1_224' title='bbox 949 1925 1158 1971; x_wconf 91' lang='lat' dir='ltr'>distantem,</span> <span class='ocrx_word' id='word_1_225' title='bbox 1175 1937 1254 1961; x_wconf 92' lang='lat' dir='ltr'>non</span> <span class='ocrx_word' id='word_1_226' title='bbox 1274 1931 1453 1961; x_wconf 90' lang='lat' dir='ltr'>movetur</span> 
     </span>
     <span class='ocr_line' id='line_1_40' title="bbox 388 1977 1452 2027; baseline -0.002 -12"><span class='ocrx_word' id='word_1_227' title='bbox 388 1979 438 2016; x_wconf 89' lang='lat' dir='ltr'>ad</span> <span class='ocrx_word' id='word_1_228' title='bbox 463 1978 599 2027; x_wconf 89' lang='lat' dir='ltr'>ipsam,</span> <span class='ocrx_word' id='word_1_229' title='bbox 629 1978 738 2026; x_wconf 88' lang='lat' dir='ltr'>quasi</span> <span class='ocrx_word' id='word_1_230' title='bbox 765 1990 843 2015; x_wconf 92' lang='lat' dir='ltr'>non</span> <span class='ocrx_word' id='word_1_231' title='bbox 872 1990 1030 2027; x_wconf 90' lang='lat' dir='ltr'>sperans</span> <span class='ocrx_word' id='word_1_232' title='bbox 1058 1990 1099 2014; x_wconf 91' lang='lat' dir='ltr'>se</span> <span class='ocrx_word' id='word_1_233' title='bbox 1129 1989 1214 2014; x_wconf 89' lang='lat' dir='ltr'>earn</span> <span class='ocrx_word' id='word_1_234' title='bbox 1238 1989 1352 2025; x_wconf 92' lang='lat' dir='ltr'>posse</span> <span class='ocrx_word' id='word_1_235' title='bbox 1373 1977 1452 2014; x_wconf 93' lang='lat' dir='ltr'>adi-</span> 
     </span>
     <span class='ocr_line' id='line_1_41' title="bbox 387 2030 1453 2080; baseline -0.002 -12"><span class='ocrx_word' id='word_1_236' title='bbox 387 2030 503 2080; x_wconf 86' lang='lat' dir='ltr'>pisci:</span> <span class='ocrx_word' id='word_1_237' title='bbox 532 2031 562 2068; x_wconf 92' lang='lat' dir='ltr'>si</span> <span class='ocrx_word' id='word_1_238' title='bbox 590 2039 718 2068; x_wconf 91' lang='lat' dir='ltr'>autem</span> <span class='ocrx_word' id='word_1_239' title='bbox 743 2031 787 2068; x_wconf 90' lang='lat' dir='ltr'>sit</span> <span class='ocrx_word' id='word_1_240' title='bbox 814 2031 853 2068; x_wconf 90' lang='lat' dir='ltr'>in</span> <span class='ocrx_word' id='word_1_241' title='bbox 881 2030 1112 2079; x_wconf 89' lang='lat' dir='ltr'>propinquo,</span> <span class='ocrx_word' id='word_1_242' title='bbox 1133 2037 1323 2076; x_wconf 92' lang='lat' dir='ltr'>movetur,</span> <span class='ocrx_word' id='word_1_243' title='bbox 1345 2030 1453 2078; x_wconf 88' lang='lat' dir='ltr'>quasi</span> 
     </span>
    </p>
   </div>
   <div class='ocr_carea' id='block_1_13' title="bbox 322 2082 1452 2186">
    <p class='ocr_par' dir='ltr' id='par_1_18' title="bbox 322 2082 1452 2186">
     <span class='ocr_line' id='line_1_42' title="bbox 354 2082 1452 2132; baseline -0.001 -12"><span class='ocrx_word' id='word_1_244' title='bbox 354 2098 360 2130; x_wconf 64' lang='grc' dir='ltr'><strong>ξ</strong></span> <span class='ocrx_word' id='word_1_245' title='bbox 388 2083 460 2120; x_wconf 91' lang='lat' dir='ltr'>sub</span> <span class='ocrx_word' id='word_1_246' title='bbox 480 2096 548 2132; x_wconf 92' lang='lat' dir='ltr'>spe</span> <span class='ocrx_word' id='word_1_247' title='bbox 572 2083 816 2132; x_wconf 90' lang='lat' dir='ltr'>adipiscendi.</span> <span class='ocrx_word' id='word_1_248' title='bbox 846 2084 897 2121; x_wconf 90' lang='lat' dir='ltr'>Ut</span> <span class='ocrx_word' id='word_1_249' title='bbox 917 2084 1019 2123; x_wconf 88' lang='lat' dir='ltr'>enim</span> <span class='ocrx_word' id='word_1_250' title='bbox 1039 2095 1154 2131; x_wconf 91' lang='lat' dir='ltr'>supra</span> <span class='ocrx_word' id='word_1_251' title='bbox 1172 2082 1192 2104; x_wconf 48' lang='grc' dir='ltr'>’Β</span> <span class='ocrx_word' id='word_1_252' title='bbox 1221 2082 1363 2119; x_wconf 91' lang='lat' dir='ltr'>dictum</span> <span class='ocrx_word' id='word_1_253' title='bbox 1385 2090 1452 2129; x_wconf 91' lang='lat' dir='ltr'>est,</span> 
     </span>
     <span class='ocr_line' id='line_1_43' title="bbox 322 2133 1451 2186; baseline -0.002 -13"><span class='ocrx_word' id='word_1_254' title='bbox 322 2159 328 2166; x_wconf 90' lang='lat'><strong>·</strong></span> <span class='ocrx_word' id='word_1_255' title='bbox 355 2133 361 2165; x_wconf 78' lang='grc' dir='ltr'><em>ἶ</em></span> <span class='ocrx_word' id='word_1_256' title='bbox 387 2136 576 2186; x_wconf 89' lang='lat' dir='ltr'>appetitus</span> <span class='ocrx_word' id='word_1_257' title='bbox 595 2136 795 2173; x_wconf 90' lang='lat' dir='ltr'>sensitivus</span> <span class='ocrx_word' id='word_1_258' title='bbox 816 2137 1017 2173; x_wconf 91' lang='lat' dir='ltr'>brutorum</span> <span class='ocrx_word' id='word_1_259' title='bbox 1038 2135 1270 2182; x_wconf 88' lang='lat' dir='ltr'>animalium,</span> <span class='ocrx_word' id='word_1_260' title='bbox 1287 2142 1324 2172; x_wconf 87' lang='lat' dir='ltr'>et</span> <span class='ocrx_word' id='word_1_261' title='bbox 1339 2135 1451 2172; x_wconf 91' lang='lat' dir='ltr'>etiam</span> 
     </span>
    </p>
   </div>
   <div class='ocr_carea' id='block_1_14' title="bbox 387 2188 1453 2238">
    <p class='ocr_par' dir='ltr' id='par_1_19' title="bbox 387 2188 1453 2238">
     <span class='ocr_line' id='line_1_44' title="bbox 387 2188 1453 2238; baseline -0.003 -12"><span class='ocrx_word' id='word_1_262' title='bbox 387 2189 576 2238; x_wconf 89' lang='lat' dir='ltr'>appetitus</span> <span class='ocrx_word' id='word_1_263' title='bbox 595 2189 772 2226; x_wconf 89' lang='lat' dir='ltr'>naturalis</span> <span class='ocrx_word' id='word_1_264' title='bbox 792 2201 919 2226; x_wconf 89' lang='lat' dir='ltr'>rerum</span> <span class='ocrx_word' id='word_1_265' title='bbox 939 2188 1227 2235; x_wconf 88' lang='lat' dir='ltr'>insensibilium,</span> <span class='ocrx_word' id='word_1_266' title='bbox 1243 2195 1453 2237; x_wconf 89' lang='lat' dir='ltr'>sequuntur</span> 
     </span>
    </p>
   </div>
   <div class='ocr_carea' id='block_1_15' title="bbox 440 2310 992 2379">
    <p class='ocr_par' dir='ltr' id='par_1_20' title="bbox 440 2310 992 2379">
     <span class='ocr_line' id='line_1_45' title="bbox 440 2310 978 2344; baseline 0 -9"><span class='ocrx_word' id='word_1_267' title='bbox 440 2311 468 2343; x_wconf 80' lang='grc' dir='ltr'>α)</span> <span class='ocrx_word' id='word_1_268' title='bbox 480 2313 620 2344; x_wconf 84' lang='lat' dir='ltr'>futurum.</span> <span class='ocrx_word' id='word_1_269' title='bbox 635 2324 654 2330; x_wconf 90' lang='lat'>-</span> <span class='ocrx_word' id='word_1_270' title='bbox 664 2311 764 2344; x_wconf 80' lang='lat' dir='ltr'>futura</span> <span class='ocrx_word' id='word_1_271' title='bbox 783 2311 829 2339; x_wconf 80' lang='lat' dir='ltr'>Pa,</span> <span class='ocrx_word' id='word_1_272' title='bbox 841 2311 926 2343; x_wconf 82' lang='lat' dir='ltr'>finem</span> <span class='ocrx_word' id='word_1_273' title='bbox 945 2310 978 2335; x_wconf 89' lang='lat' dir='ltr'>G.</span> 
     </span>
     <span class='ocr_line' id='line_1_46' title="bbox 441 2345 992 2379; baseline -0.002 -8"><span class='ocrx_word' id='word_1_274' title='bbox 441 2345 466 2379; x_wconf 82' lang='grc' dir='ltr'>β)</span> <span class='ocrx_word' id='word_1_275' title='bbox 486 2346 610 2378; x_wconf 76' lang='lat' dir='ltr'>quodam.</span> <span class='ocrx_word' id='word_1_276' title='bbox 628 2360 648 2365; x_wconf 83' lang='lat'>—</span> <span class='ocrx_word' id='word_1_277' title='bbox 665 2346 862 2378; x_wconf 78' lang='lat' dir='ltr'>quodammodo</span> <span class='ocrx_word' id='word_1_278' title='bbox 881 2346 992 2370; x_wconf 83' lang='lat' dir='ltr'>codices.</span> 
     </span>
    </p>
   </div>
   <div class='ocr_carea' id='block_1_16' title="bbox 1474 668 1483 2230">
    <p class='ocr_par' dir='ltr' id='par_1_21' title="bbox 1474 668 1483 2230">
     <span class='ocr_line' id='line_1_47' title="bbox 1474 668 1483 2230; baseline 0 0"><span class='ocrx_word' id='word_1_279' title='bbox 1474 668 1483 2230; x_wconf 95' lang='lat' dir='ltr'> </span> 
     </span>
    </p>
   </div>
   <div class='ocr_carea' id='block_1_17' title="bbox 1497 655 2572 2224">
    <p class='ocr_par' dir='ltr' id='par_1_22' title="bbox 1497 655 2566 1287">
     <span class='ocr_line' id='line_1_48' title="bbox 1500 655 2563 707; baseline -0.004 -12"><span class='ocrx_word' id='word_1_280' title='bbox 1500 657 1848 707; x_wconf 87' lang='lat' dir='ltr'>apprehensionem</span> <span class='ocrx_word' id='word_1_281' title='bbox 1877 656 2034 694; x_wconf 90' lang='lat' dir='ltr'>alicuius</span> <span class='ocrx_word' id='word_1_282' title='bbox 2061 655 2282 702; x_wconf 89' lang='lat' dir='ltr'>intellectus,</span> <span class='ocrx_word' id='word_1_283' title='bbox 2312 655 2407 692; x_wconf 91' lang='lat' dir='ltr'>sicut</span> <span class='ocrx_word' id='word_1_284' title='bbox 2435 663 2471 692; x_wconf 91' lang='lat' dir='ltr'>et</span> <span class='ocrx_word' id='word_1_285' title='bbox 2498 667 2563 704; x_wconf 90' lang='lat' dir='ltr'>ap-</span> 
     </span>
     <span class='ocr_line' id='line_1_49' title="bbox 1500 707 2562 760; baseline -0.004 -12"><span class='ocrx_word' id='word_1_286' title='bbox 1500 711 1639 760; x_wconf 90' lang='lat' dir='ltr'>petitus</span> <span class='ocrx_word' id='word_1_287' title='bbox 1655 718 1812 747; x_wconf 90' lang='lat' dir='ltr'>naturae</span> <span class='ocrx_word' id='word_1_288' title='bbox 1829 709 2089 756; x_wconf 90' lang='lat' dir='ltr'>intellectivae,</span> <span class='ocrx_word' id='word_1_289' title='bbox 2105 709 2171 759; x_wconf 91' lang='lat' dir='ltr'>qui</span> <span class='ocrx_word' id='word_1_290' title='bbox 2192 708 2327 746; x_wconf 91' lang='lat' dir='ltr'>dicitur</span> <span class='ocrx_word' id='word_1_291' title='bbox 2339 709 2517 746; x_wconf 90' lang='lat' dir='ltr'>voluntas</span> <span class='ocrx_word' id='word_1_292' title='bbox 2531 707 2562 744; x_wconf 67' lang='lat'>²¹⁶.</span> 
     </span>
     <span class='ocr_line' id='line_1_50' title="bbox 1503 762 2565 811; baseline -0.003 -11"><span class='ocrx_word' id='word_1_293' title='bbox 1503 764 1581 801; x_wconf 89' lang='lat' dir='ltr'>Sed</span> <span class='ocrx_word' id='word_1_294' title='bbox 1599 764 1638 800; x_wconf 94' lang='lat' dir='ltr'>in</span> <span class='ocrx_word' id='word_1_295' title='bbox 1655 764 1732 800; x_wconf 90' lang='lat' dir='ltr'>hoc</span> <span class='ocrx_word' id='word_1_296' title='bbox 1752 770 1808 800; x_wconf 91' lang='lat' dir='ltr'>est</span> <span class='ocrx_word' id='word_1_297' title='bbox 1827 762 2050 809; x_wconf 83' lang='lat' dir='ltr'>differentia,</span> <span class='ocrx_word' id='word_1_298' title='bbox 2068 762 2172 811; x_wconf 93' lang='lat' dir='ltr'>quod</span> <span class='ocrx_word' id='word_1_299' title='bbox 2191 762 2368 799; x_wconf 89' lang='lat' dir='ltr'>voluntas</span> <span class='ocrx_word' id='word_1_300' title='bbox 2387 768 2565 798; x_wconf 91' lang='lat' dir='ltr'>movetur</span> 
     </span>
     <span class='ocr_line' id='line_1_51' title="bbox 1503 814 2564 865; baseline -0.003 -12"><span class='ocrx_word' id='word_1_301' title='bbox 1503 829 1549 853; x_wconf 86' lang='lat' dir='ltr'>ex</span> <span class='ocrx_word' id='word_1_302' title='bbox 1569 816 1871 865; x_wconf 89' lang='lat' dir='ltr'>apprehensione</span> <span class='ocrx_word' id='word_1_303' title='bbox 1891 816 2100 852; x_wconf 91' lang='lat' dir='ltr'>intellectus</span> <span class='ocrx_word' id='word_1_304' title='bbox 2120 814 2328 852; x_wconf 89' lang='lat' dir='ltr'>coniuncti:</span> <span class='ocrx_word' id='word_1_305' title='bbox 2349 814 2417 851; x_wconf 90' lang='lat' dir='ltr'>sed</span> <span class='ocrx_word' id='word_1_306' title='bbox 2436 821 2564 851; x_wconf 90' lang='lat' dir='ltr'>motus</span> 
     </span>
     <span class='ocr_line' id='line_1_52' title="bbox 1503 867 2564 918; baseline -0.002 -13"><span class='ocrx_word' id='word_1_307' title='bbox 1503 869 1691 918; x_wconf 90' lang='lat' dir='ltr'>appetitus</span> <span class='ocrx_word' id='word_1_308' title='bbox 1710 869 1888 905; x_wconf 91' lang='lat' dir='ltr'>naturalis</span> <span class='ocrx_word' id='word_1_309' title='bbox 1907 868 2077 917; x_wconf 90' lang='lat' dir='ltr'>sequitur</span> <span class='ocrx_word' id='word_1_310' title='bbox 2096 867 2440 917; x_wconf 87' lang='lat' dir='ltr'>apprehensionem</span> <span class='ocrx_word' id='word_1_311' title='bbox 2461 867 2564 904; x_wconf 88' lang='lat' dir='ltr'>intel-</span> 
     </span>
     <span class='ocr_line' id='line_1_53' title="bbox 1503 920 2566 970; baseline -0.002 -12"><span class='ocrx_word' id='word_1_312' title='bbox 1503 923 1620 958; x_wconf 89' lang='lat' dir='ltr'>lectus</span> <span class='ocrx_word' id='word_1_313' title='bbox 1643 922 1818 970; x_wconf 90' lang='lat' dir='ltr'>separati,</span> <span class='ocrx_word' id='word_1_314' title='bbox 1849 921 1914 969; x_wconf 90' lang='lat' dir='ltr'>qui</span> <span class='ocrx_word' id='word_1_315' title='bbox 1942 928 2115 959; x_wconf 90' lang='lat' dir='ltr'>naturam</span> <span class='ocrx_word' id='word_1_316' title='bbox 2140 921 2313 966; x_wconf 88' lang='lat' dir='ltr'>instituit;</span> <span class='ocrx_word' id='word_1_317' title='bbox 2343 928 2380 957; x_wconf 90' lang='lat' dir='ltr'>et</span> <span class='ocrx_word' id='word_1_318' title='bbox 2397 920 2566 957; x_wconf 89' lang='lat' dir='ltr'>similiter</span> 
     </span>
     <span class='ocr_line' id='line_1_54' title="bbox 1497 973 2565 1023; baseline -0.001 -12"><span class='ocrx_word' id='word_1_319' title='bbox 1497 974 1690 1023; x_wconf 83' lang='lat' dir='ltr'>,appetitus</span> <span class='ocrx_word' id='word_1_320' title='bbox 1725 974 1926 1011; x_wconf 90' lang='lat' dir='ltr'>sensitivus</span> <span class='ocrx_word' id='word_1_321' title='bbox 1959 974 2160 1011; x_wconf 90' lang='lat' dir='ltr'>brutorum</span> <span class='ocrx_word' id='word_1_322' title='bbox 2194 973 2436 1019; x_wconf 92' lang='lat' dir='ltr'>animalium,</span> <span class='ocrx_word' id='word_1_323' title='bbox 2466 985 2565 1022; x_wconf 86' lang='lat' dir='ltr'>quae</span> 
     </span>
     <span class='ocr_line' id='line_1_55' title="bbox 1505 1025 2566 1076; baseline -0.002 -12"><span class='ocrx_word' id='word_1_324' title='bbox 1505 1027 1619 1064; x_wconf 88' lang='lat' dir='ltr'>etiarn</span> <span class='ocrx_word' id='word_1_325' title='bbox 1640 1028 1810 1076; x_wconf 88' lang='lat' dir='ltr'>quodam</span> <span class='ocrx_word' id='word_1_326' title='bbox 1827 1025 1841 1056; x_wconf 75' lang='grc' dir='ltr'><strong>β</strong></span> <span class='ocrx_word' id='word_1_327' title='bbox 1860 1027 2037 1064; x_wconf 91' lang='lat' dir='ltr'>instinctu</span> <span class='ocrx_word' id='word_1_328' title='bbox 2056 1026 2216 1063; x_wconf 90' lang='lat' dir='ltr'>naturali</span> <span class='ocrx_word' id='word_1_329' title='bbox 2241 1034 2367 1075; x_wconf 87' lang='lat' dir='ltr'>agunt.</span> <span class='ocrx_word' id='word_1_330' title='bbox 2397 1026 2508 1063; x_wconf 92' lang='lat' dir='ltr'>Unde</span> <span class='ocrx_word' id='word_1_331' title='bbox 2528 1026 2566 1062; x_wconf 94' lang='lat' dir='ltr'>in</span> 
     </span>
     <span class='ocr_line' id='line_1_56' title="bbox 1505 1079 2566 1129; baseline 0 -13"><span class='ocrx_word' id='word_1_332' title='bbox 1505 1080 1685 1129; x_wconf 87' lang='lat' dir='ltr'>operibus</span> <span class='ocrx_word' id='word_1_333' title='bbox 1713 1081 1913 1117; x_wconf 90' lang='lat' dir='ltr'>brutorum</span> <span class='ocrx_word' id='word_1_334' title='bbox 1941 1079 2174 1127; x_wconf 92' lang='lat' dir='ltr'>animalium,</span> <span class='ocrx_word' id='word_1_335' title='bbox 2205 1087 2240 1116; x_wconf 91' lang='lat' dir='ltr'>et</span> <span class='ocrx_word' id='word_1_336' title='bbox 2259 1079 2416 1116; x_wconf 88' lang='lat' dir='ltr'>aliarum</span> <span class='ocrx_word' id='word_1_337' title='bbox 2437 1091 2566 1116; x_wconf 91' lang='lat' dir='ltr'>rerum</span> 
     </span>
     <span class='ocr_line' id='line_1_57' title="bbox 1505 1132 2566 1182; baseline -0.001 -12"><span class='ocrx_word' id='word_1_338' title='bbox 1505 1133 1743 1180; x_wconf 78' lang='lat' dir='ltr'>naturalium,</span> <span class='ocrx_word' id='word_1_339' title='bbox 1769 1140 1927 1182; x_wconf 89' lang='lat' dir='ltr'>apparet</span> <span class='ocrx_word' id='word_1_340' title='bbox 1954 1132 2083 1169; x_wconf 90' lang='lat' dir='ltr'>similis</span> <span class='ocrx_word' id='word_1_341' title='bbox 2110 1145 2313 1182; x_wconf 89' lang='lat' dir='ltr'>processus</span> <span class='ocrx_word' id='word_1_342' title='bbox 2340 1132 2436 1169; x_wconf 91' lang='lat' dir='ltr'>sicut</span> <span class='ocrx_word' id='word_1_343' title='bbox 2465 1139 2501 1169; x_wconf 89' lang='lat' dir='ltr'>et</span> <span class='ocrx_word' id='word_1_344' title='bbox 2527 1132 2566 1168; x_wconf 90' lang='lat' dir='ltr'>in</span> 
     </span>
     <span class='ocr_line' id='line_1_58' title="bbox 1505 1185 2566 1235; baseline -0.001 -12"><span class='ocrx_word' id='word_1_345' title='bbox 1505 1186 1686 1235; x_wconf 90' lang='lat' dir='ltr'>operibus</span> <span class='ocrx_word' id='word_1_346' title='bbox 1705 1186 1804 1223; x_wconf 90' lang='lat' dir='ltr'>artis.</span> <span class='ocrx_word' id='word_1_347' title='bbox 1826 1186 1876 1222; x_wconf 93' lang='lat' dir='ltr'>Et</span> <span class='ocrx_word' id='word_1_348' title='bbox 1893 1198 1963 1234; x_wconf 92' lang='lat' dir='ltr'>per</span> <span class='ocrx_word' id='word_1_349' title='bbox 1980 1186 2083 1222; x_wconf 91' lang='lat' dir='ltr'>hunc</span> <span class='ocrx_word' id='word_1_350' title='bbox 2101 1185 2264 1222; x_wconf 89' lang='lat' dir='ltr'>modum</span> <span class='ocrx_word' id='word_1_351' title='bbox 2282 1185 2320 1222; x_wconf 92' lang='lat' dir='ltr'>in</span> <span class='ocrx_word' id='word_1_352' title='bbox 2341 1185 2566 1222; x_wconf 89' lang='lat' dir='ltr'>animalibus</span> 
     </span>
     <span class='ocr_line' id='line_1_59' title="bbox 1505 1238 2407 1287; baseline -0.002 -12"><span class='ocrx_word' id='word_1_353' title='bbox 1505 1239 1623 1276; x_wconf 86' lang='lat' dir='ltr'>brutis</span> <span class='ocrx_word' id='word_1_354' title='bbox 1653 1246 1708 1275; x_wconf 91' lang='lat' dir='ltr'>est</span> <span class='ocrx_word' id='word_1_355' title='bbox 1735 1251 1823 1287; x_wconf 90' lang='lat' dir='ltr'>spes</span> <span class='ocrx_word' id='word_1_356' title='bbox 1852 1246 1888 1275; x_wconf 90' lang='lat' dir='ltr'>et</span> <span class='ocrx_word' id='word_1_357' title='bbox 1916 1238 2142 1287; x_wconf 90' lang='lat' dir='ltr'>desperatio.</span> <span class='ocrx_word' id='word_1_358' title='bbox 2402 1263 2407 1267; x_wconf 85' lang='lat'>-</span> 
     </span>
    </p>

    <p class='ocr_par' dir='ltr' id='par_1_23' title="bbox 1505 1290 2568 1602">
     <span class='ocr_line' id='line_1_60' title="bbox 1558 1290 2568 1339; baseline -0.002 -11"><span class='ocrx_word' id='word_1_359' title='bbox 1558 1294 1616 1328; x_wconf 83' lang='lat' dir='ltr'>AD</span> <span class='ocrx_word' id='word_1_360' title='bbox 1646 1303 1783 1328; x_wconf 84' lang='lat' dir='ltr'>PRIMUM</span> <span class='ocrx_word' id='word_1_361' title='bbox 1802 1303 1900 1328; x_wconf 84' lang='lat' dir='ltr'>ERGO</span> <span class='ocrx_word' id='word_1_362' title='bbox 1919 1303 2104 1328; x_wconf 62' lang='lat' dir='ltr'>meam-,vum</span> <span class='ocrx_word' id='word_1_363' title='bbox 2124 1290 2241 1339; x_wconf 90' lang='lat' dir='ltr'>quod,</span> <span class='ocrx_word' id='word_1_364' title='bbox 2262 1290 2438 1339; x_wconf 88' lang='lat' dir='ltr'>quamvis</span> <span class='ocrx_word' id='word_1_365' title='bbox 2458 1291 2568 1327; x_wconf 92' lang='lat' dir='ltr'>bruta</span> 
     </span>
     <span class='ocr_line' id='line_1_61' title="bbox 1506 1343 2568 1392; baseline -0.001 -12"><span class='ocrx_word' id='word_1_366' title='bbox 1506 1344 1684 1380; x_wconf 89' lang='lat' dir='ltr'>animalia</span> <span class='ocrx_word' id='word_1_367' title='bbox 1711 1356 1791 1381; x_wconf 91' lang='lat' dir='ltr'>non</span> <span class='ocrx_word' id='word_1_368' title='bbox 1819 1351 2051 1392; x_wconf 88' lang='lat' dir='ltr'>cognoscant</span> <span class='ocrx_word' id='word_1_369' title='bbox 2071 1344 2253 1390; x_wconf 86' lang='lat' dir='ltr'>futurum,</span> <span class='ocrx_word' id='word_1_370' title='bbox 2282 1351 2412 1380; x_wconf 91' lang='lat' dir='ltr'>tamen</span> <span class='ocrx_word' id='word_1_371' title='bbox 2441 1355 2486 1379; x_wconf 86' lang='lat' dir='ltr'>ex</span> <span class='ocrx_word' id='word_1_372' title='bbox 2513 1343 2568 1380; x_wconf 89' lang='lat' dir='ltr'>in-</span> 
     </span>
     <span class='ocr_line' id='line_1_62' title="bbox 1505 1395 2568 1444; baseline 0 -12"><span class='ocrx_word' id='word_1_373' title='bbox 1505 1396 1641 1433; x_wconf 91' lang='lat' dir='ltr'>stinctu</span> <span class='ocrx_word' id='word_1_374' title='bbox 1674 1396 1833 1433; x_wconf 92' lang='lat' dir='ltr'>naturali</span> <span class='ocrx_word' id='word_1_375' title='bbox 1865 1404 2045 1434; x_wconf 90' lang='lat' dir='ltr'>movetur</span> <span class='ocrx_word' id='word_1_376' title='bbox 2081 1396 2219 1433; x_wconf 89' lang='lat' dir='ltr'>animal</span> <span class='ocrx_word' id='word_1_377' title='bbox 2247 1395 2294 1433; x_wconf 89' lang='lat' dir='ltr'>ad</span> <span class='ocrx_word' id='word_1_378' title='bbox 2322 1396 2463 1444; x_wconf 91' lang='lat' dir='ltr'>aliquid</span> <span class='ocrx_word' id='word_1_379' title='bbox 2486 1401 2502 1424; x_wconf 78' lang='grc' dir='ltr'><strong>Υ</strong></span> <span class='ocrx_word' id='word_1_380' title='bbox 2529 1395 2568 1432; x_wconf 90' lang='lat' dir='ltr'>in</span> 
     </span>
     <span class='ocr_line' id='line_1_63' title="bbox 1505 1449 2568 1497; baseline 0.001 -12"><span class='ocrx_word' id='word_1_381' title='bbox 1505 1449 1694 1495; x_wconf 86' lang='lat' dir='ltr'>futurum,</span> <span class='ocrx_word' id='word_1_382' title='bbox 1725 1461 1769 1485; x_wconf 91' lang='lat' dir='ltr'>ac</span> <span class='ocrx_word' id='word_1_383' title='bbox 1798 1449 1828 1485; x_wconf 93' lang='lat' dir='ltr'>si</span> <span class='ocrx_word' id='word_1_384' title='bbox 1856 1450 2026 1487; x_wconf 88' lang='lat' dir='ltr'>futurum</span> <span class='ocrx_word' id='word_1_385' title='bbox 2053 1449 2305 1497; x_wconf 89' lang='lat' dir='ltr'>praevideret.</span> <span class='ocrx_word' id='word_1_386' title='bbox 2336 1449 2568 1486; x_wconf 89' lang='lat' dir='ltr'>Huiusmodi</span> 
     </span>
     <span class='ocr_line' id='line_1_64' title="bbox 1507 1501 2567 1540; baseline 0.001 -3"><span class='ocrx_word' id='word_1_387' title='bbox 1507 1501 1608 1538; x_wconf 92' lang='lat' dir='ltr'>enim</span> <span class='ocrx_word' id='word_1_388' title='bbox 1636 1501 1832 1538; x_wconf 90' lang='lat' dir='ltr'>instinctus</span> <span class='ocrx_word' id='word_1_389' title='bbox 1853 1510 1908 1538; x_wconf 92' lang='lat' dir='ltr'>est</span> <span class='ocrx_word' id='word_1_390' title='bbox 1927 1502 1981 1539; x_wconf 91' lang='lat' dir='ltr'>eis</span> <span class='ocrx_word' id='word_1_391' title='bbox 1999 1502 2140 1539; x_wconf 89' lang='lat' dir='ltr'>inditus</span> <span class='ocrx_word' id='word_1_392' title='bbox 2159 1502 2208 1539; x_wconf 88' lang='lat' dir='ltr'>ab</span> <span class='ocrx_word' id='word_1_393' title='bbox 2227 1502 2418 1539; x_wconf 89' lang='lat' dir='ltr'>intellectu</span> <span class='ocrx_word' id='word_1_394' title='bbox 2438 1501 2567 1540; x_wconf 91' lang='lat' dir='ltr'>divino</span> 
     </span>
     <span class='ocr_line' id='line_1_65' title="bbox 1505 1553 1916 1602; baseline 0.002 -12"><span class='ocrx_word' id='word_1_395' title='bbox 1505 1553 1751 1602; x_wconf 85' lang='lat' dir='ltr'>praevidente</span> <span class='ocrx_word' id='word_1_396' title='bbox 1780 1555 1916 1591; x_wconf 87' lang='lat' dir='ltr'>futura.</span> 
     </span>
    </p>

    <p class='ocr_par' dir='ltr' id='par_1_24' title="bbox 1506 1607 2572 1972">
     <span class='ocr_line' id='line_1_66' title="bbox 1558 1607 2570 1656; baseline 0 -13"><span class='ocrx_word' id='word_1_397' title='bbox 1558 1608 1617 1643; x_wconf 82' lang='lat' dir='ltr'>An</span> <span class='ocrx_word' id='word_1_398' title='bbox 1637 1618 1827 1643; x_wconf 78' lang='lat' dir='ltr'><strong>SECUNDUM</strong></span> <span class='ocrx_word' id='word_1_399' title='bbox 1846 1618 2031 1644; x_wconf 80' lang='lat' dir='ltr'>mCENDuM</span> <span class='ocrx_word' id='word_1_400' title='bbox 2051 1607 2156 1654; x_wconf 93' lang='lat' dir='ltr'>quod</span> <span class='ocrx_word' id='word_1_401' title='bbox 2177 1607 2369 1643; x_wconf 92' lang='lat' dir='ltr'>obiectum</span> <span class='ocrx_word' id='word_1_402' title='bbox 2389 1607 2470 1656; x_wconf 88' lang='lat' dir='ltr'>spei</span> <span class='ocrx_word' id='word_1_403' title='bbox 2490 1619 2570 1644; x_wconf 91' lang='lat' dir='ltr'>non</span> 
     </span>
     <span class='ocr_line' id='line_1_67' title="bbox 1506 1659 2568 1708; baseline 0 -12"><span class='ocrx_word' id='word_1_404' title='bbox 1506 1666 1562 1696; x_wconf 90' lang='lat' dir='ltr'>est</span> <span class='ocrx_word' id='word_1_405' title='bbox 1589 1659 1781 1708; x_wconf 91' lang='lat' dir='ltr'>possibile,</span> <span class='ocrx_word' id='word_1_406' title='bbox 1811 1667 1924 1708; x_wconf 92' lang='lat' dir='ltr'>prout</span> <span class='ocrx_word' id='word_1_407' title='bbox 1949 1666 2003 1696; x_wconf 92' lang='lat' dir='ltr'>est</span> <span class='ocrx_word' id='word_1_408' title='bbox 2022 1660 2215 1707; x_wconf 91' lang='lat' dir='ltr'>quaedam</span> <span class='ocrx_word' id='word_1_409' title='bbox 2237 1659 2448 1697; x_wconf 90' lang='lat' dir='ltr'>differentia</span> <span class='ocrx_word' id='word_1_410' title='bbox 2465 1660 2568 1697; x_wconf 89' lang='lat' dir='ltr'>veri:</span> 
     </span>
     <span class='ocr_line' id='line_1_68' title="bbox 1506 1712 2571 1761; baseline 0.001 -13"><span class='ocrx_word' id='word_1_411' title='bbox 1506 1712 1560 1749; x_wconf 89' lang='lat' dir='ltr'>sic</span> <span class='ocrx_word' id='word_1_412' title='bbox 1589 1712 1692 1749; x_wconf 89' lang='lat' dir='ltr'>enim</span> <span class='ocrx_word' id='word_1_413' title='bbox 1722 1712 1965 1761; x_wconf 92' lang='lat' dir='ltr'>consequitur</span> <span class='ocrx_word' id='word_1_414' title='bbox 1998 1712 2260 1749; x_wconf 90' lang='lat' dir='ltr'>habitudinem</span> <span class='ocrx_word' id='word_1_415' title='bbox 2287 1713 2494 1761; x_wconf 90' lang='lat' dir='ltr'>praedicati</span> <span class='ocrx_word' id='word_1_416' title='bbox 2522 1713 2571 1750; x_wconf 92' lang='lat' dir='ltr'>ad</span> 
     </span>
     <span class='ocr_line' id='line_1_69' title="bbox 1506 1764 2571 1814; baseline 0.001 -13"><span class='ocrx_word' id='word_1_417' title='bbox 1506 1765 1734 1802; x_wconf 88' lang='lat' dir='ltr'>subiectum.</span> <span class='ocrx_word' id='word_1_418' title='bbox 1761 1764 1838 1802; x_wconf 91' lang='lat' dir='ltr'>Sed</span> <span class='ocrx_word' id='word_1_419' title='bbox 1867 1765 2061 1802; x_wconf 91' lang='lat' dir='ltr'>obiectum</span> <span class='ocrx_word' id='word_1_420' title='bbox 2090 1765 2170 1814; x_wconf 91' lang='lat' dir='ltr'>spei</span> <span class='ocrx_word' id='word_1_421' title='bbox 2194 1773 2249 1802; x_wconf 89' lang='lat' dir='ltr'>est</span> <span class='ocrx_word' id='word_1_422' title='bbox 2267 1765 2446 1814; x_wconf 89' lang='lat' dir='ltr'>possibile</span> <span class='ocrx_word' id='word_1_423' title='bbox 2467 1765 2571 1814; x_wconf 92' lang='lat' dir='ltr'>quod</span> 
     </span>
     <span class='ocr_line' id='line_1_70' title="bbox 1506 1817 2570 1867; baseline 0 -12"><span class='ocrx_word' id='word_1_424' title='bbox 1506 1817 1642 1856; x_wconf 91' lang='lat' dir='ltr'>dicitur</span> <span class='ocrx_word' id='word_1_425' title='bbox 1673 1818 1887 1855; x_wconf 92' lang='lat' dir='ltr'>secundum</span> <span class='ocrx_word' id='word_1_426' title='bbox 1920 1818 2087 1867; x_wconf 90' lang='lat' dir='ltr'>aliquam</span> <span class='ocrx_word' id='word_1_427' title='bbox 2120 1818 2341 1867; x_wconf 89' lang='lat' dir='ltr'>potentiam.</span> <span class='ocrx_word' id='word_1_428' title='bbox 2376 1818 2439 1856; x_wconf 91' lang='lat' dir='ltr'>Sic</span> <span class='ocrx_word' id='word_1_429' title='bbox 2468 1818 2570 1855; x_wconf 91' lang='lat' dir='ltr'>enim</span> 
     </span>
     <span class='ocr_line' id='line_1_71' title="bbox 1506 1870 2572 1920; baseline 0.001 -13"><span class='ocrx_word' id='word_1_430' title='bbox 1506 1870 1743 1918; x_wconf 90' lang='lat' dir='ltr'>distinguitur</span> <span class='ocrx_word' id='word_1_431' title='bbox 1778 1871 1960 1919; x_wconf 91' lang='lat' dir='ltr'>possibile</span> <span class='ocrx_word' id='word_1_432' title='bbox 1993 1871 2031 1908; x_wconf 93' lang='lat' dir='ltr'>in</span> <span class='ocrx_word' id='word_1_433' title='bbox 2060 1871 2094 1908; x_wconf 94' lang='lat' dir='ltr'><strong>V</strong></span> <span class='ocrx_word' id='word_1_434' title='bbox 2121 1872 2338 1920; x_wconf 81' lang='lat' dir='ltr'>Metaphys.</span> <span class='ocrx_word' id='word_1_435' title='bbox 2363 1871 2404 1908; x_wconf 76' lang='grc' dir='ltr'>*τ</span> <span class='ocrx_word' id='word_1_436' title='bbox 2433 1872 2572 1908; x_wconf 91' lang='lat' dir='ltr'>scilicet</span> 
     </span>
     <span class='ocr_line' id='line_1_72' title="bbox 1506 1923 2103 1972; baseline 0 -12"><span class='ocrx_word' id='word_1_437' title='bbox 1506 1923 1544 1960; x_wconf 92' lang='lat' dir='ltr'>in</span> <span class='ocrx_word' id='word_1_438' title='bbox 1573 1924 1650 1961; x_wconf 91' lang='lat' dir='ltr'>duo</span> <span class='ocrx_word' id='word_1_439' title='bbox 1678 1924 1873 1972; x_wconf 91' lang='lat' dir='ltr'>possibilia</span> <span class='ocrx_word' id='word_1_440' title='bbox 1899 1924 2103 1972; x_wconf 91' lang='lat' dir='ltr'>praedicta.</span> 
     </span>
    </p>

    <p class='ocr_par' dir='ltr' id='par_1_25' title="bbox 1505 1977 2571 2224">
     <span class='ocr_line' id='line_1_73' title="bbox 1559 1977 2571 2025; baseline 0.001 -12"><span class='ocrx_word' id='word_1_441' title='bbox 1559 1978 1619 2014; x_wconf 84' lang='lat' dir='ltr'>AD</span> <span class='ocrx_word' id='word_1_442' title='bbox 1647 1988 1807 2014; x_wconf 66' lang='lat' dir='ltr'>”reanum</span> <span class='ocrx_word' id='word_1_443' title='bbox 1835 1989 2020 2014; x_wconf 78' lang='lat' dir='ltr'>DlCENDUM</span> <span class='ocrx_word' id='word_1_444' title='bbox 2048 1977 2171 2025; x_wconf 91' lang='lat' dir='ltr'>quod,</span> <span class='ocrx_word' id='word_1_445' title='bbox 2201 1977 2286 2014; x_wconf 89' lang='lat' dir='ltr'>licet</span> <span class='ocrx_word' id='word_1_446' title='bbox 2313 1977 2351 2014; x_wconf 93' lang='lat' dir='ltr'>id</span> <span class='ocrx_word' id='word_1_447' title='bbox 2380 1978 2486 2024; x_wconf 92' lang='lat' dir='ltr'>quod</span> <span class='ocrx_word' id='word_1_448' title='bbox 2515 1984 2571 2014; x_wconf 90' lang='lat' dir='ltr'>est</span> 
     </span>
     <span class='ocr_line' id='line_1_74' title="bbox 1506 2029 2570 2079; baseline 0.001 -13"><span class='ocrx_word' id='word_1_449' title='bbox 1506 2030 1687 2076; x_wconf 87' lang='lat' dir='ltr'>futurum,</span> <span class='ocrx_word' id='word_1_450' title='bbox 1708 2041 1787 2066; x_wconf 91' lang='lat' dir='ltr'>non</span> <span class='ocrx_word' id='word_1_451' title='bbox 1817 2029 1927 2066; x_wconf 91' lang='lat' dir='ltr'>cadat</span> <span class='ocrx_word' id='word_1_452' title='bbox 1946 2030 2016 2066; x_wconf 90' lang='lat' dir='ltr'>sub</span> <span class='ocrx_word' id='word_1_453' title='bbox 2045 2029 2152 2076; x_wconf 90' lang='lat' dir='ltr'>visu;</span> <span class='ocrx_word' id='word_1_454' title='bbox 2181 2037 2310 2067; x_wconf 89' lang='lat' dir='ltr'>tamen</span> <span class='ocrx_word' id='word_1_455' title='bbox 2331 2042 2375 2067; x_wconf 88' lang='lat' dir='ltr'>ex</span> <span class='ocrx_word' id='word_1_456' title='bbox 2393 2030 2570 2079; x_wconf 85' lang='lat' dir='ltr'>hisquae</span> 
     </span>
     <span class='ocr_line' id='line_1_75' title="bbox 1505 2082 2570 2132; baseline 0.002 -14"><span class='ocrx_word' id='word_1_457' title='bbox 1505 2082 1609 2119; x_wconf 91' lang='lat' dir='ltr'>videt</span> <span class='ocrx_word' id='word_1_458' title='bbox 1637 2082 1778 2119; x_wconf 91' lang='lat' dir='ltr'>animal</span> <span class='ocrx_word' id='word_1_459' title='bbox 1805 2082 1844 2119; x_wconf 91' lang='lat' dir='ltr'>in</span> <span class='ocrx_word' id='word_1_460' title='bbox 1862 2082 2063 2130; x_wconf 89' lang='lat' dir='ltr'>praesenti,</span> <span class='ocrx_word' id='word_1_461' title='bbox 2084 2091 2263 2120; x_wconf 90' lang='lat' dir='ltr'>movetur</span> <span class='ocrx_word' id='word_1_462' title='bbox 2282 2083 2362 2119; x_wconf 89' lang='lat' dir='ltr'>eius</span> <span class='ocrx_word' id='word_1_463' title='bbox 2381 2083 2570 2132; x_wconf 89' lang='lat' dir='ltr'>appetitus</span> 
     </span>
     <span class='ocr_line' id='line_1_76' title="bbox 1506 2135 2570 2185; baseline 0.001 -14"><span class='ocrx_word' id='word_1_464' title='bbox 1506 2135 1545 2172; x_wconf 90' lang='lat' dir='ltr'>in</span> <span class='ocrx_word' id='word_1_465' title='bbox 1573 2135 1728 2184; x_wconf 89' lang='lat' dir='ltr'>aliquod</span> <span class='ocrx_word' id='word_1_466' title='bbox 1765 2135 1934 2172; x_wconf 86' lang='lat' dir='ltr'>futurum</span> <span class='ocrx_word' id='word_1_467' title='bbox 1969 2136 2031 2172; x_wconf 93' lang='lat' dir='ltr'>vel</span> <span class='ocrx_word' id='word_1_468' title='bbox 2068 2137 2382 2185; x_wconf 90' lang='lat' dir='ltr'>prosequendum</span> <span class='ocrx_word' id='word_1_469' title='bbox 2415 2137 2477 2174; x_wconf 92' lang='lat' dir='ltr'>vel</span> <span class='ocrx_word' id='word_1_470' title='bbox 2513 2136 2570 2173; x_wconf 91' lang='lat' dir='ltr'>vi-</span> 
     </span>
     <span class='ocr_line' id='line_1_77' title="bbox 1506 2188 1676 2224; baseline 0 0"><span class='ocrx_word' id='word_1_471' title='bbox 1506 2188 1676 2224; x_wconf 89' lang='lat' dir='ltr'>tandum.</span> 
     </span>
    </p>
   </div>
   <div class='ocr_carea' id='block_1_18' title="bbox 1502 2309 2568 2376">
    <p class='ocr_par' dir='ltr' id='par_1_26' title="bbox 1502 2309 2568 2376">
     <span class='ocr_line' id='line_1_78' title="bbox 1555 2309 2568 2343; baseline 0.004 -10"><span class='ocrx_word' id='word_1_472' title='bbox 1555 2310 1582 2342; x_wconf 88' lang='grc' dir='ltr'>γ)</span> <span class='ocrx_word' id='word_1_473' title='bbox 1600 2309 1638 2334; x_wconf 83' lang='lat' dir='ltr'>ad</span> <span class='ocrx_word' id='word_1_474' title='bbox 1655 2309 1767 2341; x_wconf 79' lang='lat' dir='ltr'>aliquid.</span> <span class='ocrx_word' id='word_1_475' title='bbox 1785 2322 1803 2328; x_wconf 85' lang='lat'>—-</span> <span class='ocrx_word' id='word_1_476' title='bbox 1823 2309 1884 2334; x_wconf 87' lang='lat' dir='ltr'>Om.</span> <span class='ocrx_word' id='word_1_477' title='bbox 1903 2309 1933 2334; x_wconf 85' lang='grc' dir='ltr'>Ε.</span> <span class='ocrx_word' id='word_1_478' title='bbox 1951 2323 1970 2327; x_wconf 97' lang='grc'>-</span> <span class='ocrx_word' id='word_1_479' title='bbox 1989 2309 2014 2334; x_wconf 77' lang='lat' dir='ltr'>in</span> <span class='ocrx_word' id='word_1_480' title='bbox 2034 2317 2087 2334; x_wconf 90' lang='lat' dir='ltr'>om.</span> <span class='ocrx_word' id='word_1_481' title='bbox 2107 2310 2140 2341; x_wconf 82' lang='lat' dir='ltr'>F;</span> <span class='ocrx_word' id='word_1_482' title='bbox 2159 2318 2207 2342; x_wconf 89' lang='lat' dir='ltr'>pro</span> <span class='ocrx_word' id='word_1_483' title='bbox 2221 2311 2410 2341; x_wconf 76' lang='lat' dir='ltr'>praevideret,</span> <span class='ocrx_word' id='word_1_484' title='bbox 2425 2313 2568 2343; x_wconf 82' lang='lat' dir='ltr'>praevide-</span> 
     </span>
     <span class='ocr_line' id='line_1_79' title="bbox 1502 2344 2020 2376; baseline -0.002 -7"><span class='ocrx_word' id='word_1_485' title='bbox 1502 2347 1563 2369; x_wconf 84' lang='lat' dir='ltr'>rent</span> <span class='ocrx_word' id='word_1_486' title='bbox 1581 2344 1780 2376; x_wconf 86' lang='lat' dir='ltr'>BCDFGHIpA‚</span> <span class='ocrx_word' id='word_1_487' title='bbox 1794 2344 1972 2376; x_wconf 80' lang='lat' dir='ltr'>praevidetur</span> <span class='ocrx_word' id='word_1_488' title='bbox 1990 2345 2020 2369; x_wconf 89' lang='lat' dir='ltr'>E.</span> 
     </span>
    </p>
   </div>
   <div class='ocr_carea' id='block_1_19' title="bbox 1063 2403 1894 2456">
    <p class='ocr_par' dir='ltr' id='par_1_27' title="bbox 1063 2403 1894 2456">
     <span class='ocr_line' id='line_1_80' title="bbox 1063 2403 1894 2456; baseline -0.002 0"><span class='ocrx_word' id='word_1_489' title='bbox 1063 2403 1395 2456; x_wconf 58' lang='lat' dir='ltr'>Commeat-aria</span> <span class='ocrx_word' id='word_1_490' title='bbox 1418 2422 1670 2456; x_wconf 67' lang='lat' dir='ltr'>Garamans</span> <span class='ocrx_word' id='word_1_491' title='bbox 1693 2422 1894 2456; x_wconf 76' lang='lat' dir='ltr'>Caietam</span> 
     </span>
    </p>
   </div>
   <div class='ocr_carea' id='block_1_20' title="bbox 416 2511 1452 2548">
    <p class='ocr_par' dir='ltr' id='par_1_28' title="bbox 416 2511 1452 2548">
     <span class='ocr_line' id='line_1_81' title="bbox 416 2511 1452 2548; baseline -0.001 -5"><span class='ocrx_word' id='word_1_492' title='bbox 416 2522 438 2542; x_wconf 73' lang='lat' dir='ltr'>N</span> <span class='ocrx_word' id='word_1_493' title='bbox 460 2511 593 2543; x_wconf 88' lang='lat' dir='ltr'>articulo</span> <span class='ocrx_word' id='word_1_494' title='bbox 616 2511 719 2548; x_wconf 89' lang='lat' dir='ltr'>tertio,</span> <span class='ocrx_word' id='word_1_495' title='bbox 737 2511 857 2542; x_wconf 90' lang='lat' dir='ltr'>omisso</span> <span class='ocrx_word' id='word_1_496' title='bbox 877 2512 1028 2548; x_wconf 90' lang='lat' dir='ltr'>secundo,</span> <span class='ocrx_word' id='word_1_497' title='bbox 1046 2512 1181 2542; x_wconf 89' lang='lat' dir='ltr'>dubium</span> <span class='ocrx_word' id='word_1_498' title='bbox 1196 2511 1331 2542; x_wconf 90' lang='lat' dir='ltr'>occurrit</span> <span class='ocrx_word' id='word_1_499' title='bbox 1355 2512 1394 2541; x_wconf 89' lang='lat' dir='ltr'>de</span> <span class='ocrx_word' id='word_1_500' title='bbox 1413 2522 1452 2542; x_wconf 91' lang='lat' dir='ltr'>eo</span> 
     </span>
    </p>
   </div>
   <div class='ocr_carea' id='block_1_21' title="bbox 148 2524 1451 2597">
    <p class='ocr_par' dir='ltr' id='par_1_29' title="bbox 148 2524 1451 2597">
     <span class='ocr_line' id='line_1_82' title="bbox 148 2524 1451 2597; baseline 0.002 -13"><span class='ocrx_word' id='word_1_501' title='bbox 148 2563 159 2574; x_wconf 85' lang='lat'><strong>·</strong></span> <span class='ocrx_word' id='word_1_502' title='bbox 172 2561 198 2584; x_wconf 79' lang='lat' dir='ltr'>ln</span> <span class='ocrx_word' id='word_1_503' title='bbox 212 2562 313 2591; x_wconf 57' lang='lat' dir='ltr'>mpad</span> <span class='ocrx_word' id='word_1_504' title='bbox 327 2568 346 2584; x_wconf 85' lang='grc' dir='ltr'>ι.</span> <span class='ocrx_word' id='word_1_505' title='bbox 390 2524 507 2597; x_wconf 84' lang='lat' dir='ltr'>Iquod</span> <span class='ocrx_word' id='word_1_506' title='bbox 531 2556 643 2586; x_wconf 90' lang='lat' dir='ltr'>dicitur</span> <span class='ocrx_word' id='word_1_507' title='bbox 655 2555 682 2592; x_wconf 87' lang='lat'>*,</span> <span class='ocrx_word' id='word_1_508' title='bbox 699 2555 788 2596; x_wconf 92' lang='lat' dir='ltr'>quod</span> <span class='ocrx_word' id='word_1_509' title='bbox 811 2556 903 2586; x_wconf 87' lang='lat' dir='ltr'>bruta</span> <span class='ocrx_word' id='word_1_510' title='bbox 926 2565 992 2586; x_wconf 91' lang='lat' dir='ltr'>non</span> <span class='ocrx_word' id='word_1_511' title='bbox 1010 2562 1207 2595; x_wconf 90' lang='lat' dir='ltr'>cognoscunt</span> <span class='ocrx_word' id='word_1_512' title='bbox 1223 2555 1338 2586; x_wconf 89' lang='lat' dir='ltr'>futura.</span> <span class='ocrx_word' id='word_1_513' title='bbox 1357 2556 1451 2586; x_wconf 91' lang='lat' dir='ltr'>Vide-</span> 
     </span>
    </p>
   </div>
   <div class='ocr_carea' id='block_1_22' title="bbox 386 2599 1452 3606">
    <p class='ocr_par' dir='ltr' id='par_1_30' title="bbox 386 2599 1452 3156">
     <span class='ocr_line' id='line_1_83' title="bbox 386 2599 1452 2635; baseline -0.002 -4"><span class='ocrx_word' id='word_1_514' title='bbox 386 2607 438 2631; x_wconf 90' lang='lat' dir='ltr'>tur</span> <span class='ocrx_word' id='word_1_515' title='bbox 461 2600 546 2630; x_wconf 91' lang='lat' dir='ltr'>enim</span> <span class='ocrx_word' id='word_1_516' title='bbox 562 2600 624 2630; x_wconf 92' lang='lat' dir='ltr'>hoc</span> <span class='ocrx_word' id='word_1_517' title='bbox 640 2605 670 2630; x_wconf 91' lang='lat' dir='ltr'>et</span> <span class='ocrx_word' id='word_1_518' title='bbox 695 2605 803 2629; x_wconf 90' lang='lat' dir='ltr'>contra</span> <span class='ocrx_word' id='word_1_519' title='bbox 819 2609 958 2635; x_wconf 88' lang='lat' dir='ltr'>sensum,</span> <span class='ocrx_word' id='word_1_520' title='bbox 979 2606 1009 2630; x_wconf 92' lang='lat' dir='ltr'>et</span> <span class='ocrx_word' id='word_1_521' title='bbox 1025 2606 1133 2629; x_wconf 89' lang='lat' dir='ltr'>contra</span> <span class='ocrx_word' id='word_1_522' title='bbox 1147 2599 1313 2630; x_wconf 88' lang='lat' dir='ltr'>rationem.</span> <span class='ocrx_word' id='word_1_523' title='bbox 1331 2599 1452 2630; x_wconf 89' lang='lat' dir='ltr'>Contra</span> 
     </span>
     <span class='ocr_line' id='line_1_84' title="bbox 386 2642 1450 2684; baseline 0 -10"><span class='ocrx_word' id='word_1_524' title='bbox 386 2653 516 2674; x_wconf 90' lang='lat' dir='ltr'>sensum</span> <span class='ocrx_word' id='word_1_525' title='bbox 535 2643 675 2684; x_wconf 88' lang='lat' dir='ltr'>quidem,</span> <span class='ocrx_word' id='word_1_526' title='bbox 692 2643 768 2683; x_wconf 89' lang='lat' dir='ltr'>quia</span> <span class='ocrx_word' id='word_1_527' title='bbox 782 2649 952 2672; x_wconf 88' lang='lat' dir='ltr'>moventur</span> <span class='ocrx_word' id='word_1_528' title='bbox 968 2643 1007 2672; x_wconf 90' lang='lat' dir='ltr'>ad</span> <span class='ocrx_word' id='word_1_529' title='bbox 1028 2642 1142 2679; x_wconf 86' lang='lat' dir='ltr'>futura,</span> <span class='ocrx_word' id='word_1_530' title='bbox 1161 2650 1191 2673; x_wconf 93' lang='lat' dir='ltr'>et</span> <span class='ocrx_word' id='word_1_531' title='bbox 1213 2649 1367 2683; x_wconf 89' lang='lat' dir='ltr'>appetunt</span> <span class='ocrx_word' id='word_1_532' title='bbox 1382 2643 1450 2679; x_wconf 86' lang='lat' dir='ltr'>i11a;</span> 
     </span>
     <span class='ocr_line' id='line_1_85' title="bbox 386 2686 1449 2723; baseline -0.001 -5"><span class='ocrx_word' id='word_1_533' title='bbox 386 2687 500 2718; x_wconf 86' lang='lat' dir='ltr'>timent</span> <span class='ocrx_word' id='word_1_534' title='bbox 522 2687 638 2723; x_wconf 86' lang='lat' dir='ltr'>futura,</span> <span class='ocrx_word' id='word_1_535' title='bbox 662 2693 693 2716; x_wconf 92' lang='lat' dir='ltr'>et</span> <span class='ocrx_word' id='word_1_536' title='bbox 715 2693 826 2716; x_wconf 86' lang='lat' dir='ltr'>cavent</span> <span class='ocrx_word' id='word_1_537' title='bbox 848 2686 887 2716; x_wconf 89' lang='lat' dir='ltr'>ab</span> <span class='ocrx_word' id='word_1_538' title='bbox 907 2686 978 2716; x_wconf 89' lang='lat' dir='ltr'>illis.</span> <span class='ocrx_word' id='word_1_539' title='bbox 997 2703 1018 2709; x_wconf 90' lang='lat'>—</span> <span class='ocrx_word' id='word_1_540' title='bbox 1035 2686 1156 2717; x_wconf 86' lang='lat' dir='ltr'>Contra</span> <span class='ocrx_word' id='word_1_541' title='bbox 1178 2687 1334 2718; x_wconf 83' lang='lat' dir='ltr'>rationem</span> <span class='ocrx_word' id='word_1_542' title='bbox 1356 2697 1449 2723; x_wconf 89' lang='lat' dir='ltr'>vero,</span> 
     </span>
     <span class='ocr_line' id='line_1_86' title="bbox 387 2729 1450 2772; baseline 0 -11"><span class='ocrx_word' id='word_1_543' title='bbox 387 2730 463 2772; x_wconf 86' lang='lat' dir='ltr'>quia</span> <span class='ocrx_word' id='word_1_544' title='bbox 485 2731 526 2760; x_wconf 83' lang='lat' dir='ltr'>ad</span> <span class='ocrx_word' id='word_1_545' title='bbox 554 2729 780 2770; x_wconf 86' lang='lat' dir='ltr'>perfectionem</span> <span class='ocrx_word' id='word_1_546' title='bbox 801 2729 944 2760; x_wconf 84' lang='lat' dir='ltr'>animalis</span> <span class='ocrx_word' id='word_1_547' title='bbox 975 2730 1104 2770; x_wconf 88' lang='lat' dir='ltr'>perfecti</span> <span class='ocrx_word' id='word_1_548' title='bbox 1129 2730 1261 2770; x_wconf 84' lang='lat' dir='ltr'>exigitur</span> <span class='ocrx_word' id='word_1_549' title='bbox 1286 2732 1375 2772; x_wconf 91' lang='lat' dir='ltr'>quod</span> <span class='ocrx_word' id='word_1_550' title='bbox 1398 2741 1450 2761; x_wconf 94' lang='lat' dir='ltr'>co-</span> 
     </span>
     <span class='ocr_line' id='line_1_87' title="bbox 386 2773 1449 2815; baseline 0 -10"><span class='ocrx_word' id='word_1_551' title='bbox 386 2781 519 2815; x_wconf 84' lang='lat' dir='ltr'>gnoscat</span> <span class='ocrx_word' id='word_1_552' title='bbox 550 2773 707 2814; x_wconf 90' lang='lat' dir='ltr'>quidquid</span> <span class='ocrx_word' id='word_1_553' title='bbox 730 2773 788 2803; x_wconf 90' lang='lat' dir='ltr'>sibi</span> <span class='ocrx_word' id='word_1_554' title='bbox 821 2773 1011 2804; x_wconf 88' lang='lat' dir='ltr'>conveniens</span> <span class='ocrx_word' id='word_1_555' title='bbox 1034 2780 1089 2805; x_wconf 88' lang='lat' dir='ltr'>aut</span> <span class='ocrx_word' id='word_1_556' title='bbox 1119 2774 1358 2805; x_wconf 84' lang='lat' dir='ltr'>disconveniens</span> <span class='ocrx_word' id='word_1_557' title='bbox 1387 2782 1449 2811; x_wconf 92' lang='lat' dir='ltr'>est,</span> 
     </span>
     <span class='ocr_line' id='line_1_88' title="bbox 386 2817 1448 2858; baseline 0 -9"><span class='ocrx_word' id='word_1_558' title='bbox 386 2818 468 2849; x_wconf 84' lang='lat' dir='ltr'>infra</span> <span class='ocrx_word' id='word_1_559' title='bbox 490 2817 690 2848; x_wconf 90' lang='lat' dir='ltr'>latitudinem</span> <span class='ocrx_word' id='word_1_560' title='bbox 714 2817 978 2857; x_wconf 87' lang='lat' dir='ltr'>cognoscibilium</span> <span class='ocrx_word' id='word_1_561' title='bbox 1001 2828 1057 2858; x_wconf 91' lang='lat' dir='ltr'>per</span> <span class='ocrx_word' id='word_1_562' title='bbox 1085 2818 1224 2848; x_wconf 88' lang='lat' dir='ltr'>animam</span> <span class='ocrx_word' id='word_1_563' title='bbox 1248 2819 1448 2850; x_wconf 84' lang='lat' dir='ltr'>sensitivam:</span> 
     </span>
     <span class='ocr_line' id='line_1_89' title="bbox 388 2861 1449 2902; baseline 0.001 -9"><span class='ocrx_word' id='word_1_564' title='bbox 388 2862 531 2902; x_wconf 89' lang='lat' dir='ltr'>alioquin</span> <span class='ocrx_word' id='word_1_565' title='bbox 555 2868 666 2892; x_wconf 83' lang='lat' dir='ltr'>natura</span> <span class='ocrx_word' id='word_1_566' title='bbox 694 2861 865 2892; x_wconf 89' lang='lat' dir='ltr'>defecisset.</span> <span class='ocrx_word' id='word_1_567' title='bbox 890 2861 951 2892; x_wconf 77' lang='lat' dir='ltr'>Sed</span> <span class='ocrx_word' id='word_1_568' title='bbox 973 2872 1045 2902; x_wconf 88' lang='lat' dir='ltr'>pars</span> <span class='ocrx_word' id='word_1_569' title='bbox 1078 2862 1224 2893; x_wconf 83' lang='lat' dir='ltr'>sensitiva</span> <span class='ocrx_word' id='word_1_570' title='bbox 1257 2863 1395 2894; x_wconf 87' lang='lat' dir='ltr'>extendit</span> <span class='ocrx_word' id='word_1_571' title='bbox 1418 2873 1449 2893; x_wconf 92' lang='lat' dir='ltr'>se</span> 
     </span>
     <span class='ocr_line' id='line_1_90' title="bbox 388 2905 1450 2946; baseline 0.003 -11"><span class='ocrx_word' id='word_1_572' title='bbox 388 2906 427 2936; x_wconf 87' lang='lat' dir='ltr'>ad</span> <span class='ocrx_word' id='word_1_573' title='bbox 446 2905 598 2946; x_wconf 90' lang='lat' dir='ltr'>temporis</span> <span class='ocrx_word' id='word_1_574' title='bbox 614 2905 860 2946; x_wconf 86' lang='lat' dir='ltr'>perceptionem,</span> <span class='ocrx_word' id='word_1_575' title='bbox 877 2912 913 2936; x_wconf 94' lang='lat' dir='ltr'>ut</span> <span class='ocrx_word' id='word_1_576' title='bbox 935 2912 1021 2946; x_wconf 89' lang='lat' dir='ltr'>patet</span> <span class='ocrx_word' id='word_1_577' title='bbox 1043 2906 1076 2936; x_wconf 90' lang='lat' dir='ltr'>in</span> <span class='ocrx_word' id='word_1_578' title='bbox 1095 2907 1263 2937; x_wconf 89' lang='lat' dir='ltr'>memoria:</span> <span class='ocrx_word' id='word_1_579' title='bbox 1286 2915 1316 2939; x_wconf 88' lang='lat' dir='ltr'>et</span> <span class='ocrx_word' id='word_1_580' title='bbox 1335 2907 1450 2938; x_wconf 88' lang='lat' dir='ltr'>distan-</span> 
     </span>
     <span class='ocr_line' id='line_1_91' title="bbox 387 2949 1450 2991; baseline 0.001 -10"><span class='ocrx_word' id='word_1_581' title='bbox 387 2950 430 2981; x_wconf 88' lang='lat' dir='ltr'>tia</span> <span class='ocrx_word' id='word_1_582' title='bbox 451 2959 532 2991; x_wconf 85' lang='lat' dir='ltr'>quae</span> <span class='ocrx_word' id='word_1_583' title='bbox 563 2949 740 2980; x_wconf 90' lang='lat' dir='ltr'>secundum</span> <span class='ocrx_word' id='word_1_584' title='bbox 763 2956 906 2990; x_wconf 88' lang='lat' dir='ltr'>tempus,</span> <span class='ocrx_word' id='word_1_585' title='bbox 938 2955 1023 2980; x_wconf 82' lang='lat' dir='ltr'>sunt&#39;</span> <span class='ocrx_word' id='word_1_586' title='bbox 1039 2951 1258 2981; x_wconf 90' lang='lat' dir='ltr'>convenientia</span> <span class='ocrx_word' id='word_1_587' title='bbox 1285 2958 1315 2982; x_wconf 92' lang='lat' dir='ltr'>et</span> <span class='ocrx_word' id='word_1_588' title='bbox 1338 2951 1450 2982; x_wconf 88' lang='lat' dir='ltr'>nociva</span> 
     </span>
     <span class='ocr_line' id='line_1_92' title="bbox 387 2993 1449 3036; baseline 0.002 -12"><span class='ocrx_word' id='word_1_589' title='bbox 387 2994 594 3030; x_wconf 83' lang='lat' dir='ltr'>animalibus,</span> <span class='ocrx_word' id='word_1_590' title='bbox 619 2999 655 3024; x_wconf 91' lang='lat' dir='ltr'>ut</span> <span class='ocrx_word' id='word_1_591' title='bbox 681 2999 767 3033; x_wconf 91' lang='lat' dir='ltr'>patet</span> <span class='ocrx_word' id='word_1_592' title='bbox 789 2993 822 3023; x_wconf 91' lang='lat' dir='ltr'>in</span> <span class='ocrx_word' id='word_1_593' title='bbox 852 2993 900 3023; x_wconf 90' lang='lat' dir='ltr'>his</span> <span class='ocrx_word' id='word_1_594' title='bbox 924 3004 1005 3034; x_wconf 86' lang='lat' dir='ltr'>quae</span> <span class='ocrx_word' id='word_1_595' title='bbox 1035 2993 1186 3025; x_wconf 89' lang='lat' dir='ltr'>timentur</span> <span class='ocrx_word' id='word_1_596' title='bbox 1222 3002 1252 3026; x_wconf 93' lang='lat' dir='ltr'>et</span> <span class='ocrx_word' id='word_1_597' title='bbox 1275 3002 1449 3036; x_wconf 83' lang='lat' dir='ltr'>sperantur.</span> 
     </span>
     <span class='ocr_line' id='line_1_93' title="bbox 387 3037 1451 3080; baseline 0.002 -12"><span class='ocrx_word' id='word_1_598' title='bbox 387 3038 472 3078; x_wconf 88' lang='lat' dir='ltr'>Ergo</span> <span class='ocrx_word' id='word_1_599' title='bbox 497 3037 614 3068; x_wconf 89' lang='lat' dir='ltr'>animal</span> <span class='ocrx_word' id='word_1_600' title='bbox 635 3037 812 3077; x_wconf 85' lang='lat' dir='ltr'>perfectum</span> <span class='ocrx_word' id='word_1_601' title='bbox 835 3037 927 3068; x_wconf 91' lang='lat' dir='ltr'>debet</span> <span class='ocrx_word' id='word_1_602' title='bbox 950 3037 1109 3078; x_wconf 89' lang='lat' dir='ltr'>percipere</span> <span class='ocrx_word' id='word_1_603' title='bbox 1133 3038 1248 3075; x_wconf 90' lang='lat' dir='ltr'>futura,</span> <span class='ocrx_word' id='word_1_604' title='bbox 1272 3049 1353 3080; x_wconf 89' lang='lat' dir='ltr'>quae</span> <span class='ocrx_word' id='word_1_605' title='bbox 1377 3046 1451 3070; x_wconf 92' lang='lat' dir='ltr'>sunt</span> 
     </span>
     <span class='ocr_line' id='line_1_94' title="bbox 388 3081 1450 3122; baseline 0.002 -10"><span class='ocrx_word' id='word_1_606' title='bbox 388 3082 527 3113; x_wconf 88' lang='lat' dir='ltr'>absentia</span> <span class='ocrx_word' id='word_1_607' title='bbox 542 3081 718 3112; x_wconf 87' lang='lat' dir='ltr'>secundum</span> <span class='ocrx_word' id='word_1_608' title='bbox 732 3088 869 3122; x_wconf 89' lang='lat' dir='ltr'>tempus,</span> <span class='ocrx_word' id='word_1_609' title='bbox 890 3081 970 3113; x_wconf 91' lang='lat' dir='ltr'>sicut</span> <span class='ocrx_word' id='word_1_610' title='bbox 994 3081 1155 3121; x_wconf 88' lang='lat' dir='ltr'>cognoscit</span> <span class='ocrx_word' id='word_1_611' title='bbox 1171 3082 1316 3114; x_wconf 82' lang='lat' dir='ltr'>distantia</span> <span class='ocrx_word' id='word_1_612' title='bbox 1339 3093 1450 3114; x_wconf 90' lang='lat' dir='ltr'>secun-</span> 
     </span>
     <span class='ocr_line' id='line_1_95' title="bbox 389 3126 607 3156; baseline 0 0"><span class='ocrx_word' id='word_1_613' title='bbox 389 3126 467 3156; x_wconf 92' lang='lat' dir='ltr'>dum</span> <span class='ocrx_word' id='word_1_614' title='bbox 489 3126 607 3156; x_wconf 89' lang='lat' dir='ltr'>locum.</span> 
     </span>
    </p>

    <p class='ocr_par' dir='ltr' id='par_1_31' title="bbox 386 3169 1449 3518">
     <span class='ocr_line' id='line_1_96' title="bbox 443 3169 1449 3211; baseline 0.001 -11"><span class='ocrx_word' id='word_1_615' title='bbox 443 3170 481 3200; x_wconf 92' lang='lat'>11.</span> <span class='ocrx_word' id='word_1_616' title='bbox 497 3170 547 3200; x_wconf 90' lang='lat' dir='ltr'>Ad</span> <span class='ocrx_word' id='word_1_617' title='bbox 564 3169 751 3200; x_wconf 90' lang='lat' dir='ltr'>evidentiam</span> <span class='ocrx_word' id='word_1_618' title='bbox 767 3169 862 3200; x_wconf 88' lang='lat' dir='ltr'>huius</span> <span class='ocrx_word' id='word_1_619' title='bbox 878 3169 1099 3209; x_wconf 87' lang='lat' dir='ltr'>ambiguitatis,</span> <span class='ocrx_word' id='word_1_620' title='bbox 1116 3169 1280 3200; x_wconf 90' lang='lat' dir='ltr'>sciendum</span> <span class='ocrx_word' id='word_1_621' title='bbox 1301 3177 1347 3201; x_wconf 89' lang='lat' dir='ltr'>est</span> <span class='ocrx_word' id='word_1_622' title='bbox 1360 3171 1449 3211; x_wconf 92' lang='lat' dir='ltr'>quod</span> 
     </span>
     <span class='ocr_line' id='line_1_97' title="bbox 388 3213 1448 3253; baseline 0.001 -9"><span class='ocrx_word' id='word_1_623' title='bbox 388 3224 424 3244; x_wconf 85' lang='lat' dir='ltr'>ex</span> <span class='ocrx_word' id='word_1_624' title='bbox 447 3213 651 3244; x_wconf 85' lang='lat' dir='ltr'>exterioribus</span> <span class='ocrx_word' id='word_1_625' title='bbox 667 3214 807 3244; x_wconf 85' lang='lat' dir='ltr'>motibus</span> <span class='ocrx_word' id='word_1_626' title='bbox 831 3213 995 3244; x_wconf 88' lang='lat' dir='ltr'>manifeste</span> <span class='ocrx_word' id='word_1_627' title='bbox 1011 3221 1140 3253; x_wconf 81' lang='lat' dir='ltr'>apparet</span> <span class='ocrx_word' id='word_1_628' title='bbox 1154 3214 1187 3244; x_wconf 90' lang='lat' dir='ltr'>in</span> <span class='ocrx_word' id='word_1_629' title='bbox 1205 3214 1393 3244; x_wconf 85' lang='lat' dir='ltr'>animalibus</span> <span class='ocrx_word' id='word_1_630' title='bbox 1409 3215 1448 3245; x_wconf 93' lang='lat' dir='ltr'>ir-</span> 
     </span>
     <span class='ocr_line' id='line_1_98' title="bbox 386 3257 1446 3298; baseline 0.001 -10"><span class='ocrx_word' id='word_1_631' title='bbox 386 3257 624 3288; x_wconf 85' lang='lat' dir='ltr'>rationabilibus</span> <span class='ocrx_word' id='word_1_632' title='bbox 641 3267 708 3288; x_wconf 90' lang='lat' dir='ltr'>esse</span> <span class='ocrx_word' id='word_1_633' title='bbox 720 3257 907 3298; x_wconf 90' lang='lat' dir='ltr'>appetitivos</span> <span class='ocrx_word' id='word_1_634' title='bbox 920 3264 1027 3288; x_wconf 91' lang='lat' dir='ltr'>motus</span> <span class='ocrx_word' id='word_1_635' title='bbox 1039 3265 1183 3298; x_wconf 91' lang='lat' dir='ltr'>respectu</span> <span class='ocrx_word' id='word_1_636' title='bbox 1202 3258 1299 3288; x_wconf 87' lang='lat' dir='ltr'>futuri</span> <span class='ocrx_word' id='word_1_637' title='bbox 1315 3265 1346 3289; x_wconf 91' lang='lat' dir='ltr'>et</span> <span class='ocrx_word' id='word_1_638' title='bbox 1361 3259 1446 3295; x_wconf 90' lang='lat' dir='ltr'>boni,</span> 
     </span>
     <span class='ocr_line' id='line_1_99' title="bbox 387 3300 1446 3342; baseline 0.001 -10"><span class='ocrx_word' id='word_1_639' title='bbox 387 3309 424 3332; x_wconf 93' lang='lat' dir='ltr'>ut</span> <span class='ocrx_word' id='word_1_640' title='bbox 439 3308 524 3342; x_wconf 90' lang='lat' dir='ltr'>patet</span> <span class='ocrx_word' id='word_1_641' title='bbox 539 3302 577 3331; x_wconf 89' lang='lat' dir='ltr'>de</span> <span class='ocrx_word' id='word_1_642' title='bbox 594 3311 649 3341; x_wconf 88' lang='lat' dir='ltr'>spe</span> <span class='ocrx_word' id='word_1_643' title='bbox 665 3308 696 3332; x_wconf 90' lang='lat' dir='ltr'>et</span> <span class='ocrx_word' id='word_1_644' title='bbox 716 3300 947 3341; x_wconf 67' lang='lat' dir='ltr'>desperatione}</span> <span class='ocrx_word' id='word_1_645' title='bbox 969 3309 999 3332; x_wconf 92' lang='lat' dir='ltr'>et</span> <span class='ocrx_word' id='word_1_646' title='bbox 1014 3302 1099 3338; x_wconf 88' lang='lat' dir='ltr'>mali,</span> <span class='ocrx_word' id='word_1_647' title='bbox 1117 3309 1152 3333; x_wconf 91' lang='lat' dir='ltr'>ut</span> <span class='ocrx_word' id='word_1_648' title='bbox 1168 3309 1252 3342; x_wconf 87' lang='lat' dir='ltr'>patet</span> <span class='ocrx_word' id='word_1_649' title='bbox 1268 3303 1307 3332; x_wconf 90' lang='lat' dir='ltr'>de</span> <span class='ocrx_word' id='word_1_650' title='bbox 1322 3303 1446 3334; x_wconf 91' lang='lat' dir='ltr'>timore.</span> 
     </span>
     <span class='ocr_line' id='line_1_100' title="bbox 386 3345 1447 3386; baseline 0.001 -11"><span class='ocrx_word' id='word_1_651' title='bbox 386 3346 474 3376; x_wconf 86' lang='lat' dir='ltr'>Haec</span> <span class='ocrx_word' id='word_1_652' title='bbox 497 3352 604 3376; x_wconf 88' lang='lat' dir='ltr'>autem</span> <span class='ocrx_word' id='word_1_653' title='bbox 628 3345 808 3386; x_wconf 84' lang='lat' dir='ltr'>apparentia</span> <span class='ocrx_word' id='word_1_654' title='bbox 831 3346 919 3377; x_wconf 91' lang='lat' dir='ltr'>ducit</span> <span class='ocrx_word' id='word_1_655' title='bbox 941 3346 1115 3376; x_wconf 87' lang='lat' dir='ltr'>necessario</span> <span class='ocrx_word' id='word_1_656' title='bbox 1131 3346 1324 3377; x_wconf 90' lang='lat' dir='ltr'>intellectum</span> <span class='ocrx_word' id='word_1_657' title='bbox 1350 3347 1388 3376; x_wconf 90' lang='lat' dir='ltr'>ad</span> <span class='ocrx_word' id='word_1_658' title='bbox 1405 3347 1447 3377; x_wconf 88' lang='lat' dir='ltr'>al-</span> 
     </span>
     <span class='ocr_line' id='line_1_101' title="bbox 386 3389 1447 3430; baseline 0.001 -10"><span class='ocrx_word' id='word_1_659' title='bbox 386 3397 485 3420; x_wconf 91' lang='lat' dir='ltr'>teram</span> <span class='ocrx_word' id='word_1_660' title='bbox 502 3389 637 3420; x_wconf 88' lang='lat' dir='ltr'>duarum</span> <span class='ocrx_word' id='word_1_661' title='bbox 654 3398 838 3420; x_wconf 67' lang='lat' dir='ltr'>causarum!</span> <span class='ocrx_word' id='word_1_662' title='bbox 854 3397 999 3421; x_wconf 85' lang='lat' dir='ltr'>naturam</span> <span class='ocrx_word' id='word_1_663' title='bbox 1014 3390 1139 3426; x_wconf 91' lang='lat' dir='ltr'>scilicet,</span> <span class='ocrx_word' id='word_1_664' title='bbox 1155 3390 1205 3421; x_wconf 89' lang='lat' dir='ltr'>vel</span> <span class='ocrx_word' id='word_1_665' title='bbox 1225 3391 1447 3430; x_wconf 87' lang='lat' dir='ltr'>apprehensio-</span> 
     </span>
     <span class='ocr_line' id='line_1_102' title="bbox 387 3433 1446 3473; baseline 0.001 -9"><span class='ocrx_word' id='word_1_666' title='bbox 387 3443 461 3464; x_wconf 89' lang='lat' dir='ltr'>nem</span> <span class='ocrx_word' id='word_1_667' title='bbox 485 3433 593 3464; x_wconf 88' lang='lat' dir='ltr'>futuri.</span> <span class='ocrx_word' id='word_1_668' title='bbox 611 3433 746 3473; x_wconf 90' lang='lat' dir='ltr'>Oportet</span> <span class='ocrx_word' id='word_1_669' title='bbox 770 3433 854 3464; x_wconf 91' lang='lat' dir='ltr'>enim</span> <span class='ocrx_word' id='word_1_670' title='bbox 870 3435 920 3464; x_wconf 91' lang='lat' dir='ltr'>vel</span> <span class='ocrx_word' id='word_1_671' title='bbox 937 3444 973 3464; x_wconf 89' lang='lat' dir='ltr'>ex</span> <span class='ocrx_word' id='word_1_672' title='bbox 992 3435 1141 3465; x_wconf 89' lang='lat' dir='ltr'>instinctu</span> <span class='ocrx_word' id='word_1_673' title='bbox 1157 3435 1197 3464; x_wconf 87' lang='lat' dir='ltr'>ad</span> <span class='ocrx_word' id='word_1_674' title='bbox 1220 3434 1296 3465; x_wconf 87' lang='lat' dir='ltr'>haec</span> <span class='ocrx_word' id='word_1_675' title='bbox 1311 3435 1446 3472; x_wconf 90' lang='lat' dir='ltr'>moveri;</span> 
     </span>
     <span class='ocr_line' id='line_1_103' title="bbox 386 3477 900 3518; baseline 0.002 -11"><span class='ocrx_word' id='word_1_676' title='bbox 386 3478 436 3508; x_wconf 90' lang='lat' dir='ltr'>vel</span> <span class='ocrx_word' id='word_1_677' title='bbox 461 3487 498 3508; x_wconf 84' lang='lat' dir='ltr'>ex</span> <span class='ocrx_word' id='word_1_678' title='bbox 520 3477 590 3518; x_wconf 89' lang='lat' dir='ltr'>ipso</span> <span class='ocrx_word' id='word_1_679' title='bbox 615 3477 739 3508; x_wconf 88' lang='lat' dir='ltr'>obiecto</span> <span class='ocrx_word' id='word_1_680' title='bbox 764 3478 900 3517; x_wconf 87' lang='lat' dir='ltr'>cognito.</span> 
     </span>
    </p>

    <p class='ocr_par' dir='ltr' id='par_1_32' title="bbox 388 3521 1447 3606">
     <span class='ocr_line' id='line_1_104' title="bbox 442 3521 1447 3563; baseline 0.001 -10"><span class='ocrx_word' id='word_1_681' title='bbox 442 3522 484 3553; x_wconf 93' lang='lat' dir='ltr'>Et</span> <span class='ocrx_word' id='word_1_682' title='bbox 508 3521 533 3552; x_wconf 92' lang='lat' dir='ltr'>si</span> <span class='ocrx_word' id='word_1_683' title='bbox 553 3521 683 3562; x_wconf 88' lang='lat' dir='ltr'>quidem</span> <span class='ocrx_word' id='word_1_684' title='bbox 707 3521 836 3562; x_wconf 91' lang='lat' dir='ltr'>ponitur</span> <span class='ocrx_word' id='word_1_685' title='bbox 859 3523 947 3563; x_wconf 93' lang='lat' dir='ltr'>quod</span> <span class='ocrx_word' id='word_1_686' title='bbox 966 3522 1113 3552; x_wconf 85' lang='lat' dir='ltr'>animalia</span> <span class='ocrx_word' id='word_1_687' title='bbox 1136 3522 1248 3553; x_wconf 88' lang='lat' dir='ltr'>timent</span> <span class='ocrx_word' id='word_1_688' title='bbox 1269 3529 1298 3553; x_wconf 87' lang='lat' dir='ltr'>et</span> <span class='ocrx_word' id='word_1_689' title='bbox 1321 3530 1447 3563; x_wconf 90' lang='lat' dir='ltr'>sperant</span> 
     </span>
     <span class='ocr_line' id='line_1_105' title="bbox 388 3565 1446 3606; baseline 0.003 -11"><span class='ocrx_word' id='word_1_690' title='bbox 388 3575 454 3596; x_wconf 91' lang='lat' dir='ltr'>non</span> <span class='ocrx_word' id='word_1_691' title='bbox 478 3575 514 3596; x_wconf 87' lang='lat' dir='ltr'>ex</span> <span class='ocrx_word' id='word_1_692' title='bbox 530 3565 656 3606; x_wconf 87' lang='lat' dir='ltr'>cognito</span> <span class='ocrx_word' id='word_1_693' title='bbox 681 3565 798 3603; x_wconf 86' lang='lat' dir='ltr'>futuro,</span> <span class='ocrx_word' id='word_1_694' title='bbox 816 3566 870 3596; x_wconf 93' lang='lat' dir='ltr'>sed</span> <span class='ocrx_word' id='word_1_695' title='bbox 885 3576 921 3597; x_wconf 89' lang='lat' dir='ltr'>ex</span> <span class='ocrx_word' id='word_1_696' title='bbox 936 3573 1064 3597; x_wconf 87' lang='lat' dir='ltr'>naturae</span> <span class='ocrx_word' id='word_1_697' title='bbox 1083 3566 1245 3603; x_wconf 87' lang='lat' dir='ltr'>instinctu;</span> <span class='ocrx_word' id='word_1_698' title='bbox 1266 3566 1372 3597; x_wconf 87' lang='lat' dir='ltr'>minus</span> <span class='ocrx_word' id='word_1_699' title='bbox 1389 3577 1446 3598; x_wconf 92' lang='lat' dir='ltr'>no-</span> 
     </span>
    </p>
   </div>
   <div class='ocr_carea' id='block_1_23' title="bbox 1501 2511 2571 3612">
    <p class='ocr_par' dir='ltr' id='par_1_33' title="bbox 1503 2511 2571 3026">
     <span class='ocr_line' id='line_1_106' title="bbox 1506 2511 2571 2555; baseline 0.004 -14"><span class='ocrx_word' id='word_1_700' title='bbox 1506 2511 1580 2542; x_wconf 83' lang='lat' dir='ltr'>bilia</span> <span class='ocrx_word' id='word_1_701' title='bbox 1602 2517 1769 2552; x_wconf 91' lang='lat' dir='ltr'>ponuntur</span> <span class='ocrx_word' id='word_1_702' title='bbox 1791 2511 1949 2542; x_wconf 80' lang='lat' dir='ltr'>animalia.</span> <span class='ocrx_word' id='word_1_703' title='bbox 1965 2511 2170 2543; x_wconf 88' lang='lat' dir='ltr'>Manifestum</span> <span class='ocrx_word' id='word_1_704' title='bbox 2190 2519 2236 2543; x_wconf 86' lang='lat' dir='ltr'>est</span> <span class='ocrx_word' id='word_1_705' title='bbox 2259 2513 2344 2544; x_wconf 91' lang='lat' dir='ltr'>enim</span> <span class='ocrx_word' id='word_1_706' title='bbox 2367 2514 2456 2555; x_wconf 94' lang='lat' dir='ltr'>quod</span> <span class='ocrx_word' id='word_1_707' title='bbox 2479 2515 2571 2545; x_wconf 84' lang='lat' dir='ltr'>nobi-</span> 
     </span>
     <span class='ocr_line' id='line_1_107' title="bbox 1505 2548 2568 2605; baseline 0.005 -20"><span class='ocrx_word' id='word_1_708' title='bbox 1505 2555 1567 2585; x_wconf 91' lang='lat' dir='ltr'>lius</span> <span class='ocrx_word' id='word_1_709' title='bbox 1591 2563 1637 2586; x_wconf 89' lang='lat' dir='ltr'>est</span> <span class='ocrx_word' id='word_1_710' title='bbox 1660 2562 1806 2595; x_wconf 88' lang='lat' dir='ltr'>appetere</span> <span class='ocrx_word' id='word_1_711' title='bbox 1829 2565 1886 2595; x_wconf 92' lang='lat' dir='ltr'>per</span> <span class='ocrx_word' id='word_1_712' title='bbox 1905 2548 2199 2605; x_wconf 68' lang='lat' dir='ltr'>apprehensionem,</span> <span class='ocrx_word' id='word_1_713' title='bbox 2217 2567 2315 2597; x_wconf 85' lang='lat' dir='ltr'>quarn</span> <span class='ocrx_word' id='word_1_714' title='bbox 2330 2568 2387 2598; x_wconf 90' lang='lat' dir='ltr'>per</span> <span class='ocrx_word' id='word_1_715' title='bbox 2409 2565 2568 2590; x_wconf 84' lang='lat' dir='ltr'>naturam:</span> 
     </span>
     <span class='ocr_line' id='line_1_108' title="bbox 1506 2599 2571 2642; baseline 0.005 -13"><span class='ocrx_word' id='word_1_716' title='bbox 1506 2606 1536 2629; x_wconf 91' lang='lat' dir='ltr'>et</span> <span class='ocrx_word' id='word_1_717' title='bbox 1559 2600 1647 2640; x_wconf 92' lang='lat' dir='ltr'>quod</span> <span class='ocrx_word' id='word_1_718' title='bbox 1669 2599 1837 2639; x_wconf 87' lang='lat' dir='ltr'>proprium</span> <span class='ocrx_word' id='word_1_719' title='bbox 1861 2599 2020 2629; x_wconf 86' lang='lat' dir='ltr'>motivum</span> <span class='ocrx_word' id='word_1_720' title='bbox 2043 2599 2187 2631; x_wconf 87' lang='lat' dir='ltr'>animalis</span> <span class='ocrx_word' id='word_1_721' title='bbox 2211 2607 2258 2631; x_wconf 91' lang='lat' dir='ltr'>est</span> <span class='ocrx_word' id='word_1_722' title='bbox 2272 2602 2441 2642; x_wconf 89' lang='lat' dir='ltr'>appetibile</span> <span class='ocrx_word' id='word_1_723' title='bbox 2465 2603 2571 2642; x_wconf 91' lang='lat' dir='ltr'>cogni-</span> 
     </span>
     <span class='ocr_line' id='line_1_109' title="bbox 1505 2642 2571 2685; baseline 0.006 -13"><span class='ocrx_word' id='word_1_724' title='bbox 1505 2649 1584 2679; x_wconf 90' lang='lat' dir='ltr'>tum,</span> <span class='ocrx_word' id='word_1_725' title='bbox 1602 2649 1637 2673; x_wconf 92' lang='lat' dir='ltr'>ut</span> <span class='ocrx_word' id='word_1_726' title='bbox 1651 2650 1736 2683; x_wconf 88' lang='lat' dir='ltr'>patet</span> <span class='ocrx_word' id='word_1_727' title='bbox 1751 2643 1785 2673; x_wconf 91' lang='lat' dir='ltr'>in</span> <span class='ocrx_word' id='word_1_728' title='bbox 1800 2643 1842 2673; x_wconf 91' lang='lat'>111</span> <span class='ocrx_word' id='word_1_729' title='bbox 1854 2643 1893 2673; x_wconf 86' lang='lat' dir='ltr'>de</span> <span class='ocrx_word' id='word_1_730' title='bbox 1907 2642 2054 2673; x_wconf 68' lang='lat' dir='ltr'>Anima*</span> <span class='ocrx_word' id='word_1_731' title='bbox 2057 2644 2173 2674; x_wconf 90' lang='lat' dir='ltr'>.Unde</span> <span class='ocrx_word' id='word_1_732' title='bbox 2189 2652 2335 2685; x_wconf 89' lang='lat' dir='ltr'>appetere</span> <span class='ocrx_word' id='word_1_733' title='bbox 2351 2656 2417 2676; x_wconf 92' lang='lat' dir='ltr'>non</span> <span class='ocrx_word' id='word_1_734' title='bbox 2435 2657 2471 2677; x_wconf 84' lang='lat' dir='ltr'>ex</span> <span class='ocrx_word' id='word_1_735' title='bbox 2487 2647 2571 2678; x_wconf 88' lang='lat' dir='ltr'>obie-</span> 
     </span>
     <span class='ocr_line' id='line_1_110' title="bbox 1505 2686 2570 2731; baseline 0.006 -15"><span class='ocrx_word' id='word_1_736' title='bbox 1505 2693 1556 2717; x_wconf 92' lang='lat' dir='ltr'>cto</span> <span class='ocrx_word' id='word_1_737' title='bbox 1581 2687 1719 2726; x_wconf 89' lang='lat' dir='ltr'>cognito,</span> <span class='ocrx_word' id='word_1_738' title='bbox 1737 2697 1774 2717; x_wconf 84' lang='lat' dir='ltr'>ex</span> <span class='ocrx_word' id='word_1_739' title='bbox 1797 2686 1921 2717; x_wconf 87' lang='lat' dir='ltr'>defectu</span> <span class='ocrx_word' id='word_1_740' title='bbox 1946 2687 2135 2727; x_wconf 87' lang='lat' dir='ltr'>cognitionis</span> <span class='ocrx_word' id='word_1_741' title='bbox 2158 2689 2313 2728; x_wconf 90' lang='lat' dir='ltr'>provenit,</span> <span class='ocrx_word' id='word_1_742' title='bbox 2332 2697 2362 2720; x_wconf 93' lang='lat' dir='ltr'>et</span> <span class='ocrx_word' id='word_1_743' title='bbox 2383 2691 2423 2721; x_wconf 86' lang='lat' dir='ltr'>ad</span> <span class='ocrx_word' id='word_1_744' title='bbox 2445 2690 2570 2731; x_wconf 88' lang='lat' dir='ltr'>ignobi-</span> 
     </span>
     <span class='ocr_line' id='line_1_111' title="bbox 1503 2730 2568 2775; baseline 0.006 -15"><span class='ocrx_word' id='word_1_745' title='bbox 1503 2731 1625 2761; x_wconf 89' lang='lat' dir='ltr'>litatem</span> <span class='ocrx_word' id='word_1_746' title='bbox 1648 2730 1825 2771; x_wconf 86' lang='lat' dir='ltr'>appetentis</span> <span class='ocrx_word' id='word_1_747' title='bbox 1848 2737 1976 2770; x_wconf 86' lang='lat' dir='ltr'>spectat.</span> <span class='ocrx_word' id='word_1_748' title='bbox 1991 2749 2013 2754; x_wconf 95' lang='lat'>—</span> <span class='ocrx_word' id='word_1_749' title='bbox 2029 2731 2062 2762; x_wconf 90' lang='lat' dir='ltr'>Si</span> <span class='ocrx_word' id='word_1_750' title='bbox 2075 2742 2150 2762; x_wconf 90' lang='lat' dir='ltr'>vero</span> <span class='ocrx_word' id='word_1_751' title='bbox 2168 2732 2303 2764; x_wconf 88' lang='lat' dir='ltr'>creditur</span> <span class='ocrx_word' id='word_1_752' title='bbox 2317 2735 2407 2775; x_wconf 92' lang='lat' dir='ltr'>quod</span> <span class='ocrx_word' id='word_1_753' title='bbox 2421 2735 2568 2766; x_wconf 89' lang='lat' dir='ltr'>animalia</span> 
     </span>
     <span class='ocr_line' id='line_1_112' title="bbox 1504 2774 2570 2817; baseline 0.005 -12"><span class='ocrx_word' id='word_1_754' title='bbox 1504 2775 1616 2806; x_wconf 88' lang='lat' dir='ltr'>timent</span> <span class='ocrx_word' id='word_1_755' title='bbox 1639 2782 1670 2805; x_wconf 91' lang='lat' dir='ltr'>et</span> <span class='ocrx_word' id='word_1_756' title='bbox 1692 2781 1819 2815; x_wconf 87' lang='lat' dir='ltr'>sperant</span> <span class='ocrx_word' id='word_1_757' title='bbox 1833 2785 1869 2805; x_wconf 84' lang='lat' dir='ltr'>ex</span> <span class='ocrx_word' id='word_1_758' title='bbox 1893 2774 2017 2807; x_wconf 88' lang='lat' dir='ltr'>obiecto</span> <span class='ocrx_word' id='word_1_759' title='bbox 2037 2775 2145 2807; x_wconf 88' lang='lat' dir='ltr'>futuro</span> <span class='ocrx_word' id='word_1_760' title='bbox 2170 2777 2308 2817; x_wconf 85' lang='lat' dir='ltr'>cognito,</span> <span class='ocrx_word' id='word_1_761' title='bbox 2324 2785 2399 2809; x_wconf 92' lang='lat' dir='ltr'>tunc</span> <span class='ocrx_word' id='word_1_762' title='bbox 2423 2779 2570 2810; x_wconf 84' lang='lat' dir='ltr'>animalia</span> 
     </span>
     <span class='ocr_line' id='line_1_113' title="bbox 1504 2819 2568 2864; baseline 0.005 -15"><span class='ocrx_word' id='word_1_763' title='bbox 1504 2825 1669 2859; x_wconf 89' lang='lat' dir='ltr'>ponuntur</span> <span class='ocrx_word' id='word_1_764' title='bbox 1684 2819 1832 2850; x_wconf 90' lang='lat' dir='ltr'>nobiliter</span> <span class='ocrx_word' id='word_1_765' title='bbox 1854 2826 2010 2859; x_wconf 88' lang='lat' dir='ltr'>appetere,</span> <span class='ocrx_word' id='word_1_766' title='bbox 2027 2827 2138 2860; x_wconf 90' lang='lat' dir='ltr'>utpote</span> <span class='ocrx_word' id='word_1_767' title='bbox 2158 2831 2194 2851; x_wconf 85' lang='lat' dir='ltr'>ex</span> <span class='ocrx_word' id='word_1_768' title='bbox 2212 2821 2340 2862; x_wconf 88' lang='lat' dir='ltr'>propria</span> <span class='ocrx_word' id='word_1_769' title='bbox 2356 2833 2450 2854; x_wconf 86' lang='lat' dir='ltr'>causa</span> <span class='ocrx_word' id='word_1_770' title='bbox 2472 2834 2568 2864; x_wconf 88' lang='lat' dir='ltr'>appe-</span> 
     </span>
     <span class='ocr_line' id='line_1_114' title="bbox 1504 2860 2567 2905; baseline 0.006 -12"><span class='ocrx_word' id='word_1_771' title='bbox 1504 2860 1579 2893; x_wconf 91' lang='lat' dir='ltr'>titus</span> <span class='ocrx_word' id='word_1_772' title='bbox 1603 2863 1756 2893; x_wconf 88' lang='lat' dir='ltr'>animalis.</span> <span class='ocrx_word' id='word_1_773' title='bbox 1778 2863 1820 2894; x_wconf 89' lang='lat' dir='ltr'>Et</span> <span class='ocrx_word' id='word_1_774' title='bbox 1842 2870 1982 2894; x_wconf 88' lang='lat' dir='ltr'>servatur</span> <span class='ocrx_word' id='word_1_775' title='bbox 2004 2863 2204 2895; x_wconf 89' lang='lat' dir='ltr'>uniformitas</span> <span class='ocrx_word' id='word_1_776' title='bbox 2227 2865 2414 2905; x_wconf 90' lang='lat' dir='ltr'>passionum</span> <span class='ocrx_word' id='word_1_777' title='bbox 2438 2877 2567 2898; x_wconf 87' lang='lat' dir='ltr'>eorum:</span> 
     </span>
     <span class='ocr_line' id='line_1_115' title="bbox 1505 2907 2569 2948; baseline 0.007 -12"><span class='ocrx_word' id='word_1_778' title='bbox 1505 2907 1659 2948; x_wconf 89' lang='lat' dir='ltr'>quoniam</span> <span class='ocrx_word' id='word_1_779' title='bbox 1683 2907 1764 2937; x_wconf 91' lang='lat' dir='ltr'>sicut</span> <span class='ocrx_word' id='word_1_780' title='bbox 1787 2914 1895 2937; x_wconf 85' lang='lat' dir='ltr'>amant</span> <span class='ocrx_word' id='word_1_781' title='bbox 1925 2915 1955 2938; x_wconf 93' lang='lat' dir='ltr'>et</span> <span class='ocrx_word' id='word_1_782' title='bbox 1978 2907 2109 2944; x_wconf 89' lang='lat' dir='ltr'>odiunt,</span> <span class='ocrx_word' id='word_1_783' title='bbox 2138 2909 2332 2940; x_wconf 85' lang='lat' dir='ltr'>delectantur</span> <span class='ocrx_word' id='word_1_784' title='bbox 2354 2917 2385 2941; x_wconf 87' lang='lat' dir='ltr'>et</span> <span class='ocrx_word' id='word_1_785' title='bbox 2407 2911 2569 2943; x_wconf 84' lang='lat' dir='ltr'>tristantur</span> 
     </span>
     <span class='ocr_line' id='line_1_116' title="bbox 1504 2951 2567 2996; baseline 0.007 -16"><span class='ocrx_word' id='word_1_786' title='bbox 1504 2951 1689 2987; x_wconf 88' lang='lat' dir='ltr'>animaliter,</span> <span class='ocrx_word' id='word_1_787' title='bbox 1707 2961 1743 2981; x_wconf 87' lang='lat' dir='ltr'>ex</span> <span class='ocrx_word' id='word_1_788' title='bbox 1762 2951 1897 2991; x_wconf 90' lang='lat' dir='ltr'>propriis</span> <span class='ocrx_word' id='word_1_789' title='bbox 1921 2951 2051 2982; x_wconf 89' lang='lat' dir='ltr'>obiectis</span> <span class='ocrx_word' id='word_1_790' title='bbox 2074 2951 2201 2983; x_wconf 86' lang='lat' dir='ltr'>illarum</span> <span class='ocrx_word' id='word_1_791' title='bbox 2225 2954 2412 2993; x_wconf 85' lang='lat' dir='ltr'>passionum</span> <span class='ocrx_word' id='word_1_792' title='bbox 2435 2956 2567 2996; x_wconf 87' lang='lat' dir='ltr'>cognitis</span> 
     </span>
     <span class='ocr_line' id='line_1_117' title="bbox 1503 2995 1886 3031; baseline 0 -6"><span class='ocrx_word' id='word_1_793' title='bbox 1503 3001 1602 3031; x_wconf 87' lang='lat' dir='ltr'>mota,</span> <span class='ocrx_word' id='word_1_794' title='bbox 1617 2995 1661 3025; x_wconf 88' lang='lat' dir='ltr'>ita</span> <span class='ocrx_word' id='word_1_795' title='bbox 1683 2995 1805 3031; x_wconf 83' lang='lat' dir='ltr'>timent,</span> <span class='ocrx_word' id='word_1_796' title='bbox 1830 3002 1886 3026; x_wconf 87' lang='lat' dir='ltr'>etc.</span> 
     </span>
    </p>

    <p class='ocr_par' dir='ltr' id='par_1_34' title="bbox 1501 3039 2567 3475">
     <span class='ocr_line' id='line_1_118' title="bbox 1558 3039 2567 3078; baseline 0.007 -10"><span class='ocrx_word' id='word_1_797' title='bbox 1558 3039 1609 3070; x_wconf 90' lang='lat'>111.</span> <span class='ocrx_word' id='word_1_798' title='bbox 1629 3039 1670 3071; x_wconf 82' lang='lat' dir='ltr'>Et</span> <span class='ocrx_word' id='word_1_799' title='bbox 1693 3039 1765 3070; x_wconf 88' lang='lat' dir='ltr'>licet</span> <span class='ocrx_word' id='word_1_800' title='bbox 1788 3039 1826 3069; x_wconf 94' lang='lat' dir='ltr'>de</span> <span class='ocrx_word' id='word_1_801' title='bbox 1857 3039 2020 3070; x_wconf 88' lang='lat' dir='ltr'>nobilitate</span> <span class='ocrx_word' id='word_1_802' title='bbox 2048 3050 2114 3070; x_wconf 91' lang='lat' dir='ltr'>non</span> <span class='ocrx_word' id='word_1_803' title='bbox 2138 3040 2177 3071; x_wconf 89' lang='lat' dir='ltr'>sit</span> <span class='ocrx_word' id='word_1_804' title='bbox 2205 3041 2353 3078; x_wconf 91' lang='lat' dir='ltr'>dubium,</span> <span class='ocrx_word' id='word_1_805' title='bbox 2377 3043 2415 3073; x_wconf 94' lang='lat' dir='ltr'>de</span> <span class='ocrx_word' id='word_1_806' title='bbox 2438 3044 2567 3075; x_wconf 88' lang='lat' dir='ltr'>veritate</span> 
     </span>
     <span class='ocr_line' id='line_1_119' title="bbox 1503 3083 2566 3125; baseline 0.007 -13"><span class='ocrx_word' id='word_1_807' title='bbox 1503 3089 1610 3113; x_wconf 89' lang='lat' dir='ltr'>tamen</span> <span class='ocrx_word' id='word_1_808' title='bbox 1633 3083 1777 3123; x_wconf 91' lang='lat' dir='ltr'>quaestio</span> <span class='ocrx_word' id='word_1_809' title='bbox 1801 3089 1857 3113; x_wconf 92' lang='lat' dir='ltr'>est.</span> <span class='ocrx_word' id='word_1_810' title='bbox 1888 3083 1973 3114; x_wconf 91' lang='lat' dir='ltr'>Cum</span> <span class='ocrx_word' id='word_1_811' title='bbox 1998 3084 2083 3114; x_wconf 89' lang='lat' dir='ltr'>enirn</span> <span class='ocrx_word' id='word_1_812' title='bbox 2107 3094 2143 3114; x_wconf 88' lang='lat' dir='ltr'>ex</span> <span class='ocrx_word' id='word_1_813' title='bbox 2166 3085 2369 3125; x_wconf 89' lang='lat' dir='ltr'>possibilibus</span> <span class='ocrx_word' id='word_1_814' title='bbox 2397 3086 2490 3118; x_wconf 88' lang='lat' dir='ltr'>faciat</span> <span class='ocrx_word' id='word_1_815' title='bbox 2513 3098 2566 3119; x_wconf 89' lang='lat' dir='ltr'>na-</span> 
     </span>
     <span class='ocr_line' id='line_1_120' title="bbox 1502 3127 2566 3169; baseline 0.007 -13"><span class='ocrx_word' id='word_1_816' title='bbox 1502 3133 1572 3157; x_wconf 88' lang='lat' dir='ltr'>tura</span> <span class='ocrx_word' id='word_1_817' title='bbox 1596 3127 1719 3163; x_wconf 85' lang='lat' dir='ltr'>melius,</span> <span class='ocrx_word' id='word_1_818' title='bbox 1735 3137 1792 3158; x_wconf 91' lang='lat' dir='ltr'>nec</span> <span class='ocrx_word' id='word_1_819' title='bbox 1811 3128 1908 3158; x_wconf 85' lang='lat' dir='ltr'>ullam</span> <span class='ocrx_word' id='word_1_820' title='bbox 1931 3127 2158 3168; x_wconf 90' lang='lat' dir='ltr'>perfectionem</span> <span class='ocrx_word' id='word_1_821' title='bbox 2178 3129 2362 3169; x_wconf 86' lang='lat' dir='ltr'>possibilem</span> <span class='ocrx_word' id='word_1_822' title='bbox 2385 3131 2517 3162; x_wconf 90' lang='lat' dir='ltr'>inveniri</span> <span class='ocrx_word' id='word_1_823' title='bbox 2533 3132 2566 3162; x_wconf 93' lang='lat' dir='ltr'>in</span> 
     </span>
     <span class='ocr_line' id='line_1_121' title="bbox 1502 3171 2566 3216; baseline 0.006 -16"><span class='ocrx_word' id='word_1_824' title='bbox 1502 3171 1610 3211; x_wconf 87' lang='lat' dir='ltr'>aliquo</span> <span class='ocrx_word' id='word_1_825' title='bbox 1634 3181 1747 3210; x_wconf 88' lang='lat' dir='ltr'>genere</span> <span class='ocrx_word' id='word_1_826' title='bbox 1764 3172 1909 3211; x_wconf 85' lang='lat' dir='ltr'>deneget;</span> <span class='ocrx_word' id='word_1_827' title='bbox 1931 3178 1962 3202; x_wconf 92' lang='lat' dir='ltr'>et</span> <span class='ocrx_word' id='word_1_828' title='bbox 1977 3179 2123 3212; x_wconf 88' lang='lat' dir='ltr'>appetere</span> <span class='ocrx_word' id='word_1_829' title='bbox 2138 3172 2244 3203; x_wconf 86' lang='lat' dir='ltr'>futura</span> <span class='ocrx_word' id='word_1_830' title='bbox 2268 3175 2403 3214; x_wconf 86' lang='lat' dir='ltr'>cognita,</span> <span class='ocrx_word' id='word_1_831' title='bbox 2420 3175 2445 3205; x_wconf 91' lang='lat' dir='ltr'>si</span> <span class='ocrx_word' id='word_1_832' title='bbox 2466 3186 2566 3216; x_wconf 92' lang='lat' dir='ltr'>pone-</span> 
     </span>
     <span class='ocr_line' id='line_1_122' title="bbox 1502 3215 2564 3267; baseline 0.006 -23"><span class='ocrx_word' id='word_1_833' title='bbox 1502 3221 1595 3251; x_wconf 87' lang='lat' dir='ltr'>retur,</span> <span class='ocrx_word' id='word_1_834' title='bbox 1618 3222 1699 3246; x_wconf 88' lang='lat' dir='ltr'>esset</span> <span class='ocrx_word' id='word_1_835' title='bbox 1721 3225 1788 3245; x_wconf 87' lang='lat' dir='ltr'>non</span> <span class='ocrx_word' id='word_1_836' title='bbox 1803 3226 1915 3255; x_wconf 86' lang='lat' dir='ltr'>parvae</span> <span class='ocrx_word' id='word_1_837' title='bbox 1939 3215 2161 3267; x_wconf 70' lang='lat' dir='ltr'>perfectionis&#39;</span> <span class='ocrx_word' id='word_1_838' title='bbox 2153 3227 2186 3247; x_wconf 79' lang='lat' dir='ltr'>tn</span> <span class='ocrx_word' id='word_1_839' title='bbox 2209 3225 2320 3249; x_wconf 85' lang='lat' dir='ltr'>natura</span> <span class='ocrx_word' id='word_1_840' title='bbox 2343 3219 2505 3250; x_wconf 88' lang='lat' dir='ltr'>sensitiva.</span> <span class='ocrx_word' id='word_1_841' title='bbox 2526 3221 2564 3250; x_wconf 85' lang='lat' dir='ltr'>ad</span> 
     </span>
     <span class='ocr_line' id='line_1_123' title="bbox 1501 3259 2565 3303; baseline 0.006 -15"><span class='ocrx_word' id='word_1_842' title='bbox 1501 3259 1563 3289; x_wconf 93' lang='lat' dir='ltr'>hoc</span> <span class='ocrx_word' id='word_1_843' title='bbox 1587 3265 1654 3289; x_wconf 90' lang='lat' dir='ltr'>tota</span> <span class='ocrx_word' id='word_1_844' title='bbox 1676 3259 1820 3299; x_wconf 85' lang='lat' dir='ltr'>quaestio</span> <span class='ocrx_word' id='word_1_845' title='bbox 1845 3260 1983 3296; x_wconf 89' lang='lat' dir='ltr'>devenit,</span> <span class='ocrx_word' id='word_1_846' title='bbox 2004 3270 2044 3290; x_wconf 87' lang='lat' dir='ltr'>an</span> <span class='ocrx_word' id='word_1_847' title='bbox 2068 3261 2107 3292; x_wconf 92' lang='lat' dir='ltr'>sit</span> <span class='ocrx_word' id='word_1_848' title='bbox 2130 3261 2279 3301; x_wconf 90' lang='lat' dir='ltr'>possibile</span> <span class='ocrx_word' id='word_1_849' title='bbox 2303 3273 2492 3303; x_wconf 89' lang='lat' dir='ltr'>cognoscere</span> <span class='ocrx_word' id='word_1_850' title='bbox 2515 3264 2565 3294; x_wconf 87' lang='lat' dir='ltr'>fu-</span> 
     </span>
     <span class='ocr_line' id='line_1_124' title="bbox 1502 3303 2564 3347; baseline 0.005 -14"><span class='ocrx_word' id='word_1_851' title='bbox 1502 3309 1571 3333; x_wconf 88' lang='lat' dir='ltr'>tura</span> <span class='ocrx_word' id='word_1_852' title='bbox 1587 3303 1698 3334; x_wconf 86' lang='lat' dir='ltr'>notitia</span> <span class='ocrx_word' id='word_1_853' title='bbox 1715 3313 1793 3343; x_wconf 92' lang='lat' dir='ltr'>pure</span> <span class='ocrx_word' id='word_1_854' title='bbox 1810 3304 1966 3335; x_wconf 88' lang='lat' dir='ltr'>sensitiva.</span> <span class='ocrx_word' id='word_1_855' title='bbox 1982 3305 2014 3335; x_wconf 92' lang='lat' dir='ltr'>Si</span> <span class='ocrx_word' id='word_1_856' title='bbox 2037 3305 2122 3335; x_wconf 91' lang='lat' dir='ltr'>enim</span> <span class='ocrx_word' id='word_1_857' title='bbox 2138 3306 2287 3345; x_wconf 89' lang='lat' dir='ltr'>possibile</span> <span class='ocrx_word' id='word_1_858' title='bbox 2311 3314 2366 3343; x_wconf 90' lang='lat' dir='ltr'>est,</span> <span class='ocrx_word' id='word_1_859' title='bbox 2382 3308 2564 3347; x_wconf 87' lang='lat' dir='ltr'>negandum</span> 
     </span>
     <span class='ocr_line' id='line_1_125' title="bbox 1501 3347 2564 3391; baseline 0.006 -15"><span class='ocrx_word' id='word_1_860' title='bbox 1501 3347 1591 3377; x_wconf 91' lang='lat' dir='ltr'>nullo</span> <span class='ocrx_word' id='word_1_861' title='bbox 1614 3354 1708 3387; x_wconf 91' lang='lat' dir='ltr'>pacto</span> <span class='ocrx_word' id='word_1_862' title='bbox 1732 3355 1778 3378; x_wconf 91' lang='lat' dir='ltr'>est</span> <span class='ocrx_word' id='word_1_863' title='bbox 1800 3347 1932 3378; x_wconf 89' lang='lat' dir='ltr'>inveniri</span> <span class='ocrx_word' id='word_1_864' title='bbox 1955 3348 1987 3378; x_wconf 92' lang='lat' dir='ltr'>in</span> <span class='ocrx_word' id='word_1_865' title='bbox 2011 3349 2210 3380; x_wconf 88' lang='lat' dir='ltr'>animalibus.</span> <span class='ocrx_word' id='word_1_866' title='bbox 2232 3350 2264 3380; x_wconf 89' lang='lat' dir='ltr'>Si</span> <span class='ocrx_word' id='word_1_867' title='bbox 2287 3358 2394 3381; x_wconf 87' lang='lat' dir='ltr'>autem</span> <span class='ocrx_word' id='word_1_868' title='bbox 2416 3351 2564 3391; x_wconf 90' lang='lat' dir='ltr'>impossi—</span> 
     </span>
     <span class='ocr_line' id='line_1_126' title="bbox 1501 3391 2562 3435; baseline 0.005 -14"><span class='ocrx_word' id='word_1_869' title='bbox 1501 3391 1572 3427; x_wconf 89' lang='lat' dir='ltr'>bile,</span> <span class='ocrx_word' id='word_1_870' title='bbox 1600 3401 1666 3421; x_wconf 90' lang='lat' dir='ltr'>non</span> <span class='ocrx_word' id='word_1_871' title='bbox 1690 3391 1802 3422; x_wconf 90' lang='lat' dir='ltr'>defecit</span> <span class='ocrx_word' id='word_1_872' title='bbox 1824 3399 1946 3428; x_wconf 87' lang='lat' dir='ltr'>natura,</span> <span class='ocrx_word' id='word_1_873' title='bbox 1963 3393 2018 3423; x_wconf 90' lang='lat' dir='ltr'>sed</span> <span class='ocrx_word' id='word_1_874' title='bbox 2040 3394 2200 3434; x_wconf 90' lang='lat' dir='ltr'>supplevit</span> <span class='ocrx_word' id='word_1_875' title='bbox 2221 3394 2371 3425; x_wconf 91' lang='lat' dir='ltr'>instinctu</span> <span class='ocrx_word' id='word_1_876' title='bbox 2392 3396 2481 3435; x_wconf 92' lang='lat' dir='ltr'>quod</span> <span class='ocrx_word' id='word_1_877' title='bbox 2504 3395 2562 3426; x_wconf 91' lang='lat' dir='ltr'>im-</span> 
     </span>
     <span class='ocr_line' id='line_1_127' title="bbox 1501 3435 2493 3475; baseline 0.005 -10"><span class='ocrx_word' id='word_1_878' title='bbox 1501 3435 1649 3475; x_wconf 91' lang='lat' dir='ltr'>possibile</span> <span class='ocrx_word' id='word_1_879' title='bbox 1674 3442 1738 3466; x_wconf 88' lang='lat' dir='ltr'>erat</span> <span class='ocrx_word' id='word_1_880' title='bbox 1760 3435 1825 3466; x_wconf 89' lang='lat' dir='ltr'>fieri</span> <span class='ocrx_word' id='word_1_881' title='bbox 1849 3437 1887 3467; x_wconf 88' lang='lat' dir='ltr'>ab</span> <span class='ocrx_word' id='word_1_882' title='bbox 1911 3437 2046 3474; x_wconf 88' lang='lat' dir='ltr'>obiecto,</span> <span class='ocrx_word' id='word_1_883' title='bbox 2063 3444 2098 3468; x_wconf 92' lang='lat' dir='ltr'>ut</span> <span class='ocrx_word' id='word_1_884' title='bbox 2122 3437 2268 3468; x_wconf 85' lang='lat' dir='ltr'>animalia</span> <span class='ocrx_word' id='word_1_885' title='bbox 2292 3439 2493 3470; x_wconf 86' lang='lat' dir='ltr'>salvarentur.</span> 
     </span>
    </p>

    <p class='ocr_par' dir='ltr' id='par_1_35' title="bbox 1501 3479 2562 3612">
     <span class='ocr_line' id='line_1_128' title="bbox 1556 3479 2562 3522; baseline 0.006 -14"><span class='ocrx_word' id='word_1_886' title='bbox 1556 3479 1606 3509; x_wconf 91' lang='lat' dir='ltr'>Ad</span> <span class='ocrx_word' id='word_1_887' title='bbox 1632 3480 1886 3520; x_wconf 88' lang='lat' dir='ltr'>perspiciendum</span> <span class='ocrx_word' id='word_1_888' title='bbox 1910 3488 2016 3512; x_wconf 87' lang='lat' dir='ltr'>autem</span> <span class='ocrx_word' id='word_1_889' title='bbox 2039 3481 2110 3518; x_wconf 83' lang='lat' dir='ltr'>hoc,</span> <span class='ocrx_word' id='word_1_890' title='bbox 2135 3489 2261 3522; x_wconf 90' lang='lat' dir='ltr'>oportet</span> <span class='ocrx_word' id='word_1_891' title='bbox 2283 3492 2390 3513; x_wconf 90' lang='lat' dir='ltr'>cavere</span> <span class='ocrx_word' id='word_1_892' title='bbox 2414 3493 2452 3513; x_wconf 91' lang='lat' dir='ltr'>ne</span> <span class='ocrx_word' id='word_1_893' title='bbox 2477 3483 2562 3514; x_wconf 88' lang='lat' dir='ltr'>falla-</span> 
     </span>
     <span class='ocr_line' id='line_1_129' title="bbox 1502 3523 2562 3564; baseline 0.005 -11"><span class='ocrx_word' id='word_1_894' title='bbox 1502 3533 1583 3559; x_wconf 90' lang='lat' dir='ltr'>mur,</span> <span class='ocrx_word' id='word_1_895' title='bbox 1601 3523 1754 3554; x_wconf 91' lang='lat' dir='ltr'>intuendo</span> <span class='ocrx_word' id='word_1_896' title='bbox 1778 3525 1993 3564; x_wconf 88' lang='lat' dir='ltr'>cognitionem</span> <span class='ocrx_word' id='word_1_897' title='bbox 2017 3526 2196 3556; x_wconf 90' lang='lat' dir='ltr'>sensitivam</span> <span class='ocrx_word' id='word_1_898' title='bbox 2219 3526 2252 3556; x_wconf 90' lang='lat' dir='ltr'>in</span> <span class='ocrx_word' id='word_1_899' title='bbox 2276 3527 2377 3558; x_wconf 89' lang='lat' dir='ltr'>nobis.</span> <span class='ocrx_word' id='word_1_900' title='bbox 2398 3527 2562 3564; x_wconf 86' lang='lat' dir='ltr'>Quoniam</span> 
     </span>
     <span class='ocr_line' id='line_1_130' title="bbox 1501 3567 2561 3612; baseline 0.005 -15"><span class='ocrx_word' id='word_1_901' title='bbox 1501 3567 1534 3597; x_wconf 92' lang='lat' dir='ltr'>in</span> <span class='ocrx_word' id='word_1_902' title='bbox 1558 3567 1659 3605; x_wconf 90' lang='lat' dir='ltr'>nobis,</span> <span class='ocrx_word' id='word_1_903' title='bbox 1676 3578 1713 3598; x_wconf 87' lang='lat' dir='ltr'>ex</span> <span class='ocrx_word' id='word_1_904' title='bbox 1729 3569 1951 3600; x_wconf 90' lang='lat' dir='ltr'>coniunctione</span> <span class='ocrx_word' id='word_1_905' title='bbox 1968 3570 2007 3600; x_wconf 88' lang='lat' dir='ltr'>ad</span> <span class='ocrx_word' id='word_1_906' title='bbox 2030 3577 2152 3610; x_wconf 86' lang='lat' dir='ltr'>partem</span> <span class='ocrx_word' id='word_1_907' title='bbox 2167 3570 2399 3608; x_wconf 88' lang='lat' dir='ltr'>intellectivam,</span> <span class='ocrx_word' id='word_1_908' title='bbox 2416 3572 2488 3612; x_wconf 92' lang='lat' dir='ltr'>plus</span> <span class='ocrx_word' id='word_1_909' title='bbox 2507 3572 2561 3602; x_wconf 88' lang='lat' dir='ltr'>ali-</span> 
     </span>
    </p>
   </div>
   <div class='ocr_carea' id='block_1_24' title="bbox 2591 708 2702 730">
    <p class='ocr_par' dir='ltr' id='par_1_36' title="bbox 2591 708 2702 730">
     <span class='ocr_line' id='line_1_131' title="bbox 2591 708 2702 730; baseline -0.018 1"><span class='ocrx_word' id='word_1_910' title='bbox 2591 709 2601 720; x_wconf 70' lang='lat'><strong>·</strong></span> <span class='ocrx_word' id='word_1_911' title='bbox 2616 708 2645 730; x_wconf 91' lang='lat' dir='ltr'>D.</span> <span class='ocrx_word' id='word_1_912' title='bbox 2659 714 2702 730; x_wconf 83' lang='lat'>221.</span> 
     </span>
    </p>
   </div>
   <div class='ocr_carea' id='block_1_25' title="bbox 2598 1875 2809 1930">
    <p class='ocr_par' dir='ltr' id='par_1_37' title="bbox 2598 1875 2809 1930">
     <span class='ocr_line' id='line_1_132' title="bbox 2599 1875 2809 1898; baseline -0.005 0"><span class='ocrx_word' id='word_1_913' title='bbox 2599 1876 2608 1886; x_wconf 78' lang='lat'>⁸</span> <span class='ocrx_word' id='word_1_914' title='bbox 2615 1875 2692 1898; x_wconf 85' lang='lat' dir='ltr'>S.Tl1.</span> <span class='ocrx_word' id='word_1_915' title='bbox 2701 1876 2752 1898; x_wconf 82' lang='lat' dir='ltr'>lect.</span> <span class='ocrx_word' id='word_1_916' title='bbox 2762 1882 2809 1897; x_wconf 81' lang='lat' dir='ltr'>xtv.</span> 
     </span>
     <span class='ocr_line' id='line_1_133' title="bbox 2598 1902 2808 1930; baseline 0 -6"><span class='ocrx_word' id='word_1_917' title='bbox 2598 1913 2609 1918; x_wconf 87' lang='lat'>·-</span> <span class='ocrx_word' id='word_1_918' title='bbox 2614 1902 2752 1930; x_wconf 71' lang='lat' dir='ltr'>DidJiva,</span> <span class='ocrx_word' id='word_1_919' title='bbox 2758 1908 2808 1930; x_wconf 77' lang='lat' dir='ltr'>cap.</span> 
     </span>
    </p>
   </div>
   <div class='ocr_carea' id='block_1_26' title="bbox 2598 1935 2679 1957">
    <p class='ocr_par' dir='ltr' id='par_1_38' title="bbox 2598 1935 2679 1957">
     <span class='ocr_line' id='line_1_134' title="bbox 2598 1935 2679 1957; baseline 0.012 -7"><span class='ocrx_word' id='word_1_920' title='bbox 2598 1935 2640 1957; x_wconf 83' lang='lat' dir='ltr'>xu,</span> <span class='ocrx_word' id='word_1_921' title='bbox 2656 1935 2679 1951; x_wconf 90' lang='lat' dir='ltr'>n.</span> 
     </span>
    </p>
   </div>
   <div class='ocr_carea' id='block_1_27' title="bbox 2596 2653 2677 2702">
    <p class='ocr_par' dir='ltr' id='par_1_39' title="bbox 2596 2653 2677 2702">
     <span class='ocr_line' id='line_1_135' title="bbox 2596 2653 2677 2702; baseline 0 0"><span class='ocrx_word' id='word_1_922' title='bbox 2596 2653 2677 2702; x_wconf 49' lang='lat'>§.⁶3⁵3</span> 
     </span>
    </p>
   </div>
   <div class='ocr_carea' id='block_1_28' title="bbox 2694 1935 2717 1957">
    <p class='ocr_par' dir='ltr' id='par_1_40' title="bbox 2694 1935 2717 1957">
     <span class='ocr_line' id='line_1_136' title="bbox 2694 1935 2717 1957; baseline 0 -6"><span class='ocrx_word' id='word_1_923' title='bbox 2694 1935 2717 1957; x_wconf 83' lang='lat'>9.</span> 
     </span>
    </p>
   </div>
   <div class='ocr_carea' id='block_1_29' title="bbox 2679 2659 2809 2681">
    <p class='ocr_par' dir='ltr' id='par_1_41' title="bbox 2679 2659 2809 2681">
     <span class='ocr_line' id='line_1_137' title="bbox 2679 2659 2809 2681; baseline 0 -6"><span class='ocrx_word' id='word_1_924' title='bbox 2679 2659 2762 2681; x_wconf 79' lang='lat' dir='ltr'>x,.n2‚</span> <span class='ocrx_word' id='word_1_925' title='bbox 2799 2665 2809 2669; x_wconf 93' lang='lat'>-</span> 
     </span>
    </p>
   </div>
   <div class='ocr_carea' id='block_1_30' title="bbox 2695 2659 2795 2702">
    <p class='ocr_par' dir='ltr' id='par_1_42' title="bbox 2695 2659 2795 2702">
     <span class='ocr_line' id='line_1_138' title="bbox 2695 2659 2795 2702; baseline -0.011 0"><span class='ocrx_word' id='word_1_926' title='bbox 2695 2680 2739 2702; x_wconf 88' lang='lat' dir='ltr'>lect</span> <span class='ocrx_word' id='word_1_927' title='bbox 2755 2659 2795 2701; x_wconf 84' lang='lat' dir='ltr'>’xv.</span> 
     </span>
    </p>
   </div>
  </div>
 </body>
</html>
