2846 4146
145 748 153 756 ’
177 746 213 768 Cf.
232 753 271 774 qu.
294 752 339 767 Lvn

144 772 230 795 Introd.

169 905 208 984 ee

140 1492 147 1499 ⁶
165 1490 202 1512 Cf.
218 1491 350 1513 Comment.
435 1480 450 1496 ⁷¹

140 1517 212 1539 Caiet.
236 1521 288 1545 post
308 1521 350 1539 art.

140 1549 179 1572 seq
184 1559 189 1565 .

374 180 445 227 372
1066 182 1331 228 QUAESTIO
1361 182 1495 226 LVIII,
1526 180 1819 217 ARTICULUS
1850 181 1862 216 I

734 352 1142 431 QUAESTIO
1188 352 1379 428 QUIN
1381 347 2196 427 QUAGESIMAOCTAVA

456 482 539 521 DE
572 481 1000 522 DISTINCTIONE
1033 478 1354 519 VIRTUTUM
1387 478 1716 519 MORALIUM
1749 479 1827 519 AB
1862 479 2469 523 INTELLECTUALIBUS

1165 592 1198 616 IN
1229 591 1389 622 QUINQUE
1417 591 1618 617 ARTICULOS
1645 591 1760 617 DIVISA

463 700 570 724 ElNDE
604 687 921 724 considerandum
953 693 1007 721 est
1045 685 1090 722 de
1128 685 1329 721 virtutibus
1355 697 1437 721 mo-
1544 685 1744 722 Secundo:
1774 692 1901 722 utrum
1920 685 2039 723 virtus
2064 688 2217 725 moralis
2237 689 2485 737 distinguatur
2503 690 2551 727 ab

381 698 602 780 Dralibus
630 740 660 776 ²³⁶.
695 740 744 775 Et
774 739 919 787 primo,
951 737 998 774 de
1035 737 1270 774 distinctione
1305 750 1435 774 earum
1596 737 1846 774 intellectuali.
2150 783 2152 786 Ι

379 806 401 830 a
428 793 627 830 virtutibus
655 791 988 836 intellectualibus;
1023 790 1204 837 secundo,
1235 791 1282 828 de
1311 790 1437 828 distin·
1543 790 1695 828 Tertio:
1725 798 1853 828 utrum
1881 790 2113 828 sufficienter
2140 793 2329 831 dividatur
2347 795 2466 832 virtus
2485 807 2553 844 per

380 846 501 882 ctione
531 857 663 881 earum
696 844 743 880 ab
785 843 969 890 invicem,
1002 843 1214 880 secundum
1242 843 1436 892 propriam
1597 843 1885 880 intellectualem
1914 851 1950 880 et
1978 844 2175 882 moralem.

378 898 576 935 materiam
604 896 643 942 *3
673 896 793 943 tertio,
820 897 866 933 de
896 895 1130 933 distinctione
1158 896 1435 945 principalium,
1545 898 1709 944 Quarto:
1738 903 1879 943 utrum,
1901 897 2053 934 moralis
2080 897 2199 935 virtus
2217 899 2336 947 possit
2363 912 2445 937 esse
2471 900 2551 938 sine

377 952 439 988 vel
469 949 726 996 cardinalium,
742 950 790 985 ab
820 948 899 985 aliis
917 948 948 985 ³¹⁶.
1020 991 1035 997 „
1596 949 1846 986 intellectuali.

378 1003 488 1040 Circa
514 1002 682 1050 primum
712 1010 946 1050 quaeruntur
973 1001 1153 1051 quinque.
1546 1001 1710 1049 Quinto:
1735 1009 1876 1048 utrum,
1898 1014 1919 1038 e
1940 1014 2139 1051 converso,
2160 1003 2552 1043 intellectuatis-virtus

430 1055 581 1103 Primo:
610 1063 737 1092 utrum
767 1054 889 1092 omnis
916 1055 1035 1092 virtus
1064 1055 1109 1091 sit
1131 1054 1250 1091 virtus
1269 1054 1436 1091 moralis.
1597 1054 1715 1103 possit
1742 1063 1826 1091 esse
1854 1054 1934 1092 sine
1963 1056 2108 1093 morali.

1188 1162 1504 1204 ARTICULUS
1533 1162 1740 1204 PRIMUS

1068 1255 1222 1285 UTRUM
1246 1254 1378 1285 OMNJs
1402 1254 1558 1285 V1RTus
1582 1254 1649 1285 sn·
1673 1253 1862 1285 MoRAms

926 1335 955 1359 III
977 1335 1058 1364 Sem„
1080 1335 1138 1359 dist.
1157 1342 1225 1364 xxm,
1245 1342 1288 1366 qu.
1302 1341 1324 1364 1,
1343 1340 1389 1359 art.
1408 1342 1433 1365 4,
1450 1335 1496 1366 qu*
1511 1342 1539 1365 23
1559 1335 1567 1359 Ι
1589 1334 1684 1363 Εΐὴίε.,
1704 1335 1762 1359 lect.
1781 1343 1826 1365 xx3
1847 1335 1881 1367 11,
1903 1336 1961 1360 lect.
1979 1343 1997 1360 1.

590 1437 611 1461 n
640 1436 776 1461 PRIMUM
805 1436 858 1461 src
886 1435 1125 1460 paoctsnrrua.
1154 1422 1314 1459 Videtur
1331 1422 1438 1470 quod
1491 1422 1644 1460 dicitur:
1670 1423 1744 1465 Qui
1759 1424 1930 1461 habitare
1935 1425 2040 1472 facit
2058 1425 2167 1462 unius
2186 1426 2302 1462 moris
2330 1426 2367 1462 in
2387 1426 2510 1463 domo.
2527 1448 2550 1454 -

590 1477 713 1514 omnis
740 1477 858 1515 virtus
887 1476 932 1513 sit
957 1476 1111 1513 moralis
1129 1476 1159 1512 *.
1180 1475 1307 1512 Virtus
1336 1474 1437 1511 enirn
1490 1476 1540 1512 Et
1566 1476 1639 1512 hae
1668 1476 1825 1525 quidem
1854 1477 1951 1514 duae
1981 1477 2273 1525 significationes
2297 1478 2336 1515 in
2355 1479 2458 1515 nullo
2479 1479 2552 1516 dis-

563 1528 743 1567 moralis
772 1530 905 1567 dieitur
925 1541 947 1566 a
966 1541 1082 1574 more,
1113 1528 1209 1565 idest
1237 1535 1438 1565 consuetu-
1490 1528 1720 1576 tinguuntur,
1742 1529 1844 1578 apud
1865 1529 2033 1577 Latinos,
2054 1538 2239 1578 quantum
2259 1531 2308 1568 ad
2326 1543 2478 1568 vocem.
2509 1533 2551 1568 In

548 1575 688 1622 &dine
718 1583 795 1620 Sed
824 1582 996 1619 omnium
1016 1582 1199 1619 virtutum
1223 1589 1328 1617 actus
1349 1591 1437 1617 con-
1489 1593 1626 1628 graeco
1664 1590 1790 1618 autem
1825 1582 2123 1630 distinguuntur:
2159 1595 2250 1620 nam
2291 1585 2410 1629 ethos,
2445 1585 2552 1631 quod

377 1647 550 1672 suescere
565 1648 782 1684 possumus.
804 1636 906 1683 Ergo
922 1635 1048 1672 omnis
1062 1634 1180 1671 virtus
1200 1641 1256 1670 est
1270 1633 1434 1670 moralis,
1489 1634 1592 1683 apud
1612 1647 1683 1671 nos
1703 1647 1852 1671 morem
1878 1635 2072 1683 significat,
2094 1636 2325 1684 quandoque
2345 1636 2461 1672 habet
2477 1637 2552 1685 pri-

258 1730 270 1745 ε
310 1730 332 1745 Ἡ
431 1700 466 1725 2.
492 1689 724 1736 PRAETEREA,
753 1688 1008 1737 Philosophus
1038 1687 1135 1734 dicit,
1156 1687 1194 1723 in
1216 1686 1433 1733 11Ethic.*,
1490 1698 1594 1723 marn
1622 1688 1789 1734 longam,
1821 1694 1856 1723 et
1884 1687 2057 1724 scribitur
2083 1700 2153 1736 per
2180 1701 2225 1736 η,
2254 1698 2431 1736 graecam
2459 1688 2580 1740 litte--

344 1739 350 1746 ”
377 1741 483 1789 quod
509 1742 626 1778 virtus
653 1741 808 1778 moralis
835 1747 890 1778 est
914 1741 1060 1778 habitus
1087 1740 1260 1776 electivus
1288 1740 1324 1775 in
1358 1751 1434 1775 me·
1488 1751 1592 1785 ram;
1624 1740 1854 1789 quandoque
1892 1740 2007 1777 habet
2042 1741 2207 1789 primam
2246 1748 2482 1790 correptam,
2515 1749 2553 1779 et

376 1794 509 1830 dietate
536 1795 691 1831 rationis
724 1795 934 1831 consistens.
970 1794 1047 1830 Sed
1083 1793 1205 1830 omnis
1232 1792 1351 1829 virtus
1379 1791 1435 1828 vi·
1487 1791 1659 1828 scribitur
1685 1804 1754 1840 per
1781 1805 1807 1829 ε.

377 1846 486 1884 detur
515 1859 597 1883 esse
618 1852 634 1867 ‘²
661 1847 812 1884 habitus
842 1847 1039 1883 electivus:
1070 1845 1158 1895 quia
1178 1852 1283 1882 actus
1311 1844 1434 1881 cuius·
1541 1845 1688 1881 Dicitur
1720 1852 1848 1882 autern
1876 1845 1997 1883 virtus
2024 1845 2178 1884 moralis
2206 1860 2229 1884 a
2257 1859 2387 1895 more,
2418 1859 2552 1885 secun-

376 1899 465 1936 libet
483 1899 627 1936 virtutis
645 1911 852 1948 possumus
873 1911 916 1935 ex
937 1898 1119 1935 electione
1139 1891 1280 1935 facere.¹
1296 1897 1434 1934 Omnis
1484 1898 1582 1935 tlum
1610 1898 1716 1947 quod
1744 1910 1831 1935 mos
1851 1898 2035 1947 significat
2054 1899 2249 1949 quandam
2268 1899 2552 1937 inclinationem

377 1951 490 1988 etiam
509 1952 627 1989 virtus
647 1952 855 2001 aliqualiter
873 1952 912 1988 in
932 1951 1061 1989 medio
1082 1950 1236 1988 rationis
1256 1950 1434 1997 consistit,
1488 1952 1710 1997 naturalem,
1735 1951 1797 1988 vel
1825 1951 1934 2000 quasi
1962 1952 2185 2000 naturalem,
2206 1952 2255 1990 ad
2275 1952 2417 2002 aliquid
2436 1964 2551 2002 agen-

284 2024 296 2039 a
320 2034 349 2045 .,
376 2012 416 2041 ut
444 2004 538 2041 infra
556 2005 576 2026 ’¹‘
603 2005 757 2054 patebit.
786 2006 888 2053 Ergo
909 2005 1035 2042 omnis
1054 2004 1172 2042 virtus
1193 2011 1248 2040 est
1268 2003 1433 2040 moralis.
1490 2003 1594 2041 dum.
1625 2004 1674 2040 Et
1700 2003 1788 2041 huic
1816 2003 2082 2052 significationi
2109 2005 2226 2042 moris
2253 2005 2471 2055 propinqua
2495 2013 2552 2043 est

139 2331 150 2342 ⁴
163 2330 199 2352 De
208 2330 261 2352 Div.
273 2329 348 2362 Nom„

138 2373 189 2405 lect:
204 2373 261 2404 xx'n.

141 2487 147 2494 ·
158 2485 214 2532 Caq:
221 2490 272 2511 xm,
281 2490 303 2506 n.
312 2490 347 2506 κο.

139 2523 148 2527 -
160 2512 184 2532 S.
215 2511 236 2532 h.
248 2511 299 2532 lect.
309 2517 348 2532 xx.

431 2059 465 2094 3.
487 2059 718 2105 PRAETEREA,
735 2057 885 2094 Tullius
905 2057 1009 2104 dicit,
1030 2057 1069 2094 in
1089 2069 1157 2094 sua
1175 2057 1377 2094 Rhetorica
1395 2055 1432 2103 ²³,
1489 2056 1559 2093 alia
1597 2056 1840 2105 significatio,
1875 2069 1951 2106 qua
1988 2057 2174 2106 significat
2211 2058 2551 2096 consuetudinem:

313 2104 325 2119 ³
345 2113 351 2119 “
376 2107 482 2158 quod
500 2111 618 2147 virtus
641 2117 694 2148 est
710 2111 857 2147 habitus
876 2111 913 2147 in
933 2110 1086 2158 modum
1107 2115 1278 2156 naturae,
1298 2109 1437 2146 rationi
1489 2122 1579 2147 nam
1609 2110 1846 2148 consuetudo
1875 2110 2168 2158 quodammodo
2191 2111 2350 2148 vertitur
2376 2111 2415 2148 in
2443 2119 2551 2150 natu-

375 2169 654 2200 consentaneus.
685 2164 762 2200 Sed
791 2176 878 2200 cum
903 2163 1028 2200 omnis
1047 2163 1166 2200 virtus
1186 2163 1356 2201 humana
1376 2174 1436 2199 or·-
1489 2174 1585 2211 ram,
1615 2169 1652 2200 et
1678 2163 1765 2200 facit
1782 2163 2064 2200 inclinationem
2086 2163 2248 2201 similem
2267 2164 2438 2202 naturali.
2468 2165 2551 2202 Ma-

377 2215 525 2253 dinetur
552 2216 601 2253 ad
621 2218 766 2254 bonurn
786 2215 964 2263 hominis,
985 2223 1135 2265 oportet
1154 2215 1259 2265 quod
1278 2214 1326 2253 sit
1345 2217 1435 2252 con·
1488 2214 1666 2253 nifestum
1687 2223 1742 2253 est
1759 2223 1888 2253 autern
1909 2216 2014 2265 quod
2036 2216 2226 2254 inclinatio
2247 2217 2296 2254 ad
2316 2223 2442 2254 actum
2462 2228 2550 2266 pro-

376 2276 556 2306 sentanea
585 2269 738 2306 rationi:
770 2281 856 2306 cum
886 2269 1033 2306 bonum
1052 2266 1218 2306 hominis
1242 2267 1288 2308 sit
1305 2279 1434 2305 secun·
1488 2267 1568 2318 prie
1589 2267 1767 2307 convenit
1783 2268 2013 2317 'appetitivae
2032 2269 2171 2317 virtuti,
2193 2269 2297 2306 cuius
2318 2277 2374 2307 est
2390 2280 2550 2309 movere

375 2322 464 2358 dum
502 2322 684 2359 rationem
713 2334 810 2368 esse,
848 2329 890 2358 ut
924 2321 1129 2370 Dionysius
1157 2321 1246 2358 dicit
1268 2319 1301 2357 ⁸.
1329 2316 1434 2368 Ergo
1488 2332 1625 2359 omnes
1650 2321 1838 2371 potentias
1867 2321 1915 2359 ad
1943 2321 2147 2370 agendum,
2166 2329 2209 2358 ut
2228 2334 2274 2359 ex
2292 2322 2550 2371 supradictis*

341 2370 348 2377 ’
377 2374 501 2411 omnis
529 2375 647 2412 virtus
676 2383 731 2412 est
759 2374 925 2411 moralis.
1487 2381 1601 2423 patet.
1631 2374 1681 2411 Et
1708 2374 1795 2411 ideo
1824 2386 1902 2411 non
1931 2374 2056 2411 omnis
2085 2374 2204 2411 virtus
2227 2374 2362 2412 dicitur
2379 2374 2546 2423 moralis,

430 2428 504 2464 SED
534 2439 678 2465 CONTRA
706 2439 771 2464 EST
799 2427 904 2475 quod
933 2427 1187 2475 Philosophus
1217 2425 1323 2472 dicit,
1353 2425 1390 2462 in
1419 2427 1432 2462 I
1489 2426 1556 2463 sed
1584 2428 1709 2464 solum
1737 2426 1798 2463 illa
1825 2438 1925 2474 quae
1954 2434 2009 2463 est
2037 2426 2075 2464 in
2102 2427 2142 2464 vi
2170 2427 2386 2476 appetitiva.

374 2481 493 2517 Ethic.
514 2480 551 2517 *ε
578 2481 751 2518 Dicentes
778 2481 823 2516 de
849 2480 1027 2526 moribus,
1058 2491 1132 2516 non
1161 2479 1317 2516 dicimus
1345 2489 1435 2526 quo·
1540 2481 1598 2516 An
1627 2491 1763 2516 Palmum
1795 2491 1893 2516 ERGO
1925 2491 2109 2517 memnon
2145 2480 2252 2528 quod
2287 2479 2451 2517 obiectio
2486 2479 2548 2518 ina

375 2533 478 2569 niam
510 2533 656 2582 sapiens
683 2533 742 2570 vel
774 2533 981 2583 intelligens
990 2546 1003 2577 ,·
1033 2533 1099 2569 sed
1130 2532 1307 2580 quoniam
1337 2531 1434 2568 mitis
1487 2531 1658 2581 procedit
1683 2533 1728 2569 de
1753 2543 1873 2579 more,
1894 2532 2107 2570 secundum
2127 2532 2233 2582 quod
2252 2532 2438 2581 significat
2457 2545 2547 2571 con-

373 2585 433 2622 vel
458 2586 615 2623 sobrius.
646 2585 708 2623 Sic
735 2585 846 2634 igitur
869 2585 1053 2635 sapientia
1073 2592 1110 2622 et
1128 2584 1335 2622 intellectus
1354 2596 1432 2620 non
1487 2584 1739 2622 suetudinem.

374 2646 460 2675 sunt
492 2640 666 2676 morales.
703 2639 814 2685 Quae
850 2646 979 2675 tamen
1013 2646 1100 2675 sunt
1131 2637 1309 2684 virtutes,
1339 2637 1435 2674 sicut
1540 2640 1598 2675 An
1627 2649 1816 2675 sncunoum
1844 2649 2027 2674 mensuum
2051 2637 2158 2686 quod
2185 2637 2311 2675 omnis
2339 2645 2444 2675 actus
2471 2637 2549 2676 vir*-

230 2710 286 2731 ιω,
303 2710 316 2725 a
340 2719 345 2725 .
374 2703 487 2740 supra
505 2691 526 2713 ²¹²
554 2692 697 2729 dictum
733 2699 798 2728 est.
835 2692 926 2728 Non
955 2703 1044 2739 ergo
1079 2690 1204 2728 omnis
1231 2689 1349 2727 virtus
1379 2697 1435 2727 est
1486 2691 1573 2728 tutis
1601 2697 1726 2740 potest
1754 2702 1799 2727 ex
1828 2690 2010 2727 electione
2039 2691 2119 2739 agi:
2149 2691 2217 2728 sed
2246 2690 2471 2728 electionem
2491 2702 2548 2728 re-

374 2744 538 2781 moralis.
1487 2751 1586 2780 ctam
1610 2743 1685 2791 agit
1711 2743 1791 2780 sola
1810 2743 1929 2780 virtus
1948 2755 2047 2792 quae
2066 2750 2122 2780 est
2149 2743 2187 2780 in
2215 2743 2421 2792 appetitiva
2439 2750 2547 2792 parte

427 2798 651 2834 RESPONDEO
667 2809 850 2835 D1CENDUM
870 2797 975 2845 quod
992 2796 1039 2833 ad
1058 2796 1171 2833 huius
1188 2795 1429 2842 evidentiam,
1486 2796 1654 2842 animae;
1685 2796 1828 2833 dictum
1858 2803 1914 2833 est
1943 2796 2044 2834 enim
2069 2806 2182 2846 supra
2199 2795 2221 2818 ¹⁸
2248 2797 2352 2845 quod
2380 2796 2516 2844 eligere
2530 2795 2546 2827 Β

375 2850 614 2887 considerare
644 2858 792 2899 oportet
820 2850 911 2899 quid
940 2850 987 2887 sit
1005 2861 1107 2886 mos.-
1137 2849 1190 2886 sic
1214 2848 1316 2886 enirn
1338 2848 1431 2886 scire
1486 2857 1542 2886 est
1570 2857 1674 2886 actus
1703 2848 1931 2898 appetitivae
1958 2849 2074 2898 partis
2092 2849 2123 2887 *.
2153 2848 2264 2887 Unde
2292 2849 2442 2886 habitus
2471 2850 2546 2887 ele-
2571 2870 2581 2881 ·
2618 2885 2625 2892 ,

373 2903 582 2952 poterimus
602 2904 692 2952 quid
711 2903 757 2940 sit
776 2902 930 2940 moralis
949 2902 1079 2940 virtus.
1097 2903 1185 2939 Mos
1204 2909 1332 2938 autem
1353 2902 1430 2939 duo
1486 2903 1619 2950 ctivus‚
1650 2902 1714 2951 qui
1742 2902 1881 2939 scilicet
1909 2910 1965 2940 est
1993 2902 2184 2940 electionis
2212 2902 2454 2952 principium,
2488 2910 2546 2940 est

374 2956 567 3004 significat.
589 2957 832 3006 Quandoque
862 2956 963 2993 enim
982 2955 1166 3003 significat
1191 2954 1432 2992 consuetudi·
1485 2956 1610 2992 solum
1637 2955 1696 2992 ille
1725 2955 1789 3004 qui
1809 2955 1956 3004 perficit
1981 2955 2063 2993 vim
2083 2955 2345 3005 appetitivam:
2366 2955 2544 3004 quamvis

373 3021 484 3047 nem:
515 3010 609 3046 sicut
636 3009 769 3046 dicitur
786 3011 867 3046 Act.
884 3009 983 3046 xv*:
1004 3009 1093 3046 Nisi
1110 3007 1434 3045 circumcidamini
1485 3008 1598 3045 etiam
1627 3008 1788 3045 aliorum
1817 3007 2015 3046 habituum
2044 3016 2148 3046 actus
2180 3008 2250 3045 sub
2280 3008 2463 3045 electione
2483 3019 2547 3052 cae

371 3062 574 3100 secundum
603 3074 746 3099 morem
775 3062 918 3111 Moysi,
946 3074 1020 3099 non
1033 3062 1204 3110 poteritis
1221 3061 1318 3098 salvi
1324 3061 1429 3109 fieri.
1485 3061 1575 3098 dere
1603 3061 1759 3110 possint.

374 3115 617 3163 Quandoque
631 3127 724 3152 vero
741 3115 923 3163 significat
937 3114 1217 3152 inclinationem
1237 3113 1430 3162 quandam
1537 3116 1595 3151 An
1627 3125 1786 3151 ’rr-:arium
1815 3125 1998 3152 montinum
2028 3113 2133 3163 quod
2162 3119 2299 3152 natura
2327 3119 2380 3151 est
2400 3113 2542 3163 princi-

2568 2317 2586 2338 ‘-

2601 2325 2650 2355 απ.
2665 2332 2699 2356 ιι,
2713 2331 2756 2351 m.
2772 2333 2791 2350 ι.

2573 2804 2582 2814 ·
2591 2804 2639 2832 Qu.
2650 2810 2702 2833 ιω,
2712 2809 2756 2828 nt.
2765 2811 2784 2828 ι.

373 3169 595 3214 naturalem,
621 3169 682 3205 vel
711 3168 818 3216 quasi
847 3169 1069 3216 naturalem,
1090 3168 1139 3205 ad
1158 3167 1299 3216 aliquid
1319 3178 1431 3215 agen·
1478 3167 1586 3215 pium
1615 3173 1748 3213 motus,
1778 3166 1872 3204 sicut
1904 3166 2038 3205 dicitur
2055 3166 2094 3204 in
2114 3168 2145 3204 II
2165 3167 2314 3216 Physic.
2334 3166 2355 3189 '¹‘
2379 3167 2544 3204 Movere
2567 3179 2651 3228 ἔσθε..
2665 3185 2681 3206 ι,
2697 3185 2720 3202 n.
2734 3185 2780 3203 a..

375 3221 487 3258 dum:
517 3220 618 3258 unde
648 3220 760 3258 etiarn
781 3228 817 3258 et
836 3221 1035 3258 brutorum
1061 3220 1281 3257 animalium
1302 3219 1432 3256 dicun·
1484 3227 1613 3257 autem
1633 3219 1682 3257 ad
1702 3219 1893 3268 agendum
1916 3219 2115 3269 proprium
2135 3227 2192 3257 est
2209 3219 2438 3269 appetitivae
2457 3230 2542 3268 par·

372 3281 433 3311 tur
447 3274 560 3322 aliqui
576 3286 722 3320 mores;
738 3274 840 3311 unde
855 3273 988 3310 dicitur
1003 3272 1431 3320 11Machab.x1*,qu0d
1484 3272 1540 3309 tis.
1562 3273 1611 3309 Et
1630 3273 1716 3310 ideo
1737 3271 1933 3310 assimilari
1954 3280 2112 3310 naturae
2133 3272 2171 3311 in
2191 3271 2464 3310 consentiendo
2484 3283 2542 3309 ra·

373 3327 521 3364 leonum
560 3339 666 3364 more
701 3327 883 3363 irruentes
911 3327 947 3363 in
982 3327 1119 3372 hostes,
1142 3331 1434 3374 prostraverunt
1484 3325 1596 3372 tioni,
1633 3333 1688 3369 est
1721 3325 1920 3374 proprium
1952 3325 2137 3363 virtutum
2180 3337 2279 3375 quae
2312 3333 2399 3363 sunt
2431 3324 2469 3362 in
2501 3324 2541 3362 vi

373 3392 445 3417 eos.
466 3381 515 3416 Et
543 3379 595 3416 sic
623 3379 804 3429 accipitur
836 3391 921 3416 mos
950 3378 987 3415 in
1015 3379 1168 3415 Psalmo
1193 3390 1288 3415 van
1310 3378 1340 3425 ⁸,
1365 3377 1430 3414 ubi
1485 3378 1700 3427 appetitiva.

426 3502 451 3530 οι)
473 3498 576 3522 videtur
595 3504 657 3522 esse.
675 3511 692 3516 -
712 3502 750 3522 est
769 3497 821 3522 EF.
833 3510 851 3516 -
866 3497 915 3521 Pro
934 3497 1009 3526 actis,
1029 3500 1117 3521 actum
1138 3497 1247 3522 codices.
1456 3492 1459 3529 Ι
1539 3495 1564 3530 β)
1584 3498 1688 3529 eligere.
1702 3510 1722 3516 -
1740 3496 1766 3521 in
1786 3497 1885 3530 eligere
1903 3497 2137 3530 ACDEFGHLpss,
2156 3497 2236 3522 etiam
2255 3496 2352 3529 eIigere
2369 3495 2389 3519 l.

2659 3206 2712 3229 leet.
2726 3212 2742 3228 r.
