2852 4152
83 423 91 432 ·
107 421 173 443 Vers.
189 427 221 446 ¹4·

1025 226 1290 273 QUAESTIO
1321 227 1372 272 Χ,
1401 226 1695 262 ARTlcULus
1725 226 1775 262 lv
2410 209 2480 274 ‘89

319 314 434 344 tatem
463 317 541 342 non
568 305 666 341 velle
695 305 768 341 hoc
789 305 837 342 ad
857 306 958 354 quod
984 306 1089 341 Deus
1118 316 1203 341 eam
1233 311 1374 340 movet.

319 360 421 406 Ergo
450 370 604 394 necesse
633 365 689 393 est
717 363 802 394 earn
831 358 905 394 hoc
931 358 1040 394 velle.

374 411 448 447 SED
477 421 622 447 CONTRA
650 421 715 446 EST
744 410 848 458 quod
868 410 1001 447 dicitur
1017 409 1132 447 Eccli.
1147 420 1196 446 xv
1208 408 1244 445 *z
1273 409 1378 445 Deus

320 464 368 501 ab
396 463 499 499 initio
528 462 714 498 constituit
745 463 951 508 hominem,
981 468 1017 499 et
1046 461 1194 510 reliquit
1219 473 1303 498 eum
1339 462 1376 497 in

321 527 436 553 manu
456 514 602 552 consilii
616 515 685 551 sui.
716 515 806 551 Non
832 527 920 562 ergo
943 527 986 551 ex
1006 514 1225 552 necessitate
1245 521 1376 550 movet

320 569 557 606 voluntatem
587 567 678 604 eius.
1292 582 1294 585 ·

375 622 599 658 RESPONDEO
619 631 802 656 mCENDUM
831 619 947 668 quod,
977 619 1070 655 sicut
1098 618 1303 667 Dionysius
1323 618 1378 655 di-

84 683 295 706 *s.Th.¹ect-xxn¹-
323 674 386 721 cit,
415 685 451 710 ιν
479 685 560 721 cap.
581 672 627 709 de
644 672 732 709 Div.
752 672 869 709 Nom.
889 672 921 718 ²¹²,
951 672 1002 708 ad
1021 671 1295 719 providentiam
1325 672 1377 708 di-

182 1053 199 1079 Υ

321 727 450 764 vinam
477 737 552 762 non
575 725 739 774 pertinet
763 730 940 761 naturam
969 735 1096 760 rerum
1125 735 1377 771 corrumpere,

321 779 387 815 sed
402 789 565 815 servare.
587 777 698 815 Unde
719 777 850 814 omnia
868 783 1000 814 movet
1013 776 1223 813 secundum
1245 788 1378 813 eorum

323 830 601 870 conditionem:
630 830 681 867 ita
702 830 812 879 ‘quod
842 842 887 867 ex
916 829 1037 866 causis
1065 828 1283 866 necessariis
1311 841 1379 878 per

323 883 536 920 motionem
566 883 735 920 divinam
754 890 1038 930 consequuntur
1066 881 1221 919 effectus
1250 893 1295 918 ex
1315 894 1379 918 ne-

324 936 514 982 cessitate;
545 948 591 972 ex
611 935 731 973 causis
751 943 877 973 autern
898 934 1198 982 contingentibus
1217 946 1380 982 sequun-

323 997 382 1026 tur
402 988 557 1026 effectus
586 988 854 1036 contingenter.
885 987 985 1035 Quia
1003 987 1113 1035 igitur
1129 987 1306 1024 voluntas
1325 994 1381 1023 est

323 1042 489 1079 activum
505 1046 520 1070 Υ
539 1041 768 1090 principium
783 1053 862 1078 non
877 1040 1168 1078 determinatum
1183 1040 1231 1077 ad
1245 1051 1378 1086 unum,

323 1094 392 1131 sed
418 1094 676 1132 indifferenter
707 1106 747 1131 se
779 1094 924 1131 habens
951 1093 1001 1130 ad
1027 1093 1166 1138 multa,
1196 1091 1249 1128 sic
1275 1093 1379 1128 Deus

322 1147 444 1196 ipsam
473 1154 617 1194 movet,
647 1147 750 1195 quod
770 1155 848 1183 non
870 1157 914 1183 ex
933 1145 1153 1182 necessitate
1183 1145 1232 1181 ad
1258 1157 1378 1182 unum

325 1199 569 1247 determinat,
599 1199 666 1236 sed
694 1206 866 1236 remanet
898 1205 1024 1235 motus
1053 1197 1132 1234 eius
1161 1197 1380 1245 contingens

325 1259 360 1289 et
378 1265 457 1289 non
476 1252 720 1299 necessarius,
748 1252 818 1288 nisi
837 1251 875 1288 in
887 1251 952 1287 ‘his
971 1251 1020 1287 ad
1038 1262 1137 1298 quae
1166 1250 1382 1286 naturaliter

325 1312 513 1342 movetur.

1485 306 1543 340 AD
1562 315 1699 340 PRIMUM
1718 315 1815 340 ERGO
1834 315 2016 341 DlCENDUM
2036 306 2139 352 quod
2157 307 2332 342 voluntas
2357 306 2482 343 divina

1432 369 1511 393 non
1546 357 1671 393 solum
1707 368 1746 392 se
1776 356 1938 393 extendit
1964 365 2005 393 ut
2039 357 2177 405 aliquid
2211 359 2276 394 fiat
2308 371 2376 407 per
2403 371 2482 395 rem

1432 421 1548 458 quam
1575 415 1724 455 movet,
1753 409 1820 446 sed
1847 416 1887 445 ut
1915 408 2028 445 etiam
2051 408 2064 430 δ
2094 421 2139 445 eo
2168 410 2285 447 modo
2314 411 2379 447 fiat
2407 424 2481 460 quo

1433 461 1603 509 congruit
1621 469 1777 498 naturae
1797 461 1922 509 ipsius.
1953 462 2002 498 Et
2019 461 2105 498 ideo
2124 462 2243 509 magis
2262 471 2484 511 repugnaret

1432 514 1580 551 divinae
1610 513 1780 560 motioni,
1808 513 1839 550 si
1857 514 2034 551 voluntas
2055 526 2099 550 ex
2118 515 2335 551 necessitate
2354 527 2484 552 move-

1433 574 1543 614 retur,
1572 567 1676 614 quod
1705 578 1795 603 suae
1815 574 1971 603 naturae
1994 579 2072 604 non
2097 567 2291 615 competit;
2320 580 2435 615 quarn
2455 568 2485 604 si

1433 627 1652 656 moveretur
1679 619 1805 666 libere,
1834 626 1947 667 prout
1974 619 2154 667 competit
2181 632 2271 656 suae
2299 628 2465 656 naturae.

1485 674 1543 708 AD
1572 684 1760 708 SECUNDUM
1784 683 1966 709 mcENDUM
1995 672 2098 720 quod
2126 673 2294 709 naturale
2323 680 2379 709 est
2404 672 2485 709 uni-

1434 724 1570 772 cuique
1594 725 1697 772 quod
1725 726 1830 761 Deus
1858 731 2035 773 operatur
2052 724 2091 760 in
2108 724 2191 772 ipso
2218 732 2260 761 ut
2287 725 2332 761 sit
2359 724 2393 761 ei
2420 737 2485 762 na-

1433 778 1571 813 turale:
1602 777 1653 813 sic
1682 777 1783 814 enim
1810 777 2014 825 unicuique
2041 777 2220 814 convenit
2246 777 2398 826 aliquid,
2428 790 2484 814 se-

1434 829 1602 866 cundum
1618 834 1630 850 ⁵
1650 829 1754 877 quod
1773 831 1878 866 Deus
1896 830 1978 866 vult
1996 829 2101 877 quod
2117 829 2150 865 ei
2165 829 2376 867 conveniat.
2393 830 2484 867 Non

1434 889 1560 918 autem
1588 882 1669 918 vult
1697 882 1800 930 quod
1827 882 2010 931 quidquid
2038 889 2214 931 operatur
2232 882 2270 919 in
2290 883 2412 929 rebus,
2441 882 2486 919 sit

1435 934 1485 971 eis
1504 935 1683 981 naturale,
1704 942 1795 982 puta
1814 934 1917 982 quod
1936 934 2075 971 mortui
2094 942 2298 982 resurgant.
2320 935 2397 972 Sed
2410 935 2484 972 hoc

1433 988 1515 1024 vult
1533 986 1734 1034 unicuique
1756 999 1837 1023 esse
1865 988 2043 1034 naturale,
2074 987 2176 1036 quod
2194 987 2368 1036 potestati
2392 987 2484 1024 divi-

1434 1052 1504 1076 nae
1534 1039 1726 1076 subdatur.

1487 1093 1544 1128 AD
1572 1103 1730 1129 TER-num
1749 1103 1930 1129 chENmJM
1950 1092 2064 1140 quod,
2095 1092 2125 1128 si
2144 1093 2248 1128 Deus
2268 1100 2399 1129 movet
2415 1105 2484 1129 vo-

1433 1146 1616 1181 luntatem
1636 1145 1684 1181 ad
1708 1144 1859 1193 aliquid,
1884 1144 2188 1192 incompossibile
2209 1152 2264 1181 est
2281 1144 2368 1181 huic
2385 1145 2485 1193 posi-

1433 1197 1525 1234 tioni
1543 1196 1555 1221 t
1575 1197 1678 1246 quod
1696 1198 1872 1234 voluntas
1891 1197 1939 1233 ad
1958 1197 2047 1233 illud
2067 1209 2145 1234 non
2163 1205 2372 1234 moveatur.
2394 1198 2484 1234 Non

1434 1257 1560 1287 tamen
1576 1257 1631 1287 est
1649 1249 1880 1298 impossibile
1900 1249 2124 1298 simpliciter.
2141 1249 2250 1286 Unde
2265 1261 2343 1286 non
2362 1249 2484 1298 sequi-

1434 1310 1495 1339 tur
1513 1303 1617 1350 quod
1635 1303 1810 1339 voluntas
1829 1314 1851 1339 a
1865 1303 1949 1339 Deo
1969 1313 2015 1338 ex
2034 1302 2253 1339 necessitate
2272 1310 2482 1340 moveatur.

316 1459 321 1461 s
377 1434 547 1483 fl‘acfib'im.
564 1462 584 1468 -
601 1452 708 1475 actuum
726 1437 893 1480 Ancnpnp.

377 1484 402 1517 δ)
421 1484 510 1509 etiam.
527 1497 547 1502 -
565 1483 626 1508 Om.
645 1483 756 1508 codices.

377 1521 399 1552 ε)
417 1519 570 1545 secundum.
589 1532 607 1537 —
625 1518 687 1544 Om.
705 1518 734 1543 F.

1485 1448 1510 1480 ζ)
1530 1449 1737 1480 incompossibile
1754 1452 1794 1474 est
1810 1449 1871 1474 huic
1884 1434 2020 1481 positioni.
2037 1463 2056 1469 -
2074 1449 2233 1481 impossibile
2250 1452 2290 1474 est
2302 1435 2356 1474 *hoc
2369 1450 2436 1481 poni
2453 1449 2484 1481 L,

1433 1483 1592 1542 ἒνᾶιριέεεὶὸίῑε
1610 1486 1649 1508 est
1668 1483 1736 1515 poni
1761 1484 1779 1507 P
1786 1492 1794 1514 ;
1812 1492 1860 1516 pro
1879 1485 2098 1515 incompossibile‚
2125 1484 2282 1516 impossibile
2305 1483 2440 1516 HIKpEsD
2459 1490 2484 1508 et

472 3537 581 3562 Sumam:
599 3536 699 3561 Tflsson.
718 3535 750 3560 D.
762 3535 875 3560 Tnonaz
893 3534 926 3560 Τ.
945 3535 984 3560 ΙΠ.
