2846 4146
148 582 158 591 ·
172 582 238 608 patet
250 580 267 602 Ρ
286 583 308 602 et
323 579 359 601 ed.

148 613 201 635 ¹5¹4-

147 716 156 724 ·
173 713 210 736 Cf.
224 719 288 735 num.
305 719 352 735 vin.

146 2063 298 2114 ὗ·ἰἷὲίέῃιιιιείιὶιίπ
302 2070 360 2112 iliu.

148 2145 210 2195 ²31.
228 2151 294 2170 num.
307 2152 360 2173 vm,

193 2187 201 2195 .

147 3419 156 3429 ·
170 3417 242 3440 Num.
257 3424 289 3440 tx.

1060 237 1323 283 QUAESTIO
1354 236 1453 282 LIV,

383 314 444 346 tale
467 313 628 344 obiectum
651 321 686 344 ut
710 311 825 348 scibile,
842 323 908 343 non
932 313 991 343 nisi
1014 314 1191 345 inchoative
1216 315 1439 345 determinatur

382 367 439 398 per
461 357 646 387 huiusmodi
662 356 780 396 species
796 356 969 387 ordinatas:
987 358 1062 397 quia
1077 368 1142 388 non
1158 358 1217 388 nisi
1241 365 1276 388 ut
1292 358 1438 388 ordinan-

384 408 434 432 tur
457 401 497 430 ad
520 400 681 430 scientiam
705 399 789 429 illius
813 400 935 431 obiecti.
959 401 1050 431 Unde
1074 401 1262 441 completive
1292 402 1438 432 determi-

384 451 476 475 natur
499 454 555 484 per
582 443 741 479 habitum,
765 453 831 483 quo
859 443 922 473 iam
951 445 1127 475 intellectus
1156 455 1222 475 non
1253 452 1288 475 ut
1317 446 1349 475 in
1372 445 1438 481 via,

385 487 659 528 quemadmodum
682 497 738 527 per
761 487 878 527 species
902 488 1069 524 ordinatas,
1094 489 1149 518 sed
1171 495 1207 519 ut
1229 489 1262 518 in
1285 489 1438 525 termino;

385 541 443 562 nec
466 541 521 571 per
543 532 679 561 modum
701 530 856 570 passionis
875 532 1072 568 transeuntis,
1089 533 1362 572 quemadmodum
1385 542 1440 572 per

386 582 493 606 actum
515 574 646 610 sciendi;
673 574 728 604 sed
751 572 880 604 firmiter
908 581 938 604 et
966 575 1055 615 quasi
1080 575 1285 606 immobiliter
1307 577 1400 606 habet
1423 576 1440 595 *

386 618 547 649 obiectum
569 618 649 648 illud
671 617 777 647 scibile
801 624 836 647 ut
859 617 911 648 sic.
1243 617 1247 622 '

442 662 561 699 Quarta
575 671 650 692 vero
665 660 819 691 habitudo
839 668 923 701 patet
940 671 976 691 ex
992 663 1201 701 praecedenti;
1222 670 1252 693 et
1268 673 1305 693 ex
1320 673 1440 703 reprae-

386 705 561 736 sentatione
593 705 786 745 specierum;
811 712 840 735 et
864 715 900 735 ex
930 705 1078 744 potentiis
1102 706 1264 737 antedictis
1286 707 1320 743 *;
1345 714 1375 737 et
1403 717 1439 736 ex

386 749 506 780 actibus
521 748 638 779 sciendi
655 748 790 778 diversas
814 749 1045 780 conclusiones.
1059 749 1100 780 Et
1126 751 1306 789 retrogrado
1331 750 1440 780 ordine

385 792 597 832 procedendo,
618 791 644 822 si
666 799 753 822 actus
777 792 890 822 diversi
913 792 1030 823 sciendi
1063 793 1199 823 diversas
1222 794 1440 824 conclusiones

385 835 419 866 in
442 845 505 866 una
528 835 665 871 scientia,
690 842 764 866 sunt
782 836 868 866 velut
890 844 992 875 partes
1015 836 1158 867 habentis
1179 837 1317 873 habitus;
1342 844 1372 867 et
1396 837 1440 866 di-

385 888 491 910 versae
514 879 632 919 species
655 880 695 908 ad
718 880 857 910 diversos
881 879 1066 910 huiusmodi
1085 887 1171 911 actus
1195 881 1388 916 ordinantur,
1406 887 1441 911 ut

386 929 488 962 patet:
509 932 706 963 consequens
729 930 775 954 est
794 929 830 953 ut
851 923 937 963 ipsae
957 933 1088 964 quoque
1110 923 1228 964 species
1251 924 1284 954 in
1303 924 1440 964 partium

387 966 659 997 coordinationem
676 967 796 997 cadant.
808 984 829 989 -
842 967 929 997 Idem
941 976 1071 1007 quoque
1084 967 1225 1007 sequitur
1238 978 1274 998 ex
1287 978 1325 998 eo
1342 969 1439 1008 quod,

387 1010 426 1040 ad
448 1009 676 1050 perficiendum
695 1010 871 1050 potentiam
892 1010 1068 1041 intellectus
1083 1018 1226 1050 respectu
1249 1011 1343 1042 huius
1367 1022 1440 1042 con-

387 1054 547 1090 clusionis,
564 1054 641 1084 aliae
662 1054 779 1094 species
804 1053 989 1084 ordinantur
1011 1055 1049 1084 ab
1072 1054 1133 1085 illis
1152 1065 1233 1095 quae
1257 1055 1442 1086 ordinantur

387 1097 426 1127 ad
449 1097 676 1137 perficiendum
707 1098 1048 1139 potentiamvrespectu
1079 1099 1205 1129 alterius
1229 1099 1440 1130 conclusionis

387 1140 529 1171 eiusdem
553 1141 698 1172 scientiae
715 1148 745 1172 et
761 1141 874 1171 scibilis
890 1140 1071 1172 formaliter.
1087 1159 1108 1165 ·-
1125 1142 1210 1173 Cum
1226 1143 1320 1174 etiam
1336 1149 1442 1174 nostra

387 1184 515 1215 scientia
538 1186 602 1215 duo
631 1185 747 1225 exigat,
773 1184 1032 1215 assimilationem
1063 1185 1239 1217 intellectus
1264 1187 1303 1216 ad
1326 1197 1374 1217 res
1403 1187 1441 1217 de

387 1228 503 1268 quibus
520 1235 566 1259 est
583 1229 721 1265 scientia,
737 1235 768 1259 et
790 1228 1084 1259 determinationem
1097 1229 1273 1260 intellectus
1296 1231 1336 1260 ad
1355 1240 1442 1260 com-

387 1272 584 1311 ponendum,
605 1272 810 1302 dividendum
833 1271 1135 1313 discurrendumque
1158 1273 1239 1304 inter
1257 1273 1443 1304 huiusmodi

387 1324 451 1351 res;
471 1322 502 1346 et
523 1316 664 1355 primum
682 1315 736 1346 fiat
751 1325 807 1355 per
821 1315 939 1355 species
961 1315 1180 1355 intelligibiles,
1197 1318 1373 1348 secundum
1389 1328 1442 1348 au-

387 1366 452 1390 tem
475 1369 531 1398 per
553 1359 640 1389 illam
663 1359 848 1399 qualitatem
863 1358 1080 1390 habilitantem
1102 1359 1297 1390 intellectum
1320 1362 1359 1391 ad
1383 1361 1443 1391 tale

387 1402 709 1440 scibile;r„et⁴eonstet
731 1402 819 1442 quod
843 1401 982 1440 primurn
1009 1402 1172 1433 ordinatur
1194 1404 1234 1433 ad
1257 1405 1442 1440 secundum,

387 1445 420 1475 iri
436 1455 502 1486 quo
521 1452 763 1476 consummatur
777 1444 920 1475 scientia:
941 1455 1137 1486 consequens
1154 1454 1200 1477 est
1214 1448 1303 1487 quod
1326 1449 1444 1488 species

386 1489 606 1530 intelligibiles,
622 1488 884 1529 repraesentando
900 1497 936 1518 ea
952 1489 990 1519 de
1004 1489 1122 1530 quibus
1138 1497 1184 1520 est
1207 1490 1344 1527 scientia,
1361 1492 1444 1522 clau-

387 1532 502 1564 dantur
523 1533 583 1564 sub
606 1532 735 1563 scientia
756 1539 909 1572 tanquam
928 1533 1111 1563 secundaria
1133 1535 1192 1564 sub
1207 1534 1382 1575 principali.
1398 1538 1444 1566 Ac

386 1585 445 1616 per
457 1576 528 1613 hoc,
540 1576 668 1607 scientia
681 1586 738 1616 per
752 1576 888 1616 seipsam
903 1576 998 1607 habet
1011 1583 1118 1607 actum
1134 1575 1358 1618 componendi,
1376 1586 1444 1615 etc„

387 1629 444 1660 per
465 1620 584 1660 species
610 1630 686 1651 vero
715 1620 809 1651 habet
831 1627 938 1652 actum
967 1622 1236 1660 repraesentandi:
1261 1622 1342 1653 sicut
1371 1633 1444 1662 pru-

388 1663 493 1695 dentia
515 1673 572 1704 per
593 1664 729 1704 seipsam
751 1663 912 1704 praecipit,
937 1670 967 1694 et
989 1674 1045 1704 per
1068 1665 1228 1695 eubuliam
1252 1666 1443 1698 consiliatur.

388 1707 475 1739 Cum
496 1707 592 1747 igitur
607 1707 825 1738 determinatio
848 1708 1024 1739 intellectus
1039 1709 1078 1750 ad
1097 1709 1204 1739 scibile
1220 1709 1311 1749 plura
1329 1710 1443 1750 exigat;

388 1758 420 1782 et
439 1751 475 1782 in
498 1751 662 1791 speciebus
683 1751 930 1791 intelligibilibus
961 1752 1111 1783 ordinatis
1133 1752 1311 1784 inchoative
1334 1754 1389 1790 sit,
1414 1761 1444 1785 et

387 1794 420 1826 in
435 1795 584 1836 qualitate
597 1795 650 1826 illa
665 1794 800 1834 simplici
816 1802 1068 1827 consummetur:
1086 1806 1282 1837 consequens
1298 1804 1344 1828 est
1355 1798 1444 1838 quod

387 1839 508 1879 species
529 1839 739 1878 intelligibiles
769 1846 921 1880 tanquam
954 1846 1056 1879 partes
1084 1840 1270 1879 potentiales
1298 1842 1443 1872 scientiae

386 1882 466 1919 sinu
490 1882 751 1923 vigilandumque
779 1882 835 1920 sit,
858 1881 943 1925 {cum
966 1884 1004 1914 de
1028 1883 1182 1914 attributis
1210 1885 1444 1916 conditionibus

387 1936 443 1958 seu
467 1926 588 1958 actibus
611 1926 757 1957 scientiae
780 1934 826 1957 est
849 1937 969 1963 sermo,
994 1927 1071 1967 quid
1095 1927 1122 1957 ei
1146 1928 1311 1959 conveniat
1333 1929 1444 1959 imme-

388 1969 469 2002 diate
493 1977 523 2002 et
545 1970 623 2011 quid
654 1971 811 2001 mediante
835 1978 921 2011 parte
954 1970 1134 2011 potentiali,
1162 1971 1239 2012 quid
1263 1972 1445 2012 simpliciter

388 2020 420 2045 et
441 2014 520 2054 quid
542 2014 719 2045 secundum
742 2021 872 2054 partem.
897 2033 918 2038 -
942 2015 1028 2045 Haec
1052 2015 1090 2044 de
1113 2015 1215 2046 tertio.

394 2079 395 2082 ,
442 2058 482 2088 X.
499 2058 616 2095 Quoad
630 2064 780 2098 quartum
790 2058 817 2095 *,
828 2058 930 2098 prima
945 2058 1112 2088 auctoritas
1127 2069 1151 2089 s.
1161 2059 1307 2090 Thomae
1318 2059 1352 2079 **
1366 2059 1444 2090 nihil

387 2101 514 2142 penitus
536 2102 650 2133 obstat.
665 2102 750 2139 Quia
773 2109 981 2142 augmentum
990 2112 1054 2142 per
1071 2102 1262 2133 additionem
1285 2103 1328 2134 ibi
1351 2113 1444 2134 voca-

387 2153 439 2177 tur
453 2153 662 2186 augmentum
677 2146 873 2176 extensivum
884 2145 918 2175 *z
939 2153 975 2176 ut
989 2155 1130 2186 expresse
1145 2146 1279 2187 ipsemet
1294 2157 1327 2177 se
1342 2147 1443 2178 decla-

387 2195 436 2220 rat
456 2189 596 2225 inferius,
611 2189 645 2219 in
667 2200 722 2231 qu.
739 2200 821 2226 var,
837 2196 893 2220 art.
919 2200 944 2226 1,
962 2189 1026 2226 ubi,
1046 2189 1176 2229 repetita
1191 2189 1390 2221 distinctione
1406 2191 1444 2221 de

386 2239 559 2273 augmento
582 2232 703 2264 formae
726 2234 902 2264 secundum
925 2233 1060 2273 seipsam
1087 2240 1118 2264 et
1140 2243 1178 2264 ex
1200 2240 1287 2273 parte
1313 2234 1444 2265 subiecti

386 2276 618 2318 participantis,
644 2277 719 2308 dicit
748 2277 837 2317 quod
866 2277 1054 2316 magnitudo
1083 2277 1134 2307 vel
1163 2276 1299 2317 parvitas
1322 2278 1444 2308 formae

386 2320 564 2352 secundum
594 2321 731 2360 seipsam
765 2320 936 2352 attenditur
965 2320 1142 2351 secundum
1170 2331 1206 2351 ea
1237 2321 1277 2351 ad
1300 2331 1382 2361 quae
1411 2331 1444 2351 se

386 2364 532 2396 extendit.
549 2364 590 2395 Et
604 2364 680 2405 quia
694 2364 824 2395 scientia
838 2364 938 2395 modo
955 2364 995 2394 ad
1010 2363 1169 2403 pauciora,
1186 2365 1285 2395 modo
1300 2365 1340 2395 ad
1354 2365 1444 2405 plura

385 2417 420 2439 se
442 2408 595 2444 extendit,
611 2408 691 2439 ideo
720 2407 766 2438 sic
794 2407 925 2448 suscipit
956 2414 1173 2447 augmentum.
1197 2408 1304 2439 Virtus
1336 2416 1444 2439 autem

386 2451 524 2488 maelis,
540 2450 616 2492 quia
630 2451 671 2493 ad
693 2451 802 2483 omnia
824 2457 951 2491 oportet
965 2451 1054 2491 quod
1069 2461 1103 2482 se
1119 2452 1272 2488 extendat,
1289 2452 1361 2483 ideo
1377 2463 1444 2483 non

386 2494 595 2535 aiezaugetur.
613 2495 706 2526 Unde
729 2505 766 2526 a
781 2495 843 2526 hoc
866 2495 955 2535 quod
969 2497 1091 2526 Auctor
1114 2495 1189 2526 dicit
1210 2495 1313 2535 ipsam
1336 2496 1443 2536 angeri

386 2549 443 2579 per
465 2539 670 2574 additionem,
688 2538 767 2569 nihil
781 2539 868 2569 aliud
891 2538 1023 2568 habetur
1042 2538 1102 2568 nisi
1125 2539 1214 2578 quod
1237 2546 1370 2578 augetur
1392 2550 1443 2570 ex-

386 2582 515 2618 tensive,
539 2583 614 2623 quia
636 2583 676 2613 ad
699 2582 791 2622 plura
817 2582 967 2612 continue
990 2591 1022 2612 se
1046 2582 1192 2613 extendit.
1214 2582 1262 2612 Ex
1283 2582 1345 2613 hoc
1367 2593 1442 2614 vero

386 2626 476 2666 quod
495 2626 570 2657 dicit
587 2626 760 2657 secundum
776 2626 911 2665 seipsam
928 2625 971 2656 sic
990 2625 1106 2664 augeri,
1124 2635 1190 2655 non
1206 2625 1338 2656 habetur
1353 2627 1442 2667 quod

386 2669 420 2700 in
442 2669 511 2710 ipsa
540 2679 598 2701 sua
619 2670 752 2701 essentia
783 2667 837 2699 fiat
859 2668 997 2699 additio:
1021 2669 1076 2699 sed
1098 2669 1188 2709 quod
1218 2679 1254 2699 ex
1276 2669 1345 2710 ipsa
1375 2670 1442 2701 eius

353 2734 359 2741 .
386 2712 531 2752 specifica
548 2713 669 2744 ratione
684 2713 778 2744 habet
792 2711 881 2752 quod
895 2712 938 2742 sic
954 2719 1114 2752 augeatur,
1130 2719 1166 2743 ut
1181 2713 1212 2743 in
1229 2712 1281 2743 illa
1297 2723 1352 2754 qu.
1369 2724 1411 2744 m
1424 2714 1442 2733 *

387 2756 578 2788 declaratum
601 2763 656 2788 est.

442 2799 588 2831 Secunda
604 2809 680 2831 vero
695 2799 873 2835 auctoritas,
890 2809 927 2829 ex
940 2809 994 2839 qu.
1011 2809 1071 2830 1.xv
1088 2799 1227 2836 inferius,
1245 2809 1319 2830 cum
1338 2810 1441 2831 exem·

387 2843 511 2883 plariter
530 2845 568 2874 ab
583 2846 723 2875 Auctore
737 2843 916 2879 inducatur,
935 2842 1137 2883 intelligenda
1153 2844 1265 2883 procul
1281 2845 1380 2875 dubio
1396 2851 1443 2875 est

386 2887 472 2920 iuxta
499 2897 629 2918 sensum
651 2897 670 2919 a
693 2886 797 2927 seipso
820 2887 945 2923 datum,
970 2886 1025 2917 ubi
1048 2896 1085 2918 ex
1106 2887 1272 2927 proposito
1296 2888 1442 2928 superius

386 2931 448 2962 hoc
471 2931 647 2967 declaravit,
667 2930 783 2962 scilicet
805 2940 860 2971 qu.
881 2940 941 2967 L1v,
964 2937 1019 2962 art.
1040 2940 1072 2970 4,
1083 2930 1129 2970 ⁸ad
1155 2931 1183 2962 3.
1207 2931 1343 2962 Intendit
1366 2941 1440 2972 ergo

387 2975 426 3007 de
449 2974 655 3016 acquisitione
673 2984 740 3004 non
763 2974 949 3005 terminante
964 2973 1198 3014 generationem
1214 2974 1370 3011 scientiae,
1387 2976 1442 3006 sed

386 3018 572 3051 terminante
594 3017 885 3058 augmentationem
912 3017 1071 3048 eiusdem:
1094 3017 1137 3048 ita
1160 3018 1248 3058 quod
1270 3019 1454 3058 geometria·

387 3061 514 3094 modico
537 3062 643 3093 studio
663 3061 804 3102 acquirit,
820 3061 1087 3092 demonstratione
1103 3067 1326 3101 augmentante
1344 3062 1442 3093 scien-

387 3106 477 3143 tiam,
505 3106 652 3137 notitiam
679 3105 891 3136 conclusionis
913 3115 1012 3145 quarn
1034 3107 1201 3145 nunquam
1223 3105 1441 3137 consideravit.

387 3150 459 3180 Hoc
475 3150 561 3181 enim
573 3156 618 3181 est
632 3149 791 3190 acquirere
803 3148 965 3180 scientiam
981 3158 1081 3179 novae
1094 3149 1316 3185 conclusionis,
1329 3159 1440 3190 quam-

386 3193 432 3224 vis
457 3204 522 3224 non
546 3193 586 3224 sit
608 3193 767 3234 acquirere
790 3192 952 3224 scientiam
966 3192 1054 3223 illam
1070 3192 1265 3233 simpliciter:
1285 3192 1374 3230 idest,
1391 3204 1440 3224 ac-

386 3238 482 3278 quirit
497 3237 583 3268 illam
599 3237 791 3277 inquantum
806 3244 852 3268 est
867 3236 993 3267 scientia
1007 3235 1092 3266 illius
1113 3237 1324 3268 conclusionis
1341 3247 1439 3278 quam

387 3290 552 3322 nunquam
576 3280 792 3317 consideravit,
815 3279 960 3321 quamvis
984 3290 1049 3310 non
1072 3279 1211 3321 acquirat
1233 3280 1320 3310 illam
1343 3281 1440 3311 scien-

385 3325 461 3356 tiam
485 3324 675 3365 simpliciter.

439 3369 545 3399 Tertia
557 3378 686 3409 quoque
699 3367 875 3404 auctoritas,
887 3377 923 3398 ex
935 3377 989 3408 qu.
1002 3378 1083 3399 nxvn
1094 3367 1234 3403 inferius,
1244 3377 1309 3398 non
1326 3368 1439 3399 obstat.

385 3413 478 3450 Quia,
494 3420 530 3443 ut
548 3422 585 3443 ex
604 3412 692 3442 dictis
707 3411 724 3431 *
735 3417 829 3451 patet,
842 3411 960 3451 species
975 3411 1183 3451 intelligibiles
1199 3418 1272 3442 sunt
1287 3411 1440 3451 principia

385 3464 514 3487 actuum
531 3466 567 3488 ex
583 3456 699 3496 quibus
721 3454 801 3485 fiunt
821 3455 950 3486 virtutes
973 3455 1214 3491 intellectuales,
1239 3465 1274 3486 ac
1293 3464 1348 3495 per
1366 3455 1438 3491 hoc,

385 3499 532 3532 dicuntur
555 3500 703 3530 formales
726 3499 758 3529 in
782 3498 948 3530 virtutibus
971 3498 1249 3529 intellectualibus:
1275 3509 1348 3529 cum
1372 3509 1438 3539 quo

384 3551 470 3583 patet
493 3551 571 3575 stare
595 3544 683 3584 quod
706 3553 772 3574 non
796 3549 869 3573 sunt
891 3542 976 3583 ipsae
1001 3542 1149 3573 essentiae
1172 3543 1324 3574 virtutum
1348 3542 1439 3574 intel-

1483 237 1776 273 ARTICULUS
1806 237 1856 273 1v
2470 238 2543 284 347

1492 314 1684 345 lectualium.
1705 332 1725 337 —
1745 315 1852 345 Potest
1875 321 1905 345 et
1928 315 2015 345 aliter
2031 317 2145 356 exponi
2170 317 2222 346 illa
2246 317 2430 355 auctoritas,
2450 325 2485 348 ut
2504 318 2546 348 ibi

1493 358 1621 388 dicetur.
1643 358 1704 388 Sed
1726 358 1789 388 hoc
1811 358 1861 388 hic
1890 357 2012 389 sufficit.
2036 376 2056 382 -
2074 360 2119 389 Ex
2142 360 2190 389 his
2213 367 2318 390 autem
2348 361 2426 391 clare
2448 362 2547 402 liquet

1493 402 1582 442 quod
1604 404 1725 432 Auctor
1752 401 1785 431 in
1808 401 1870 432 hoc
1893 411 1988 441 opere
2011 412 2076 432 non
2107 403 2239 433 declinat
2270 404 2368 434 modo
2391 404 2423 434 in
2447 405 2545 440 hanc,

1493 445 1592 475 modo
1615 444 1648 475 in
1670 445 1757 475 illam
1778 445 1881 481 viam;
1906 445 1960 475 sed
1978 444 2107 476 firmiter
2129 453 2214 477 tenet
2235 448 2322 486 quod
2347 454 2392 477 est
2416 449 2547 488 simplex

1493 489 1638 528 qualitas.

1548 533 1600 563 XI.
1619 532 1668 562 Ad
1692 532 1909 563 auctoritatem
1933 542 2008 562 vero
2031 542 2068 562 ex
2090 533 2197 563 Tertia
2220 534 2318 569 Parte,
2335 543 2387 574 qu.
2407 545 2458 570 xn,
2475 536 2546 565 alla-

1494 582 1568 611 tam,
1586 576 1754 606 dicendum
1779 582 1824 606 est
1839 575 1870 605 in
1895 575 2004 615 primis
2023 577 2111 616 quod
2135 576 2223 606 labor
2242 584 2288 607 est
2306 577 2338 606 in
2361 578 2546 617 aequivoco,

1494 619 1666 656 Quoniam,
1683 627 1718 650 ut
1740 619 1783 649 ibi
1806 626 1901 658 patet,
1918 619 2046 650 scientia
2069 619 2204 650 surnitur
2218 620 2261 650 ibi
2285 630 2343 660 pro
2367 621 2478 651 notitia
2501 622 2547 651 in-

1493 662 1646 693 tellectiva
1669 663 1820 693 habituali
1838 672 1902 703 qua
1925 670 2160 702 cognoscuntur
2183 663 2291 693 omnia
2309 674 2390 703 quae
2415 672 2548 704 possunt

1494 706 1614 736 lumine
1637 706 1812 737 intellectus
1831 706 1949 746 agentis
1973 707 2130 746 cognosci.
2143 707 2256 737 Talem
2274 714 2381 738 autem
2403 709 2547 738 notitiam

1494 750 1677 790 acquisitam
1699 756 1819 780 constat
1842 760 1908 780 esse
1922 760 2024 780 unum
2040 750 2267 790 aggregatione,
2285 759 2315 781 et
2338 761 2403 781 non
2427 752 2547 791 simpli-

1495 793 1601 823 citate:
1625 793 1676 823 hic
1698 800 1805 823 autem
1827 793 1991 834 loquimur
2013 794 2052 824 de
2075 794 2178 834 aliqua
2202 804 2264 824 una
2288 795 2415 825 scientia
2437 805 2547 826 secun-

1495 837 1572 866 dum
1596 837 1742 876 speciem.
1761 837 1853 867 Unde
1876 837 1901 866 si
1924 844 1991 868 tota
2012 838 2184 877 geometria
2202 837 2234 867 in
2258 838 2350 868 nobis
2373 848 2428 878 per
2451 849 2547 869 unam

1495 880 1597 910 solam
1613 880 1750 919 speciem
1773 880 1953 911 naturaliter
1967 881 2106 917 sciretur,
2124 889 2154 912 et
2172 881 2364 912 arithmetica
2380 892 2436 922 per
2452 892 2548 912 unam

1494 923 1597 959 aliam,
1615 930 1644 953 et
1663 923 1876 964 metaphysica
1891 934 1947 964 per
1961 934 2058 955 unam
2074 924 2177 960 aliam,
2194 932 2224 955 et
2240 925 2284 955 sic
2299 925 2455 965 deinceps,
2472 926 2550 956 nihil

1495 967 1614 1007 deperit
1641 967 1685 996 illi
1708 967 1868 1006 processui
1899 967 1952 1008 qui
1976 967 2011 998 fit
2033 968 2065 998 in
2096 968 2150 998 illo
2175 969 2317 1005 articulo,
2342 979 2378 999 ex
2405 970 2548 1010 proposi-

1495 1011 1634 1041 tionibus
1666 1011 1748 1040 eius:
1774 1017 1804 1040 et
1831 1017 1936 1041 tamen
1960 1021 2025 1041 non
2049 1018 2218 1042 verteretur
2243 1012 2276 1042 in
2300 1013 2434 1043 dubium
2461 1014 2549 1054 quod

1495 1064 1558 1084 una
1582 1054 1708 1084 scientia
1724 1054 1899 1084 secundum
1922 1055 2058 1094 speciem
2075 1063 2153 1086 esset
2169 1055 2301 1096 simplex
2316 1057 2458 1096 qualitas.
2474 1058 2549 1087 Pro-

1495 1099 1586 1129 batur
1609 1099 1670 1128 hoc
1693 1099 1781 1138 quod
1805 1098 1880 1128 dixi:
1905 1098 1979 1138 quia
2003 1108 2039 1128 ex
2062 1099 2123 1129 hoc
2149 1100 2237 1139 quod
2260 1107 2333 1139 post
2361 1110 2457 1130 unam
2481 1110 2549 1140 spe-

1496 1142 1576 1172 ciem
1599 1148 1764 1181 generatur
1786 1141 1855 1178 alia,
1876 1142 1981 1181 augeri
2005 1142 2117 1172 dicitur
2139 1143 2171 1172 in
2199 1143 2326 1173 Christo
2350 1144 2477 1174 scientia
2501 1154 2549 1174 ac-

1496 1185 1611 1226 quisita
1635 1185 1810 1215 secundum
1827 1185 1993 1215 essentiam
2016 1186 2149 1216 habitus.
2174 1187 2215 1216 Et
2236 1196 2307 1217 vere
2331 1189 2450 1218 Auctor
2473 1188 2551 1218 nihil

1497 1229 1582 1259 aliud
1605 1229 1738 1259 intendit
1761 1229 1820 1258 nisi
1849 1229 1937 1269 quod
1965 1229 1997 1259 in
2021 1229 2147 1260 Christo
2178 1229 2237 1260 fuit
2260 1231 2473 1270 augmentatio
2497 1232 2550 1262 ha-

1496 1273 1622 1303 bitualis
1644 1272 1773 1303 notitiae
1796 1273 1971 1303 secundum
1995 1273 2175 1309 essentiam,
2203 1273 2281 1304 idest
2303 1275 2391 1314 quod
2414 1274 2481 1314 ipsa
2504 1285 2550 1305 es-

1497 1316 1596 1346 sentia
1611 1316 1777 1346 habitualis
1793 1316 1922 1346 notitiae
1938 1317 2124 1356 augebatur:
2146 1324 2176 1347 et
2191 1317 2252 1347 hoc
2268 1318 2389 1357 probat,
2407 1319 2481 1358 quia
2496 1329 2552 1359 per

1498 1360 1692 1390 additionem
1715 1359 1834 1390 formae
1858 1360 1898 1389 ad
1921 1359 2065 1390 formam.

1553 1403 1594 1433 Et
1615 1403 1688 1433 licet
1709 1403 1786 1433 haec
1809 1403 1962 1443 expositio
1987 1404 2026 1434 sit
2049 1403 2214 1440 sufficiens,
2235 1404 2310 1444 quia
2333 1411 2379 1435 est
2401 1405 2549 1442 litteralis,

1499 1453 1529 1477 et
1552 1446 1699 1477 satisfacit
1722 1447 1905 1486 proposito;
1925 1454 2032 1486 posset
2056 1454 2160 1477 tamen
2175 1448 2263 1478 aliter
2286 1448 2346 1478 dici
2363 1450 2460 1489 quod,
2478 1449 2552 1489 quia

1499 1497 1706 1529 augmentum
1724 1490 1869 1520 scientiae
1892 1490 2083 1521 intensivum
2100 1492 2261 1521 occultum
2285 1499 2340 1528 est,
2357 1492 2552 1523 extensivum

1498 1543 1573 1563 vero
1597 1533 1691 1563 etiam
1715 1533 1877 1563 occultum
1893 1534 1952 1563 nisi
1976 1535 2150 1564 secundum
2166 1545 2318 1564 annexam
2341 1537 2552 1575 aggeneratio-

1498 1587 1574 1607 nem
1596 1577 1771 1616 specierum
1802 1577 2063 1616 intelligibilium;
2086 1585 2116 1608 et
2138 1580 2259 1608 Auctor
2281 1579 2426 1609 scientiae
2449 1580 2552 1619 profe-

1499 1627 1587 1651 ctum
1610 1621 1786 1650 secundum
1808 1621 1990 1656 essentiam,
2013 1621 2223 1660 distinguebat
2245 1629 2351 1652 contra
2374 1623 2551 1662 profectum

1498 1665 1606 1704 quoad
1630 1664 1791 1694 effectum:
1815 1664 1887 1694 ideo
1911 1675 1947 1694 ex
1966 1675 2030 1694 una
2052 1671 2083 1695 et
2106 1665 2216 1695 eadem
2232 1672 2317 1704 parte
2340 1666 2447 1696 locans
2467 1667 2551 1697 habi-

1498 1714 1567 1738 tum
1591 1707 1737 1738 scientiae
1761 1708 1936 1738 secundum
1960 1718 1992 1738 se
2015 1718 2089 1738 cum
2108 1708 2270 1748 speciebus
2293 1709 2550 1749 intelligibilibus,

1498 1758 1529 1782 et
1544 1762 1581 1782 ex
1596 1751 1656 1781 alia
1679 1751 1833 1787 effectum,
1852 1762 1869 1781 a
1888 1751 2074 1787 notioribus,
2091 1752 2208 1782 scilicet
2227 1752 2388 1792 speciebus
2407 1753 2552 1794 intelligi-

1497 1795 1622 1831 bilibus,
1643 1795 1809 1825 declaravit
1820 1795 1998 1835 profectutn
2014 1795 2159 1826 scientiae
2174 1796 2207 1826 in
2223 1796 2364 1832 Christo;
2386 1803 2415 1827 et
2430 1798 2553 1828 vocavit

1497 1846 1706 1879 augmentum
1735 1840 1911 1869 secundum
1940 1839 2120 1875 essentiam,
2147 1846 2182 1870 ut
2212 1840 2413 1879 distinguitur
2444 1848 2552 1872 contra

1498 1882 1652 1914 effectum.
1673 1883 1714 1913 Et
1731 1883 1793 1913 hoc
1816 1882 1987 1914 sufficiebat
2009 1883 2173 1923 proposito
2198 1893 2267 1914 suo.
2283 1901 2304 1906 -
2321 1884 2424 1914 Prima
2446 1892 2551 1916 tamen

1498 1927 1651 1967 expositio
1675 1927 1891 1966 amplectenda
1914 1926 2047 1956 omnino
2071 1934 2126 1957 est.

1554 1971 1621 2001 XII.
1648 1971 1699 2000 Ad
1727 1970 1926 2000 auctoritates
1949 1978 2055 2002 autem
2079 1980 2115 2001 ex
2145 1971 2208 2008 Qu.
2232 1970 2271 2001 de
2299 1972 2435 2002 Veritate
2458 1979 2487 2002 et
2510 1973 2550 2002 III

1497 2015 1595 2051 Sem„
1613 2014 1757 2055 quamvis
1780 2020 1889 2055 posset
1907 2013 1967 2044 dici
1993 2014 2080 2055 quod
2103 2016 2224 2045 Auctor
2247 2021 2318 2045 ante
2342 2015 2551 2055 compositam

1497 2058 1673 2093 Summam,
1690 2067 1767 2088 usus
1791 2064 1837 2088 est
1859 2057 2010 2097 opinione
2033 2058 2086 2088 illa
2102 2059 2190 2098 quod
2212 2058 2338 2089 habitus
2365 2059 2551 2090 scientificus

1498 2109 1577 2132 esset
1600 2101 1756 2132 ordinatio
1773 2101 1962 2141 specierum,
1987 2102 2041 2132 sed
2057 2102 2265 2141 postmodum
2279 2101 2312 2132 in
2331 2102 2463 2133 Summa
2478 2113 2552 2143 pro-

1497 2146 1599 2186 priam
1621 2145 1808 2176 sententiam
1825 2145 1948 2175 dixerit:
1972 2145 2112 2184 singulae
2136 2152 2241 2175 tamen
2257 2146 2455 2177 auctoritates
2479 2157 2552 2178 sane

1497 2189 1627 2228 intelligi
1643 2195 1786 2229 possunt.
1803 2189 1886 2219 Nam
1904 2189 1937 2218 in
1952 2198 2006 2229 qu.
2022 2199 2086 2224 vm,
2102 2189 2244 2229 loquitur
2262 2190 2300 2219 de
2316 2190 2552 2229 particularibus

1498 2232 1632 2263 scientiis
1656 2232 1839 2269 actualibus,
1853 2232 1934 2262 idest
1958 2232 2085 2262 diversis
2109 2233 2429 2263 demonstrationibus
2453 2234 2551 2264 diver-

1498 2286 1604 2307 sarum
1628 2276 1881 2311 conclusionum,
1899 2276 1937 2306 ad
1961 2285 2049 2315 quaS,
2073 2277 2248 2306 secundum
2271 2276 2389 2316 species
2412 2277 2553 2317 intelligi-

1498 2320 1575 2350 biles
1599 2329 1717 2356 earum,
1735 2329 1768 2350 se
1790 2319 1884 2350 habet
1906 2319 2032 2350 habitus
2051 2319 2196 2350 scientiae
2217 2327 2253 2350 ut
2275 2327 2380 2350 totum
2395 2321 2435 2350 ad
2450 2328 2552 2361 partes

1498 2363 1693 2403 potentiales.
1714 2363 1755 2393 Et
1777 2363 1839 2394 hoc
1867 2362 1982 2393 sufficit
2004 2363 2043 2392 ad
2070 2362 2294 2394 verificandum
2324 2364 2403 2394 illud
2434 2365 2553 2395 dictum

1497 2407 1588 2448 quasi
1603 2406 1829 2447 exemplariter.
1845 2424 1866 2429 -
1882 2407 1918 2436 In
1933 2416 1987 2447 qu.
2003 2416 2078 2437 vero
2097 2417 2178 2443 xxrv,
2195 2417 2260 2437 non
2276 2407 2351 2438 dicit
2366 2409 2454 2448 quod
2471 2409 2552 2438 ordi-

1497 2451 1582 2482 natio
1607 2451 1782 2490 specierum
1797 2457 1843 2481 est
1861 2449 1996 2486 habitus,
2013 2451 2068 2480 sed
2083 2450 2181 2491 efficit
2195 2451 2354 2482 habitum:
2371 2452 2460 2492 quod
2477 2462 2552 2483 con-

1497 2494 1654 2531 cedimus,
1678 2501 1714 2524 ut
1740 2500 1826 2534 patet
1852 2503 1888 2524 ex
1911 2493 2000 2524 dictis
2022 2493 2048 2524 *.
2064 2511 2085 2516 -
2102 2494 2136 2524 In
2159 2504 2213 2534 qu.
2231 2501 2336 2525 autern
2356 2505 2389 2531 x,
2411 2506 2553 2535 expresse

1497 2545 1582 2578 patet
1600 2538 1687 2578 quod
1702 2537 1858 2568 recitative
1878 2537 2033 2578 loquitur;
2053 2544 2084 2567 et
2098 2538 2187 2577 quod
2201 2538 2278 2568 nihil
2292 2538 2376 2568 illius
2392 2539 2553 2578 opinionis

1496 2582 1640 2612 recitatae
1662 2581 1706 2611 ibi
1730 2581 1892 2621 approbat,
1916 2580 1975 2611 nisi
1998 2581 2088 2620 quod
2110 2581 2228 2621 species
2255 2590 2498 2619 conserventur,
2523 2590 2553 2614 et

1496 2625 1542 2655 vis
1558 2625 1771 2655 conservativa
1787 2625 1826 2655 sit
1843 2624 1998 2654 memoria
2013 2624 2236 2655 intellectiva.—
2246 2625 2279 2654 In
2296 2626 2404 2656 Tertio
2421 2627 2552 2657 demum

1497 2669 1596 2705 Sem„
1613 2668 1683 2699 dist.
1705 2679 1766 2704 x1v,
1787 2668 1869 2698 dicta
1892 2675 1922 2698 et
1946 2668 2076 2707 allegata
2099 2675 2234 2708 quantae
2257 2668 2318 2699 sint
2341 2670 2553 2711 auctoritatis,

1496 2712 1676 2743 manifestat
1702 2712 1769 2752 ipse
1791 2714 1913 2743 Auctor
1935 2711 1967 2742 in
1990 2711 2098 2742 Tertia
2123 2712 2230 2748 Parte,
2250 2722 2303 2752 qu.
2329 2723 2374 2749 xr,
2399 2721 2454 2744 art.
2477 2715 2550 2750 ult.,

1496 2756 1550 2787 ubi
1573 2756 1688 2786 iterum
1711 2762 1844 2786 tractans
1876 2755 2008 2786 eandem
2031 2755 2266 2796 quaestionem,
2287 2757 2472 2788 determinat
2495 2768 2551 2797 op-

1495 2799 1646 2840 positum.

1536 2844 1641 2878 ,Unde
1664 2849 1709 2879 tu,
1733 2842 1910 2878 Thomista,
1934 2843 2071 2873 adverte:
2086 2860 2108 2866 -
2123 2853 2160 2872 ex
2183 2842 2244 2873 hoc
2267 2844 2355 2884 quod
2375 2844 2551 2876 intellectus

1496 2887 1589 2918 habet
1611 2887 1749 2927 singulas
1773 2886 1891 2926 species
1906 2887 2082 2916 secundum
2097 2886 2234 2926 singulas
2256 2894 2392 2923 naturas,
2410 2889 2552 2928 sequitur

1495 2931 1584 2971 quod
1613 2931 1726 2961 habeat
1756 2930 1894 2960 diversos
1923 2930 2047 2960 habitus
2072 2930 2250 2960 ordinantes
2277 2931 2345 2961 illas
2368 2932 2408 2961 ad
2432 2932 2551 2963 diversa

1496 2974 1634 3005 subiecta
1653 2974 1785 3004 scibilia:
1802 2984 1868 3004 non
1884 2981 1989 3004 tamen
2005 2974 2092 3014 quod
2107 2973 2193 3014 ipsae
2208 2974 2325 3013 species
2345 2974 2407 3005 sint
2426 2975 2550 3007 habitus

1496 3017 1692 3054 scientificus,
1712 3018 1767 3048 sed
1786 3024 1859 3048 sunt
1875 3017 1998 3048 habitus
2017 3017 2193 3047 intellectus
2208 3017 2392 3049 inchoantes
2407 3019 2550 3050 habiturn

1496 3061 1699 3097 scientiae,›et
1714 3067 1816 3101 partes
1832 3060 1898 3092 eius
1914 3061 2110 3101 potentiales,
2128 3067 2164 3091 ut
2179 3061 2299 3092 dictum
2315 3069 2361 3093 est
2375 3062 2401 3093 *.
2419 3063 2451 3093 Si
2466 3064 2551 3094 enim

1495 3105 1528 3135 in
1550 3105 1709 3136 intellectu
1733 3111 1842 3135 nostro
1867 3110 1969 3135 essent
1992 3104 2181 3135 universales
2204 3104 2334 3142 formae,
2361 3113 2396 3136 ut
2419 3114 2493 3138 sunt
2515 3108 2548 3138 in

1495 3149 1622 3188 angelis,
1639 3158 1704 3179 non
1721 3154 1880 3188 oporteret
1895 3148 1981 3179 iuxta
2004 3147 2160 3179 scibilium
2176 3148 2296 3188 species
2311 3149 2470 3180 ordinare:
2495 3152 2550 3182 sed

1495 3193 1587 3223 unica
1620 3192 1722 3232 specie
1744 3192 1777 3222 in
1801 3198 1902 3222 totam
1925 3202 2023 3222 unam
2052 3191 2166 3222 scibilis
2192 3193 2330 3232 speciem
2352 3203 2385 3223 se
2407 3194 2548 3231 haberet,

1495 3236 1590 3267 unico
1608 3236 1702 3266 etiam
1725 3242 1795 3266 actu
1813 3235 1939 3266 sciendi.
1956 3253 1978 3259 —
1993 3235 2034 3266 Et
2055 3235 2132 3266 haec
2147 3236 2186 3266 de
2202 3237 2439 3267 auctoritatibus
2463 3238 2549 3268 suffi-

1495 3280 1586 3316 ciant,
1604 3289 1640 3310 ex
1662 3279 1788 3320 quibus,
1805 3279 1979 3310 coniunctis
2001 3279 2075 3310 huic
2090 3279 2259 3316 doctrinae,
2280 3287 2404 3316 ceteras,
2422 3281 2447 3311 si
2467 3291 2549 3322 quae

1495 3330 1577 3359 sunt,
1594 3323 1787 3363 interpretari
1810 3333 1902 3363 posse
1926 3323 2015 3353 facile
2039 3329 2128 3363 puto.

1547 3367 1628 3397 XIII.
1645 3367 1737 3397 Nunc
1753 3367 1792 3396 ad
1814 3367 1950 3397 rationes
1966 3367 2135 3397 dicendum
2155 3373 2209 3402 est,
2234 3367 2339 3397 allatas
2361 3374 2391 3398 et
2411 3367 2548 3399 firmatas

1494 3417 1530 3441 ut
1545 3411 1644 3450 magis
1659 3411 1770 3441 veritas
1789 3410 1943 3441 elucescat
1951 3410 1979 3441 *.
1995 3411 2036 3441 Et
2047 3411 2086 3440 ad
2098 3410 2232 3450 primam
2246 3411 2357 3441 dicitur
2373 3412 2546 3451 dupliciter.

1493 3454 1620 3493 Primo,
1645 3454 1732 3495 quod
1755 3454 1808 3484 illa
1830 3454 1985 3490 maxima,
2008 3454 2048 3484 In
2071 3463 2298 3494 quemcumque
2320 3461 2425 3486 actum
2443 3462 2548 3496 potest

1485 3498 1601 3539 forma
1624 3498 1744 3538 aliqua,
1762 3503 1868 3538 potest
1897 3498 2053 3538 quaelibet
2075 3498 2213 3528 eiusdem
2236 3499 2360 3538 speciei,
2388 3499 2459 3530 licet
2482 3510 2544 3530 non

1495 3552 1594 3582 aeque
1610 3541 1772 3583 perfecte,
1794 3552 1859 3572 non
1883 3549 1928 3572 est
1951 3551 2036 3577 vera,
2062 3551 2117 3572 nec
2141 3542 2281 3581 probata,
2306 3552 2362 3573 nec
2386 3551 2547 3584 assumpta

2584 2505 2592 2513 ·
2606 2504 2676 2525 Num.
2692 2510 2723 2525 rx.

2578 3071 2587 3079 '¹
2602 3070 2661 3092 Ibid.

2576 3424 2584 3431 ¹
2601 3422 2638 3445 cf.
2653 3429 2715 3445 num.
2731 3429 2762 3444 iv.
