2846 4146
146 332 155 343 ⁶
171 331 226 353 Loc.
241 330 279 353 eit.

148 495 157 504 ·
169 493 201 515 Cn
221 507 227 514 .
234 498 277 520 ιιι,
286 498 337 514 xm.
346 503 357 509 -

148 519 199 541 S.T
218 519 315 546 .1ect.x,
324 524 357 540 xi.

148 548 156 555 ·
173 545 220 573 Qu.
234 551 299 572 tvm,
314 548 357 567 m.

1075 200 1340 246 QUAESTIO
1370 200 1493 247 LXV,
1522 201 1817 237 ARTICULUS
1847 202 1859 236 Ι

387 285 422 315 et
448 277 551 316 idem
579 277 706 315 subdit
729 278 776 315 de
797 276 874 314 aliis
903 278 1114 315 virtutibus.
1136 280 1184 315 Et
1202 279 1360 315 similem
1383 291 1438 315 ra-

385 330 529 368 tionem
552 330 715 378 assignat
733 331 975 378 Augustinus,
997 331 1034 368 in
1052 332 1102 368 VI
1123 332 1168 368 de
1191 332 1227 368 T
1222 331 1292 367 rin.
1313 331 1333 353 ’¹‘

437 382 510 420 Alii
532 395 625 420 vero
647 382 876 430 distinguunt
903 384 1114 432 praedictas
1132 384 1287 420 virtutes
1308 396 1439 420 secun-

386 435 479 473 dum
506 435 692 472 materias.
714 437 763 472 Et
790 438 1000 473 secundum
1024 438 1098 473 hoc
1118 437 1326 484 assignatur
1346 437 1438 473 ratio

386 488 630 525 connexionis
650 489 698 525 ab
713 488 924 536 Aristotele,
945 490 982 526 in
996 490 1046 526 Vl
1062 490 1180 526 Ethic.
1191 490 1211 511 '³‘
1227 490 1327 536 Quia
1347 490 1441 526 sicut

385 553 500 589 supra
514 540 534 563 '¹‘
548 541 690 578 dictum
711 549 777 587 est,
794 542 894 578 nulla
911 542 1030 578 virtus
1050 543 1202 579 moralis
1217 550 1341 590 potest
1359 542 1439 578 sine

385 593 585 642 prudentia
603 593 754 630 haberi:
786 607 830 630 eo
853 595 956 643 quod
975 595 1172 643 proprium
1192 594 1338 631 virtutis
1358 607 1440 630 mo-

386 645 472 683 ralis
491 653 547 682 est
564 646 686 683 facere
707 646 930 684 electionem
950 655 1104 694 rectam,
1121 660 1208 684 cum
1229 648 1273 684 sit
1291 647 1440 684 habitus

387 698 583 744 electivus;
604 699 652 736 ad
672 706 813 736 rectam
833 708 960 736 autern
982 700 1206 737 electionem
1223 713 1301 737 non
1316 700 1440 736 solum

386 750 523 787 sufficit
550 751 740 788 inclinatio
769 753 806 789 in
832 753 1002 790 debitum
1022 753 1152 799 finem,
1174 753 1276 801 quod
1306 760 1361 789 est
1389 753 1441 789 di-

386 810 486 839 recte
499 815 569 851 per
582 804 753 841 habitum
768 805 915 842 virtutis
935 805 1104 850 moralis;
1125 806 1192 842 sed
1208 805 1320 841 etiam
1337 805 1441 852 quod

386 855 520 905 aliquis
540 856 679 893 directe
699 857 808 905 eligat
828 870 872 894 ea
892 871 989 906 quae
1010 865 1096 894 sunt
1115 858 1163 894 ad
1186 858 1317 904 finem,
1339 858 1443 906 quod

386 908 429 945 fit
455 921 524 957 per
550 909 805 958 prudentiam,
826 923 923 959 quae
948 918 1003 948 est
1026 909 1258 946 consiliativa
1286 918 1322 947 et
1349 910 1442 947 iudi-

387 961 510 998 cativa
539 969 574 998 et
596 964 839 1011 praeceptiva
859 975 992 1000 eorum
1021 975 1120 1012 quae
1140 970 1226 999 sunt
1245 964 1293 1000 ad
1313 963 1441 1002 finem.

387 1013 565 1051 Similiter
587 1015 700 1052 etiam
729 1016 927 1064 prudentia
955 1028 1034 1052 non
1061 1023 1184 1064 potest
1210 1016 1341 1052 haberi
1374 1016 1443 1052 nisi

387 1067 598 1104 habeantur
615 1068 771 1105 virtutes
794 1069 974 1105 morales:
996 1081 1084 1105 cum
1104 1068 1303 1116 prudentia
1323 1068 1368 1104 sit
1387 1080 1443 1104 re-

388 1126 447 1156 cta
465 1120 558 1156 ratio
574 1120 778 1168 agibilium,
794 1134 904 1170 quae,
922 1121 1017 1158 sicut
1032 1133 1077 1157 ex
1090 1121 1294 1169 principiis,
1311 1133 1442 1169 proce-

388 1172 441 1209 dit
469 1184 515 1209 ex
542 1172 682 1210 finibus
710 1173 915 1221 agibilium,
936 1174 985 1211 ad
1005 1186 1101 1222 quos
1121 1173 1255 1221 aliquis
1284 1181 1382 1210 recte
1403 1186 1443 1210 se

386 1225 502 1263 habet
527 1237 595 1273 per
627 1226 783 1262 virtutes
811 1227 987 1263 morales.
1016 1226 1127 1263 Unde
1162 1226 1258 1262 sicut
1291 1226 1445 1263 scientia

387 1277 618 1326 speculativa
637 1287 715 1314 rron
733 1286 858 1326 potest
884 1278 1016 1315 haberi
1034 1278 1114 1314 sine
1138 1278 1324 1315 intellectu
1345 1279 1446 1327 prin-

388 1330 586 1379 cipiorum,
606 1329 656 1366 ita
684 1342 755 1366 nec
782 1331 982 1378 prudentia
1001 1330 1082 1367 sine
1099 1330 1300 1367 virtutibus
1320 1343 1445 1368 mora-

386 1382 496 1419 libus.
517 1382 575 1419 Ex
593 1393 672 1429 quo
692 1382 888 1418 manifeste
913 1382 1083 1431 sequitur
1104 1382 1260 1419 virtutes
1279 1384 1445 1420 morales

388 1446 470 1471 esse
498 1445 700 1470 connexas.

439 1487 498 1524 An
526 1497 663 1523 PmMUM
691 1498 789 1527 ERGO
808 1498 993 1524 nicENDUM
1021 1487 1127 1535 quod
1152 1486 1333 1524 virtutum
1363 1500 1446 1524 mo-

387 1538 522 1576 ralium
549 1538 740 1587 quaedam
767 1539 969 1588 perficiunt
999 1539 1198 1576 hominem
1232 1540 1444 1577 secundum

388 1603 636 1629 communem
656 1599 807 1639 statum,
831 1592 970 1629 scilicet
992 1599 1176 1640 quantum
1205 1592 1254 1629 ad
1283 1605 1327 1629 ea
1347 1605 1445 1641 quae

389 1644 643 1682 communiter
678 1644 717 1682 in
754 1645 857 1682 omni
895 1644 972 1682 vita
1005 1645 1205 1682 hominurn
1242 1653 1446 1682 occurrunt

388 1697 545 1746 agenda.
566 1697 678 1734 Unde
707 1705 856 1746 oportet
883 1699 988 1747 quod
1015 1699 1134 1735 homo
1168 1697 1282 1734 simul
1309 1698 1446 1735 exerci-

388 1757 486 1787 tetur
505 1750 604 1787 circa
622 1750 798 1788 materias
827 1750 1000 1787 omniurn
1019 1751 1202 1788 virtutum
1226 1751 1443 1788 moralium.

387 1803 437 1840 Et
464 1802 494 1840 si
523 1802 678 1852 quidem
699 1803 795 1840 circa
823 1815 958 1840 omnes
978 1803 1201 1841 exercitetur
1227 1804 1326 1840 bene
1355 1817 1446 1853 ope-

388 1857 522 1902 raudo,
542 1855 711 1904 acquiret
729 1856 878 1893 habitus
907 1857 1080 1894 omniurn
1109 1857 1291 1894 virtutum
1320 1869 1446 1894 mora—

387 1908 493 1945 lium.
515 1908 555 1945 Si
583 1915 710 1945 autem
739 1909 960 1946 exercitetur
987 1910 1085 1947 bene
1124 1909 1319 1958 operando
1349 1910 1447 1947 circa

387 1973 505 1998 unam
540 1961 758 2009 materiam,
788 1974 867 1999 non
896 1970 1022 2000 autem
1059 1962 1158 1999 circa
1194 1962 1326 2009 aliam,
1354 1971 1447 2012 puta

387 2014 487 2051 bene
506 2025 546 2050 se
565 2014 743 2051 habendo
764 2014 862 2052 circa
879 2014 964 2061 iras,
985 2027 1064 2052 non
1083 2023 1211 2052 autem
1240 2016 1339 2052 circa
1358 2028 1447 2053 con-

389 2066 659 2116 cupiscentias;
688 2067 857 2115 acquiret
887 2067 1044 2115 quidem
1077 2068 1248 2105 habiturn
1280 2068 1446 2118 aliquem

389 2119 439 2156 ad
476 2119 744 2157 refrenandum
777 2120 870 2167 iras,
910 2121 975 2168 qui
1007 2128 1136 2158 tamen
1179 2133 1258 2158 non
1293 2122 1448 2159 habebit

389 2172 575 2209 rationem
602 2172 770 2220 virtutis,
799 2180 954 2222 propter
981 2174 1170 2211 defectum
1201 2174 1446 2222 prudentiae,

389 2237 488 2274 quae
530 2225 628 2262 circa
668 2226 992 2274 concupiscentias
1035 2227 1299 2275 corrumpitur.
1343 2228 1448 2265 Sicut

389 2278 502 2315 etiam
531 2279 719 2315 naturales
755 2278 1015 2316 inclinationes
1044 2292 1123 2316 non
1159 2280 1300 2316 habent
1326 2282 1447 2328 perfe-

388 2338 488 2368 ctam
517 2331 705 2368 rationem
731 2331 890 2377 virtutis,
920 2331 950 2368 si
977 2331 1176 2380 prudentia
1204 2332 1311 2369 desit.

441 2383 642 2429 Quaedam
657 2396 751 2420 vero
766 2383 923 2421 virtutes
941 2385 1107 2422 morales
1127 2392 1214 2422 sunt
1241 2397 1339 2433 quae
1360 2398 1445 2434 per-

386 2436 519 2473 ficiunt
549 2435 748 2474 hominem
777 2437 988 2474 secundum
1016 2437 1181 2487 aliquem
1214 2438 1445 2475 eminentem

387 2495 545 2526 statum:
576 2489 671 2525 sicut
698 2489 989 2537 magnificentia,
1012 2497 1048 2526 et
1070 2490 1372 2538 magnanimitas.
1398 2492 1447 2527 Et

388 2541 477 2590 quia
505 2541 721 2579 exercitium
759 2541 858 2579 circa
885 2542 1062 2579 materias
1097 2543 1235 2579 harum
1262 2543 1443 2580 virtutum

387 2606 467 2631 non
482 2594 644 2630 occurrit
661 2593 864 2643 unicuique
884 2595 1149 2642 communiter,
1170 2602 1294 2644 potest
1312 2595 1445 2644 aliquis

387 2647 529 2684 habere
549 2646 640 2683 alias
658 2652 674 2675 Υ
691 2647 849 2684 virtutes
868 2648 1044 2695 morales,
1064 2648 1144 2685 sine
1163 2648 1238 2684 hoc
1257 2648 1362 2696 quod
1379 2649 1446 2685 ha-

387 2699 487 2736 bitus
513 2700 650 2736 harum
676 2699 859 2737 virtutum
887 2701 1027 2737 habeat
1054 2708 1151 2747 actu,
1172 2701 1366 2750 loquendo
1395 2701 1443 2738 de

385 2751 586 2789 virtutibus
600 2752 799 2801 acquisitis.
817 2753 894 2790 Sed
912 2760 1051 2800 tamen,
1067 2752 1257 2802 acquisitis
1276 2754 1356 2791 aliis
1370 2754 1444 2791 vir-

386 2804 537 2852 tutibus,
557 2805 672 2842 habet
689 2805 777 2842 istas
794 2805 952 2843 virtutes
973 2806 1012 2843 in
1030 2806 1199 2855 potentia
1217 2806 1443 2856 propinqua.

387 2858 488 2895 Cum
522 2857 624 2895 enim
662 2858 795 2907 aliquis
833 2870 901 2907 per
938 2859 1156 2896 exercitium
1193 2860 1354 2909 adeptus
1391 2867 1446 2896 est

438 2970 465 3004 γ)
485 2970 562 2995 alias.
575 2985 594 2990 -
611 2971 715 3003 aliquas
734 2970 764 3001 Κ,
784 2979 838 2996 om.
857 2971 926 2995 PEa.

438 3005 463 3039 δ)
483 3006 605 3031 morales.
618 3019 637 3025 -·
655 3006 767 3031 virtutes
786 3007 899 3031 morales
917 3006 1123 3031 ABCDGHIKL.

2470 212 2546 248 419

1495 277 1752 313 liberalitatem
1782 277 1879 313 circa
1907 277 2120 314 mediocres
2149 278 2371 314 donationes
2393 286 2428 314 et
2447 291 2549 314 sum-

1494 338 1591 378 ptus,
1621 330 1650 366 si
1678 329 1920 378 superveniat
1948 330 1981 365 ei
2019 330 2248 366 abundantia
2280 330 2547 378 pecuniarum,

1495 382 1648 419 modico
1669 381 1842 418 exercitio
1859 381 2026 429 acquiret
2045 382 2345 429 magnificentiae
2360 383 2548 419 habitum:

1495 435 1589 471 sicut
1616 442 1811 483 geometer
1838 434 1991 470 modico
2020 434 2142 470 studio
2172 434 2328 482 acquirit
2355 435 2549 472 scientiam

1495 488 1650 524 alicuius
1679 487 1927 524 conclusionis
1960 499 2083 535 quarn.
2105 498 2301 534 nunquam
2340 487 2550 524 considera-

1495 541 1549 577 vit
1567 540 1598 576 *.
1620 541 1712 577 Illud
1733 548 1862 576 autem
1890 540 2030 576 habere
2051 539 2221 584 dicimur,
2242 540 2345 586 quod
2365 540 2402 575 in
2422 553 2549 588 prom-

1494 601 1561 641 ptu
1590 601 1644 629 est
1663 601 1704 629 ut
1722 593 1952 638 habeamus;
1973 591 2184 628 secundum
2204 591 2294 628 illud
2318 592 2548 640 Philosophi,

1495 645 1534 682 in
1563 646 1593 681 Il
1623 646 1770 693 Physic.
1799 645 1839 681 *z
1874 645 1982 686 Quod
2002 656 2142 693 parum
2180 645 2298 690 deest,
2327 645 2435 692 quasi
2461 646 2553 681 nihil

1495 698 1619 734 deesse
1645 699 1801 735 videtur.
2358 704 2363 708 '

1550 751 1598 787 Et
1625 763 1694 799 per
1721 751 1795 786 hoc
1822 757 1924 798 patet
1952 749 2147 798 responsio
2177 749 2226 786 ad
2254 750 2478 786 secundum.

1550 805 1608 839 AD
1635 814 1795 840 TERTmM
1814 813 1998 839 DICENDUM
2024 802 2128 851 quod
2147 802 2304 839 virtutes
2323 802 2552 839 intellectua-

1497 856 1550 891 les
1579 863 1665 892 sunt
1693 855 1790 891 circa
1809 855 1977 891 diversas
2005 854 2180 891 materias
2209 856 2257 892 ad
2281 855 2445 892 invicem
2474 867 2552 892 non

1498 907 1709 944 ordinatas:
1732 907 1827 944 sicut
1846 915 1948 955 patet
1975 907 2012 943 in
2041 907 2196 944 diversis
2224 907 2386 944 scientiis
2406 915 2442 944 et
2469 908 2553 944 arti-

1498 961 1580 997 bus.
1611 961 1659 997 Et
1677 960 1764 997 ideo
1784 972 1862 996 non
1881 959 2070 996 invenitur
2093 961 2131 996 in
2157 960 2209 996 eis
2238 961 2424 997 connexio
2453 973 2551 1009 quae

1497 1013 1686 1050 invenitur
1700 1013 1739 1049 in
1752 1012 1951 1049 virtutibus
1967 1013 2174 1049 moralibus
2195 1013 2435 1050 existentibus
2455 1014 2553 1050 circa

1498 1066 1693 1114 passiones
1713 1073 1750 1102 et
1768 1065 2008 1113 operationes
2026 1065 2057 1112 ²⁸,
2079 1077 2178 1113 quae
2197 1066 2394 1102 manifeste
2414 1067 2554 1103 habent

1499 1119 1672 1156 ordinem
1693 1118 1742 1155 acl
1765 1118 1929 1154 invicem
1948 1117 1978 1154 *.
2000 1119 2103 1154 Nam
2133 1130 2267 1155 omnes
2294 1119 2503 1167 passiones,
2533 1132 2555 1156 a

1498 1171 1726 1220 quibusdam
1753 1170 1884 1219 primis
1911 1171 2172 1218 procedentes,
2193 1170 2332 1208 scilicet
2359 1184 2490 1208 amore
2520 1180 2555 1208 et

1499 1224 1602 1271 odio,
1623 1225 1671 1260 ad
1691 1223 1877 1272 quasdam
1897 1223 1987 1259 alias
2014 1223 2275 1270 terminantur,
2296 1224 2435 1261 scilicet
2456 1225 2555 1261 dele-

1499 1276 1702 1313 ctationem
1723 1284 1758 1312 et
1786 1275 1980 1312 tristitiam.
2003 1277 2051 1312 Et
2069 1276 2234 1312 similiter
2262 1288 2397 1313 omnes
2421 1290 2554 1326 opera-

1498 1329 1620 1365 tiones
1638 1341 1736 1376 quae
1765 1336 1851 1365 sunt
1869 1328 2015 1365 virtutis
2043 1329 2197 1365 moralis
2217 1329 2384 1376 materia,
2414 1330 2556 1367 habent

1500 1381 1673 1418 ordinem
1706 1381 1955 1428 adinvicem,
1986 1388 2021 1417 et
2050 1381 2163 1418 etiam
2192 1383 2240 1419 ad
2267 1382 2476 1430 passiones.
2506 1383 2556 1419 Et

1499 1433 1586 1470 ideo
1615 1441 1693 1470 tota
1729 1434 1886 1470 materia
1922 1433 2125 1470 moralium
2157 1434 2338 1471 virtutum
2371 1436 2441 1472 sub
2478 1447 2555 1472 una

1499 1486 1643 1522 ratione
1679 1486 1901 1534 prudentiae
1938 1485 2047 1523 cadit.

1552 1539 1706 1574 Habent
1731 1545 1861 1575 tamen
1889 1538 2020 1574 omnia
2042 1538 2281 1586 intelligibilia
2306 1540 2478 1577 ordinem
2507 1540 2557 1577 ad

1499 1590 1623 1639 prima
1649 1590 1845 1638 principia.
1875 1591 1923 1626 Et
1950 1591 2163 1627 secundum
2190 1592 2284 1638 hoc,
2315 1605 2450 1629 omnes
2481 1593 2556 1630 vir-

1499 1650 1596 1680 tutes
1624 1643 1892 1679 intellectuales
1921 1643 2137 1691 dependent
2165 1644 2212 1679 ab
2241 1644 2429 1681 intellectu
2456 1645 2556 1693 prin-

1501 1696 1708 1744 cipiorum;
1739 1695 1834 1732 sicut
1860 1695 2057 1743 prudentia
2076 1708 2098 1732 a
2117 1695 2318 1733 virtutibus
2337 1698 2556 1745 moralibus,

1499 1757 1540 1785 ut
1559 1749 1702 1786 dictum
1726 1756 1782 1786 est
1799 1748 1830 1785 ²¹⁶.
1852 1748 2040 1797 Principia
2060 1756 2187 1785 autem
2207 1749 2446 1798 universalia,
2466 1763 2559 1799 quo-

1500 1814 1583 1839 rum
1609 1809 1666 1838 est
1691 1802 1900 1838 intellectus
1928 1801 2213 1850 principiorum,
2233 1815 2312 1839 non
2341 1803 2559 1852 dependent

1500 1868 1522 1892 a
1551 1854 1869 1901 conclusionibus,
1891 1854 1938 1891 de
1959 1854 2095 1903 quibus
2122 1863 2209 1891 sunt
2231 1856 2396 1904 reliquae
2415 1857 2557 1893 intelle-

1501 1908 1640 1944 ctuales
1658 1907 1835 1954 virtutes;
1862 1907 1956 1943 sicut
1973 1908 2137 1944 morales
2156 1905 2169 1929 δ
2190 1909 2406 1957 dependent
2429 1922 2451 1946 a
2469 1922 2558 1958 pru-

1501 1961 1648 2007 dentia,
1678 1973 1723 1999 eo
1757 1960 1862 2008 quod
1890 1960 2077 2008 appetitus
2106 1969 2238 1998 movet
2265 1963 2556 2010 quodammodo

1501 2013 1700 2060 rationem,
1716 2020 1753 2050 et
1767 2013 1861 2050 ratio
1877 2013 2099 2061 appetitum,
2115 2021 2157 2050 ut
2172 2014 2314 2062 supra*
2329 2015 2473 2052 dictum
2489 2023 2555 2052 est.

1552 2068 1612 2103 Αι)
1641 2078 1813 2108 QUARTUM
1841 2078 2025 2103 DICENDUM
2053 2067 2158 2114 quod
2188 2079 2232 2103 ea
2251 2068 2300 2104 ad
2328 2081 2427 2117 quae
2455 2069 2558 2106 incli-

1500 2127 1592 2156 nant
1616 2119 1774 2156 virtutes
1801 2119 1976 2166 morales,
2002 2131 2042 2155 se
2070 2119 2212 2156 habent
2240 2120 2289 2157 ad
2317 2122 2558 2170 prudentiam

1500 2173 1595 2210 sicut
1626 2171 1827 2221 principia:
1861 2184 1940 2208 non
1977 2179 2105 2208 autem
2138 2172 2313 2210 factibilia
2345 2187 2386 2211 se
2418 2175 2560 2212 habent

1500 2226 1549 2263 ad
1568 2233 1687 2262 artem
1706 2225 1802 2262 sicut
1827 2224 2021 2274 principia,
2042 2225 2109 2261 sed
2128 2226 2254 2263 solum
2274 2226 2369 2264 sicut
2387 2228 2558 2265 materia.

1500 2278 1745 2315 Manifestum
1773 2285 1829 2314 est
1847 2285 1975 2314 autem
1995 2278 2110 2326 quod,
2141 2278 2207 2314 etsi
2227 2279 2320 2316 ratio
2338 2281 2458 2328 possit
2477 2293 2559 2318 esse

1499 2339 1601 2368 recta
1619 2331 1658 2367 in
1676 2342 1754 2367 una
1771 2337 1878 2379 parte
1906 2330 2098 2377 materiae,
2121 2338 2157 2367 et
2175 2344 2253 2368 non
2281 2332 2319 2369 in
2343 2333 2435 2379 alia3
2456 2334 2558 2370 nullo

1498 2392 1628 2421 tamen
1657 2383 1775 2420 modo
1803 2390 1929 2431 potest
1956 2383 2028 2420 dici
2056 2383 2149 2420 ratio
2178 2392 2298 2432 recta,
2326 2385 2356 2422 si
2385 2385 2431 2422 sit
2459 2386 2559 2423 defe-

1500 2445 1580 2474 ctus
1609 2436 1882 2484 cuiuscumque
1909 2436 2096 2484 principii.
2127 2437 2231 2474 Sicut
2259 2437 2288 2474 si
2308 2438 2392 2486 quis
2421 2448 2560 2477 erraret

1500 2490 1599 2526 circa
1625 2490 1701 2525 hoc
1723 2488 1965 2537 principium,
1991 2489 2109 2526 Omne
2136 2495 2251 2527 totum
2271 2496 2326 2527 est
2350 2492 2472 2528 maius
2489 2505 2559 2530 sua

1494 2547 1615 2590 parte,
1631 2554 1710 2578 non
1728 2549 1858 2590 posset
1875 2542 2016 2578 habere
2035 2542 2230 2579 scientiam
2244 2545 2558 2590 geometricam‘:

1498 2594 1587 2643 quia
1615 2601 1807 2643 oporteret
1825 2595 1986 2631 multum
2015 2595 2192 2632 recedere
2213 2608 2235 2632 a
2258 2596 2416 2634 veritate
2443 2598 2483 2634 in
2502 2610 2560 2634 se-

1499 2647 1712 2696 quentibus.
1733 2668 1757 2674 -
1786 2647 1836 2683 Et
1862 2654 2068 2696 praeterea,
2098 2648 2246 2696 agibilia
2274 2657 2361 2686 sunt
2387 2650 2560 2688 ordinata

1499 2700 1730 2746 adinvicem;
1761 2712 1839 2736 non
1858 2708 1986 2737 autem
2015 2701 2206 2748 factibilia,
2230 2709 2272 2738 ut
2291 2702 2432 2740 dietum
2453 2711 2509 2740 est
2526 2703 2557 2740 *.

1499 2754 1548 2790 Et
1575 2753 1662 2791 ideo
1693 2753 1859 2790 defectus
1886 2753 2110 2802 prudentiae
2139 2754 2236 2791 circa
2263 2767 2382 2792 unam
2410 2764 2558 2804 partem

1499 2805 1703 2854 agibilium,
1732 2805 1928 2843 induceret
1956 2806 2145 2843 defectum
2174 2806 2186 2832 t
2215 2807 2327 2844 etiam
2356 2808 2454 2845 circa
2486 2810 2559 2847 alia

1499 2858 1659 2907 agibilia.
1690 2858 1807 2905 Quod
1835 2858 1874 2895 in
1902 2859 2125 2896 factibilibus
2154 2872 2233 2896 non
2261 2860 2450 2909 contingit.

1552 2972 1574 3002 ε)
1593 2972 1792 3006 geometricam.
1803 2987 1822 2992 -
1833 2973 1996 3006 geometriae
2014 2973 2089 2998 EFK.

1550 3007 1576 3040 ζ)
1597 3008 1737 3041 desectum.
1756 3022 1775 3026 —
1793 3009 1819 3033 in
1838 3008 1970 3040 defectum
1987 3008 2246 3041 ACDEFGHIKLpB
2264 3014 2289 3034 et
2307 3018 2333 3034 a.

1059 3076 1390 3109 Commentaria
1412 3076 1662 3109 cardinalis
1683 3077 1883 3110 Caietam·

414 3164 434 3184 N
458 3154 589 3185 articulo
613 3153 717 3194 primo
737 3153 931 3194 quaestionis
955 3154 1303 3195 sexagesimaequintae,
1319 3155 1444 3186 termini

387 3166 480 3228 Iduo
504 3205 579 3229 sunt
601 3197 705 3238 primo
730 3197 916 3235 declarandi,
940 3198 1018 3239 quid
1038 3198 1154 3229 scilieet
1172 3198 1322 3238 importet
1342 3200 1444 3230 virtus

377 3241 544 3282 perfecta,
570 3249 601 3272 et
623 3241 700 3282 quid
723 3243 824 3273 virtus
847 3242 1050 3283 imperfecta,
1075 3242 1114 3272 de
1137 3242 1252 3283 quibus
1283 3243 1316 3273 in
1343 3243 1444 3274 littera

383 3295 487 3316 sermo
511 3285 561 3317 fit:
587 3295 627 3316 an
651 3285 821 3316 differentia
839 3285 916 3316 haec
935 3286 974 3316 sit
989 3285 1069 3316 sicut
1084 3286 1165 3317 inter
1180 3287 1318 3317 calorem
1336 3287 1443 3317 remis-

383 3339 465 3366 sum,
492 3337 522 3360 et
545 3329 577 3360 in
599 3338 744 3366 summo;
769 3339 810 3359 an
833 3329 913 3361 sicut
934 3329 1015 3360 inter
1037 3329 1280 3370 dispositionem
1304 3337 1335 3361 et
1357 3331 1443 3361 habi-

383 3380 469 3410 tum;
494 3383 534 3403 an
562 3373 642 3404 sicut
668 3373 749 3404 inter
776 3373 911 3404 diversas
939 3373 1074 3410 formas,
1098 3380 1176 3413 puta
1204 3374 1390 3414 opinionem
1414 3381 1444 3406 et

384 3417 555 3448 scientiam.
583 3418 657 3448 Non
681 3417 767 3447 enim
794 3417 881 3458 parvi
903 3417 997 3448 refert
1022 3427 1087 3458 quo
1112 3417 1188 3448 haec
1210 3418 1310 3449 modo
1335 3418 1443 3450 distin-

383 3468 528 3501 guantur.
553 3461 593 3492 Et
610 3461 635 3491 si
658 3461 730 3502 quis
753 3461 803 3492 hic
820 3468 942 3499 erraret,
958 3462 1040 3492 male
1059 3469 1167 3502 posset
1190 3462 1228 3493 de
1247 3462 1442 3493 connexione

381 3504 535 3536 virtutum
558 3505 726 3545 disputare.

1554 3155 1726 3186 Sciendum
1751 3163 1797 3186 est
1819 3155 1914 3196 igitur
1937 3157 2026 3197 quod
2049 3164 2172 3188 constat
2192 3157 2322 3189 virtutes
2346 3159 2498 3199 perfectas
2519 3162 2558 3191 ab

1498 3198 1688 3239 imperfectis
1710 3210 1777 3230 non
1800 3207 1966 3240 propterea
1989 3200 2156 3241 distingui,
2180 3202 2256 3242 quia
2278 3202 2348 3233 inae
2371 3203 2404 3233 in
2429 3214 2558 3235 summo

1498 3250 1572 3274 sunt
1594 3244 1703 3283 gradu,
1727 3243 1804 3275 istae
1827 3254 1903 3275 non.
1926 3245 2011 3275 Nam
2033 3244 2162 3276 virtutes
2186 3256 2355 3283 connexae,
2380 3258 2461 3288 quae
2485 3256 2558 3280 sunt

1497 3287 1583 3317 solae
1606 3287 1780 3327 perfectae,
1803 3295 1839 3319 ut
1860 3288 1894 3318 in
1915 3288 2017 3319 littera
2047 3289 2173 3326 dicitur„
2198 3290 2318 3320 intendi
2347 3299 2497 3331 possunt;
2522 3300 2555 3323 ut

1498 3341 1632 3372 sequens
1656 3331 1798 3372 quaestio
1813 3331 1831 3351 *
1854 3333 2000 3364 ostendit.

1552 3375 1729 3412 Quomodo
1746 3382 1852 3406 autem
1871 3376 2113 3416 distinguantur,
2130 3387 2167 3407 ex
2182 3385 2293 3408 natura
2309 3378 2434 3410 habitus
2450 3387 2481 3410 et
2495 3379 2553 3410 dis-

1496 3419 1663 3459 positionis
1679 3419 1906 3451 manifestatur.
1930 3421 2066 3451 Habitus
2085 3420 2170 3451 enim
2185 3427 2215 3452 et
2231 3421 2396 3462 dispositio
2412 3423 2556 3455 distincta

1497 3470 1603 3494 contra
1627 3463 1782 3500 habitum,
1799 3465 1975 3495 secundum
1997 3464 2112 3495 melius
2136 3465 2337 3496 sentientium
2357 3468 2554 3506 sententiam,

1497 3506 1734 3547 distinguuntur
1757 3518 1822 3538 non
1847 3508 2012 3539 modaliter
2034 3515 2173 3546 tantum,
2197 3509 2251 3540 sed
2275 3510 2486 3542 essentialiter.
2510 3512 2555 3542 Ita

2577 552 2587 563 '⁵
2602 552 2630 573 D.
2645 552 2697 580 670,
2712 553 2769 574 ¹108.

2671 661 2685 676 v
2708 660 2789 683 n.9.-

2578 655 2660 703 ἃςῗε.
2675 671 2727 703 lect.
2743 688 2775 703 ιι.

2581 1074 2589 1082 ·
2605 1074 2634 1095 D.
2649 1073 2695 1095 n81.

2581 1129 2592 1140 ⁵
2607 1129 2635 1151 D.
2650 1135 2703 1156 ¹¹77·

2586 1762 2594 1770 ·
2610 1761 2635 1782 Iu
2650 1766 2756 1788 corpore.

2586 2024 2594 2032 ·
2611 2022 2658 2050 Qu.
2671 2028 2703 2049 ix,
2718 2026 2759 2044 art.
2774 2029 2795 2049 ι;

2585 2054 2701 2096 ἓὲι.1ινιιι,
2717 2052 2760 2071 art.
2775 2055 2795 2076 5,

2587 2714 2596 2724 ·
2611 2713 2636 2735 In
2652 2719 2714 2741 resp.
2729 2714 2756 2735 ad
2771 2719 2792 2742 3.

2585 3341 2594 3350 ·
2609 3339 2645 3361 Cf.
2659 3342 2701 3361 art.
2715 3345 2732 3366 1,
2745 3345 2767 3361 2.
