2852 4152
121 1397 129 1405 ·
144 1396 216 1417 Prosa
229 1401 251 1416 v.

122 1658 131 1667 '
148 1656 215 1678 Vers.
228 1662 264 1684 29.

220 1924 237 1940 α

124 2034 132 2042 ·
141 2031 316 2054 S.Th.1ect.xxi

122 2084 134 2095 ⁸
150 2084 198 2112 Qu.
212 2090 277 2111 xxvi,
292 2087 334 2105 art.

122 2117 146 2137 4.

124 3142 336 3191 12.¹33¹3·s3¹r{?l'0·0{1

355 210 429 247 206

357 296 447 320 amor
470 289 563 322 habet
581 290 726 321 iunctum
750 290 861 320 odium
890 289 948 320 sibi
971 289 1129 329 oppositi,
1155 294 1185 318 et
1208 297 1224 317 e
1245 294 1413 322 converso;

357 340 387 364 et
403 334 442 363 de
458 333 506 364 his
530 341 576 364 est
599 344 702 364 sermo
727 333 968 374 comparativus
994 333 1035 363 Et
1057 331 1235 362 manifestat
1258 329 1414 360 fortitudi-

978 210 1243 257 QUAEST1o
1273 210 1414 254 xxlx,
1443 207 1738 244 ARTICULUS
1768 206 1834 252 lv,
1861 206 1897 242 v

1467 286 1500 315 in
1523 285 1729 325 responsione
1752 284 1792 314 ad
1815 283 1956 323 primum
1979 291 2010 315 et
2032 286 2208 316 secundum
2231 284 2423 325 exprimitur.
2445 301 2465 306 —
2485 283 2527 314 Et

1470 329 1513 359 sic
1536 339 1583 362 ex.
1596 329 1698 368 prima
1730 327 1860 363 ratione,
1885 327 1997 358 odium
2019 329 2119 369 magis
2150 328 2391 369 quodammodo
2419 327 2527 358 incitat

358 387 433 408 nem
457 378 521 408 odii
546 388 640 418 super
663 387 806 408 amorem
829 383 1025 412 extraneum,
1050 385 1116 406 esse
1139 385 1205 404 non
1229 384 1265 404 ex
1289 383 1337 408 se,
1360 373 1415 402 sed
1470 382 1567 412 quam
1584 372 1770 411 coniugatus
1787 380 1886 407 amor,
1904 371 1980 411 quia
1995 372 2094 412 tnagis
2110 373 2254 403 sentitur:
2275 379 2305 403 et
2324 382 2360 402 ex
2376 371 2524 421 secunda,

358 431 395 452 ex
419 431 527 453 amore
551 422 617 452 eius
642 432 735 452 causa
751 428 917 462 superante
933 420 1024 450 illum
1048 419 1182 449 alterum
1205 425 1362 451 amorem;
1381 422 1415 446 ut
1470 416 1570 455 magis
1583 426 1680 456 quarn
1691 422 1854 445 extraneus
1866 424 1965 452 amor,
1975 416 2050 456 quia
2061 416 2123 456 agit
2134 417 2248 447 virtute
2260 416 2376 446 amoris
2386 425 2524 445 maioris.

1142 568 1457 610 ARTICULUS
1487 567 1757 619 QUARTUS

922 661 1076 692 UTRUM
1098 659 1269 696 ALIQUIS
1291 659 1437 690 POSSIT
1461 659 1634 689 HABERE
1658 658 1764 690 omo
1788 659 1964 691 SEIPSUM

682 741 713 765 ΙΙ·
732 741 784 770 ΙΙ““,
803 747 847 772 qu.
862 747 917 769 xxv,
936 743 981 763 art.
997 746 1025 770 73
1045 739 1065 762 Il
1084 738 1165 767 Sent„
1187 738 1244 762 dist.
1262 745 1320 768 xL11,
1340 745 1384 770 qu.
1402 744 1429 765 11,
1448 741 1494 761 art.
1515 744 1537 765 2,
1557 738 1604 769 qu·
1625 744 1648 766 2.
1668 737 1699 761 ad
1720 744 1748 768 2;
1767 737 1807 767 111,
1827 737 1885 762 dist.
1903 745 1978 769 xxvn,
1997 738 2201 771 Exposit.,Litt.;

1157 773 1187 797 In
1207 773 1304 797 Psalm.
1322 772 1354 796 X
1357 779 1366 801 ;
1385 772 1487 804 Ephes„
1508 779 1562 804 cap.
1576 779 1600 801 ν,
1619 772 1676 796 lect.
1695 779 1729 796 rx.

400 904 422 913 ›-
489 895 496 908 „
571 876 594 900 D
615 874 786 905 QUARTUM
806 874 858 898 Sic
878 873 1116 899 PROCEDITUR.
1132 861 1291 899 Videtur
1311 861 1415 910 quod

572 915 704 963 aliquis
731 914 851 962 possit
870 914 1037 963 seipsum
1066 914 1154 951 odio
1179 915 1330 951 habere.
1351 914 1416 950 Di-

424 981 500 1010 ,va

418 993 516 1058 ᾆξ’
530 1009 799 1068 iniquitatem
815 1049 826 1066 ,
860 1020 938 1056 odit
980 1020 1148 1057 animam
1183 1031 1303 1056 suam.
1340 1019 1416 1055 Sed

358 1073 466 1110 multi
496 1073 650 1120 diligunt
677 1072 924 1121 iniquitatem.
946 1073 1047 1121 Ergo
1077 1072 1185 1109 multi
1209 1071 1341 1108 odiunt
1361 1084 1417 1108 se-

359 1138 369 1162 1
399 1138 474 1162 sos.
1128 1138 1132 1145 ·

371 1138 448 1214 P2.
469 1178 710 1225 PRAETEREA,
739 1178 846 1215 illum
879 1178 1049 1225 odimus,
1067 1177 1140 1213 ·cui
1171 1177 1353 1213 volumus
1383 1183 1418 1212 et

360 1242 565 1279 operamur
593 1231 749 1267 malum.
772 1231 849 1267 Sed
869 1230 1099 1278 quandoque
1129 1229 1261 1278 aliquis
1283 1229 1364 1266 vult
1384 1236 1419 1265 et

361 1290 539 1332 operatur
558 1283 628 1319 sibi
646 1283 717 1332 ipsi
741 1284 903 1320 malum:
923 1290 1014 1331 puta
1034 1282 1098 1331 qui
1126 1282 1344 1319 interimunt
1363 1294 1419 1319 se-

359 1336 474 1385 ipsos.
495 1337 596 1383 Ergo
626 1336 739 1384 aliqui
768 1335 913 1384 seipsos
941 1335 1083 1372 habent
1111 1335 1214 1372 odio.

415 1389 450 1426 3.
472 1390 703 1435 Pmnranm,
724 1388 879 1425 Boetius
903 1388 1002 1436 dicit,
1023 1388 1061 1424 in
1091 1389 1122 1424 11
1151 1388 1197 1425 de
1220 1387 1366 1425 Consol.
1386 1387 1417 1434 ²⁸,

361 1442 465 1490 quod
493 1441 655 1477 avaritia
671 1441 776 1489 facit
799 1441 967 1478 homines
985 1441 1151 1478 odiosos:
1182 1453 1227 1477 ex
1255 1452 1332 1489 quo
1352 1453 1421 1489 po-

360 1501 431 1530 test
459 1493 578 1541 accipi
606 1495 711 1541 quod
739 1494 864 1530 omnis
892 1494 1012 1530 homo
1042 1493 1121 1530 odit
1148 1505 1320 1530 avarum.
1343 1494 1419 1530 Sed

361 1546 474 1595 aliqui
503 1553 589 1582 sunt
617 1546 733 1583 avari.
755 1547 857 1594 Ergo
885 1546 935 1583 illi
964 1546 1096 1583 odiunt
1123 1546 1279 1595 seipsos.

365 1619 367 1621 ·
415 1600 489 1636 SED
532 1610 678 1635 CONTRA
718 1611 784 1636 EST
825 1599 930 1647 quod
971 1599 1179 1648 Apostolus
1226 1599 1337 1646 dicit,
1372 1599 1423 1635 ad

359 1653 494 1700 Ephes.
523 1663 548 1688 v
575 1651 614 1698 ²¹²,
644 1652 751 1700 quod
779 1663 888 1689 nemo
918 1663 1084 1700 unquam
1122 1663 1275 1689 carnem
1311 1664 1419 1688 suam

361 1705 445 1742 odio
473 1704 612 1741 habuit.

415 1758 643 1794 RESPONDEO
663 1768 846 1794 mCENDUM
866 1758 970 1805 quod
989 1757 1226 1806 impossibile.
1243 1764 1298 1793 est
1317 1757 1421 1806 quod

361 1809 506 1858 aliquis,
526 1821 595 1857 per
622 1821 662 1845 se
690 1810 896 1858 loquendo,
918 1809 1021 1846 odiat
1049 1809 1228 1858 seipsum.
1258 1811 1421 1846 Natura-

361 1862 444 1899 liter
463 1862 566 1898 enim
594 1862 897 1910 unumquodque
917 1862 1057 1910 appetit
1084 1863 1243 1909 bonum,
1265 1875 1335 1899 nec
1353 1875 1422 1911 po-

361 1922 432 1951 test
451 1914 584 1962 aliquis
605 1919 622 1935 ‘¹
641 1914 779 1962 aliquid
800 1914 868 1950 sibi
888 1922 1065 1962 appetere
1085 1914 1155 1951 nisi
1176 1916 1246 1951 sub
1275 1915 1420 1952 ratione

362 1967 469 2004 boni:
499 1977 590 2003 nam
610 1967 753 2003 malum
773 1968 827 2003 est
838 1973 992 2014 praeter
1008 1967 1248 2013 voluntatem,
1268 1975 1309 2003 ut
1328 1967 1419 2004 Dio-

318 2038 333 2053 1.
360 2020 490 2068 nysius
520 2019 618 2067 dicit,
648 2031 683 2056 1v
712 2031 793 2067 cap.
819 2020 864 2056 de
890 2020 977 2056 Div.
998 2020 1115 2057 Nom.
1140 2019 1160 2041 ²¹⁶
1187 2022 1328 2057 Amare
1356 2032 1421 2057 au-

361 2079 438 2109 tem
455 2072 618 2120 aliquem
634 2079 689 2108 est
706 2073 803 2108 velle
825 2072 858 2108 ei
878 2072 1038 2120 bonum,
1053 2079 1095 2109 ut
1114 2085 1228 2121 supra
1242 2072 1262 2094 '¹‘
1277 2073 1420 2110 dictum

362 2133 427 2162 est.
448 2125 558 2162 Unde
579 2137 733 2161 necesse
754 2132 809 2161 est
828 2125 933 2173 quod
952 2125 1085 2173 aliquis
1104 2132 1207 2162 amet
1234 2126 1419 2174 seipsum;

362 2185 398 2214 et
416 2177 650 2226 impossibile
670 2185 725 2214 est
748 2178 853 2225 quod
873 2177 1006 2226 aliquis
1026 2178 1128 2215 odiat
1151 2178 1331 2226 seipsum,
1353 2191 1422 2227 per

362 2243 402 2267 se
430 2230 636 2278 loquendo.

415 2284 488 2319 Per
507 2283 681 2319 accidens
709 2289 838 2319 tamen
862 2282 1041 2330 contingit
1068 2282 1174 2331 quod
1203 2282 1336 2331 aliquis
1364 2295 1421 2320 se-

362 2335 487 2384 ipsum
512 2335 602 2372 odio
621 2335 770 2372 habeat.
791 2336 840 2372 Et
858 2336 933 2372 hoc
952 2334 1159 2384 dupliciter.
1179 2336 1266 2372 Uno
1287 2336 1418 2383 modo,

364 2400 407 2424 ex
426 2395 532 2436 parte
561 2388 652 2424 boni
672 2388 776 2436 quod
796 2388 865 2424 sibi
884 2387 1015 2436 aliquis
1038 2388 1130 2424 vult.
1151 2388 1299 2425 Accidit
1318 2388 1421 2425 enirn

417 2496 444 2528 α)
463 2496 567 2528 aliquis.
585 2509 605 2515 —
622 2496 685 2523 Orn.
703 2497 733 2522 P.

1470 860 1700 909 quandoque
1720 860 1811 897 illud
1831 860 1934 908 quod
1954 860 2141 909 appetitur
2154 868 2196 898 ut
2209 863 2419 901 secundum
2435 864 2527 914 quid

1470 915 1637 960 bonurn,
1675 925 1755 950 esse
1794 912 2010 961 simpliciter
2047 914 2212 951 malum:
2250 922 2286 952 et
2312 917 2524 954 secundum

1469 967 1561 1013 hoc,
1583 966 1715 1013 aliquis
1742 978 1811 1014 per
1838 965 2013 1002 accidens
2039 966 2121 1003 vult
2148 966 2219 1002 sibi
2246 969 2402 1017 malum,
2423 970 2527 1018 quod

1471 1026 1526 1055 est
1545 1019 1662 1055 odire.
1674 1018 1794 1054 -Alio
1815 1018 1946 1066 modo,
1964 1030 2008 1055 ex
2023 1026 2128 1067 parte
2148 1019 2206 1055 sui
2224 1019 2353 1070 ipsius,
2370 1022 2429 1059 cui
2447 1022 2529 1060 vult

1470 1072 1630 1107 bonum.
1646 1070 1960 1120 Unumquodque
1981 1071 2083 1108 enim
2102 1072 2266 1109 maxime
2291 1081 2347 1110 est
2363 1074 2402 1112 id
2422 1075 2528 1124 quod

1472 1131 1527 1160 est
1553 1123 1794 1172 principalius
1821 1123 1860 1160 in
1888 1123 1992 1172 ipso:
2021 1124 2123 1161 unde
2154 1124 2288 1175 civitas
2317 1126 2449 1164 dicitur
2475 1128 2528 1164 fa-

1472 1188 1556 1213 cere
1577 1176 1682 1225 quod
1701 1188 1766 1213 rex
1785 1176 1882 1224 facit,
1908 1176 2016 1225 quasi
2035 1189 2100 1214 rex
2120 1177 2166 1214 sit
2183 1185 2263 1215 tota
2282 1178 2424 1216 civitas.
2445 1180 2531 1217 Ma-

1472 1229 1648 1266 nifestum
1676 1236 1731 1266 est
1759 1241 1849 1277 ergo
1877 1229 1982 1278 quod
2006 1229 2126 1267 homo
2154 1230 2319 1271 maxime
2347 1239 2402 1268 est
2421 1243 2530 1270 mens

1471 1282 1649 1319 hominis.
1680 1282 1871 1330 Contingit
1898 1290 2026 1319 autem
2054 1283 2160 1331 quod
2188 1283 2302 1332 aliqui
2330 1284 2530 1322 aestimant

1473 1347 1513 1371 se
1542 1347 1624 1371 esse
1644 1333 1659 1364 β
1676 1334 1840 1371 maxime
1870 1335 1960 1372 illud
1989 1335 2095 1384 quod
2123 1343 2210 1373 sunt
2229 1337 2443 1375 secundum
2462 1350 2531 1376 na-

1473 1396 1596 1425 turam
1625 1388 1864 1436 corporalem
1884 1395 1920 1425 et
1944 1388 2176 1426 sensitivam.
2202 1389 2312 1427 Unde
2342 1398 2472 1428 amant
2490 1403 2531 1428 se

1474 1440 1686 1477 secundum
1713 1440 1752 1477 id
1781 1441 1887 1488 quod
1915 1441 2114 1478 aestimant
2142 1454 2182 1478 se
2203 1454 2297 1490 esse,
2314 1443 2382 1480 sed
2397 1443 2531 1481 odiunt

1473 1493 1512 1530 id
1533 1492 1636 1541 quod
1655 1505 1746 1530 vere
1767 1501 1863 1540 sunt,
1881 1493 1974 1530 dum
1992 1495 2127 1531 volunt
2146 1495 2333 1532 contraria
2347 1496 2493 1534 rationi.
2505 1517 2530 1524 -

1474 1547 1523 1583 Et
1541 1553 1703 1594 utroque
1730 1546 1860 1592 modo,
1880 1546 1939 1582 ille
1963 1546 2029 1594 qui
2049 1547 2164 1594 diligit
2185 1547 2433 1596 iniquitatem,
2455 1549 2534 1587 odit

1474 1611 1553 1635 non
1572 1599 1696 1635 solum
1716 1598 1884 1635 animam
1913 1611 2035 1646 suam,
2057 1599 2123 1636 sed
2145 1599 2257 1636 etiam
2286 1600 2464 1649 seipsum.

1528 1652 1577 1687 Et
1596 1663 1664 1699 per
1690 1651 1764 1688 hoc
1791 1658 1894 1700 patet
1922 1652 2118 1701 responsio
2147 1653 2196 1689 ad
2223 1652 2402 1701 primum.

1527 1706 1587 1741 An
1615 1715 1805 1741 SECUNDUM
1842 1715 2025 1742 DICENDUM
2054 1705 2158 1753 quod
2197 1706 2320 1743 nullus
2348 1705 2418 1743 sibi
2453 1705 2535 1744 vult

1476 1764 1512 1793 et
1538 1757 1625 1793 facit
1643 1757 1799 1803 malum,
1820 1756 1890 1794 nisi
1918 1757 2144 1806 inquantum
2169 1758 2421 1808 apprehendit
2442 1758 2535 1796 illud

1475 1810 1546 1846 sub
1574 1809 1718 1846 ratione
1746 1809 1848 1846 boni.
1870 1810 1974 1846 Nam
2004 1818 2040 1847 et
2067 1810 2116 1847 illi
2143 1811 2208 1859 qui
2235 1811 2455 1849 interimunt
2477 1823 2535 1848 se-

1474 1862 1595 1910 ipsos,
1619 1863 1694 1898 hoc
1721 1862 1847 1911 ipsum
1877 1863 1982 1911 quod
2010 1870 2065 1900 est
2092 1864 2212 1910 mori,
2242 1864 2534 1914 apprehendunt

1459 1915 1545 1951 =sub
1579 1914 1722 1951 ratione
1760 1915 1870 1962 boni,
1900 1915 2127 1963 inquantum
2161 1924 2216 1954 est
2250 1917 2534 1955 terminativum

1475 1967 1631 2004 alicuius
1659 1967 1831 2004 miseriae
1863 1969 1925 2005 vel
1954 1968 2107 2006 doloris.

1527 2021 1586 2056 Ao
1614 2031 1773 2056 TERTIUM
1793 2032 1975 2058 mceunum
1997 2022 2103 2070 quod
2122 2030 2264 2058 ‘avarus
2284 2021 2363 2059 odit
2380 2021 2536 2070 aliquod

1475 2072 1648 2109 accidens
1677 2084 1801 2120 suurn,
1823 2085 1902 2110 non
1930 2081 2059 2110 tamen
2086 2082 2242 2123 propter
2269 2075 2343 2111 hoc
2371 2074 2451 2112 odit
2479 2086 2537 2112 se-

1474 2125 1619 2174 ipsum:
1651 2125 1747 2162 sicut
1774 2138 1886 2174 aeger
1913 2126 1993 2163 odit
2027 2139 2136 2164 suam
2165 2127 2458 2175 aegritudinem,
2490 2139 2535 2165 ex

1473 2179 1548 2215 hoc
1567 2178 1649 2226 ipso
1670 2178 1774 2226 quod
1794 2190 1834 2215 se
1854 2186 1966 2216 amat.
1979 2179 2079 2216 -Vel
2101 2179 2305 2217 dicendum
2321 2182 2425 2229 quod
2445 2193 2536 2218 ava-

1475 2231 1556 2267 ritia
1575 2230 1731 2268 odiosos
1750 2231 1837 2268 facit
1856 2232 1950 2279 aliis,
1976 2245 2055 2269 non
2074 2240 2201 2269 autem
2221 2232 2290 2269 sibi
2308 2232 2389 2282 ipsi.
2416 2233 2536 2280 Quin-

1474 2283 1595 2319 immo
1625 2291 1800 2320 causatur
1828 2296 1873 2320 ex
1899 2284 2113 2322 inordinato
2143 2285 2200 2322 sui
2229 2297 2372 2332 amore,
2402 2297 2536 2322 secun-

1477 2336 1568 2372 dum
1589 2347 1704 2384 quern
1724 2336 1772 2373 de
1791 2336 1902 2373 bonis
1915 2337 2189 2386 temporalibus
2207 2338 2292 2387 plus
2311 2337 2382 2375 sibi
2401 2338 2534 2387 aliquis

1474 2389 1556 2425 vult
1584 2401 1700 2436 quam
1729 2388 1877 2426 debeat.

1529 2496 1554 2531 β)
1574 2505 1638 2523 esse.
1655 2512 1674 2518 -
1692 2499 1754 2523 Om.
1774 2499 1845 2523 PHa.

1145 2641 1461 2683 ARTICULUS
1491 2642 1747 2694 QUINTUS

885 2733 1042 2764 UTRUM
1064 2733 1235 2771 ALIQUIS
1258 2734 1405 2765 Possm*
1429 2734 1535 2765 omo
1559 2735 1733 2765 HABERE
1756 2735 2012 2766 VERITATEM

502 2878 548 2919 '‘⁴st
573 2872 706 2920 aliquis
734 2885 812 2909 non
840 2873 961 2921 possit
993 2874 1133 2910 habere
1166 2873 1255 2911 odio
1284 2874 1420 2911 verita-

437 2939 498 2969 ν,
518 2928 539 2971 6
563 2932 661 2970 tem.
683 2926 836 2962 Bonum
857 2925 959 2962 enim
980 2933 1015 2962 et
1035 2938 1100 2962 ens
1121 2933 1157 2962 et
1179 2938 1315 2963 verum
1332 2940 1420 2964 con—

417 2952 506 3004 «ζᾎῗ
528 2967 779 3014 K'vertuntur.
802 2978 878 3015 Sed
898 2978 1029 3027 aliquis
1045 2991 1122 3015 non
1136 2987 1261 3027 potest
1279 2980 1420 3017 habere

363 3028 452 3065 odio
481 3029 698 3066 bonitatem.
729 3031 830 3078 Ergo
859 3043 930 3067 nec
957 3031 1167 3068 veritatem.

417 3092 452 3117 2.
482 3082 712 3129 PRAETEREA,
743 3095 871 3120 omnes
897 3084 1064 3121 homines
1088 3085 1310 3121 naturaliter
1326 3085 1422 3121 scire

363 3133 591 3180 desiderant,
630 3142 671 3171 ut
708 3135 841 3172 dicitur
875 3135 913 3172 in
946 3136 1130 3186 principio
1158 3138 1374 3186 Metaphys.
1401 3137 1421 3159 '¹‘

364 3185 441 3222 Sed
469 3186 623 3223 scientia
651 3199 729 3224 non
758 3195 814 3224 est
840 3188 911 3225 nisi
937 3201 1130 3226 verorum.
1161 3191 1262 3238 Ergo
1282 3190 1420 3227 veritas

363 3238 581 3275 naturaliter
608 3239 841 3277 desideratur
870 3248 905 3277 et
933 3249 1091 3278 amatur.
1123 3243 1200 3280 Sed
1227 3243 1332 3291 quod
1356 3255 1421 3280 na-

362 3291 530 3328 turaliter
556 3291 668 3340 inest,
698 3305 851 3341 semper
877 3293 983 3331 inest.
1014 3295 1150 3332 Nullus
1180 3307 1268 3344 ergo
1296 3302 1421 3344 potest

362 3344 505 3380 habere
533 3344 623 3381 odio
651 3345 861 3382 veritatem.

418 3397 452 3433 3.
482 3397 718 3445 Pmmmm,
747 3397 1002 3446 Philosophus
1031 3399 1128 3447 dicit,
1157 3399 1195 3437 in
1224 3401 1255 3437 11
1284 3401 1420 3438 Rheto-

388 2834 445 2878 21:52⁵

386 2875 440 2931 &J

379 2928 414 2981 ιε

418 3511 444 3545 α)
464 3513 523 3538 Non
539 3517 628 3545 potest
689 3514 793 3540 habere.
810 3528 830 3533 -
849 3515 908 3540 Non
968 3515 1045 3540 habet
1064 3517 1109 3541 Pa.

446 2837 451 2850 ι
478 2840 545 2885 sm<
559 2817 594 2857 *D
615 2831 776 2862 QumruM
796 2831 848 2856 sm
869 2831 1106 2858 PROCEDITUR.
1127 2821 1287 2858 Videtur
1314 2822 1419 2870 quod
1473 2821 1582 2869 ric.*,
1595 2822 1700 2870 quod
1715 2822 1882 2859 homines
1901 2828 2033 2860 amant
2051 2835 2125 2860 non
2134 2825 2260 2872 fictos.
2279 2824 2355 2862 Sed
2370 2837 2449 2862 non
2464 2825 2536 2864 nisi

1473 2882 1628 2923 propter
1658 2875 1869 2912 veritatem.
1899 2876 2001 2924 Ergo
2029 2877 2148 2913 homo
2183 2877 2398 2914 naturaliter
2434 2885 2536 2916 amat

1472 2927 1684 2964 veritatem.
1715 2928 1806 2965 Non
1833 2935 1958 2977 potest
1985 2941 2075 2977 ergo
2104 2941 2191 2966 eam
2220 2930 2308 2967 odio
2336 2931 2478 2968 habere
2503 2936 2532 2968 α.

1528 2980 1602 3017 SED
1631 2992 1776 3018 CONTRA
1803 2992 1869 3017 Esr
1897 2981 2002 3030 quod
2025 2982 2232 3030 Apostolus
2266 2982 2364 3030 dicit,
2386 2984 2437 3020 ad
2459 2984 2534 3021 Ga-

1473 3032 1535 3068 lat.
1553 3045 1589 3069 1v
1602 3032 1637 3069 *τ
1665 3035 1803 3070 Factus
1830 3045 1913 3071 sum
1932 3035 2037 3071 vobis
2056 3035 2238 3081 inimicus,
2257 3047 2390 3072 verum
2410 3036 2533 3074 dicens

1472 3086 1588 3122 vohis.

1527 3139 1752 3175 RsspoNnsso
1771 3150 1954 3176 DICENDUM
1980 3139 2087 3187 quod
2106 3140 2252 3177 bonum
2277 3148 2314 3177 et
2331 3153 2467 3179 verum
2496 3149 2533 3178 et

1474 3203 1540 3227 ens
1569 3198 1655 3228 sunt
1682 3191 1786 3228 idem
1814 3192 2027 3229 secundum
2056 3204 2148 3240 rem,
2179 3193 2246 3230 sed
2276 3193 2454 3231 differunt
2475 3205 2532 3231 ra-

1472 3243 1587 3280 tione.
1621 3245 1774 3281 Bonum
1804 3244 1904 3282 enim
1931 3244 2047 3282 habet
2078 3246 2265 3283 rationem
2300 3245 2529 3295 appetibilis,

1473 3308 1551 3333 non
1571 3303 1698 3333 autern
1728 3308 1793 3334 ens
1811 3297 1874 3334 vel
1897 3309 2055 3334 verum:
2085 3298 2174 3347 quia
2193 3299 2339 3336 bonum
2359 3306 2414 3335 est
2431 3299 2533 3348 quod

1473 3350 1600 3386 omnia
1637 3354 1823 3397 appetunt.
1852 3350 1901 3387 Et
1928 3350 2015 3387 ideo
2043 3351 2216 3399 bonum,
2245 3351 2314 3389 sub
2343 3350 2487 3388 ratione
2516 3349 2531 3380 β

1473 3401 1580 3450 boni,
1610 3414 1688 3439 non
1714 3409 1840 3450 potest
1866 3402 1956 3440 odio
1984 3404 2134 3452 haberi,
2163 3416 2234 3442 nec
2259 3404 2298 3441 in
2325 3403 2529 3442 universali

1528 3518 1553 3551 β)
1572 3520 1619 3544 sub
1639 3520 1751 3545 ratione.
1769 3534 1788 3539 -
1806 3521 1948 3546 secundum
1968 3522 2098 3547 rationem
2117 3521 2185 3547 PEa.

2560 2843 2571 2854 ⁸
2585 2841 2643 2871 esp.
2655 2847 2687 2871 w,
2701 2848 2724 2866 u.
2735 2849 2775 2872 ²⁷-

2559 3047 2569 3058 ·
2582 3045 2649 3069 Vers-
2664 3047 2696 3070 ¹6.
