2852 4152
163 624 172 632 ·
185 622 211 644 D.
228 623 275 650 198,
291 628 338 650 ¹99-

156 837 167 847 ⁸
185 837 232 865 Qu.
248 844 263 864 1,
279 842 321 860 art.
335 845 354 866 5.

158 887 167 893 ·
182 884 210 906 D.
226 885 277 911 624.

151 2399 160 2407 ·
177 2397 232 2425 Cap.
248 2404 278 2419 vr.

397 176 446 222 96

455 253 494 290 Si
514 261 642 291 autem
662 254 892 303 accipiantur
911 257 987 293 duo
1008 256 1056 292 ad
1076 255 1239 293 invicem
1260 267 1339 292 non
1359 255 1457 292 ordi—

400 313 499 354 nata,
516 307 568 343 sic
585 307 696 344 etiam
717 307 828 344 simul
847 309 964 345 homo
982 315 1105 356 potest
1123 309 1231 356 plura
1250 307 1454 344 intendere.

401 359 516 406 Quod
534 367 638 408 patet
657 372 701 396 ex
721 361 806 408 hoc,
824 361 928 410 quod
947 361 1066 397 homo
1086 373 1206 396 unum
1229 359 1331 395 alteri
1351 371 1457 407 prae-

401 411 511 460 eligit,
537 412 626 460 quia
653 413 788 450 melius
817 421 872 450 est
900 414 1016 450 altero
1035 418 1068 449 Y:
1097 412 1192 449 inter
1219 411 1310 448 alias
1329 418 1456 447 autern

400 465 637 502 conditiones
657 466 794 514 quibus
813 466 953 513 aliquid
982 472 1036 501 est
1060 464 1194 500 melius
1222 464 1351 509 altero,
1381 475 1458 499 una

399 524 455 553 est
474 518 578 565 quod
598 518 647 554 ad
665 519 774 566 plura
788 519 904 555 valet:
926 518 1028 554 unde
1044 524 1167 565 potest
1190 516 1330 564 aliquid
1349 528 1457 564 prae-

399 570 482 618 eligi
511 570 632 616 alteri,
663 583 708 606 ex
736 572 810 606 hoc
838 570 941 618 quod
971 569 1019 605 ad
1047 570 1155 616 plura
1182 568 1294 605 valet.
1329 569 1377 604 Et
1406 568 1458 604 516

398 623 595 659 manifeste
623 624 742 659 homo
772 623 880 659 simul
909 623 1016 670 plura
1044 621 1202 657 intendit
1221 620 1251 657 ²¹⁸.

451 677 510 711 AD
539 687 675 712 PRIMUM
701 687 797 711 ERGO
822 686 1005 711 DICENDUM
1026 674 1130 720 quod
1150 673 1382 720 Augustinus
1403 673 1457 710 in-

398 727 526 775 telligit
544 727 741 764 hominem
771 739 848 763 non
867 739 980 774 posse
1010 726 1121 762 simul
1142 727 1268 762 Deum
1299 733 1334 762 et
1354 738 1456 763 com-

399 780 560 816 modum
581 780 789 828 temporale
819 779 1024 825 intendere,
1045 778 1140 815 sicut
1158 779 1310 815 ultimos
1338 779 1455 816 fines:

399 832 498 880 quia,
528 841 568 868 ut
597 845 710 881 supra
729 832 748 853 ²⁸
768 839 962 868 ostensum
993 839 1058 878 est,
1081 843 1159 868 non
1186 839 1346 880 possunt
1375 844 1455 868 esse

397 885 524 933 plures
553 886 649 922 fines
677 884 797 920 ultimi
826 884 938 921 unius
966 884 1132 921 hominis
1152 885 1184 921 *.

450 939 508 974 AD
538 949 726 974 SECUNDUM
754 949 937 974 DICENDUM
964 936 1069 985 quod
1093 936 1204 974 unius
1223 944 1349 973 motus
1369 949 1456 985 pos-

397 997 483 1026 sunt
513 1002 557 1026 ex
585 1002 661 1026 una
695 997 800 1037 parte
831 1002 912 1026 esse
942 990 1068 1039 plures
1096 989 1269 1036 termini,
1299 989 1329 1025 si
1357 1002 1455 1026 unus

396 1042 444 1078 ad
473 1042 588 1078 aliurn
616 1042 827 1079 ordinetur:
859 1043 926 1079 sed
947 1043 1023 1079 duo
1052 1042 1203 1079 termini
1221 1042 1271 1078 ad
1290 1041 1455 1078 invicem

395 1106 474 1131 non
500 1094 671 1142 ordinati,
693 1108 739 1132 ex
757 1108 835 1133 una
854 1103 972 1144 parte,
993 1094 1104 1132 unius
1127 1102 1254 1132 motus
1275 1106 1357 1130 esse
1377 1106 1455 1131 non

395 1155 565 1196 possunt.
597 1148 674 1185 Sed
702 1155 830 1185 tamen
861 1147 1179 1187 considerandum
1205 1154 1260 1183 est
1288 1146 1393 1193 quod
1417 1146 1455 1184 id

448 1259 474 1292 γ)
493 1259 587 1283 altero.
604 1271 624 1277 ·-
643 1258 702 1282 Om.
723 1259 833 1282 codices.

1091 177 1357 222 QUAESTIO
1388 178 1473 224 Xll,
1503 177 1797 213 ARTICULUS
1828 177 1878 212 IV

1511 255 1614 303 quod
1644 267 1721 291 non
1741 262 1796 290 est
1814 266 1936 291 unum
1956 256 2167 293 secundum
2188 269 2280 304 rem,
2305 264 2431 306 potest
2449 257 2568 306 accipi

1509 315 1550 344 ut
1568 319 1690 344 unum
1719 306 1931 343 secundum
1960 307 2157 345 rationem.
2184 310 2343 346 Intentio
2365 318 2492 348 autern
2513 318 2568 347 est

1510 367 1636 396 motus
1663 358 1868 396 voluntatis
1888 358 1926 395 in
1947 359 2089 407 aliquid
2116 361 2427 408 praeordinatum
2452 363 2491 400 in
2510 376 2567 400 ra-

1509 412 1612 448 tione
1635 410 1659 458 ⁶,
1681 411 1776 448 sicut
1804 410 1946 448 dictum
1977 419 2032 448 est
2049 411 2080 448 ²⁸.
2102 413 2150 449 Et
2178 412 2265 450 ideo
2296 426 2341 450 ea
2359 427 2459 462 quae
2483 422 2569 453 sunt

1509 465 1617 512 plura
1646 464 1856 501 secundum
1883 476 1975 510 rem,
2005 472 2165 513 possunt
2184 465 2303 514 accipi
2321 473 2362 502 ut
2379 479 2479 504 unus
2497 475 2568 505 ter·

1510 516 1636 552 minus
1670 516 1905 563 intentionis,
1939 524 2052 565 prout
2085 525 2172 554 sunt
2202 530 2324 556 unum
2357 519 2568 557 secundum

1511 568 1713 605 rationem:
1741 570 1804 605 vel
1825 569 1913 618 quia
1941 568 2065 618 aliqu‘a
2094 570 2171 607 duo
2199 579 2427 608 concurrunt
2446 572 2493 609 ad
2513 570 2568 609 in-

1509 621 1734 668 tegrandum
1765 621 1903 670 aliquid
1922 635 2056 670 unum,
2078 623 2172 660 sicut
2190 624 2239 661 ad
2259 624 2458 661 sanitatem
2479 637 2568 661 con-

1511 681 1664 710 currunt
1693 675 1795 710 calor
1823 682 1859 711 et
1891 675 2004 723 frigus
2034 684 2361 724 commensurata3
2389 678 2452 714 vel
2481 677 2569 726 quia

1510 726 1634 775 aliqua
1663 727 1740 763 duo
1770 727 1840 763 sub
1859 740 1937 764 uno
1959 729 2154 766 communi
2183 730 2433 777 continentur,
2463 730 2569 778 quod

1508 787 1633 827 potest
1653 792 1734 817 esse
1749 779 1947 817 intentum.
1963 781 2060 817 Puta
2080 782 2275 831 acquisitio
2297 783 2375 820 vini
2397 790 2433 820 et
2452 783 2568 820 vestis

1510 832 1721 869 continetur
1740 832 1810 869 sub
1831 833 1948 880 lucro,
1965 833 2057 869 sicut
2076 835 2146 871 sub
2162 836 2332 883 quodam
2353 836 2566 873 communi:

1508 886 1611 922 unde
1632 885 1722 922 nihil
1741 885 1918 934 prohibet
1942 885 2033 934 quin
2053 886 2111 923 ille
2131 888 2195 935 qui
2219 888 2379 926 intendit
2401 890 2567 936 lucrum,

1510 937 1618 975 simul
1646 938 1742 975 11366
1770 938 1846 975 (1110
1876 938 2067 987 intendat..

1562 992 1620 1027 AD
1649 1002 1808 1027 TERTmM
1840 1003 2024 1029 111615ΝοοΜ
2053 991 2169 1040 quod,
2198 992 2294 1030 sicut
2321 993 2359 1030 in
2391 993 2523 1032 Primo
2548 995 2567 1014 ⁴

1510 1042 1652 1079 dictum
1682 1050 1748 1089 est,
1780 1043 1959 1092 contingit
1986 1044 2099 1081 simul
2124 1045 2233 1092 plura
2259 1045 2484 1095 intelligere,
2513 1046 2567 1084 in-

1509 1102 1695 1143 quantum
1724 1103 1811 1132 sunt
1838 1095 1965 1144 aliquo
1993 1096 2113 1134 modo
2142 1109 2275 1134 unum.

1558 1260 1582 1292 δ)
1603 1260 1628 1285 in
1650 1261 1764 1285 ratione.
1782 1274 1801 1280 -
1819 1261 1924 1286 ratione
1943 1261 2065 1286 codice&

1072 1335 1403 1370 Commentaria
1426 1337 1675 1370 Cardinalis
1698 1338 1896 1371 Caietani

460 1426 529 1446 111611
546 1416 747 1446 -decisionem
767 1415 848 1446 tertii
864 1415 985 1448 articuli
1007 1415 1149 1446 eiusdem
1164 1415 1357 1456 quaestionis
1375 1416 1454 1446 duo-

460 1459 617 1496 decimae,
645 1460 764 1490 omisso
795 1460 935 1490 secundo
963 1459 1095 1491 articulo
1127 1459 1288 1496 eiusdem,
1321 1459 1455 1490 dubium

394 1504 529 1535 occurrit
551 1510 681 1545 propter
703 1504 798 1545 quid,
823 1513 897 1534 cum
924 1503 1071 1535 voluntas
1099 1513 1165 1534 non
1189 1503 1304 1534 feratur
1334 1504 1393 1534 nisi
1422 1504 1455 1534 in

393 1548 528 1588 cognita,
546 1556 577 1580 et
599 1558 666 1579 non
689 1548 805 1579 feratur
828 1548 923 1578 simul
938 1548 998 1578 nisi
1020 1548 1053 1578 in
1077 1547 1172 1578 simul
1186 1547 1328 1587 cognita;
1346 1548 1384 1578 de
1408 1548 1456 1578 in-

392 1592 518 1623 tellectu
542 1599 674 1633 negatur
689 1592 778 1632 quod
802 1592 955 1632 contingit
977 1592 1078 1623 multa
1098 1592 1193 1622 simul
1215 1591 1396 1631 intelligere,
1426 1599 1456 1622 et

393 1637 431 1667 de
454 1636 618 1668 voluntate
642 1636 824 1667 conceditur
838 1636 927 1677 quod
950 1635 1103 1676 contingit
1118 1636 1218 1666 multa
1242 1635 1336 1666 simul
1351 1636 1454 1666 inten-

393 1680 474 1711 dere.

446 1724 497 1755 Ad
519 1724 582 1754 hoc
605 1723 718 1754 dicitur
740 1724 829 1765 quod
852 1723 931 1754 ratio
955 1731 1002 1754 est
1031 1724 1106 1764 quia
1134 1723 1308 1754 intellectus
1332 1724 1455 1764 attingit

393 1768 484 1808 plura
508 1778 574 1798 non
597 1768 656 1798 nisi
681 1774 717 1798 ut
739 1777 852 1804 unum,
877 1768 1024 1799 voluntas
1048 1777 1123 1798 vero
1141 1774 1176 1798 ut
1191 1768 1292 1807 plura.
1317 1768 1455 1798 Existen-

392 1812 475 1842 tibus
495 1812 652 1852 siquidem
674 1812 776 1842 tribus
800 1818 865 1842 tam
885 1812 917 1842 in
934 1812 1092 1842 intellectu
1113 1822 1211 1852 quam
1233 1812 1265 1842 in
1280 1812 1454 1848 voluntate,

1509 1423 1587 1458 puta
1605 1417 1777 1454 locutione,
1793 1418 1972 1458 gustatione
1987 1425 2017 1450 et
2031 1419 2157 1459 lingua;
2180 1419 2357 1451 intellectus
2372 1420 2570 1458 locutionem

1510 1467 1540 1491 et
1561 1467 1692 1501 gustum
1715 1461 1811 1491 simul
1833 1461 1988 1502 intelligit,
2008 1469 2044 1494 ut
2058 1462 2091 1494 in
2106 1473 2172 1494 uno
2196 1463 2350 1495 uniuntur
2373 1474 2493 1504 organo
2509 1465 2569 1496 lin-

1509 1514 1605 1544 guae3
1629 1505 1776 1536 voluntas
1791 1515 1866 1535 vero
1890 1516 1906 1536 e
1927 1512 2034 1537 contra
2053 1517 2156 1537 unum
2177 1507 2304 1547 linguae
2327 1517 2484 1548 organum
2501 1509 2571 1540 vult

1509 1555 1638 1589 propter
1662 1549 1727 1579 duo
1751 1559 1857 1589 opera,
1881 1549 2086 1580 locutionem*
2100 1551 2216 1581 scilicet
2230 1558 2261 1582 et
2283 1551 2506 1591 gustationem.
2524 1553 2570 1583 Ita

1509 1593 1607 1633 quod,
1632 1602 1707 1623 cum
1728 1592 1799 1623 finis
1821 1593 1854 1623 in
1878 1594 2090 1633 operabilibus
2113 1594 2153 1625 sit
2175 1601 2211 1626 ut
2231 1595 2423 1635 principium
2441 1595 2476 1626 in
2498 1605 2569 1636 spe-

1509 1636 1710 1673 culabilibus,
1734 1637 1878 1668 medium
1901 1647 1956 1668 seu
1984 1638 2176 1679 principium
2199 1639 2232 1669 in
2254 1638 2414 1670 intellectu
2429 1639 2571 1680 plurium

1509 1687 1555 1711 est
1578 1690 1693 1711 unum:
1718 1681 1861 1711 medium
1883 1691 1958 1712 vero
1978 1691 2034 1712 seu
2049 1682 2242 1723 principium
2260 1682 2293 1713 in
2312 1683 2488 1714 intentione
2502 1693 2570 1715 non

1509 1731 1635 1765 oportet
1658 1734 1724 1755 esse
1748 1734 1860 1762 unum,
1885 1725 1940 1756 sed
1963 1726 2117 1767 contingit
2140 1737 2206 1758 esse
2217 1726 2322 1767 plura.
2348 1727 2389 1759 Et
2401 1733 2570 1768 propterea

1509 1769 1548 1798 de
1570 1768 1745 1799 intentione
1769 1769 1952 1800 conceditur
1974 1768 2136 1809 pluralitas
2159 1770 2264 1808 simul,
2284 1781 2366 1812 quae
2382 1774 2515 1812 negatur
2530 1772 2568 1810 de

1507 1812 1731 1844 intellectione.

1170 1947 1487 1990 ARTICULUS
1517 1947 1788 1999 QUARTUS

758 2039 915 2070 UTRUM
939 2038 1149 2070 1NTENT10
1173 2039 1280 2069 FINIS
1304 2039 1371 2070 SIT
1396 2039 1502 2070 IDEM
1525 2038 1668 2070 ACTUS
1692 2039 1785 2070 CUM
1808 2039 2078 2076 YOLUNTATE
2102 2041 2197 2072 EIUS

1244 2083 1366 2120 QUOD
1391 2083 1472 2114 EST
1495 2084 1553 2113 AD
1578 2083 1710 2114 FINEM

870 2157 960 2189 Supra,
981 2164 1026 2189 qu.
1039 2164 1093 2186 vm,
1112 2162 1158 2182 art.
1174 2157 1201 2188 33
1222 2157 1241 2182 Il
1258 2157 1341 2187 Sent„
1361 2158 1421 2183 dist.
1433 2166 1535 2188 xxxvnx,
1555 2163 1602 2183 art.
1616 2165 1633 2190 4
1639 2165 1647 2188 ;
1667 2158 1708 2183 De
1726 2158 1816 2188 Verit„
1836 2167 1881 2191 qu.
1896 2167 1957 2190 xxn,
1973 2164 2019 2184 art.
2036 2167 2076 2192 14.

423 2250 483 2293 χᾶ,
510 2258 578 2300 aa<
601 2248 624 2272 D
644 2247 816 2278 QUARTUM
835 2247 888 2272 SIC
908 2247 1147 2273 paoeamrua.
1165 2236 1326 2273 ’Videtur
1345 2237 1449 2284 quod

418 2277 581 2349 ’ᾔΰῐῇέιο
601 2301 680 2325 non
700 2288 747 2325 sit
773 2300 872 2324 unus
892 2296 929 2324 et
955 2288 1059 2325 idem
1083 2296 1211 2326 motus
1230 2289 1386 2326 intentio
1406 2289 1450 2325 fi-

408 2339 455 2397 ,y
469 2357 519 2374 w
543 2331 670 2388 ‘¹⁴nis‚
693 2349 729 2378 et
746 2342 924 2378 voluntas
945 2341 1024 2377 eius
1045 2343 1147 2390 quod
1169 2350 1224 2379 est
1244 2342 1292 2379 ad
1315 2342 1446 2379 finem.

558 2386 590 2429 K
602 2394 701 2431 Dicit
721 2394 820 2430 enim
839 2394 1084 2442 Augustinus,
1101 2394 1139 2431 in
1158 2395 1209 2431 XI
1230 2395 1276 2431 de
1294 2395 1329 2431 T
1325 2395 1397 2431 rin.
1416 2395 1447 2441 ³¹⁸,

390 2446 496 2495 quod
514 2447 685 2483 voluntas
705 2447 854 2483 videndi
866 2448 1092 2494 fenestram,
1111 2448 1234 2494 finem
1258 2448 1370 2484 hahet
1383 2448 1448 2496 fe-

390 2504 536 2536 nestrae
563 2500 762 2543 visionem,·
789 2505 825 2536 et
845 2499 964 2536 altera
984 2505 1038 2536 est
1054 2499 1226 2537 voluntas
1249 2511 1321 2548 per
1336 2501 1448 2548 fene-

388 2557 505 2588 stram
539 2553 689 2589 via'endi
720 2558 961 2589 transeuntes.
993 2552 1070 2589 Sed
1102 2553 1177 2589 hoc
1208 2552 1371 2602 pertinet
1399 2553 1448 2589 ad

389 2604 651 2652 intentionem,
681 2606 786 2654 quod
813 2604 929 2642 velim
955 2605 1088 2642 videre
1116 2613 1352 2642 transeuntes
1379 2618 1448 2654 per

388 2658 610 2695 fenestram:
639 2658 713 2694 hoc
741 2665 870 2694 autem
900 2658 949 2694 ad
977 2658 1214 2695 voluntatem
1243 2658 1323 2695 eius
1343 2658 1448 2706 quod

390 2717 445 2747 est
473 2711 520 2748 ad
547 2711 678 2757 finem,
699 2710 804 2759 quod
823 2710 941 2748 velim
960 2710 1089 2748 videre
1109 2711 1323 2748 fenestram.
1345 2712 1447 2759 Ergo

389 2763 483 2800 311115
512 2771 567 2801 651
595 2771 723 2800 11101115
742 2763 946 2801 voluntatis
965 2763 1120 2801 intentio
1141 2764 1228 2802 finis
1249 2769 1277 2811 α,
1300 2771 1336 2801 61
1354 2765 1448 2801 311115

388 2817 565 2854 voluntas
595 2816 673 2854 eius
703 2817 808 2866 quod
837 2824 892 2853 est
920 2816 969 2854 ad
996 2817 1126 2855 finem.

443 2881 477 2906 2.
508 2871 748 2916 PRAETEREA,
785 2877 890 2906 actus
924 2869 1202 2918 distinguuntur
1234 2870 1447 2907 secundum

390 2922 549 2959 obiecta.
573 2923 650 2960 Sed
678 2923 776 2969 finis,
798 2930 834 2959 et
858 2922 895 2960 id
920 2923 1025 2971 quod
1055 2930 1109 2959 est
1133 2923 1181 2959 ad
1209 2923 1340 2970 finem,
1362 2930 1449 2960 sunt

391 2974 539 3012 diversa
568 2975 726 3012 obieeta.
757 2976 859 3023 Ergo
888 2975 981 3012 alius
1009 2982 1138 3012 motus
1165 2975 1369 3013 voluntatis
1394 2983 1448 3012 est

388 3027 544 3064 intentio
573 3028 672 3075 finis,
699 3035 734 3065 et
752 3029 929 3066 voluntas
950 3028 1029 3066 eius
1049 3028 1154 3077 quod
1174 3035 1230 3065 est
1248 3028 1296 3066 ad
1315 3029 1446 3066 finem.

446 3081 479 3118 3.
501 3081 733 3129 PRAETEREA,
753 3081 930 3118 voluntas
951 3081 1030 3118 eius
1051 3081 1157 3129 quod
1178 3089 1233 3119 est
1252 3081 1301 3118 ad
1315 3081 1446 3129 finem,

391 3132 525 3170 dicitur
553 3133 698 3170 electio.
724 3134 801 3171 Sed
825 3146 902 3171 non
924 3142 978 3171 est
998 3133 1100 3171 idem
1122 3134 1253 3171 electio
1276 3142 1311 3171 et
1329 3134 1449 3172 inten-

390 3185 453 3223 tio.
484 3187 586 3234 Ergo
616 3199 694 3223 non
715 3194 769 3223 est
787 3186 890 3223 idern
909 3195 1037 3224 motus
1061 3187 1216 3224 intentio
1236 3187 1334 3235 finis,
1360 3199 1447 3224 cum

389 3239 585 3276 voluntate
615 3239 695 3276 eius
724 3240 829 3289 quod
859 3246 913 3276 est
941 3239 990 3277 ad
1018 3240 1149 3277 finem.

445 3292 520 3328 SED
549 3304 705 3339 CONTRA,
725 3292 763 3329 id
786 3292 891 3340 quod
915 3300 970 3329 est
989 3293 1037 3330 ad
1056 3293 1186 3340 finem,
1208 3305 1247 3330 se
1267 3293 1382 3330 habet
1401 3293 1449 3330 ad

391 3345 509 3381 finem
537 3352 578 3382 ut
597 3345 768 3382 medium
789 3345 838 3382 ad
856 3345 1072 3382 terminum.
1095 3346 1172 3383 Sed
1200 3346 1304 3383 idem
1323 3352 1449 3383 motus

445 3459 470 3490 α)
484 3458 558 3491 finis.
576 3473 595 3477 -
614 3459 674 3483 Om.
691 3459 792 3484 codices
812 3464 837 3484 et
856 3465 882 3484 a.
895 3472 915 3478 —
930 3459 980 3483 Pro
1000 3459 1130 3488 voluntas,
1150 3462 1236 3484 motus
1249 3459 1393 3484 voluntatis
1407 3460 1451 3483 AB

391 3493 446 3523 GK,
466 3497 551 3518 motus
570 3494 693 3519 voluntas
712 3495 796 3519 ceteri.

1503 2245 1558 2273 est
1578 2237 1642 2285 qui
1659 2250 1728 2286 per
1746 2238 1917 2275 medium
1937 2239 2066 2276 transit
2086 2239 2135 2276 ad
2154 2239 2371 2288 terminum,
2394 2240 2432 2278 in
2452 2242 2565 2278 rebus

1502 2289 1747 2326 naturalibus.
1784 2291 1886 2338 Ergo
1925 2298 1960 2327 et
1992 2291 2030 2328 in
2062 2292 2177 2328 rebus
2210 2293 2433 2330 voluntariis
2461 2294 2564 2332 idem

1501 2349 1628 2379 motus
1664 2350 1718 2379 est
1750 2342 1905 2380 intentio
1938 2343 2041 2391 finis,
2072 2351 2108 2381 et
2138 2345 2317 2382 voluntas
2349 2345 2430 2383 eius
2459 2346 2564 2396 quod

1503 2402 1559 2431 est
1586 2395 1635 2432 ad
1658 2395 1787 2432 finem.
1968 2386 1996 2420 s

1556 2449 1780 2486 REspownEo
1809 2460 1991 2486 mensuum
2015 2450 2121 2496 quod
2149 2457 2278 2487 motus
2300 2451 2506 2488 voluntatis
2524 2452 2564 2489 in

1502 2501 1620 2538 finem
1650 2508 1686 2537 et
1713 2501 1751 2538 in
1774 2501 1813 2538 id
1832 2501 1938 2549 quod
1967 2509 2024 2538 est
2051 2502 2101 2538 ad
2127 2502 2259 2550 finem,
2288 2510 2414 2552 potest
2442 2504 2564 2541 consi-

1502 2553 1624 2591 derari
1644 2553 1851 2602 dupliciter.
1873 2554 1960 2591 Uno
1981 2554 2113 2602 modo,
2138 2555 2351 2593 secundum
2371 2557 2477 2605 quod
2494 2569 2564 2594 vo-

1501 2607 1624 2643 luntas
1652 2606 1691 2643 in
1717 2613 1922 2655 utrumque
1950 2607 2066 2644 fertur
2084 2608 2256 2644 absolute
2287 2616 2323 2645 et
2350 2609 2563 2648 secundum

1501 2672 1554 2696 se.
1584 2660 1633 2696 Et
1658 2659 1710 2696 516
1738 2667 1825 2696 sunt
1851 2659 2068 2709 simpliciter
2096 2661 2174 2698 duo
2203 2668 2331 2698 motus
2358 2661 2563 2706 voluntatis

1501 2712 1539 2749 in
1557 2719 1762 2760 utrumque
1780 2711 1811 2749 ²¹³.
1824 2733 1847 2740 -
1863 2712 1947 2749 Alio
1967 2713 2086 2750 modo
2114 2720 2240 2762 potest
2259 2713 2564 2765 considerarilse·

1501 2765 1669 2802 cundum
1699 2765 1803 2814 quod
1830 2766 2009 2803 voluntas
2038 2766 2155 2803 fertur
2182 2766 2220 2804 in
2239 2766 2278 2803 id
2298 2767 2405 2816 quod
2431 2773 2489 2805 est
2512 2767 2564 2806 ad

1500 2818 1632 2865 finem,
1651 2825 1809 2867 propter
1823 2818 1952 2855 finem.
1974 2819 2023 2855 Et
2037 2818 2090 2855 sic
2104 2831 2204 2857 unus
2223 2827 2261 2856 et
2273 2819 2376 2856 idem
2391 2819 2561 2858 subiecto

1502 2877 1628 2908 motus
1655 2870 1860 2908 voluntatis
1889 2878 1945 2908 est
1971 2871 2131 2909 tendens
2159 2873 2208 2910 ad
2235 2872 2375 2919 finem,
2398 2879 2434 2909 et
2461 2872 2499 2909 in
2523 2872 2563 2910 id

1501 2923 1606 2972 quod
1636 2931 1691 2960 est
1710 2924 1759 2961 ad
1779 2923 1910 2961 finem.
1941 2924 2042 2961 Cum
2071 2925 2173 2963 enim
2202 2924 2302 2972 dieo,
2329 2924 2420 2962 Volo
2448 2925 2562 2971 medi-

1500 2977 1625 3013 cinam
1647 2982 1805 3026 propter
1830 2977 2039 3024 sanitatem,
2061 2989 2140 3015 non
2160 2977 2319 3026 designo
2344 2977 2415 3015 nisi
2438 2991 2561 3016 unum

1502 3036 1651 3066 motum
1675 3029 1890 3067 voluntatis.
1913 3029 2030 3067 Cuius
2054 3030 2147 3067 ratio
2174 3037 2230 3067 est
2254 3030 2342 3080 quia
2360 3030 2447 3068 finis
2467 3030 2561 3080 ratio

1502 3090 1558 3119 est
1584 3082 1738 3120 volendi
1768 3094 1812 3119 ea
1840 3094 1938 3132 quae
1967 3090 2054 3120 sunt
2077 3083 2126 3120 ad
2145 3082 2277 3120 finem.
2306 3083 2414 3121 Idem
2434 3091 2565 3121 autem

1503 3143 1607 3172 actus
1641 3135 1738 3173 cadit
1766 3146 1881 3184 super
1908 3134 2122 3184 obiectum,
2153 3143 2189 3172 et
2226 3148 2340 3185 super
2377 3136 2562 3175 rationem

1503 3188 1659 3225 obiecti:
1689 3187 1783 3225 sicut
1803 3187 1937 3225 eadem
1956 3187 2053 3225 visio
2075 3195 2131 3225 est
2151 3189 2287 3226 coloris
2307 3196 2343 3226 et
2362 3189 2514 3227 luminis
2528 3189 2559 3238 *,

1501 3248 1543 3278 ut
1570 3253 1684 3290 supra
1702 3240 1723 3263 '¹‘
1747 3240 1890 3278 dictum
1910 3248 1976 3278 est.
2006 3241 2056 3278 Et
2074 3248 2130 3278 est
2149 3241 2269 3278 simile
2290 3242 2338 3279 de
2356 3241 2560 3280 inteuectu:

1501 3293 1591 3342 quia
1605 3291 1620 3323 β
1635 3294 1665 3330 51
1685 3293 1855 3344 absolute
1875 3293 2104 3343 principium
2121 3301 2157 3331 et
2171 3294 2457 3332 conclusionem
2473 3306 2562 3332 con-

1502 3346 1657 3394 sideret,
1679 3345 1828 3384 diversa
1848 3353 1903 3383 est
1923 3346 2174 3385 consideratio
2193 3347 2406 3396 utriusque3
2430 3347 2469 3384 in
2487 3347 2562 3384 hoc

1558 3459 1583 3492 β)
1602 3461 1673 3492 quia.
1691 3474 1709 3479 —
1727 3460 1773 3493 qui
1791 3459 1892 3485 codices
1914 3465 1939 3484 et
1957 3467 1982 3484 a.

2596 445 2604 454 '¹
2619 445 2670 465 Art.
2685 418 2707 471 1?
2716 443 2744 465 ad
2758 450 2779 472 3.

2598 1005 2605 1013 ·
2615 1003 2662 1031 Qu.
2669 1009 2712 1031 ιιι,
2721 1007 2764 1026 ast.
2772 1009 2807 1030 ω,-

2596 1036 2636 1056 qu.
2649 1035 2714 1056 urm,
2729 1033 2772 1052 m.
2781 1035 2807 1056 23

2596 1062 2635 1084 qu.
2646 1063 2731 1084 Lxxxv,
2738 1059 2808 1083 amq..

2591 2730 2599 2738 ·
2613 2727 2642 2750 D·
2657 2733 2706 2756 74⁵,
2720 2734 2772 2757 75⁴·

2588 3202 2598 3211 ‘
2612 3201 2641 3223 D.
2656 3201 2707 3228 8²9·

2589 3253 2803 3302 :amma
