2852 4152
159 518 168 527 '¹
183 517 231 544 Qu.
246 522 280 543 m,
293 519 335 537 art.
346 515 368 538 8.

161 604 170 613 ·
179 602 230 624 Art.
245 607 261 628 1,
270 608 293 628 4,
309 601 331 628 6,
342 607 369 623 11.

157 1344 210 1366 ‘Ca
230 1350 395 1372 ‚1x,n.3.-=

156 1371 181 1392 S.
232 1386 237 1391 .
252 1371 303 1392 lect.
318 1376 367 1391 xiv.

155 1455 165 1465 '
181 1454 248 1476 Vers.
262 1461 294 1476 ιο.

156 1555 167 1566 “
182 1554 269 1576 Homil.
280 1555 333 1577 XIX
343 1555 366 1577 in

155 1581 243 1608 Evang.

157 1977 166 1986 '
171 1975 366 2003 cf.Arist.Et}1ic.,

157 2002 198 2023 lib.
207 2002 225 2027 1,
234 2008 285 2030 cap.
294 2008 334 2027 vu,
343 2008 366 2024 n.

190 2034 241 2056 sqq.
257 2039 268 2044 -
282 2029 306 2051 S.
321 2028 366 2050 Th.

165 2058 208 2077 eet.
223 2061 254 2076 rx.

155 2349 167 2360 ⁴
181 2348 248 2370 Vers.
263 2354 284 2370 2.

156 2458 168 2469 ⁸
178 2457 204 2479 In
216 2457 291 2485 loun„
302 2461 368 2480 tract.

157 2484 251 2506 LXVII.

155 2696 164 2705 ·
181 2694 229 2722 Qu.
244 2701 263 2722 ι,
279 2698 321 2716 art.
336 2694 365 2721 83

155 2727 193 2749 qu.
208 2727 234 2747 u,
249 2724 291 2743 art.
305 2727 327 2749 7.

157 3360 167 3368 ·
183 3359 249 3381 Vers.
263 3365 278 3381 1.

391 210 441 257 48

1061 213 1326 259 QUAESTIO
1355 213 1406 259 v,
1435 213 1729 249 ARTicuLus
1760 213 1812 258 11,
1844 213 1891 246 111

1068 326 1397 358 Commentaria
1420 325 1668 357 Oardjnalis
1690 324 1889 357 Caietam

426 432 445 452 N
470 421 652 462 quaestione
677 421 800 461 quinta,
825 422 1050 452 advertendum
1075 427 1121 451 est
1143 421 1248 460 quod,
1273 420 1345 450 licet
1371 419 1451 449 visio

399 433 485 495 IDei
500 475 556 505 per
571 465 746 501 essentiam,
764 472 794 495 et
810 465 970 495 beatitudo
984 464 1122 494 formalis
1138 463 1356 493 intellectualis
1372 472 1452 493 crea-

395 515 496 545 turae,
523 509 700 539 coincidant
730 509 866 543 realiter,
892 515 926 538 ut
950 518 986 538 ex
1009 507 1193 547 supradictis
1215 506 1232 525 *
1255 513 1352 546 patet;
1377 506 1452 546 quia

395 559 500 583 tamen
521 552 756 592 distinguuntur
779 551 959 584 formaliter,
984 551 1055 581 ideo
1080 550 1199 580 diversa
1215 556 1289 580 sunt
1311 549 1451 590 quaesita

394 596 453 626 ista
467 596 640 626 formaliter
655 606 672 625 a
688 595 834 636 quaesitis
858 595 890 624 in
914 595 1018 624 Prima
1041 594 1139 629 Parte,
1161 604 1214 634 qu.
1231 593 1314 623 x114‘2
1339 592 1452 623 Decuit

395 640 480 670 enim
497 647 562 670 tarn
581 639 755 679 perfectum
770 639 943 669 Doctorem
967 637 1125 677 complere
1145 637 1252 667 omnia
1269 636 1451 667 formaliter.

394 683 479 714 Nihil
501 683 595 722 igitur
619 690 664 713 est
687 682 893 722 superfluum.
1203 702 1211 709 .

449 727 485 757 11.
503 727 538 756 In
554 726 616 756 hoc
631 726 761 756 articulo
776 725 880 765 primo
909 724 1101 764 quaestionis
1118 724 1255 765 quintae,
1272 730 1347 754 nota
1363 724 1451 764 quod

394 772 528 806 Auctor,
554 780 590 800 ex
614 770 738 800 duobus
766 768 969 809 capacitatem
995 767 1134 798 hominis
1158 774 1299 808 respectu
1324 767 1451 808 perfecti

1505 420 1581 451 boni
1596 420 1774 455 ostendens,
1795 420 1928 450 alterum
1951 421 2100 457 naturale,
2117 422 2205 462 quod
2221 421 2271 452 hic
2294 422 2480 462 experimur,
2506 421 2563 452 sci-

1504 463 1577 494 licet
1607 463 1822 502 cognitionem
1848 463 1947 503 ipsius
1974 465 2034 495 Dei
2063 465 2245 495 universalis
2269 472 2299 496 et
2322 466 2439 496 summi
2467 465 2561 501 boni,

1505 517 1602 546 quam
1619 517 1655 536 ex
1675 507 1779 536 studio
1800 507 2000 547 acquirimus,
2022 508 2099 538 dum
2123 509 2345 548 cognoscimus
2367 510 2473 540 Deum
2497 519 2563 539 esse

1506 559 1580 580 eum
1594 550 1659 590 qui,
1676 550 1700 579 si
1715 549 1881 586 videretur,
1906 551 2027 588 bearet;
2052 559 2082 582 et
2105 552 2281 592 appetitum
2296 552 2563 593 qualemcumque

1505 593 1537 623 in
1561 593 1631 633 ipso
1663 593 1732 623 Deo
1756 593 1946 633 quiescendi.
1971 595 2115 626 Alterum
2138 596 2379 636 quodammodo
2407 596 2562 632 naturale,

1506 637 1594 677 quod
1617 637 1806 676 probamus:
1831 637 1947 668 scilicet
1964 639 2053 679 quod
2069 640 2173 669 omnis
2196 640 2371 671 intellectus
2388 647 2434 670 est
2457 649 2562 679 capax,

1505 679 1650 720 quamvis
1673 687 1804 717 remote,
1826 681 1947 712 divinae
1963 682 2103 719 visionis,
2128 693 2164 713 ex
2186 683 2248 714 hoc
2270 683 2340 724 ipso
2363 684 2453 725 quod
2475 683 2564 713 intel-

1505 724 1603 754 lectus
1628 730 1683 754 est.

1563 768 1599 798 ln
1622 767 1760 798 secundo
1784 774 1891 799 autern
1915 775 1945 799 et
1967 769 2161 800 tertionihil
2184 770 2328 802 occurrit.

1154 921 1470 963 ARTICULUS
1500 921 1797 963 SECUNDUS

904 1013 1059 1044 UTRUM
1083 1014 1196 1045 UNUS
1220 1014 1349 1045 HOMO
1373 1014 1519 1045 POSSIT
1542 1014 1641 1044 ESSE
1665 1014 1856 1045 BEATIOR
1879 1014 2054 1045 ALTERO

609 1093 643 1117 lV
663 1092 745 1122 Sent„
766 1092 824 1117 dist.
843 1099 907 1123 XLIX,
928 1100 973 1124 qu.
991 1100 1009 1123 1,
1028 1096 1074 1117 art.
1093 1100 1118 1123 4,
1139 1093 1184 1125 qu·
1206 1099 1234 1123 25
1255 1092 1284 1116 In
1304 1091 1410 1120 Matth.,
1431 1099 1486 1123 cap.
1505 1097 1548 1121 xx;
1569 1091 1599 1115 In
1620 1091 1703 1120 Ioan„
1729 1099 1785 1123 cap.
1803 1099 1852 1122 xm,
1873 1092 1931 1116 lect.
1949 1099 1972 1123 1;
1991 1092 2001 1116 1
2023 1092 2092 1121 Cor„
2113 1099 2168 1124 cap.
2186 1100 2224 1123 111,
2243 1093 2300 1118 lect.
2318 1100 2347 1118 11.

432 1197 550 1221 ‘db'

423 1196 478 1239 χρὴ
510 1202 563 1231 fg<
603 1193 625 1219 ι)
641 1193 830 1218 SECUNDUM
846 1192 898 1217 S1c
918 1192 1156 1217 PROCEDITUR.
1172 1179 1331 1217 Videtur
1346 1179 1451 1227 quod

416 1201 582 1293 Ῑᾙῖνῗᾶἥ
603 1247 701 1271 unus
730 1234 849 1270 homo
879 1233 950 1269 alio
988 1245 1064 1269 non
1100 1232 1217 1281 possit
1247 1244 1328 1269 esse
1363 1232 1450 1268 bea-

408 1282 457 1345 ‘1¹⁴⁸'
487 1302 494 1325 J
539 1270 685 1323 tior.
715 1286 915 1322 Beatitudo
946 1285 1046 1321 enirn
1072 1294 1126 1322 est
1139 1286 1354 1334 praemium
1375 1285 1450 1321 vir-

479 1330 697 1385 13¹Ktutis,
727 1347 768 1375 ut
796 1338 1050 1386 Philosophus
1080 1338 1167 1375 dicit
1200 1339 1238 1376 in
1259 1340 1272 1375 Ι
1291 1339 1411 1375 Ethic.
1432 1338 1452 1360 ’¹‘

395 1390 471 1427 Sed
485 1402 554 1438 pro
576 1392 754 1440 operibus
773 1391 955 1428 virtutum
975 1391 1154 1428 omnibus
1174 1391 1341 1441 aequalis
1355 1403 1452 1427 mer-

395 1455 456 1479 ces
477 1442 662 1481 redditur:
695 1444 827 1481 dicitur
847 1444 949 1481 enim
970 1445 1103 1481 Matth.
1120 1456 1167 1481 xx
1185 1444 1217 1491 ²¹⁶,
1246 1444 1352 1493 quod
1371 1456 1452 1480 orn-

394 1508 460 1532 nes
481 1495 544 1544 qui
564 1497 708 1546 operati
728 1505 814 1534 sunt
832 1497 868 1533 in
887 1497 1013 1544 vinea,
1034 1503 1260 1546 acceperunt
1283 1497 1452 1546 singulos

393 1548 588 1592 denarios;
616 1550 716 1598 quia,
736 1557 778 1587 ut
797 1549 887 1587 dicit
906 1550 1110 1598 Gregorius
1125 1550 1156 1597 ²⁸,
1177 1550 1371 1598 aequalem
1391 1562 1451 1587 ae-

393 1607 522 1638 ternae
547 1602 646 1639 m'tae
671 1604 948 1640 retributionem
968 1603 1090 1640 sortiti
1104 1609 1200 1640 sunt.
1230 1604 1333 1651 Ergo
1353 1616 1452 1640 unus

393 1666 471 1691 non
500 1654 567 1691 erit
594 1656 666 1693 alio
696 1656 851 1693 beatior.

448 1719 482 1744 2.
508 1708 740 1756 ΡΒΑΕΤΕΚΕΑ,
770 1709 964 1746 beatitudo
995 1717 1050 1746 est
1077 1721 1273 1746 summum
1294 1710 1450 1747 bonum.

395 1760 472 1797 Sed
501 1773 654 1798 summo
683 1774 762 1799 non
780 1769 905 1810 potest
924 1774 1006 1799 esse
1027 1762 1167 1811 aliquid
1185 1762 1320 1799 maius.
1350 1764 1451 1810 Ergo

394 1813 625 1851 beatitudine
658 1815 768 1851 unius
802 1815 969 1852 hominis
1001 1827 1081 1852 non
1117 1823 1243 1864 potest
1271 1828 1354 1852 esse
1382 1816 1453 1853 alia

394 1865 517 1902 maior
545 1867 750 1904 beatitudo.

450 1920 484 1956 3.
505 1920 736 1966 PRAETEREA,
768 1920 973 1968 beatitudo,
1004 1933 1093 1958 cum
1122 1921 1167 1957 sit
1189 1922 1400 1968 perfectum
1419 1927 1455 1958 et

392 1972 748 2024 sufficiens-bonum
768 1972 805 2019 ²¹²,
836 1973 1067 2010 desiderium
1099 1973 1266 2010 hominis
1300 1974 1452 2022 quietat.

395 2025 473 2061 Sed
501 2037 580 2062 non
609 2025 797 2073 quietatur
821 2026 1063 2072 desiderium,
1084 2026 1114 2063 si
1134 2026 1287 2075 aliquod
1307 2027 1452 2063 bonum

395 2077 500 2114 deest
528 2079 632 2126 quod
661 2078 828 2128 suppleri
855 2079 984 2127 possit.
1016 2078 1056 2116 Si
1084 2086 1213 2116 autem
1237 2079 1329 2116 nihil
1349 2079 1454 2116 deest

394 2131 498 2180 quod
535 2131 700 2180 suppleri
736 2131 875 2179 possit,
914 2144 992 2169 non
1029 2131 1166 2180 poterit
1198 2143 1280 2168 esse
1312 2131 1454 2180 aliquid

394 2183 496 2221 aliud
525 2189 542 2205 α
570 2184 692 2221 maius
721 2184 880 2221 bonum.
911 2185 1013 2232 Ergo
1041 2185 1104 2221 vel
1137 2185 1257 2221 homo
1286 2197 1366 2222 non
1398 2192 1455 2222 est

394 2238 547 2274 beatus:
577 2237 650 2283 vel,
680 2237 710 2273 si
740 2244 795 2273 est
822 2238 966 2285 beatus,
995 2249 1074 2275 non
1099 2244 1223 2286 potest
1241 2237 1313 2274 alia
1331 2237 1455 2275 maior

395 2290 588 2327 beatitudo
618 2302 712 2327 esse.

450 2344 523 2379 SED
556 2354 702 2379 CONTRA
734 2354 799 2379 EST
833 2343 936 2390 quod
971 2342 1103 2380 dicitur
1135 2343 1238 2380 Ioan.
1263 2342 1376 2380 X1v*:
1406 2342 1453 2380 In

395 2396 506 2432 domo
521 2396 643 2432 Patris
662 2395 738 2433 mei
754 2396 966 2433 mansiones
985 2395 1125 2432 multae
1137 2401 1241 2440 sunt;
1259 2407 1328 2444 per
1346 2408 1453 2444 quas,

394 2456 435 2485 ut
462 2448 695 2496 Augustinus
725 2448 813 2485 dicit
831 2447 861 2495 ⁵¹⁶,
891 2449 1062 2485 diversae
1085 2448 1304 2485 meritorum
1332 2449 1454 2498 digni-

394 2507 484 2539 tates
512 2501 770 2551 intelliguntur
788 2502 825 2538 in
844 2501 922 2539 vita
941 2507 1105 2538 aeterna.
1135 2501 1306 2548 Dignitas
1325 2509 1453 2538 autern

394 2554 493 2591 vitae
523 2552 716 2602 aeternae,
745 2566 844 2603 quae
872 2567 943 2603 pro
972 2554 1108 2591 merito
1138 2554 1258 2600 datur,
1290 2561 1344 2590 est
1371 2554 1453 2602 ipsa

394 2607 599 2644 beatitudo.
630 2608 732 2655 Ergo
761 2615 848 2644 sunt
877 2607 1014 2644 diversi
1042 2607 1180 2655 gradus
1200 2606 1452 2654 beatitudinis,

395 2669 429 2697 et
458 2673 536 2697 non
565 2660 739 2697 omnium
770 2668 825 2697 est
852 2660 1020 2708 aequalis
1048 2659 1252 2697 beatitudo.

447 2715 671 2750 RESPONDEO
691 2724 874 2751 DICENDUM
894 2713 1011 2761 quod,
1028 2713 1122 2750 sicut
1143 2725 1257 2761 supra
1271 2711 1291 2734 ’¹‘
1311 2712 1453 2749 dictum

446 2845 473 2879 α)
493 2846 578 2871 aliud.
595 2860 614 2865 -
633 2847 686 2870 alio
706 2846 735 2871 E.

1506 1187 1571 1226 est,
1600 1179 1639 1216 in
1667 1179 1811 1217 ratione
1841 1179 2080 1217 beatitudinis
2110 1180 2187 1217 duo
2207 1179 2464 1218 includuntur:
2495 1181 2566 1218 sci-

1505 1232 1591 1269 licet
1618 1232 1698 1282 ipse
1726 1232 1813 1270 finis
1832 1233 1999 1281 ultimus,
2021 1233 2085 1282 qui
2106 1241 2160 1270 est
2180 1245 2376 1273 summum
2395 1233 2564 1280 bonum;

1507 1293 1542 1322 et
1561 1285 1712 1334 adeptio
1732 1286 1794 1322 vel
1814 1285 1938 1323 fruitio
1957 1286 2075 1334 ipsius
2094 1286 2197 1323 boni.
2229 1286 2426 1333 Quantum
2457 1286 2567 1334 igitur

1505 1338 1555 1375 ad
1582 1338 1709 1386 ipsum
1733 1339 1878 1376 bonum
1913 1339 2019 1386 quod
2039 1346 2094 1375 est
2112 1339 2352 1389 beatitudinis
2372 1339 2565 1376 obiectum

1507 1398 1543 1427 et
1559 1403 1683 1437 causa,
1700 1403 1779 1428 non
1792 1399 1917 1440 potest
1936 1404 2018 1428 esse
2038 1404 2115 1428 una
2131 1392 2324 1429 beatitudo
2340 1392 2413 1429 alia
2427 1392 2563 1429 maior:

1506 1444 1595 1491 quia
1622 1456 1701 1481 non
1721 1451 1778 1481 est
1797 1444 1867 1481 nisi
1888 1457 2008 1482 unum
2029 1457 2223 1482 summum
2243 1445 2404 1491 bonum,
2425 1445 2564 1482 scilicet

1505 1498 1622 1543 Deus,
1653 1496 1759 1533 cuius
1787 1497 1962 1533 fruitione
1991 1497 2166 1534 homines
2195 1505 2282 1534 sunt
2309 1497 2420 1534 beati.
2442 1518 2466 1525 -
2488 1498 2565 1535 Sed

1506 1557 1691 1597 quantum
1707 1549 1757 1587 ad
1784 1549 2027 1598 adeptionem
2050 1550 2271 1587 huiusmodi
2290 1550 2382 1586 boni
2395 1551 2459 1588 vel
2477 1549 2566 1587 frui-

1505 1602 1674 1649 tionem,
1713 1609 1838 1651 potest
1873 1602 2007 1651 aliquis
2045 1602 2118 1640 alio
2157 1614 2239 1639 esse
2276 1602 2442 1640 beatior:
2476 1602 2566 1652 quia

1507 1663 1649 1704 quanto
1678 1655 1798 1703 magis
1823 1656 1899 1692 hoc
1918 1656 2022 1692 bono
2042 1655 2186 1702 fruitur,
2207 1662 2312 1692 tanto
2332 1654 2478 1692 beatior
2496 1662 2565 1693 est.

1507 1708 1699 1756 Contingit
1717 1716 1846 1745 autem
1861 1708 2027 1757 aliquem
2042 1708 2242 1756 perfectius
2257 1707 2330 1745 frui
2348 1709 2433 1747 Deo
2448 1718 2566 1756 quam

1506 1761 1634 1808 alium,
1665 1773 1710 1798 ex
1739 1773 1784 1798 eo
1814 1761 1919 1810 quod
1948 1769 2004 1798 est
2030 1761 2165 1798 melius
2184 1760 2397 1810 -dispositus
2415 1761 2477 1798 vel
2506 1773 2567 1800 or·

1507 1813 1656 1851 dinatus
1693 1814 1742 1850 ad
1778 1814 1858 1850 eius
1895 1814 2124 1851 fruitionem.
2143 1861 2145 1863 Ι
2162 1815 2212 1851 Et
2243 1814 2456 1852 secundum
2492 1814 2569 1853 hoc

1505 1874 1630 1915 potest
1657 1866 1789 1915 aliquis
1818 1867 1890 1903 alio
1919 1866 2066 1904 beatior
2094 1879 2188 1904 esse.
2347 1913 2350 1916 Α

1559 1921 1618 1957 An
1647 1931 1784 1956 Primum
1812 1931 1910 1957 ERGO
1939 1931 2123 1959 DICENDUM
2150 1920 2254 1968 quod
2281 1919 2405 1957 unitas
2425 1919 2568 1959 denarii

1507 1972 1692 2019 significat
1718 1972 1902 2010 unitatem
1937 1972 2177 2010 beatitudinis
2205 1985 2252 2010 ex
2278 1980 2386 2022 parte
2414 1972 2564 2012 obiecti.

1509 2025 1585 2062 Sed
1606 2024 1802 2063 diversitas
1830 2025 2076 2063 mansionum
2105 2025 2290 2073 significat
2315 2025 2570 2063 diversitatem

1508 2077 1746 2114 beatitudinis
1762 2077 1975 2114 secundum
1988 2077 2183 2115 diversum
2199 2079 2361 2126 gradum
2371 2077 2568 2117 fruitionis-

1561 2132 1621 2167 An
1649 2141 1839 2168 SECUNDUM
1866 2142 2051 2168 manDuM
2079 2131 2184 2179 quod
2211 2130 2405 2168 beatitudo
2434 2130 2569 2169 dicitur

1509 2195 1592 2220 esse
1611 2195 1807 2223 summum
1822 2183 1980 2230 bonurn,
1995 2183 2221 2231 inquantum
2242 2190 2298 2221 est
2315 2183 2456 2221 summi
2474 2182 2568 2223 boni

1507 2236 1674 2284 perfecta
1700 2235 1892 2284 possessio
1922 2236 2002 2273 sive
2031 2236 2168 2274 fruitio.

1560 2290 1619 2326 An
1634 2300 1794 2326 Tannum
1813 2300 1996 2326 DICENDUM
2015 2289 2120 2338 quod
2139 2288 2230 2327 nulli
2249 2289 2362 2326 beato
2382 2287 2570 2327 deesttali·

1507 2341 1614 2390 quod
1641 2341 1788 2378 bonum
1809 2340 2124 2378 desiderandum:
2146 2353 2234 2379 cum
2253 2342 2394 2380 habeat
2409 2340 2424 2371 β
2441 2341 2569 2390 ipsum

1508 2394 1655 2430 bonurn
1684 2394 1894 2440 infinitum,
1924 2394 2031 2441 quod
2059 2402 2115 2432 est
2143 2395 2283 2432 bonum
2311 2394 2432 2431 omnis
2460 2394 2567 2440 boni,

1506 2454 1548 2483 ut
1566 2446 1799 2495 Augustinus
1819 2446 1908 2484 dicit
1924 2446 1956 2484 ²¹⁸.
1986 2446 2063 2484 Sed
2087 2447 2220 2484 dicitur
2239 2447 2372 2495 aliquis
2390 2446 2463 2484 alio
2483 2447 2572 2484 bea-

1506 2499 1590 2547 tior,
1616 2503 1661 2536 e'x
1684 2499 1833 2537 diversa
1861 2499 2034 2536 eiusdem
2053 2500 2144 2539 boni
2165 2499 2463 2548 participatione.
2493 2500 2572 2539 Ad-

1507 2552 1598 2590 ditio
1627 2560 1755 2590 autem
1785 2553 1947 2590 aliorum
1972 2553 2166 2590 bonorum
2186 2565 2263 2590 non
2283 2560 2396 2600 auget
2414 2552 2572 2591 beatitu-

1508 2605 1658 2642 dinem:
1687 2606 1789 2643 unde
1818 2605 2053 2653 Augustinus
2082 2605 2186 2652 dicit,
2216 2606 2255 2643 in
2282 2606 2318 2642 V
2341 2606 2508 2654 Confess.
2530 2607 2570 2644 ’ὲ

1512 2659 1586 2700 Qui
1607 2663 1640 2695 te
1659 2664 1695 2695 et
1711 2657 1788 2696 alia
1817 2659 1930 2704 novit,
1960 2671 2035 2696 non
2058 2664 2216 2707 propter·
2242 2658 2306 2696 illa
2334 2659 2489 2704 beatior,
2508 2659 2574 2697 sed

1501 2717 1659 2759 propter
1686 2717 1720 2748 te
1746 2711 1868 2748 solum
1896 2713 2036 2749 beatus.

1565 2841 1589 2875 (5)
1609 2844 1713 2868 habeat.
1731 2857 1748 2862 —
1767 2843 1883 2868 habeant
1902 2843 2060 2868 ABCDGIL.

1195 2985 1512 3027 ARTICULUS
1540 2983 1768 3027 TERTIUS

911 3079 1066 3110 UTRUM
1089 3078 1261 3116 ALIQUIS
1285 3078 1328 3109 IN
1351 3078 1441 3125 HAG
1465 3078 1569 3110 VITA
1591 3077 1739 3109 POSSIT
1762 3076 1862 3108 ESSE
1884 3074 2053 3108 BEATUS

597 3158 630 3183 [V
650 3158 732 3187 Sent„
752 3157 809 3182 dist.
829 3165 898 3187 mn,
917 3163 965 3182 art.
982 3165 1000 3187 1,
1020 3159 1066 3190 qu*
1086 3165 1108 3188 ι;
1129 3157 1187 3182 dist.
1206 3164 1270 3186 xux,
1289 3165 1334 3190 qu.
1353 3163 1370 3186 ι,
1389 3160 1436 3181 nrt.
1453 3163 1474 3186 1,
1494 3157 1541 3188 qu·
1559 3163 1590 3188 43
1610 3155 1641 3180 111
1663 3155 1740 3180 Com.
1761 3155 1847 3184 δοιῇ,
1866 3161 1924 3187 eap-
1943 3160 2034 3185 vam3
2053 3153 2063 3178 1
2083 3153 2178 3183 Eehtc„
2198 3154 2257 3179 lect.
2274 3161 2297 3183 x,
2316 3161 2368 3179 xvr.

432 3281 442 3293 ¹
457 3298 471 3320 :
514 3271 583 3343 '⁵3⁶3
606 3299 799 3336 beatitudo
827 3299 946 3347 possit
969 3298 1007 3335 in
1027 3299 1098 3335 hac
1117 3299 1194 3336 vita
1212 3298 1356 3336 haberi.
1386 3298 1451 3335 Di-

452 3310 477 3331 J

535 3333 701 3389 ''citur
721 3352 876 3389 enimin
895 3352 1050 3388 Psalmo
1071 3364 1177 3388 cxvm
1191 3351 1229 3389 *ι
1257 3351 1368 3388 Beati
1384 3351 1451 3388 im-

413 3352 456 3411 ·,t
472 3368 528 3387 ν»
554 3358 584 3403 τι.

452 3419 467 3434 ⁸«,
485 3421 538 3433 ’,Ι

606 3259 628 3284 D
648 3258 806 3284 TERTmM
825 3258 878 3283 s1c
902 3258 1141 3283 PROCEDl‘rUR.
1170 3246 1330 3284 Videtur
1348 3245 1452 3294 quod
1502 3245 1669 3282 Domini.
1700 3244 1786 3281 Hoc
1817 3250 1946 3280 autem
1975 3242 2014 3279 in
2041 3243 2114 3279 hac
2140 3242 2219 3280 vita
2248 3242 2439 3291 contingit.
2465 3244 2566 3290 Ergo

1504 3297 1636 3345 aliquis
1664 3297 1703 3334 in
1729 3297 1802 3334 hac
1831 3295 1909 3333 vita
1937 3302 2064 3343 potest
2094 3307 2175 3332 esse
2204 3296 2350 3333 beatus.

1559 3362 1593 3387 2.
1623 3351 1861 3395 Pmmsm,
1897 3348 2119 3396 imperfecta
2156 3348 2391 3398 participatio
2426 3349 2567 3386 summi

564 3397 787 3442 &maculati
814 3405 850 3442 in
878 3405 957 3451 via,
987 3404 1052 3452 qui
1083 3404 1279 3441 ambulant
1304 3404 1341 3440 in
1370 3403 1453 3453 lege
1504 3403 1594 3439 boni
1614 3415 1692 3439 non
1712 3401 1843 3439 adimit
1864 3401 2052 3438 rationem
2073 3400 2312 3439 beatitudinis
2333 3406 2370 3438 “z
2401 3401 2568 3450 alioquin

450 3527 477 3558 α)
497 3527 675 3552 beatitudinis.
693 3541 711 3546 —
729 3527 791 3559 quia
811 3527 896 3559 magis
916 3530 942 3551 et
961 3526 1047 3551 minus
1066 3533 1118 3551 non
1144 3525 1325 3559 diversificant
1342 3525 1453 3558 speciem
1476 3525 1646 3550 beatitudinis
1665 3525 1734 3549 addit
1752 3525 1781 3549 F.

2696 2343 2712 2378 β

2598 2450 2812 2501 Ὰέῗῗαᾶἴῑινὲῗ

2599 2613 2609 2623 '
2624 2612 2681 2641 Cap.
2694 2618 2726 2635 tv.
