2852 4152
152 450 206 472 ”Ca
225 450 363 475 .1x‚n.6.-

155 477 178 499 S.
188 456 299 498 Tii.1ect.
316 483 362 498 xlv.

151 826 162 836 ⁸
175 828 226 847 Art.
242 827 346 853 praeced.

248 927 263 951 Υ

148 1399 331 1422 'S.Th.e.vlct

147 1432 195 1448 v111
212 1437 221 1442 -
244 1426 297 1447 Di.d
317 1405 359 1447 lvilb.

147 1453 358 1480 V1,capv1n‚n.

146 1485 169 1507 3,
181 1486 209 1506 4;
225 1485 275 1506 cap.
290 1484 311 1500 rx
314 1484 357 1505 ‚.n

147 1512 167 1533 7.

146 1771 157 1782 ⁸
173 1772 225 1792 Art.
240 1772 345 1798 praeced.

140 2563 150 2571 '¹
165 2561 224 2583 Ibid.

390 211 467 256 334

390 289 496 336 bum,
517 302 595 327 non
614 291 657 328 fit
675 291 795 339 magis
815 293 943 330 album
965 293 1034 330 nisi
1054 306 1123 342 per
1148 293 1311 341 aliquam
1332 292 1444 328 aliam

391 342 607 380 albedinem
636 345 979 393 supervenientem.

446 395 518 432 SED
548 407 693 433 CONTRA
720 409 786 434 EST
814 398 917 446 quod
938 397 1190 445 Philosophus
1219 396 1317 442 dicit,
1338 397 1375 433 in
1395 397 1446 432 IV

390 448 538 495 Physic.
556 449 590 486 *z
619 450 683 486 Ex
701 450 821 487 calido
839 452 891 497 fit
914 451 1038 499 magis
1057 449 1230 494 calidum,
1260 448 1360 485 nullo
1377 450 1446 496 sa-

392 506 448 536 cto
484 501 521 537 in
556 503 715 539 materia
750 503 884 547 calido,
921 503 1020 549 quod
1053 513 1127 538 non
1160 507 1253 537 esset
1283 501 1445 537 calidum

391 554 540 601 quando
568 561 651 590 erat
679 555 802 591 minus
829 555 1002 591 calidum.
1033 555 1150 600 Ergo,
1179 553 1260 601 pari
1289 553 1444 600 ratione,

392 606 517 642 necin
537 607 615 643 aliis
644 607 774 643 formis
803 619 898 655 quae
927 613 1121 654 augentur,
1152 613 1207 641 est
1231 605 1355 653 aliqua
1381 607 1445 643 ad-

393 657 496 695 ditio.
1315 678 1320 682 ·

444 712 668 748 RESPONDEO
688 722 870 747 DICENDUM
886 710 989 757 quod
1010 710 1120 746 huius
1136 710 1367 758 quaestionis
1387 724 1446 748 so-

389 763 480 800 lutio
513 763 703 811 dependet
734 775 778 799 ex
811 762 1030 810 praemissa.
1069 762 1222 800 Dictum
1256 771 1311 800 est
1345 764 1444 801 enirn

390 828 503 863 supra
524 816 544 838 ᾖ*
570 816 674 863 quod
701 823 947 862 augmentum
969 823 1005 852 et
1031 815 1228 852 diminutio
1249 816 1288 852 in
1314 817 1446 854 formis

390 880 487 915 quae
503 868 747 904 intenduntur
761 875 796 903 et
815 867 1065 916 remittuntur,
1082 868 1216 905 accidit
1233 881 1311 906 uno
1327 870 1445 907 modo

389 932 466 956 non
486 926 500 948 Υ
531 933 574 956 ex
602 927 706 968 parte
735 919 852 968 ipsius
881 921 1026 957 formae
1055 922 1265 958 secundum
1288 935 1328 959 se
1357 935 1446 959 con-

389 972 584 1018 sideratae,
615 973 680 1009 sed
711 985 755 1008 ex
785 971 933 1010 diversa
959 973 1246 1022 participatione
1274 975 1443 1012 subiecti.

388 1026 437 1061 Et
456 1025 542 1062 ideo
561 1025 782 1062 huiusmodi
802 1034 1048 1073 augmentum
1069 1027 1269 1064 habituum
1296 1035 1332 1064 et
1358 1028 1445 1064 alia-

389 1090 472 1114 rum
493 1078 714 1123 formarum,
731 1089 809 1114 non
829 1079 871 1115 fit
889 1091 959 1127 per
976 1078 1211 1116 additionem
1231 1080 1376 1116 formae
1396 1081 1444 1117 ad

388 1130 569 1175 formam;
600 1131 667 1167 sed
695 1130 738 1166 fit
756 1142 824 1179 per
851 1131 926 1173 hoc
955 1131 1058 1180 quod
1084 1132 1295 1168 subiectum
1323 1133 1443 1180 magis

385 1183 447 1219 vel
484 1183 610 1220 minus
639 1183 803 1231 perfecte
831 1184 1028 1232 participat
1063 1197 1181 1221 unam
1211 1192 1247 1221 et
1280 1186 1443 1223 eandem

386 1236 561 1273 formam.
590 1236 639 1272 Et
673 1235 768 1272 sicut
802 1249 870 1284 per
898 1249 1012 1285 agens
1050 1238 1154 1285 quod
1184 1246 1238 1275 est
1266 1245 1369 1286 actu,
1402 1239 1445 1276 fit

386 1289 527 1336 aliquid
564 1296 650 1325 actu
683 1289 867 1335 calidum,
899 1290 1006 1338 quasi
1041 1291 1087 1326 de
1121 1303 1225 1328 novo
1259 1291 1443 1340 incipiens

385 1341 608 1390 participare
637 1341 814 1389 formam,
844 1355 922 1379 non
942 1343 1046 1391 quod
1066 1343 1132 1380 fiat
1150 1343 1232 1392 ipsa
1250 1344 1384 1391 forma,
1405 1353 1446 1382 ut

384 1395 567 1443 probatur
593 1394 661 1431 VII
690 1395 906 1444 Metaphys.
927 1395 964 1442 *ς
994 1395 1043 1432 ita
1070 1408 1139 1445 per
1167 1396 1354 1434 actionem
1391 1397 1445 1434 in-

385 1455 531 1484 tensam
551 1446 668 1495 ipsius
687 1447 829 1495 agentis
851 1448 1009 1489 efficitur
1027 1449 1146 1496 magis
1166 1450 1342 1497 calidum,
1364 1457 1443 1487 tan-

386 1512 502 1549 quam
515 1499 716 1548 perfectius
729 1500 957 1549 participans
972 1500 1148 1550 formam,
1165 1515 1243 1540 non
1261 1510 1443 1552 tanquam

386 1554 532 1590 formae
561 1552 700 1600 aliquid
729 1553 899 1591 addatur.

441 1605 480 1642 Si
513 1605 615 1642 enim
647 1618 717 1655 per
749 1606 983 1643 additionem
1017 1606 1281 1655 intelligeretur
1316 1609 1444 1645 huius-

385 1658 491 1695 modi
520 1666 766 1707 augmentum
786 1659 824 1695 in
847 1659 990 1706 formis,
1011 1660 1086 1696 hoc
1109 1673 1187 1699 non
1206 1669 1334 1709 posset
1362 1674 1443 1698 esse

386 1711 456 1748 nisi
483 1712 546 1748 vel
584 1723 629 1748 ex
665 1719 770 1760 parte
808 1712 925 1760 ipsius
961 1712 1126 1760 formae,
1159 1715 1223 1750 vel
1256 1726 1301 1751 ex
1338 1722 1442 1763 parte

386 1764 556 1801 subiecti.
587 1764 626 1801 Si
654 1773 782 1802 autern
811 1777 856 1801 ex
883 1772 988 1813 parte
1016 1765 1133 1814 ipsius
1151 1766 1311 1814 formae,
1329 1766 1405 1804 iam
1423 1767 1444 1789 '¹‘

386 1817 528 1854 dictum
558 1825 614 1854 est
650 1819 754 1866 quod
782 1817 864 1854 talis
887 1817 1029 1854 additio
1048 1819 1111 1855 vel
1136 1819 1339 1857 subtractio
1359 1832 1443 1868 spe-

385 1870 482 1906 ciem
500 1870 680 1917 variaret3
700 1870 795 1906 sicut
808 1869 976 1906 variatur
994 1871 1139 1919 species
1160 1872 1307 1918 coloris,
1324 1885 1443 1921 quan-

385 1922 434 1959 do
471 1923 518 1959 de
552 1922 693 1970 pallido
729 1923 772 1959 fit
808 1923 948 1959 album.
979 1943 1003 1950 -
1033 1923 1072 1959 Si
1099 1936 1194 1960 vero
1223 1925 1442 1961 huiusmodi

383 1975 525 2013 additio¹
544 1975 766 2023 intelligatur
786 1987 830 2011 ex
849 1983 954 2024 parte
974 1975 1142 2022 subiecti,
1163 1977 1236 2013 hoc
1256 1989 1335 2015 non
1354 1989 1441 2026 pos-

383 2036 438 2064 set
456 2026 469 2049 ὃ
499 2040 580 2065 esse
599 2028 670 2066 nisi
698 2028 756 2064 vel
780 2028 868 2076 quia
887 2028 1012 2076 aliqua
1030 2041 1118 2078 pars
1137 2029 1294 2067 subiecti
1313 2031 1443 2080 recipit

382 2081 546 2118 formam
575 2093 689 2130 quam
708 2086 720 2102 ²
748 2081 851 2129 prius
879 2093 958 2119 non
981 2082 1157 2128 habebat,
1186 2090 1229 2120 ut
1246 2083 1277 2120 si
1298 2082 1442 2122 dicatur

381 2134 494 2182 frigus
523 2146 692 2171 crescere
725 2134 763 2170 in
790 2134 948 2171 homine
986 2134 1052 2182 qui
1084 2135 1186 2183 prius
1219 2135 1377 2184 frigebat
1404 2137 1441 2173 in

380 2199 458 2223 una
476 2195 592 2236 parte,
610 2187 764 2236 quando
785 2186 860 2223 iam
880 2186 918 2223 in
938 2187 1106 2236 pluribus
1124 2188 1293 2238 partibus
1313 2189 1440 2237 friget:

380 2240 442 2276 vel
471 2240 559 2288 quia
586 2239 740 2288 aliquod
768 2239 870 2276 aliud
893 2239 1105 2278 subiectum
1126 2241 1276 2278 additur
1293 2241 1440 2290 partici-

380 2305 476 2341 pans
492 2292 655 2330 eandem
675 2293 852 2340 formam,
872 2292 968 2329 sicut
987 2292 1017 2329 si
1037 2293 1203 2331 calidum
1217 2294 1441 2343 adiungatur

382 2345 521 2392 calido,
540 2347 602 2382 vel
631 2346 759 2382 album
779 2345 879 2382 albo.
901 2345 978 2382 Sed
998 2347 1210 2384 secundum
1234 2354 1439 2395 utrumque

380 2398 538 2435 istorum
553 2399 717 2435 duorum
733 2398 951 2444 modorum,
963 2410 1041 2436 non
1057 2399 1190 2436 dicitur
1205 2399 1345 2448 aliquid
1361 2413 1439 2437 ma—

380 2451 434 2499 gis
462 2452 591 2488 album
619 2452 682 2488 vel
711 2451 887 2497 calidum,
917 2451 985 2487 sed
1013 2451 1147 2488 maius.

433 2504 510 2541 Sed
538 2504 625 2553 quia
653 2503 842 2552 quaedam
863 2503 1070 2541 accidentia
1103 2512 1287 2552 augentur
1305 2518 1438 2543 secun—

380 2557 472 2594 dum
492 2557 627 2605 seipsa,
648 2564 689 2593 ut
708 2569 822 2605 supra
841 2555 861 2578 ’¹‘
890 2556 1031 2593 dictum
1053 2565 1119 2604 est,
1140 2558 1178 2594 in
1207 2558 1437 2605 quibusdam

379 2622 513 2646 eorum
547 2609 629 2646 fieri
663 2617 787 2658 potest
820 2617 1068 2656 augmentum
1097 2623 1165 2659 per
1193 2610 1437 2649 additionem.

376 2665 546 2710 Augetur
584 2662 684 2699 enirn
719 2670 847 2699 motus
879 2674 947 2711 per
984 2663 1058 2699 hoc
1091 2663 1197 2711 quod
1232 2663 1265 2700 ei
1298 2663 1438 2713 aliquid

1094 215 1358 261 QUAESTIO
1389 215 1473 260 LII,
1503 214 1797 250 ARTieULus
1827 215 1858 249 11

1501 290 1649 328 additur
1676 292 1737 327 vel
1767 292 1978 329 secundum
2006 300 2157 342 tempus
2176 294 2214 331 in
2234 307 2312 342 quo
2336 302 2402 342 est,
2421 295 2484 331 vel
2503 306 2559 330 se-

1502 343 1669 380 cundum
1706 344 1810 380 viam
1843 355 1912 392 per
1945 356 2068 406 quam.
2096 354 2170 383 est:
2206 354 2243 383 et
2272 354 2401 383 tamen
2429 354 2559 383 manet

1501 395 1636 432 eadem
1657 395 1813 443 species,
1833 404 1988 446 propter
2006 397 2187 436 unitatem
2213 398 2372 436 termini.
2389 401 2560 448 Augetur

1502 447 1613 484 etiam
1638 447 1882 485 nihilominus
1902 457 2029 487 motus
2047 463 2116 499 per
2138 451 2405 499 intensionem,
2426 464 2559 488 secun-

1502 500 1591 536 dum
1620 500 1947 548 participationem
1976 503 2149 540 subiecti:
2173 481 2405 562 inquantum
2420 503 2559 543 scilicet

1500 552 1603 589 idem
1638 561 1765 589 motus
1799 561 1924 605 potest
1954 556 2016 591 vel
2050 557 2169 604 magis
2202 557 2263 592 vel
2293 556 2419 593 minus
2448 567 2559 615 expe-

1502 604 1576 641 dite
1597 613 1660 641 aut
1679 613 1856 654 prompte
1876 606 2005 644 fieri.—
2017 608 2194 645 Similiter
2217 609 2329 645 etiam
2350 616 2386 645 et
2405 608 2559 645 scientia

1501 664 1626 706 potest
1640 658 1767 705 augeri
1781 659 1993 696 secundum
2008 661 2171 710 seipsam
2186 674 2256 710 per
2274 661 2506 698 additionem
2520 660 2558 697 *τ

1501 710 1596 746 sicut
1625 722 1712 747 cum
1741 710 1874 759 aliquis
1901 711 2309 759 plureseonelusiones‘
2328 714 2558 763 geometriae

1501 763 1670 810 addiscit,
1700 770 1858 811 augetur
1883 764 1923 800 in
1952 776 1998 801 eo
2021 765 2172 803 habitus
2191 767 2361 814 eiusdem
2381 766 2558 804 scientiae

1501 815 1713 852 secundum
1741 817 1919 865 speciem.
1949 817 2119 877 Augetur
2143 818 2387 856 nihilominus
2403 820 2559 856 scientia

1500 868 1538 904 in
1558 868 1696 927 aliqu0‚
1718 871 1929 907 secundum
1958 870 2283 920 participationem
2303 872 2470 918 subiecti,
2491 884 2559 921 per

1500 921 1772 958 intensionem.
1784 928 1916 970 prout
1949 922 2088 959 scilicet
2121 923 2327 978 expeditius
2360 932 2397 962 et
2425 925 2558 961 clarius

1499 986 1598 1010 unus
1625 974 1744 1010 horno
1779 987 1818 1011 se
1847 975 1962 1011 habet
1990 974 2062 1011 alio
2092 975 2129 1012 in
2167 969 2311 1013 eisdem
2349 977 2558 1015 conclusio-

1500 1026 1611 1062 nibus
1640 1026 1941 1064 considerandis.
2351 1054 2366 1060 :v

1530 1079 1595 1114 In
1622 1078 1812 1116 habitibus
1839 1087 1967 1116 autem
2002 1080 2266 1129 corporalibus
2287 1086 2366 1118 non
2394 1082 2556 1119 multum

1498 1130 1650 1167 videtur
1684 1131 1767 1168 fieri
1805 1140 2050 1180 augmentum
2083 1145 2152 1182 per
2184 1132 2429 1170 additionem.
2459 1133 2559 1180 Quia

1499 1196 1577 1221 non
1615 1183 1747 1221 dicitur
1775 1184 1914 1222 animal
1946 1197 2082 1223 sanum
2115 1185 2351 1234 simpliciter,
2380 1193 2446 1223 aut
2477 1184 2559 1236 pul-J

1499 1237 1644 1284 chrum,
1665 1236 1735 1274 nisi
1763 1237 1974 1275 secundum
1995 1250 2129 1282 omnes
2149 1245 2274 1287 partes
2293 1250 2381 1276 suas
2398 1238 2457 1277 ,sit
2474 1239 2559 1279 tale.

1500 1289 1615 1336 Quod
1644 1297 1770 1327 autem
1792 1291 1839 1328 ad
1858 1291 2122 1340 perfectiorem
2141 1291 2559 1348 commensurationem

1497 1343 1736 1391 perducatur,
1757 1344 1831 1379 hoc
1852 1343 2030 1392 contingit
2049 1344 2260 1382 secundum
2278 1340 2560 1381 transmitttatioss

1499 1407 1588 1432 nem
1618 1395 1845 1456 simplicium
1875 1393 2115 1456 qualitatum;
2146 1409 2244 1445 quae
2269 1394 2348 1434 non
2377 1403 2561 1449 augentur

1498 1448 1568 1485 nisi
1583 1449 1795 1486 secundum
1815 1449 2082 1497 intensionem,
2104 1462 2149 1486 ex
2167 1457 2275 1499 parte
2295 1447 2453 1491 subiecti
2472 1461 2558 1500 par—

1497 1501 1694 1550 ticipantis.

2584 671 2594 682 ⁸
2609 669 2637 691 D.
2653 669 2706 698 699,
2721 675 2769 692 not.

1551 1553 1762 1601 Quomodo
1778 1561 1905 1592 autem
1921 1567 1962 1592 se
1976 1555 2115 1592 habeat
2129 1555 2228 1592 circa
2243 1555 2423 1601 virtutes,
2430 1554 2559 1626 infra*
2584 1563 2651 1591 *Q
2654 1566 2798 1592 mnu

1498 1607 1650 1644 dicetur.

1550 1662 1609 1696 AD
1629 1671 1765 1696 ramum
1785 1670 1883 1696 ERGO
1902 1671 2087 1696 DicENnum
2106 1659 2212 1708 quod
2227 1659 2341 1696 etiam
2356 1658 2404 1696 in
2408 1632 2559 1718 magn&

1497 1712 1627 1749 tudine
1663 1712 1848 1760 corporali
1878 1711 2057 1759 contingit
2095 1711 2290 1760 dupliciter
2317 1723 2400 1749 esse
2427 1710 2440 1738 ζ
2468 1712 2558 1760 aug-

1498 1772 1683 1802 mentum.
1704 1765 1791 1802 Uno
1817 1765 1949 1812 modo,
1969 1777 2039 1814 per
2061 1762 2294 1803 additionem
2321 1754 2486 1815 subiecti
2499 1765 2557 1816 ad

1497 1818 1728 1862 subiectum;
1753 1817 1848 1854 sicut
1868 1825 1922 1855 est
1940 1818 1980 1855 in
1999 1822 2203 1865 augmento
2222 1811 2448 1859 viventium.
2468 1812 2556 1860 Alio

1497 1871 1629 1918 modo,
1649 1883 1719 1919 per
1746 1871 1869 1907 solam
1897 1870 2163 1918 intensionem,
2193 1872 2350 1923 absque
2365 1870 2474 1909 omni
2483 1871 2556 1908 nd·-

1497 1923 1660 1969 ditione;
1690 1923 1785 1960 sicut
1812 1930 1868 1960 est
1887 1923 1926 1960 in
1949 1923 2006 1960 his
2022 1931 2126 1988 quae
2145 1924 2338 1979 (arefiunt,
2348 1930 2399 1960 ut
2409 1920 2558 1978 dieitur

1496 1975 1534 2013 in
1555 1976 1606 2013 IV
1619 1975 1768 2024 Physic.
1787 1975 1808 1998 '¹‘
2531 1976 2542 1982 ’

2681 1708 2698 1739 t

2551 1975 2555 1990 ³
2584 1982 2718 2012 ''.Cepvn,
2705 1989 2796 2032 ¹¹11⁶7,

1548 2030 1607 2066 An
1627 2040 1818 2067 SECUNDUM
1842 2041 2037 2067 DlCENDUM:
2055 2007 2178 2079 quod
2182 2041 2303 2067 causa
2327 2016 2484 2080 augens
2489 2019 2602 2080 11ῃῖζὸ
2584 2015 2674 2059 “ffi-
2663 2015 2798 2064 ¹30t¹3¹2=v

1496 2081 1630 2128 bitum,
1660 2082 1746 2119 facit
1773 2081 1932 2130 quidem
1961 2094 2117 2131 semper
2140 2077 2283 2131 aliquid
2309 2081 2348 2121 in
2368 2082 2557 2131 subiecto,

1495 2147 1574 2171 non
1594 2142 1721 2171 autem
1741 2141 1884 2171 novam
1901 2135 2077 2173 formam
2107 2135 2185 2172 Sed
2202 2135 2291 2172 facit
2309 2135 2427 2191 quod
2424 2135 2558 2175 subire-J

1496 2195 1597 2224 ctum
1610 2187 1812 2236 perfectius
1831 2185 2038 2237 participet
2046 2188 2211 2226 formam
2231 2183 2558 2257 praeexistentem,

1496 2247 1559 2277 aut
1587 2240 1693 2290 quod
1721 2241 1882 2289 amplius
1911 2253 1951 2278 se
1981 2240 2168 2278 extendat.

1548 2295 1606 2330 An
1635 2304 1795 2331 TERTmM
1821 2305 2006 2332 mCENDUM
2034 2293 2159 2343 quod
2170 2292 2215 2332 id
2249 2282 2365 2343 'quod
2381 2282 2556 2340 nondum

1495 2353 1551 2383 est
1578 2345 1720 2393 album,
1745 2353 1801 2383 est
1819 2345 1857 2384 in
1875 2345 2044 2394 potentia
2063 2346 2124 2386 ad
2132 2340 2328 2388 formam-⁸
2310 2357 2464 2395 ipsam,
2472 2353 2556 2392 tan-

1494 2410 1612 2448 quam
1643 2398 1817 2435 nondum
1850 2399 2004 2435 habens
2029 2399 2216 2436 formam.
2239 2405 2296 2435 et
2318 2398 2425 2436 ideo
2434 2410 2556 2447 agene

1495 2458 1624 2488 causat
1651 2463 1794 2488 novam
1823 2451 1990 2488 forma-m
2016 2451 2056 2488 in
2083 2439 2265 2488 subiecto.
2294 2451 2374 2488 Sed
2392 2451 2430 2488 id
2449 2451 2557 2500 quo‘d

1494 2512 1550 2541 est
1577 2503 1703 2541 minus
1732 2503 1895 2541 calidum
1916 2511 1980 2541 aut
1998 2504 2139 2551 album,
2155 2516 2234 2541 non
2253 2511 2312 2541 est
2326 2504 2365 2542 in
2383 2504 2553 2553 potentia

1495 2557 1542 2594 ad
1561 2557 1735 2603 formam,
1766 2569 1854 2593 curn
1883 2557 1960 2593 iam
1989 2564 2074 2593 actu
2101 2557 2267 2594 formam
2294 2557 2453 2594 habeat:
2487 2557 2554 2594 sed

1494 2617 1550 2646 est
1577 2610 1616 2646 in
1644 2609 1813 2659 potentia
1841 2609 1890 2646 ad
1917 2610 2128 2659 perfectum
2156 2609 2452 2659 participationis
2472 2621 2556 2646 mo-

1494 2663 1599 2700 dum.
1630 2663 1679 2699 Et
1702 2662 1778 2699 hoc
1807 2662 2051 2711 consequitur
2077 2675 2146 2712 per
2174 2662 2364 2700 actionem
2398 2661 2554 2710 agentis.

428 2759 454 2792 γ)
475 2766 536 2782 non.
550 2773 567 2776 -
586 2758 647 2782 Om.
666 2758 860 2783 ACEFGHIKI
862 2758 938 2790 pBD;
962 2766 1011 2799 pro
1029 2759 1089 2787 sed
1108 2759 1223 2784 secundo
1243 2760 1310 2790 ΕΠ,
1336 2763 1362 2785 et
1381 2760 1434 2790 εΗ,

374 2794 475 2854 gzzlcliqeltgt
476 2792 622 2853 ,5:311qule
635 2794 714 2818 modo
734 2801 785 2818 non
805 2801 843 2818 ex
858 2797 938 2826 parte
958 2794 1040 2825 ipsius
1054 2794 1162 2827 formae
1175 2795 1319 2820 secundum
1334 2802 1361 2820 se
1374 2802 1435 2820 con-

1541 2758 1566 2792 ὃ)
1582 2762 1684 2790 posset.
1701 2773 1719 2777 -
1734 2762 1825 2790 potest
1843 2758 1953 2783 codices.

1543 2793 1566 2827 ε)
1586 2801 1674 2826 quam.
1691 2809 1710 2812 -
1729 2801 1795 2826 quae
1814 2794 2030 2818 ABCDEFGHL.

1543 2829 1569 2861 ζ)
1590 2836 1654 2854 esse.
1671 2843 1692 2848 -
1709 2829 1771 2854 Om.
1792 2829 1838 2854 Pa.

1046 2891 1378 2924 Commenta-ria
1399 2891 1650 2924 Cardinalis
1671 2891 1872 2924 Caietam

403 2965 423 2984 Ν
447 2954 578 2984 articulo
602 2953 742 2984 secundo
765 2953 907 2984 eiusdem
926 2953 1130 2994 quaestionis,
1148 2953 1244 2984 dubia
1265 2953 1329 2984 duo
1348 2960 1432 2984 sunt.

403 2998 547 3028 Primum
571 3004 617 3028 est
640 2997 719 3027 circa
742 2996 977 3028 distinctionem
993 2997 1107 3028 factam
1130 2997 1162 3028 in
1185 2997 1295 3034 littera,
1317 2996 1436 3029 scilicet

373 3042 463 3083 quod
486 3041 511 3071 si
533 3041 668 3072 intensio
693 3041 725 3071 in
749 3041 860 3071 formis
878 3041 1064 3081 intelligitur
1079 3051 1135 3082 per
1150 3041 1355 3078 additionem,
1371 3041 1433 3072 hoc

373 3095 439 3116 non
463 3091 568 3125 potest
590 3095 656 3115 esse
679 3085 739 3115 nisi
763 3085 935 3125 dupliciter,
959 3085 1076 3116 scilicet
1098 3085 1148 3116 vel
1171 3096 1208 3116 ex
1231 3092 1318 3126 parte
1333 3085 1433 3126 ipsius

373 3129 503 3166 formae,
523 3130 573 3159 vel
596 3139 633 3159 ex
654 3136 741 3169 parte
764 3129 905 3166 subiecti,
924 3137 981 3160 etc.
999 3130 1055 3161 Est
1070 3130 1155 3160 enim
1171 3129 1329 3161 distinctio
1345 3130 1431 3166 haec,

373 3174 549 3204 secundum
572 3183 701 3203 sensum
724 3173 842 3203 litterae
865 3173 1031 3210 intellecta,
1047 3173 1250 3205 insufficiens.
1267 3174 1432 3211 Quoniam

373 3218 549 3248 secundum
571 3216 717 3253 litteram,
733 3216 852 3247 additio
876 3227 912 3247 ex
935 3224 1021 3257 parte
1045 3218 1166 3248 formae
1185 3217 1264 3248 nihil
1286 3218 1373 3248 aliud
1393 3218 1432 3248 si-

372 3260 499 3301 gnificat
518 3271 616 3302 quam
635 3259 830 3297 additionem
853 3260 1040 3300 specificam.
1066 3262 1199 3293 Constat
1219 3268 1327 3292 autem
1343 3262 1432 3303 quod

372 3312 492 3346 praeter
519 3305 714 3335 additionem
742 3304 921 3344 specificam
945 3311 975 3335 et
998 3315 1033 3335 ex
1056 3313 1144 3345 parte
1168 3305 1315 3342 subiecti,
1341 3306 1432 3336 datur

371 3349 479 3380 tertius
502 3350 619 3379 modus
634 3348 812 3385 additionis,
829 3348 945 3379 scilicet
959 3349 1074 3388 gradus
1093 3350 1132 3380 ad
1152 3350 1302 3390 gradum:
1326 3350 1382 3390 qui
1397 3349 1430 3380 in

371 3393 471 3423 littera
494 3393 659 3428 omittitur,
684 3399 715 3423 et
735 3393 768 3422 in
792 3393 957 3432 proposito
973 3393 1102 3432 ponitur
1118 3404 1135 3423 a
1152 3394 1326 3424 dicentibus
1342 3394 1431 3434 quod

370 3436 506 3467 intensio
531 3444 560 3468 et
582 3437 724 3467 remissio
748 3435 783 3467 fit
806 3447 862 3476 per
883 3437 1078 3467 additionem
1099 3438 1214 3477 gradus
1238 3438 1277 3468 ad
1296 3438 1430 3477 gradum

371 3481 420 3511 vel
444 3481 656 3512 remotionem
679 3481 794 3520 gradus
817 3491 835 3511 a
858 3481 967 3520 gradu.
993 3480 1186 3512 Insufficiens
1209 3491 1283 3521 ergo
1307 3482 1431 3512 videtur

371 3525 538 3555 distinctio.

1543 2953 1726 2984 Secundum
1741 2953 1887 2990 dubium,
1903 2953 1996 2984 valde
2014 2939 2160 2991 arduum.
2177 2960 2209 2985 et
2230 2936 2298 2987 uon
2300 2951 2374 2984 'nisi
2397 2963 2474 2991 cum
2488 2953 2552 3002 diyi

1487 2997 1633 3028 Thomae
1657 2996 1814 3028 adiutorio
1839 2996 1990 3034 solubile,
2016 3004 2062 3029 est
2085 2997 2124 3028 de
2147 2992 2283 3029 efficacia
2306 2997 2404 3031 huius,
2426 3004 2551 3038 proees-

1486 3051 1540 3072 sus
1563 3042 1603 3072 ad
1626 3041 1858 3072 excludendum
1881 3041 2094 3075 intensionem
2116 3040 2294 3072 formarum
2318 3051 2386 3074 non
2403 3041 2472 3073 fieri
2492 3045 2550 3085 peg-

1486 3085 1680 3116 additionem
1703 3084 1818 3125 gradus
1840 3085 1880 3116 ad
1903 3085 2046 3126 gradum.
2064 3084 2159 3116 Ratio
2179 3085 2264 3116 enim
2287 3085 2327 3117 in
2342 3086 2449 3118 littera
2468 3085 2550 3117 dire-³
2597 3092 2599 3094 '

1486 3136 1533 3160 ete
1556 3130 1660 3170 posita
1679 3137 1788 3160 contra
1803 3129 2008 3166 additionem,
2028 3139 2095 3160 non
2109 3129 2234 3160 videtur
2250 3129 2362 3162 locum
2383 3130 2499 3161 habere
2513 3130 2548 3160 in

1485 3173 1551 3205 istis
1567 3174 1728 3214 gradibus.
1750 3173 1903 3214 quoniam
1918 3183 1976 3204 nec
1993 3173 2230 3214 distinguuntur
2243 3174 2358 3215 specie,
2372 3184 2431 3206 nec
2442 3174 2551 3211 subje-

1485 3225 1546 3249 cto.
1558 3218 1629 3248 -Et
1649 3224 1781 3258 augetur
1796 3217 1962 3249 dubitatio.
1981 3217 2065 3255 Quia
2079 3224 2135 3249 aut
2149 3220 2272 3249 Auctor
2291 3217 2547 3269 intendipeleu

1485 3262 1556 3292 dere
1573 3261 1760 3302 opinionem
1782 3260 1938 3292 dicentem
1953 3262 2042 3302 quod
2061 3261 2206 3296 intensio
2219 3261 2254 3294 fit
2276 3272 2333 3304 per
2351 3261 2546 3297 additionem
2595 3268 2598 3272 ’
2634 3251 2636 3254 ¹

1483 3306 1598 3345 gradus
1614 3306 1653 3336 ad
1668 3306 1816 3347 gradum:
1838 3311 1893 3336 aut
1915 3314 1990 3336 non.
2009 3305 2042 3336 Si
2064 3315 2140 3343 non,
2157 3313 2268 3337 contra
2285 3314 2368 3348 quos
2391 3299 2465 3346 ergo
2485 3304 2546 3336 dis-

1484 3348 1594 3390 putat?
1617 3350 1658 3380 Et
1679 3359 1804 3385 rursus,
1829 3348 1984 3380 diminute
2006 3356 2117 3381 tractu
2138 3349 2302 3381 materiam
2323 3349 2422 3388 hanc,
2451 3349 2545 3380 omit-

1484 3395 1580 3424 tendo
1603 3394 1684 3424 hanc
1707 3373 1914 3434 principalem
1930 3393 2155 3426 difficultatem.
2173 3394 2207 3426 Si
2229 3393 2282 3430 sic,
2300 3403 2374 3427 cum
2389 3393 2459 3424 talis
2474 3393 2546 3433 opi-

1483 3438 1538 3468 nio
1563 3448 1627 3469 non
1651 3444 1751 3478 ponat
1773 3437 1968 3469 additionem
1993 3439 2169 3469 secundum
2192 3437 2329 3478 speciem
2348 3447 2406 3468 nec
2433 3447 2544 3468 secun-

1484 3482 1562 3512 dum
1585 3482 1773 3518 subiectum,
1790 3481 1846 3512 sed
1868 3482 2044 3513 secundum
2061 3482 2298 3523 generationem
2320 3481 2396 3512 novi
2413 3482 2543 3521 gradus;

1484 3527 1651 3566 quomodo
1675 3536 1712 3556 ex
1735 3526 1783 3556 his
1806 3524 2000 3557 excluditur?
