2852 4152
78 2520 88 2530 ⁸
104 2519 171 2542 Vers.
186 2518 215 2539 18.

80 2687 88 2695 ·
98 2684 179 2707 Ordin.
188 2691 216 2706 ex
227 2684 289 2710 Aug.

80 2899 89 2906 ‘
105 2896 156 2918 Lib.
166 2896 184 2922 Ι,
196 2901 246 2923 cap.
259 2901 291 2916 ix.

83 3261 276 3284 ·S.Th.1ect.xn.
285 3270 295 3274 -

84 3288 136 3309 Did.
148 3287 233 3314 lib.V1,
242 3292 292 3313 cap.

84 3320 125 3341 xii,
141 3320 164 3335 n.
180 3320 199 3341 5.

341 183 412 227 154

334 259 501 299 tripliciter.
519 258 636 295 Primo,
661 260 836 290 secundum
859 260 890 290 id
915 261 1051 301 praecise
1076 262 1164 302 quod
1188 262 1281 292 habet
1297 273 1314 292 a
1336 273 1391 303 po-

333 303 429 334 tentia
456 303 615 333 executiva
646 309 676 333 et
698 313 744 339 re,
769 310 927 344 tempore,
951 305 1041 341 loco,
1068 306 1187 336 seclusa
1215 306 1392 336 obedientia

332 347 512 378 voluntatis.
537 347 577 377 Et
600 347 660 383 sic,
686 357 759 377 cum
783 358 847 378 non
872 348 911 378 sit
934 359 1030 388 capax
1053 349 1200 380 bonitatis
1228 349 1278 379 vel
1302 349 1390 379 mali-

333 391 392 422 tiae
417 390 544 421 moralis
561 389 728 433 (quoniam
752 391 827 421 haec
851 391 930 422 circa
953 393 1131 422 voluntaria
1147 399 1271 422 tantum
1285 390 1388 434 fiunt),

332 445 398 466 non
429 434 572 466 sumitur.
597 435 669 465 Alio
694 436 792 465 modo
815 436 950 466 sumitur
975 442 1010 466 ut
1039 443 1085 466 est
1108 436 1323 474 compositum
1354 445 1390 466 ex

333 479 518 519 supradictis
549 485 579 509 et
601 486 672 510 actu
696 479 883 514 voluntatis,
907 479 949 509 ita
973 479 1060 519 quod
1084 488 1120 508 ex
1142 479 1216 522 ipso
1230 485 1260 509 et
1275 479 1390 509 volun-

332 523 402 554 tatis
425 530 495 553 actu
511 522 547 553 fit
562 533 644 553 unus
661 533 794 552 numero
810 529 906 552 actus.
923 523 963 552 Et
986 522 1029 552 sic
1049 522 1142 551 etiam
1166 532 1231 551 non
1255 522 1390 552 sumitur

331 567 397 598 hic:
423 573 503 597 esset
526 567 610 596 enim
630 566 823 606 comparatio
841 567 935 605 partis
952 566 991 595 ad
1012 572 1126 601 toturn,
1145 572 1175 595 et
1191 575 1207 595 e
1225 576 1387 597 converso.

330 611 440 641 Tertio
465 611 563 640 modo
588 610 723 640 sumitur
746 610 920 640 secundum
944 609 975 638 id
999 610 1087 649 quod
1110 609 1204 639 habet
1227 619 1263 639 ex
1286 619 1332 645 se,
1359 617 1389 641 et

330 656 419 695 quod
443 655 606 694 participat
634 664 669 684 ex
697 660 767 684 actu
790 653 976 682 voluntatis:
1002 653 1043 682 ita
1067 653 1155 693 quod
1179 653 1388 693 distinguatur

331 706 417 729 actus
441 699 573 729 exterior
595 697 791 728 voluntarius
819 703 927 726 contra
957 696 1063 735 ipsum
1087 703 1193 726 actum
1215 698 1387 728 voluntatis

330 743 362 773 in
387 753 432 778 se,
458 742 614 783 quidquid
643 742 682 771 sit
713 740 792 770 illud
815 740 903 780 quod
935 740 1088 780 significat
1110 741 1143 781 ly
1175 741 1384 773 voluntarius.

330 788 370 817 Et
393 787 454 817 hoc
478 787 576 816 modo
593 785 727 816 sumitur
750 784 782 813 in
806 784 982 823 proposito,
1008 784 1062 815 ubi
1081 792 1284 824 comparatur
1299 793 1386 816 actus

329 831 462 861 exterior
484 831 642 860 humanus
667 828 748 858 actui
765 828 904 858 interiori
920 828 1092 858 voluntatis
1115 828 1147 859 in
1171 839 1213 865 se,
1230 829 1280 859 cui
1299 830 1386 869 prius

329 874 494 905 conveniat
521 873 643 903 bonitas
667 871 803 902 moralis.
818 889 836 894 —
849 872 889 902 Et
912 879 958 902 est
980 882 1083 902 sermo
1099 873 1138 902 de
1154 872 1313 912 prioritate
1329 884 1385 904 na-

328 924 434 949 turae:
461 924 490 947 et
513 915 655 946 exteriori
671 925 691 945 a
713 915 893 953 voluntate,·
915 922 1002 946 actus
1022 916 1108 946 enirn
1123 916 1299 947 intellectus
1323 918 1385 948 hoc

327 963 360 992 in
383 963 455 992 loco
480 967 566 990 actus
591 959 722 990 exterior
742 966 886 995 vocatur,
912 960 1007 990 currit
1024 960 1109 990 enim
1133 970 1225 990 cursu
1249 961 1385 992 aliorum

329 1017 346 1036 a
369 1006 541 1035 voluntate.

381 1049 417 1079 11.
444 1049 478 1078 In
503 1057 634 1086 corpore
658 1047 799 1077 eiusdem
823 1047 953 1083 articuli,
978 1048 1102 1078 adverte
1126 1048 1229 1087 primo
1255 1048 1384 1087 diligen-

325 1101 370 1124 ter
389 1092 485 1133 quod,
511 1092 600 1128 sicut,
617 1092 655 1121 de
679 1091 785 1121 ceteris
810 1092 902 1121 rebus
918 1092 1091 1127 tractando,
1108 1092 1146 1121 de
1162 1092 1254 1121 rebus
1270 1092 1383 1122 doctri-

325 1147 400 1167 nam
428 1136 560 1166 facimus
590 1135 791 1165 existentibus
820 1143 963 1175 tempore
986 1145 1045 1165 suo
1069 1135 1101 1164 in
1126 1145 1231 1165 rerum
1255 1142 1383 1172 natura,

324 1188 355 1212 et
378 1188 483 1211 tamen
513 1180 637 1210 easdem
666 1179 697 1209 in
722 1179 928 1210 abstractione
953 1186 1119 1218 conceptas
1143 1178 1330 1209 discutimus
1355 1186 1385 1210 et

324 1225 549 1260 examinamus,
574 1230 604 1254 et
628 1234 663 1254 ea
687 1233 767 1263 quae
792 1223 829 1253 de
852 1223 922 1259 illis,
947 1223 1091 1263 quamvis
1108 1223 1257 1253 abstracte
1273 1233 1383 1254 conce-

324 1270 394 1310 ptis,
415 1269 591 1299 secundum
610 1278 642 1297 se
665 1277 737 1297 vera
754 1266 1028 1306 deprehendimus,
1046 1266 1078 1296 in
1095 1266 1213 1296 eisdem
1229 1267 1261 1297 in
1278 1277 1384 1298 rerum

324 1321 433 1344 natura
457 1312 589 1343 inventis
609 1310 814 1346 verificamus,
833 1318 868 1341 ut
884 1317 969 1350 patet
985 1310 1160 1346 inductive;
1185 1310 1236 1347 ita,
1255 1311 1292 1341 de
1309 1311 1383 1342 acti-

323 1359 381 1388 bus
405 1356 551 1387 humanis
585 1355 787 1386 exterioribus
815 1354 992 1395 loquendo,
1017 1354 1154 1394 intellige
1183 1356 1271 1395 quod
1295 1363 1383 1386 actus

322 1402 409 1437 talis,
434 1408 511 1440 puta
535 1400 580 1430 uti
603 1410 635 1429 re
659 1409 715 1429 sua
739 1399 867 1440 quando
892 1405 1035 1439 oportet,
1060 1398 1115 1429 ubi
1140 1406 1280 1438 oportet,
1306 1407 1381 1436 etc.,

322 1453 367 1476 est
390 1445 565 1475 secundum
589 1454 621 1474 se
645 1450 732 1474 actus
756 1443 929 1473 formaliter
957 1443 1060 1473 bonus
1084 1443 1243 1473 moraliter
1266 1453 1302 1473 ex
1331 1454 1382 1483 ge-

321 1499 393 1520 nere
410 1496 439 1520 et
455 1487 712 1526 circumstantiis,
737 1487 818 1518 sicut
841 1497 957 1527 sapere,
977 1487 1092 1524 videre,
1110 1493 1179 1523 etc„
1200 1494 1274 1518 sunt
1288 1497 1382 1527 quae-

321 1535 394 1564 dam
411 1534 587 1564 secundum
603 1542 635 1562 se
652 1531 824 1562 formaliter
847 1532 931 1562 bona
955 1532 1223 1567 transcendenter;
1249 1538 1280 1562 et
1294 1532 1382 1571 quod

321 1578 415 1618 positi
438 1578 471 1608 in
494 1587 600 1608 rerum
622 1583 734 1607 natura
748 1575 934 1606 huiusmodi
955 1583 1043 1607 actus
1066 1582 1140 1606 sunt
1155 1575 1249 1605 etiarn
1265 1575 1381 1605 forma-

320 1623 389 1653 liter
404 1622 490 1653 boni.
510 1623 576 1652 Nec
589 1628 635 1652 est
654 1620 713 1650 alia
728 1620 851 1650 bonitas
864 1626 989 1660 quaest
1005 1621 1109 1650 bonus
1125 1626 1212 1650 actus
1229 1619 1382 1650 abstracte

321 1673 501 1706 conceptus,
522 1673 552 1696 et
566 1671 653 1695 actus
672 1664 705 1694 in
721 1674 827 1694 rerum
850 1671 962 1694 natura
985 1664 1124 1705 positus:
1150 1663 1231 1694 sicut
1247 1673 1312 1694 non
1337 1670 1383 1693 est

320 1711 380 1741 alia
395 1710 575 1740 humanitas
595 1719 657 1749 qua
673 1709 772 1738 homo
794 1709 944 1739 abstracte
969 1715 1140 1748 conceptus
1162 1714 1208 1737 est
1224 1707 1334 1743 homo,
1352 1714 1382 1737 et

320 1765 383 1795 qua
399 1754 498 1784 homo
519 1753 643 1794 positus
665 1753 697 1783 in
713 1762 817 1782 rerum
835 1759 945 1782 natura
962 1759 1008 1783 est
1023 1752 1134 1782 homo.
1159 1752 1220 1782 Sed
1241 1752 1320 1781 bene
1337 1758 1383 1782 est

320 1799 400 1829 alius
413 1798 535 1829 essendi
548 1797 679 1827 modus:
693 1797 767 1837 quia
780 1797 812 1826 in
825 1806 930 1826 rerum
945 1803 1066 1832 natura,
1076 1802 1106 1826 et
1118 1795 1150 1825 in
1163 1795 1380 1826 abstractione.

377 1843 428 1873 111.
454 1842 538 1873 Scito
563 1841 714 1878 secundo,
739 1841 827 1881 quod
851 1840 938 1871 aliud
963 1847 1009 1870 est
1031 1839 1122 1880 loqui
1142 1840 1180 1869 de
1196 1839 1314 1870 actibus
1330 1840 1382 1869 ab-

318 1887 435 1922 solute;
460 1887 555 1922 aliud,
574 1893 608 1916 ut
632 1891 705 1915 sunt
728 1884 865 1919 obiecta;
885 1884 980 1920 aliud,
998 1891 1033 1914 ut
1057 1883 1177 1914 suntin
1202 1893 1307 1913 rerum
1329 1892 1383 1913 na-

1036 182 1300 229 QUAEST1O
1330 186 1416 232 xx,
1447 183 1742 223 ARTICULUS
1773 185 1803 222 11

1446 263 1538 294 alicui
1562 264 1718 299 absolute,
1745 263 1938 294 conveniunt
1966 264 1999 295 in
2022 275 2128 296 rerum
2155 273 2281 302 natura,
2306 264 2365 294 nisi
2389 273 2505 295 conve-

1445 307 1533 337 niant
1555 317 1621 337 non
1644 313 1863 347 repugnanter,
1882 313 1917 338 ut
1932 308 2035 339 alibi*
2059 310 2178 340 dictum
2202 317 2256 341 est.
2283 308 2373 346 Quae
2397 315 2501 339 autem

1445 351 1639 381 conveniunt
1654 357 1690 380 ut
1712 350 1834 380 obiecta
1859 358 1941 387 sunt,
1966 359 1997 383 et
2018 363 2099 393 quae
2116 354 2199 384 utin
2218 353 2402 384 executione
2418 359 2501 389 sunt,

1444 393 1642 424 habitudines
1672 394 1846 433 important
1875 395 1915 424 ad
1938 405 1973 426 ea
2005 406 2145 437 quorum
2168 405 2242 428 sunt
2270 398 2407 433 obiecta,
2432 404 2462 427 et
2485 407 2503 426 a

1443 437 1559 476 quibus
1582 437 1672 472 fiunt,
1693 443 1750 467 etc.

1499 480 1672 510 Praelibata
1695 487 1802 510 autern
1823 481 1912 512 volui
1935 481 2012 513 haec
2040 493 2123 521 esse,
2146 491 2182 516 ut
2204 484 2358 524 intelligas
2381 483 2503 524 primo,

1443 524 1531 562 quod
1554 530 1641 553 actus
1665 524 1806 560 exterior,
1829 525 1915 555 verbi
1938 527 2049 566 gratia,
2071 528 2117 558 uti
2139 539 2172 559 re
2196 539 2268 565 sua,
2293 528 2436 558 absolute
2456 535 2502 558 est

1442 566 1614 597 formaliter
1641 567 1745 597 bonus
1768 569 1945 599 moraliter:
1969 580 2004 601 ac
2028 581 2083 611 per
2105 572 2176 608 hoc,
2193 572 2316 612 positus
2339 572 2371 601 in
2394 582 2500 602 rerum

1442 617 1552 640 natura
1576 617 1622 640 est
1645 611 1739 641 etiam
1755 611 1928 643 formaliter
1945 614 2049 644 bonus
2065 616 2240 652 moraliter;
2265 623 2295 646 et
2318 615 2440 656 positus
2466 616 2499 645 in

1442 664 1508 684 esse
1527 654 1683 684 obiectivo
1702 655 1874 686 voluntatis
1890 664 2014 688 nostrae
2038 665 2084 689 est
2099 659 2203 690 bonus
2223 660 2317 690 etiam
2332 659 2498 695 obiective;

1442 705 1472 728 et
1501 698 1624 738 positus
1652 698 1685 728 in
1715 699 1899 730 executione
1931 707 1978 731 est
2009 701 2135 733 effectus
2169 703 2283 734 bonus.
2307 721 2328 727 -
2351 703 2498 734 Secundo

1441 743 1543 782 quod,
1569 742 1644 782 quia
1666 742 1752 772 idem
1775 750 1822 773 est
1843 743 1934 783 loqui
1956 744 1995 774 de
2017 746 2252 777 conditionibus
2267 748 2444 778 secundum
2467 757 2499 778 se

1439 786 1483 816 rei
1507 786 1660 822 absolute,
1681 793 1711 817 et
1734 786 1767 816 in
1790 796 1895 817 rerum
1918 794 2046 824 natura,
2069 798 2135 819 non
2158 790 2330 830 distinguas
2347 791 2428 822 inter
2442 792 2499 821 bo-

1440 830 1571 860 nitatem
1594 831 1750 861 moralem
1778 837 1866 861 actus
1896 831 2056 862 exterioris
2085 835 2260 865 secundum
2283 845 2329 872 se,
2354 842 2385 866 et
2407 842 2444 866 ut
2465 835 2497 864 in

1440 884 1545 904 rerum
1569 881 1689 910 natura,
1707 875 1761 905 sed
1783 884 1842 914 pro
1862 874 1975 904 eodem
2000 883 2175 915 computes.
2193 879 2239 908 Ac
2257 888 2313 918 per
2330 878 2401 915 hoc,
2424 888 2498 909 curn

1440 918 1553 948 dicitur
1581 918 1669 958 quod
1699 919 1822 949 bonitas
1853 928 1889 948 ex
1917 918 2046 949 materia
2075 925 2106 949 et
2143 919 2381 952 circumstantiis
2409 922 2497 962 prius

1439 961 1587 992 convenit
1610 962 1693 992 actui
1725 970 1808 993 extra
1831 963 2007 992 secundum
2030 972 2063 992 se
2091 972 2189 1002 quam
2211 965 2379 1002 voluntati,
2407 966 2497 996 intel-

1438 1005 1515 1044 ligas
1545 1006 1635 1044 quod
1656 1005 1743 1045 prius
1775 1006 1922 1037 convenit
1950 1006 2137 1036 huiusmodi
2159 1007 2283 1038 bonitas
2311 1009 2393 1040 actui
2416 1016 2496 1040 exte-

1438 1048 1512 1078 riori
1536 1048 1568 1078 in
1592 1058 1697 1078 rerurn
1721 1056 1841 1084 natura,
1866 1059 1963 1089 quarn
1986 1050 2151 1080 voluntati.

1497 1092 1548 1122 IV.
1574 1092 1614 1122 Et
1638 1102 1712 1122 cum
1735 1093 1783 1123 his
1811 1092 1975 1133 intelligas,
1997 1093 2104 1130 tertio,
2130 1094 2218 1134 quod
2241 1094 2327 1134 prius
2351 1097 2498 1128 convenit

1438 1135 1562 1166 bonitas
1585 1136 1645 1166 ista
1667 1137 1750 1167 actui
1774 1137 1917 1166 exteriori
1941 1137 2103 1174 obiective,
2126 1140 2224 1178 q'uam
2247 1138 2280 1168 in
2304 1140 2496 1171 executione.

1438 1179 1479 1209 Et
1502 1179 1545 1209 sic
1575 1179 1662 1219 prius
1686 1180 1834 1210 convenit
1856 1181 1933 1211 haec
1956 1181 2080 1211 bonitas
2104 1182 2188 1212 actui
2221 1182 2364 1212 exteriori
2388 1193 2496 1214 secun-

1439 1224 1516 1253 dum
1542 1233 1590 1260 se,
1616 1234 1651 1254 ac
1675 1234 1730 1264 per
1752 1224 1823 1261 hoc,
1840 1224 1874 1254 in
1897 1234 2002 1255 rerum
2025 1231 2136 1256 natura
2155 1226 2314 1262 absolute;
2339 1227 2497 1264 secundo,

1436 1267 1563 1307 ipsimet
1593 1267 1765 1304 obiective;
1795 1268 1905 1304 tertio,
1936 1269 2019 1299 actui
2047 1265 2221 1300 'voluntatis
2252 1270 2303 1300 cui
2335 1270 2497 1307 obiicitur;

1437 1318 1560 1352 quarto,
1577 1311 1704 1351 ipsimet
1726 1312 1759 1342 in
1783 1312 1975 1343 executione.
1997 1312 2083 1343 Sicut
2099 1313 2213 1344 sanitas
2230 1313 2334 1353 primo
2351 1315 2498 1345 convenit

1437 1355 1581 1392 animali,
1612 1356 1676 1385 sive
1705 1356 1855 1387 abstracte
1884 1363 2056 1397 concepto,
2082 1357 2146 1387 sive
2174 1357 2206 1387 in
2237 1367 2343 1388 rerum
2366 1365 2495 1395 natura;

1438 1399 1550 1429 deinde
1574 1399 1721 1430 convenit
1743 1400 1931 1436 medicinae,
1953 1407 1982 1431 et
2006 1401 2261 1442 quibuscumque
2284 1402 2362 1432 aliis.

1492 1444 1531 1474 V.
1556 1443 1641 1474 Scito
1666 1450 1779 1484 quarto
1803 1444 1909 1484 quod,
1935 1444 1960 1474 si
1984 1455 2117 1485 quaeras
2141 1445 2297 1475 rationem
2321 1455 2418 1486 quare
2440 1446 2496 1476 bo-

1437 1487 1517 1517 nitas
1534 1493 1621 1517 actus
1645 1487 1804 1517 exterioris
1821 1498 1858 1518 ex
1874 1488 2003 1518 materia
2018 1495 2049 1519 et
2065 1488 2304 1519 circumstantiis
2319 1489 2407 1529 prius
2423 1500 2497 1521 con—

1436 1531 1523 1561 venit
1544 1530 1604 1570 ipsi
1627 1541 1726 1571 quam
1744 1531 1916 1568 voluntati,
1940 1531 1972 1561 in
1996 1531 2095 1562 littera
2123 1532 2261 1571 tangitur
2277 1532 2393 1574 duplex
2406 1533 2497 1564 ratio.

1436 1574 1541 1605 Prima
1563 1581 1618 1610 est,
1644 1574 1720 1615 quia
1743 1575 1891 1606 convenit
1913 1575 1974 1615 ipsi
1997 1585 2053 1615 per
2075 1584 2126 1611 se;
2151 1582 2182 1606 et
2197 1582 2425 1617 consequenter
2439 1587 2497 1607 vo-

1435 1618 1549 1649 luntati
1572 1629 1628 1658 per
1650 1619 1767 1658 ipsum.
1791 1619 1865 1649 Non
1890 1619 1974 1649 enim
1997 1619 2070 1649 ideo
2089 1619 2199 1650 tollere
2218 1619 2319 1650 aliena
2334 1626 2381 1650 est
2395 1620 2499 1651 malus

1436 1669 1523 1693 actus
1547 1662 1716 1699 moraliter,
1737 1663 1812 1703 quia
1827 1663 1907 1693 velle
1924 1663 1987 1693 hoc
2006 1669 2052 1694 est
2070 1663 2210 1693 malum:
2228 1663 2284 1694 sed
2299 1673 2316 1694 e
2332 1674 2496 1700 converso,

1436 1706 1511 1748 quia
1525 1706 1587 1737 hoc
1603 1712 1649 1736 est
1660 1706 1783 1736 malum
1797 1707 1966 1743 moraliter,
1980 1706 2052 1737 ideo
2067 1707 2215 1738 voluntas
2231 1707 2298 1737 eius
2315 1714 2362 1738 est
2373 1708 2465 1739 mala.
2477 1726 2498 1731 -

1436 1751 1581 1781 Secunda
1605 1757 1660 1786 est,
1678 1750 1752 1791 quia
1776 1750 1853 1781 haec
1875 1750 2000 1781 bonitas
2023 1751 2139 1791 pendet
2162 1762 2180 1781 a
2201 1752 2331 1788 ratione,
2349 1757 2380 1782 et
2397 1761 2464 1782 non
2479 1762 2498 1782 a

1435 1795 1606 1825 voluntate.
1628 1794 1689 1825 Sed
1712 1795 1880 1835 quomodo
1897 1794 1959 1825 hoc
1978 1804 2090 1825 verum
2109 1794 2157 1831 sit,
2174 1794 2206 1825 in
2226 1795 2369 1835 sequenti
2388 1802 2498 1826 tracta-

1435 1837 1520 1869 bitur
1536 1838 1668 1869 articulo
1684 1838 1710 1868 *.
1728 1856 1748 1861 —
1762 1839 1803 1869 Et
1825 1839 1914 1879 quod
1936 1838 2096 1879 reliquum
2119 1845 2178 1875 est,
2194 1838 2311 1869 scilicet
2329 1840 2497 1879 quomodo

1435 1882 1560 1912 bonitas
1573 1889 1660 1913 actus
1672 1882 1800 1923 propria
1816 1882 1975 1913 exterioris
1986 1882 2020 1913 in
2035 1883 2228 1919 executione,
2241 1882 2282 1914 sit
2293 1893 2312 1913 a
2323 1883 2496 1920 voluntate,

319 1937 403 1966 tura;
429 1930 523 1966 aliud,
542 1936 576 1960 ut
600 1936 673 1959 sunt
695 1929 728 1958 in
752 1928 945 1958 executione.
967 1928 1057 1965 Quae
1082 1927 1167 1958 enim
1191 1927 1384 1958 conveniunt
1436 1926 1470 1956 in
1493 1926 1584 1956 tertio
1607 1926 1739 1979 artifulo
1763 1926 1780 1945 *
1803 1926 1994 1957 tractabitur.

1087 2070 1405 2113 ARTICULUS
1435 2069 1733 2112 SECUNDUS

782 2156 938 2187 UTRUM
962 2154 1084 2186 TOTA
1106 2154 1292 2186 BONITAS
1316 2154 1374 2184 ET
1398 2153 1579 2184 MALITIA
1603 2152 1861 2183 EXTERIORIS
1885 2152 2028 2183 ACTUS

959 2199 1219 2229 DEPENDEAT
1243 2198 1301 2228 EX
1323 2197 1545 2228 BONITATE
1570 2196 1849 2228 VOLUNTATIS

1220 2266 1240 2290 11
1261 2267 1343 2295 Sent„
1364 2266 1421 2290 dist.
1440 2274 1479 2294 XL,
1499 2271 1545 2290 art.
1565 2273 1589 2290 2.

356 2382 367 2394 s
439 2362 451 2398 g,
468 2372 497 2401 J·
529 2361 551 2386 D
566 2358 757 2385 SECUNDUM
776 2358 829 2383 510
844 2357 1083 2383 PROCEDITUR.
1095 2343 1254 2382 Videtur
1273 2343 1378 2392 quod

380 2400 394 2421 ‘⁴
529 2409 607 2438 tota
636 2399 785 2437 bonitas
815 2406 851 2435 et
879 2398 1020 2435 malitia
1055 2405 1160 2434 actus
1187 2396 1380 2434 exterioris

511 2453 743 2503 dependeat
780 2464 825 2488 ex
852 2452 1059 2488 voluntate.
1098 2449 1244 2488 Dicitur
1277 2449 1378 2487 enim

317 2563 371 2599 los
388 2563 541 2610 fructus
556 2561 715 2608 facere,
745 2570 813 2594 nec
831 2558 948 2594 arbor
966 2556 1067 2593 mala
1078 2557 1217 2604 facere
1223 2556 1380 2604 fructus

317 2617 443 2652 bonos.
472 2615 547 2650 Per
575 2613 752 2649 arborem
782 2618 910 2647 autem
938 2609 1151 2657 intelligitur
1183 2609 1377 2655 voluntas,

318 2676 354 2705 et
372 2680 440 2717 per
459 2667 623 2703 fructum
652 2677 761 2713 opus,
783 2662 995 2701 secundum
1016 2662 1194 2699 Glossam
1214 2660 1245 2698 ²⁸.
1275 2662 1377 2708 Ergo

318 2733 396 2758 non
424 2727 549 2769 potest
577 2731 658 2755 esse
688 2717 793 2767 quod
821 2717 998 2753 voluntas
1027 2714 1180 2752 interior
1199 2713 1245 2751 sit
1263 2714 1377 2761 bona,

319 2782 354 2811 et
382 2781 485 2811 actus
515 2771 675 2809 exterior
703 2771 748 2807 sit
776 2770 916 2815 malus;
947 2776 1010 2805 aut
1039 2780 1059 2804 e
1089 2779 1289 2804 converso.

373 2839 407 2864 2.
436 2828 677 2871 PRAETEREA,
713 2822 944 2871 Augustinus
975 2820 1072 2868 dicit,
1104 2820 1143 2857 in
1175 2820 1271 2857 libro
1305 2821 1379 2856 Re-

319 2886 422 2917 tract.
438 2879 470 2926 *,
492 2878 597 2928 quod
615 2889 694 2914 non
715 2875 784 2914 nisi
803 2875 997 2913 voluntate
1018 2881 1206 2922 peccatur.
1230 2872 1269 2910 Si
1290 2885 1379 2920 ergo

320 2945 397 2971 non
427 2933 472 2969 sit
498 2938 698 2980 peccatum
726 2929 765 2966 in
792 2929 1005 2973 voluntate,
1035 2939 1114 2964 non
1153 2926 1220 2962 erit
1248 2938 1381 2974 pecca-

319 2995 401 3023 tum
435 2986 473 3022 in
502 2983 674 3021 exteriori
706 2989 802 3019 actu.
833 2982 882 3018 Et
908 2980 958 3017 ita
987 2985 1004 3001 ‘²
1032 2987 1111 3017 tota
1138 2978 1285 3016 bonitas
1318 2979 1381 3015 vel

286 3053 289 3056 ·
321 3039 461 3076 malitia
491 3036 681 3074 exterioris
710 3044 813 3072 actus
844 3047 888 3072 ex
916 3034 1110 3071 voluntate
1141 3032 1340 3081 dependet.

377 3093 410 3128 3.
432 3092 663 3137 PRAETEREA,
689 3089 835 3126 bonum
865 3095 900 3124 et
928 3087 1073 3123 malum
1098 3087 1145 3123 de
1175 3097 1251 3134 quo
1281 3090 1382 3122 nunc

321 3144 525 3193 loquimur,
556 3150 642 3179 sunt
671 3140 903 3178 differentiae
933 3139 1088 3176 moralis
1117 3146 1233 3175 actus.
1264 3137 1383 3175 Diffe-

322 3197 463 3235 rentiae
496 3203 623 3233 autem
652 3207 719 3243 per
748 3207 788 3231 se
818 3193 991 3231 dividunt
1018 3204 1148 3240 genUS‚
1170 3192 1381 3228 secundum

323 3250 610 3298 Philosophum,
627 3248 665 3284 in
678 3248 747 3284 VII
763 3248 977 3294 Metaphys.
995 3245 1014 3267 ’¹‘
1031 3246 1129 3282 Cum
1150 3244 1260 3292 igitur
1279 3251 1382 3280 actus

323 3305 368 3341 sit
395 3302 547 3340 moralis
578 3314 622 3338 ex
657 3313 701 3337 eo
731 3300 835 3348 quod
865 3307 920 3336 est
947 3298 1204 3346 voluntarius,
1234 3297 1383 3334 videtur

324 3356 427 3406 quod
456 3357 602 3392 bonum
631 3361 667 3390 et
693 3354 837 3390 malum
867 3351 1045 3400 accipitur
1072 3351 1110 3388 in
1139 3358 1224 3388 actu
1257 3349 1382 3386 solum

325 3423 369 3447 ex
397 3416 501 3458 parte
529 3407 743 3445 voluntatis.

377 3513 403 3545 α)
424 3513 470 3538 ita.
487 3526 506 3531 —
525 3512 582 3537 ideo
602 3511 647 3536 Ρα.

1488 2344 1561 2380 SED
1582 2354 1727 2380 CONTRA
1746 2354 1812 2379 EST
1831 2341 1936 2390 quod
1955 2341 2189 2390 Augustinus
2217 2341 2315 2390 dicit,
2335 2342 2375 2379 in
2397 2342 2495 2380 libro

1439 2397 1579 2434 Contra
1606 2394 1852 2432 Mendacium
1880 2395 1911 2442 *,
1941 2394 2046 2443 quod
2073 2394 2259 2443 quaedam
2284 2401 2371 2432 sunt
2398 2407 2496 2444 quae

1434 2448 1535 2485 nullo
1564 2448 1673 2497 quasi
1693 2449 1790 2484 bono
1807 2448 1904 2495 fine,
1925 2453 1992 2484 aut
2008 2448 2106 2485 bona
2124 2446 2324 2494 voluntate,
2338 2455 2498 2496 possunt

1433 2503 1526 2538 bene
1542 2501 1646 2549 fieri.

1487 2555 1712 2591 RESPONDEO
1740 2564 1924 2590 morannum
1952 2552 2070 2601 quod,
2091 2551 2186 2589 sicut
2213 2552 2289 2589 iam
2307 2552 2328 2574 ’³‘
2351 2553 2493 2591 dictum

1435 2615 1505 2654 est,
1535 2607 1575 2643 in
1610 2614 1696 2643 actu
1725 2604 1899 2642 exteriori
1934 2611 2059 2653 potest
2095 2605 2325 2643 considerari
2357 2606 2497 2654 duplex

1434 2659 1583 2697 bonitas
1610 2659 1672 2696 vel
1701 2658 1856 2696 malitia:
1885 2670 1964 2695 una
1986 2657 2199 2695 secundum
2227 2657 2395 2696 debitam
2414 2670 2498 2695 ma-

1433 2713 1568 2750 teriam
1589 2720 1625 2748 et
1650 2710 1967 2756 circumstantias;
1998 2710 2070 2747 alia
2088 2710 2301 2748 secundum
2321 2710 2496 2749 ordinem

1434 2766 1483 2803 ad
1510 2766 1642 2802 finem.
1672 2765 1721 2801 Et
1748 2764 1808 2801 illa
1835 2764 1991 2812 quidem
2011 2776 2109 2812 quae
2130 2771 2185 2801 est
2204 2763 2415 2801 secundum
2436 2776 2496 2801 or—

1435 2819 1563 2856 dinem
1592 2817 1640 2854 ad
1668 2817 1799 2864 finem,
1819 2824 1898 2854 tota
1923 2816 2113 2865 dependet
2137 2828 2182 2853 ex
2202 2817 2410 2854 voluntate.
2433 2817 2498 2854 Illa

1435 2879 1563 2908 autern
1592 2882 1691 2920 quae
1729 2877 1783 2906 est
1817 2881 1862 2906 ex
1894 2869 2020 2907 debita
2056 2869 2215 2907 materia
2239 2869 2304 2906 -vel
2337 2869 2496 2906 circum-

1435 2923 1588 2971 stantiis,
1618 2923 1808 2972 dependet
1832 2934 1877 2959 ex
1896 2922 2058 2960 ratione:
2089 2929 2125 2959 et
2153 2934 2198 2959 ex
2215 2922 2288 2959 hac
2307 2922 2498 2971 dependet

1435 2977 1583 3015 bonitas
1597 2976 1814 3023 voluntatis,
1832 2975 2043 3013 secundum
2060 2975 2162 3024 quod
2177 2974 2215 3012 in
2230 2974 2353 3024 ipsam
2368 2976 2494 3014 fertur.

1489 3031 1556 3067 Est
1584 3037 1713 3066 autem
1743 3028 2064 3068 considerandum
2093 3028 2209 3076 quod,
2230 3027 2325 3065 sicut
2344 3040 2459 3077 supra
2476 3027 2496 3050 *

1437 3083 1579 3121 dictum
1608 3090 1674 3128 est,
1705 3082 1754 3119 ad
1780 3082 1855 3119 hoc
1883 3081 1987 3130 quod
2015 3079 2156 3130 aliquid
2180 3080 2226 3118 sit
2244 3081 2401 3128 malum,
2421 3081 2497 3122 suff

1435 3136 1514 3173 ficit
1531 3148 1631 3173 unus
1651 3134 1847 3183 singularis
1868 3133 2056 3171 defectus:
2082 3133 2130 3170 ad
2149 3134 2223 3170 hoc
2243 3141 2371 3170 autem
2390 3133 2495 3182 quod

1437 3190 1485 3234 sit,
1509 3188 1726 3237 simpliciter
1753 3188 1918 3234 bonum,
1948 3199 2026 3224 non
2058 3186 2196 3223 sufficit
2222 3198 2344 3223 unum
2371 3186 2495 3234 singu-

1437 3243 1513 3279 lare
1542 3242 1701 3288 bonum,
1723 3240 1790 3278 sed
1811 3239 2011 3288 requiritur
2029 3238 2220 3287 integritas
2238 3237 2425 3276 bonitatis.
2455 3237 2495 3275 Si

1437 3295 1548 3343 igitur
1575 3295 1751 3331 voluntas
1780 3293 1826 3330 sit
1853 3294 1955 3330 bona
1984 3300 2020 3329 et
2039 3305 2084 3329 ex
2104 3292 2252 3329 obiecto
2271 3290 2438 3341 proprio,
2460 3298 2495 3327 et

1439 3361 1483 3385 ex
1510 3348 1605 3394 fine,
1637 3358 1876 3395 consequens
1910 3353 1966 3382 est
1998 3353 2125 3382 actum
2160 3344 2380 3381 exteriorem
2413 3354 2494 3380 esse

1437 3402 1595 3438 bonum.
1627 3400 1704 3437 Sed
1731 3412 1810 3436 non
1837 3398 1974 3436 sufficit
2001 3399 2050 3436 ad
2077 3399 2152 3436 hoc
2178 3396 2285 3445 quod
2308 3403 2413 3432 actus
2433 3408 2494 3432 ex-

2533 313 2542 321 ”
2553 311 2614 332 Part.
2627 308 2644 336 1,
2656 315 2695 338 qu.
2706 316 2744 338 vir,

2532 341 2575 359 art.
2583 343 2603 365 3,
2613 336 2744 359 Commeat.

2531 370 2598 385 llum.
2613 370 2636 385 x-

2524 1848 2532 1856 ·
2549 1846 2682 1868 comment.
2702 1834 2705 1835 ⁷

2523 1878 2588 1894 num.
2602 1878 2638 1893 ιιι.

2524 1905 2533 1913 ·
2549 1903 2681 1925 comment.

2525 1936 2590 1951 num.
2599 1936 2621 1956 v,
2632 1935 2664 1951 vi.

2522 2405 2532 2415 ⁸
2547 2405 2605 2432 Cap.
2621 2411 2660 2427 vu.

2523 2565 2531 2573 ·
2545 2564 2597 2585 Ast.
2611 2563 2718 2591 praeced.

2520 3035 2532 3054 Ρ
2543 3035 2591 3063 Qu.
2601 3040 2647 3062 xxx,
2658 3038 2700 3056 art.
2709 3035 2732 3062 6,

2522 3061 2550 3084 nd
2565 3068 2581 3083 ι.
