2852 4152
91 393 163 421 'Cap.
174 399 198 415 11.
206 388 300 415 -S.Th.

89 420 141 442 lect.
156 426 205 441 vm.

90 525 101 536 *¹
115 524 186 547 Num.
201 531 224 547 11.

88 792 100 804 ⁴*
108 792 156 820 Qu.
166 799 218 820 xm,
227 796 269 815 art.
278 799 298 820 2,

89 819 119 840 ad
132 825 154 847 3.

82 1758 196 1786 *propter
200 1758 284 1786 ecl-¹5¹4
290 1773 297 1780 .

81 1849 93 1860 ⁴
122 1848 158 1870 Cf.
185 1848 293 1876 Ariston,

81 1874 183 1903 ἡγήσῃ
197 1875 238 1897 lib.
252 1875 293 1902 IV,

82 1907 294 1950 §iiil'h-xle'cgixxsrir:

79 2464 91 2476 ⁴
106 2464 132 2486 In
147 2471 209 2493 resp.
223 2465 251 2487 ad
265 2471 285 2494 3.

82 2733 91 2741 ·
97 2731 133 2752 De
140 2731 244 2754 Divinat.
247 2738 294 2760 per

81 2757 170 2785 Somn„
185 2764 235 2787 cap.
245 2765 270 2781 ιι.
281 2771 292 2775 -

82 2783 107 2806 S.
117 2784 162 2805 Th.
177 2785 228 2806 lect.
243 2791 259 2806 1.

82 2811 165 2833 *Ar-ist.
171 2811 292 2840 categor„

81 2842 132 2864 cap.
148 2843 181 2865 nt,
196 2844 219 2860 n.
234 2844 268 2861 22.

332 223 407 259 268

330 301 407 342 quid
431 301 538 332 sortita
561 309 607 333 est
625 313 723 343 quam
746 313 803 334 sua
826 305 945 344 puritas
962 316 994 336 se
1018 306 1170 337 extendit:
1195 314 1231 337 ut
1250 314 1335 346 patet
1354 307 1392 337 de

328 345 569 383 reminiscentia,
590 357 671 387 quae
689 354 735 378 est
758 355 845 379 actus
861 349 956 389 partis
981 350 1156 387 sensitivae,
1173 357 1208 381 ut
1232 351 1344 381 dicitur
1359 350 1392 380 in

328 389 409 420 libro
425 390 465 420 de
479 391 640 421 Memoria
656 397 687 422 et
701 392 946 423 Reminiscentia
962 393 988 429 *,
1006 401 1036 424 et
1059 401 1164 424 tamen
1186 394 1245 424 soli
1269 393 1392 424 hoinini

330 434 485 471 convenit,
502 442 632 475 propter
653 445 781 466 causam
796 436 860 466 iam
876 437 1000 468 dictam.
1019 455 1040 460 -
1055 438 1101 468 Ex
1125 438 1245 468 actibus
1261 447 1391 478 quoque

327 479 473 519 ipsorum
501 479 688 510 animalium
719 479 783 510 falli
806 490 978 520 possumus
1008 480 1108 512 facile.
1132 481 1230 518 Quia,
1253 491 1326 511 curn
1355 491 1391 512 ex

329 523 452 554 duabus
467 523 653 563 supradictis
667 523 684 543 *
695 524 818 564 possint
832 524 1002 564 procedere
1019 525 1130 561 causis,
1148 525 1173 554 si
1189 535 1252 554 una
1265 525 1391 555 illarum

329 566 532 598 determinate
551 567 710 604 inferatur,
728 568 786 598 erit
809 568 972 607 sophisma
998 568 1233 608 Consequentia.
1255 569 1322 599 Nec
1345 575 1391 599 est

327 611 543 642 voluntarium
567 618 621 642 aut
643 612 844 642 temerarium
859 611 1012 641 affirmare
1028 611 1206 651 appetitum
1222 612 1391 644 animalem

329 655 435 692 futuri,
453 662 484 686 et
506 655 647 685 dubitare
671 655 710 685 de
734 665 827 685 causa
852 655 928 691 eius,
946 665 985 685 an
1010 655 1050 686 sit
1073 655 1212 695 cognitio
1236 655 1334 688 futuri
1358 657 1390 687 in

328 705 494 740 appetente
518 699 664 735 existens,
687 709 726 729 an
750 699 782 729 in
806 699 915 729 datore
939 705 1077 730 naturae.
1103 699 1267 737 Quoniam
1290 701 1390 731 mani-

327 743 404 774 feste
427 743 572 773 videmus
591 743 624 773 in
647 742 835 773 animalibus
859 743 1018 783 quosdam
1041 749 1128 774 actus
1143 754 1180 774 ex
1203 745 1389 785 syllogismo

327 788 542 828 procedentes,
559 793 595 817 ut
609 794 694 827 patet
708 797 745 816 ex
761 786 945 826 supradictis
960 786 992 816 ᾖ*ι
1014 794 1045 818 et
1067 794 1174 818 tamen
1193 799 1321 820 causam
1337 799 1389 820 eo—

327 842 400 862 rum
422 841 488 861 non
505 831 638 861 dicimus
661 830 839 861 discursum
853 831 886 860 in
910 830 963 868 eis,
981 831 1036 861 sed
1053 831 1241 864 instinctum
1260 840 1389 864 naturae

327 876 365 906 ab
382 882 446 906 arte
462 874 566 905 divina
580 874 779 914 impressum,
798 874 940 906 ordinate
957 882 1156 913 moventem;
1181 877 1262 908 sicut
1282 878 1316 908 in
1332 878 1389 908 ho-

327 919 457 959 rologiis
481 918 552 949 artis
577 918 656 948 ordo
679 918 805 954 relucet,
824 925 854 949 et
877 918 1019 950 ordinate
1042 926 1143 951 sonat.

371 963 423 994 IV.
444 962 570 994 Sublata
594 971 668 1001 ergo
690 962 741 992 via
764 972 801 992 ex
825 962 1014 1003 experientia
1031 963 1064 994 in
1088 964 1191 1001 nobis,
1209 971 1239 995 et
1262 975 1298 996 ex
1315 966 1389 997 acti-

325 1008 384 1038 bus
409 1005 634 1046 posterioribus
650 1005 683 1036 in
706 1006 904 1043 animalibus,
926 1017 963 1038 ex
985 1007 1053 1047 ipsa
1069 1014 1180 1039 natura
1199 1009 1388 1049 cognitionis

325 1051 489 1082 sensitivae
518 1057 551 1081 et
578 1050 689 1086 futuri,
711 1050 966 1090 investigandum
994 1052 1057 1082 hoc
1083 1059 1187 1083 restat.
1211 1053 1387 1090 Futurum,

326 1105 399 1126 cum
423 1094 462 1125 sit
484 1094 637 1134 temporis
661 1093 842 1131 differentia,
865 1102 987 1127 constat
1010 1097 1099 1137 quod
1121 1097 1324 1137 perceptibile
1343 1105 1390 1129 est

325 1138 471 1170 sensitiva
495 1137 691 1178 cognitione,
716 1145 872 1179 quatenus
896 1147 1023 1180 tempus
1052 1147 1111 1171 est:
1136 1141 1291 1181 quoniam
1321 1152 1388 1172 me-

325 1183 425 1214 moria
447 1189 574 1222 tempus
598 1183 800 1225 praeteritum
825 1183 988 1223 cognoscit
1010 1184 1229 1221 determinate,
1252 1191 1288 1216 ut
1310 1185 1387 1223 heri,

324 1235 355 1258 et
377 1226 624 1263 indeterminate,
641 1233 676 1257 ut
699 1227 791 1263 olim;
811 1237 1029 1258 memoramur
1052 1228 1137 1258 enim
1156 1235 1187 1259 et
1209 1230 1298 1270 quod
1321 1229 1388 1260 heri

323 1272 471 1307 vidimus,
489 1277 519 1301 et
537 1271 626 1311 quod
642 1270 730 1307 olim,
748 1281 813 1302 non
833 1278 917 1302 certo
933 1272 1025 1302 nobis
1041 1272 1100 1309 die,
1117 1273 1298 1304 audivimus
1314 1273 1386 1305 hoc.

324 1316 416 1347 Unde
440 1315 465 1345 si
489 1314 632 1346 futurum
656 1315 850 1356 perceptioni
876 1326 987 1347 sensus
1010 1323 1181 1357 repugnat,
1207 1327 1244 1348 ex
1265 1318 1387 1350 ratione

323 1360 460 1400 propria,
477 1369 540 1400 qua
555 1359 700 1390 futurum
723 1365 778 1395 est,
796 1366 923 1399 oportet
937 1361 1025 1401 quod
1040 1360 1102 1391 hoc
1120 1360 1249 1392 habeat:
1274 1369 1305 1393 et
1320 1373 1387 1393 non

324 1403 500 1435 secundum
522 1403 556 1434 id
578 1403 611 1433 in
635 1413 701 1443 quo
726 1403 874 1434 convenit
902 1414 976 1435 cum
999 1404 1177 1445 praeterito.
1200 1405 1242 1437 Et
1265 1416 1301 1437 ex
1324 1406 1387 1438 hoc

323 1454 452 1488 apparet
480 1447 568 1488 quod
592 1446 753 1483 futurum,
783 1458 820 1478 ex
842 1448 904 1478 hoc
930 1449 1019 1489 quod
1042 1459 1108 1479 non
1137 1456 1184 1480 est
1205 1449 1239 1480 in
1262 1451 1384 1490 seipso,

323 1502 388 1523 non
412 1497 567 1531 repugnat
589 1491 784 1531 perceptioni
815 1492 995 1524 sensitivae:
1019 1492 1053 1523 in
1075 1493 1138 1523 hoc
1161 1493 1247 1524 enim
1271 1504 1386 1526 conve-

323 1536 370 1567 nit
389 1546 463 1567 cum
486 1535 664 1575 praeterito,
681 1543 831 1566 neutrum
856 1536 941 1566 enim
965 1543 1012 1568 est
1026 1537 1059 1567 in
1082 1537 1204 1577 seipso;
1227 1545 1258 1569 et
1279 1545 1385 1570 tamen

322 1580 403 1611 illud
426 1579 596 1621 percipitur
623 1581 843 1611 memorando.
867 1581 1038 1621 Proprium
1071 1588 1179 1612 autetn
1201 1582 1328 1622 futuro,
1350 1590 1386 1615 ut

323 1624 524 1665 distinguitur
556 1630 666 1654 contra
693 1624 897 1664 praeteritum
920 1632 951 1656 et
972 1635 1134 1666 praesens,
1159 1633 1206 1657 est
1228 1636 1295 1658 non
1319 1637 1386 1659 esse

322 1679 380 1700 nec
403 1668 509 1705 fuisse,
526 1677 562 1698 ac
586 1678 641 1708 per
663 1668 726 1699 hoc
749 1678 816 1699 non
834 1668 1004 1700 immutare
1027 1679 1085 1700 nec
1107 1669 1293 1702 immutasse
1317 1682 1386 1703 sen-

323 1723 405 1744 sum.
422 1713 463 1743 Et
478 1711 632 1753 quoniam
649 1722 714 1742 non
731 1712 819 1743 aliter
842 1713 1013 1753 percipitur
1035 1720 1162 1753 tempus
1179 1724 1196 1744 a
1212 1721 1300 1755 parte
1316 1726 1385 1746 sen-

322 1757 411 1788 sitiva
427 1756 487 1787 nisi
502 1766 558 1797 per
571 1756 589 1775 ‘¹‘
603 1756 871 1794 immutationem,
889 1757 961 1788 ideo
983 1757 1128 1788 futurum
1148 1766 1304 1799 repugnat
1316 1770 1386 1800 per-

323 1801 460 1842 ceptioni
483 1800 658 1831 sensitivae.
680 1800 766 1831 Cum
789 1801 875 1831 enim
898 1808 1025 1842 tempus
1048 1802 1088 1832 sit
1111 1812 1265 1834 numerus
1282 1810 1386 1835 motus

320 1845 494 1876 secundum
513 1845 608 1884 prius
631 1850 662 1876 et
678 1846 841 1885 posterius
855 1845 881 1882 *,
899 1855 965 1876 non
988 1845 1076 1876 aliter
1096 1846 1268 1887 percipitur
1290 1858 1383 1879 sensu

321 1896 458 1930 tempus,
475 1888 534 1919 nisi
558 1888 761 1928 percipiendo
786 1890 948 1930 quandam
972 1889 1152 1921 distantiam
1175 1891 1385 1922 successivam

321 1934 359 1964 ab
383 1933 436 1963 illa
451 1932 627 1963 mutatione
651 1942 753 1973 usque
771 1933 811 1963 ad
834 1933 937 1963 illam:
964 1940 995 1964 et
1017 1933 1070 1970 sic,
1088 1934 1219 1974 depictis
1242 1935 1275 1966 in
1295 1943 1384 1976 parte

321 1976 467 2008 sensitiva
491 1976 548 2007 hac
572 1983 603 2006 et
625 1976 677 2006 illa
700 1976 887 2014 mutatione,
904 1977 1076 2018 percipitur
1099 1984 1234 2018 tempuS.
1252 1979 1385 2020 Propter

320 2021 419 2062 quod,
436 2020 520 2051 illius
543 2026 668 2051 tantum
691 2021 844 2060 temporis
868 2021 1024 2061 praeteriti
1048 2021 1271 2059 meminimus,
1293 2024 1384 2055 cuius

320 2065 502 2096 immutatio
524 2064 631 2105 aliqua
653 2064 777 2104 depicta
799 2065 960 2096 retinetur.
987 2065 1079 2096 Unde
1103 2076 1177 2097 cum
1200 2066 1301 2098 futuri
1325 2068 1384 2099 im-

321 2109 513 2140 mutationes
529 2118 598 2139 non
619 2108 682 2140 sint
697 2109 729 2139 in
745 2109 850 2140 anima
866 2109 976 2150 pictae,
994 2110 1137 2150 quandiu
1157 2110 1304 2142 futurum
1329 2119 1384 2150 est,

321 2152 570 2194 imperceptibile
593 2153 651 2183 erit
682 2153 715 2183 in
738 2153 885 2184 sensitiva
915 2161 1003 2194 parte
1026 2154 1181 2192 futurum,
1207 2162 1243 2186 ut
1266 2155 1319 2188 sic.
1344 2157 1386 2189 Et

322 2204 487 2238 propterea
510 2196 544 2227 in
566 2196 667 2227 littera
690 2197 804 2227 dicitur
827 2198 916 2238 quod
938 2199 1029 2228 bruta
1053 2208 1120 2229 non
1143 2198 1322 2239 percipiunt
1338 2201 1385 2232 fu-

321 2249 400 2272 tura.
418 2241 480 2272 Sed
503 2250 584 2281 spes,
601 2247 632 2271 et
655 2240 798 2271 similiter
820 2242 924 2279 timor,
942 2249 973 2273 et
987 2242 1203 2273 universaliter
1225 2244 1385 2284 quaelibet

321 2286 427 2326 passio
442 2284 613 2321 irascibilis,
628 2285 662 2315 in
681 2285 724 2315 eis
741 2291 787 2315 est
810 2293 918 2317 motus
934 2286 1078 2317 animalis
1097 2287 1255 2327 appetitus
1274 2297 1384 2320 secun-

321 2330 401 2360 dum
424 2328 642 2365 substantiam,
665 2329 741 2370 quia
764 2336 810 2360 est
833 2337 920 2361 actus
944 2331 1102 2361 secundus
1126 2331 1248 2362 elicitus
1272 2342 1309 2362 ex
1332 2343 1384 2363 co-

320 2373 479 2413 gnitione,
502 2383 558 2403 seu
582 2372 706 2403 obiecto
732 2373 870 2413 cognito,
896 2375 934 2405 ab
958 2380 1125 2415 appetente
1148 2382 1307 2406 causatus:
1330 2378 1385 2408 sed

321 2424 367 2448 est
391 2417 539 2448 naturalis
563 2417 739 2447 secundum
763 2417 851 2458 quid,
877 2428 936 2458 pro
959 2425 1079 2459 quanto
1103 2426 1214 2450 natura
1238 2420 1383 2460 supplet,

320 2471 387 2492 non
403 2461 563 2492 obiectum
580 2461 743 2501 cognitum
755 2460 854 2504 (quia,
866 2469 902 2493 ut
916 2462 948 2493 in
964 2462 1066 2493 littera
1078 2463 1192 2494 dicitur
1203 2463 1229 2500 *,
1244 2474 1280 2494 ex
1294 2475 1383 2504 prae-

320 2505 400 2537 senti
423 2505 551 2546 cognito
575 2503 725 2548 sperant),
742 2506 796 2536 sed
811 2506 1037 2546 proprietatem
1052 2506 1136 2537 eius:
1161 2507 1236 2549 quia
1257 2516 1386 2548 sperant

319 2550 474 2586 futurum,
492 2556 523 2580 et
545 2559 611 2580 non
635 2559 672 2580 ex
695 2549 804 2580 futuro
829 2550 867 2580 ab
892 2550 934 2581 eis
959 2550 1087 2590 cognito
1111 2558 1295 2584 moventur.

375 2594 413 2626 V.
431 2593 517 2625 Scito
540 2599 647 2624 tamen
664 2604 738 2624 cum
757 2594 806 2624 his
829 2595 928 2635 quod,
945 2594 1026 2626 sicut
1041 2605 1156 2635 magna
1180 2603 1227 2627 est
1243 2595 1385 2627 differen-

320 2638 363 2669 tia
378 2638 412 2668 in
435 2638 579 2675 dicendo,
595 2638 622 2668 A
640 2643 687 2669 est
700 2637 868 2680 futurum,
884 2645 917 2677 ,et
933 2638 1077 2676 dicendo,
1091 2640 1120 2669 A
1139 2641 1210 2679 erit,
1228 2640 1383 2681 quoniam

321 2692 396 2712 cum
424 2682 553 2713 veritate
576 2682 697 2722 primae
729 2689 789 2713 stat
812 2682 929 2713 falsitas
959 2683 1131 2720 secundae,
1156 2690 1192 2714 ut
1215 2684 1329 2715 dicitur
1351 2684 1384 2715 in

320 2726 360 2757 de
375 2726 491 2757 Somno
508 2731 538 2757 et
559 2726 676 2767 Vigilia
691 2726 723 2763 *;
749 2726 791 2757 ita
806 2726 839 2757 in
862 2727 1004 2764 essendo,
1021 2727 1176 2768 quoniam
1191 2728 1232 2758 ab
1247 2738 1283 2759 eo
1299 2729 1384 2770 quod

321 2780 373 2801 res
388 2776 435 2802 est
450 2771 500 2802 vel
514 2780 576 2801 non
593 2776 649 2808 est,
666 2772 770 2802 oratio
785 2771 903 2802 dicitur
919 2781 996 2802 vera
1012 2772 1063 2802 vel
1074 2771 1171 2812 falsa
1186 2771 1219 2808 *;
1244 2778 1275 2803 et
1297 2772 1385 2803 simi-

319 2815 389 2845 liter
410 2815 443 2845 in
467 2815 748 2855 repraesentando,
774 2815 977 2846 immutando
1002 2822 1032 2846 et
1061 2816 1294 2856 cognoscendo.
1319 2816 1385 2847 Pri-

320 2869 412 2889 mum
435 2858 520 2890 enim
543 2859 584 2889 ad
606 2859 638 2889 id
661 2860 750 2900 quod
773 2859 807 2890 in
829 2859 985 2900 praesenti
1008 2860 1048 2890 de
1075 2860 1183 2890 futuro
1206 2860 1383 2900 praevenit,

319 2902 401 2934 idest
424 2913 532 2934 causas
555 2902 663 2940 futuri,
680 2909 815 2944 spectat:
835 2904 1013 2934 secundum
1036 2904 1076 2934 ad
1099 2904 1206 2944 ipsum
1230 2904 1319 2945 quod
1335 2904 1383 2935 fu-

320 2954 428 2978 turum
452 2954 507 2978 est.
537 2947 622 2978 Cum
647 2947 732 2978 enim
756 2947 891 2978 dicimus
917 2948 1065 2988 pluviam
1082 2948 1250 2989 futuram,
1275 2958 1384 2979 causas

320 2991 446 3031 pluviae
469 2991 682 3031 significamus
701 2992 817 3028 adesse,
834 2999 1033 3032 praeparatas
1057 2993 1095 3022 ad
1119 2999 1205 3022 eam:
1231 3002 1305 3023 cum
1330 3002 1384 3022 au-

319 3041 386 3065 tem
408 3035 551 3072 dicimus,
564 3036 677 3076 pluvia
697 3037 767 3075 erit,
785 3036 887 3076 ipsam
903 3036 1046 3076 pluviam
1061 3037 1246 3077 ponendam
1268 3036 1301 3066 in
1318 3046 1384 3067 esse

322 3079 466 3110 dicimus.
490 3079 553 3111 Ubi
576 3079 741 3111 manifeste
763 3080 864 3122 liquet
887 3081 985 3121 quod,
1006 3080 1032 3111 si
1056 3090 1168 3111 causae
1190 3080 1263 3111 illae
1284 3080 1384 3122 impe-

1023 227 1288 274 QUAESTIO
1317 230 1403 276 XL,
1433 230 1728 266 ARTICULUS
1758 231 1807 266 III

1448 307 1594 343 diuntur‚
1617 307 1795 337 secundum
1818 307 1938 338 dictum
1969 319 2035 339 non
2058 309 2119 341 fuit
2141 321 2270 348 verum,
2293 312 2347 342 sed
2371 311 2512 353 primum

1447 357 1581 382 tantum.
1599 352 1640 382 Et
1663 358 1893 391 consequenter
1908 352 1995 382 aliud
2017 360 2048 384 et
2071 354 2157 384 aliud
2178 365 2244 385 esse
2268 355 2510 396 significabatur,

1447 401 1483 424 ut
1507 395 1627 425 dictum
1651 401 1705 425 est.
1725 395 1809 432 Quia
1827 395 1922 435 igitur
1944 396 2030 427 aliud
2054 405 2100 428 est
2119 408 2213 429 nosse
2236 400 2324 439 quod
2347 402 2376 430 A
2400 407 2446 430 est
2464 400 2512 430 fu—

1447 444 1565 475 turum,
1583 445 1613 469 et
1627 438 1712 469 aliud
1728 440 1816 478 quod
1835 442 1865 470 A
1881 440 1952 476 erit;
1977 447 2007 472 et
2030 441 2177 473 differunt
2190 453 2286 482 penes
2304 443 2511 474 differentiam

1446 482 1618 521 praesentis
1643 488 1673 512 et
1696 482 1803 519 futuri,
1819 483 1895 523 quia
1918 483 1996 514 dum
2018 486 2220 525 cognoscitur
2235 488 2324 527 quod
2347 489 2376 517 A
2400 494 2446 518 est
2461 487 2510 518 fu-

1446 532 1564 563 turum,
1581 525 1783 565 cognoscitur
1798 537 1945 567 praesens
1960 530 2156 569 praeparatio
2173 530 2280 567 futuri,
2297 531 2375 561 dum
2391 541 2509 571 cogno-

1446 569 1543 599 scitur
1564 579 1639 600 vero
1664 570 1752 610 quod
1775 572 1805 600 A
1828 571 1899 608 erit,
1923 573 2125 612 cognoscitur
2156 574 2263 614 ipsum
2292 574 2454 611 futurum
2480 581 2511 605 et

1446 613 1610 644 sensitivae
1634 613 1808 654 cognitioni
1827 624 1894 646 non
1917 625 2073 656 praesens,
2091 618 2146 648 sed
2169 617 2315 649 futurum
2337 625 2508 659 repugnat:

1446 667 1643 698 consequens
1667 664 1713 689 est
1737 658 1835 698 quod,
1859 658 1932 690 licet
1954 659 2101 692 sensitiva
2123 671 2195 702 pars
2225 672 2291 692 non
2314 660 2418 702 possit
2439 671 2508 703 per-

1446 700 1548 741 cipere
1571 701 1660 742 quod
1692 711 1790 743 quam
1818 702 1909 733 timet
1931 704 2093 743 percussio
2123 706 2333 743 comminata,
2358 705 2432 745 erit,
2454 713 2510 737 aut

1445 746 1534 786 quod
1558 745 1662 786 captio
1692 746 1826 786 praedae
1855 753 1979 787 sperata
2001 747 2071 784 erit;
2093 751 2160 780 nnn
2187 750 2374 790 prohibetur
2401 757 2509 782 tamen

1445 789 1605 830 percipere
1628 790 1718 831 quod
1740 790 1847 821 futura
1870 797 1925 822 est.
1943 790 2031 822 Sicut
2053 791 2138 823 enim
2161 794 2229 824 ovis
2249 794 2359 825 videns
2380 793 2507 835 lupum,

1445 843 1482 863 ex
1505 833 1635 864 sensatis
1655 834 1818 874 speciebus
1843 834 1927 865 elicit
1947 841 1978 865 et
2000 835 2134 876 percipit
2150 836 2332 875 inimicum;
2357 838 2401 869 ita
2423 838 2508 869 canis

1443 877 1554 908 videns
1584 878 1727 918 leporem
1757 877 1802 909 sic
1825 878 2011 915 distantem,
2035 878 2118 910 elicit
2147 887 2178 912 et
2199 881 2331 922 percipit
2357 882 2508 923 praedam

1444 921 1593 953 futuram.
1609 922 1697 953 Nihil
1718 921 1811 953 video
1834 922 1910 953 huic
1933 923 2065 954 obstare.
2085 922 2243 956 Futuritio
2263 925 2357 963 enim,
2375 925 2455 967 sicut
2478 933 2509 958 et

1444 966 1632 1005 praeteritio,
1656 966 1738 997 inter
1760 966 1952 997 intentiones
1976 966 2092 997 elicitas
2117 977 2153 998 ex
2183 968 2346 1008 speciebus
2377 970 2507 1001 sensatis

1444 1011 1640 1040 numeranda
1657 1010 1795 1041 videtur:
1812 1017 1942 1051 propter
1957 1011 2046 1051 quod
2069 1021 2135 1041 non
2155 1019 2202 1042 est
2216 1018 2300 1043 extra
2317 1023 2418 1054 genus
2436 1024 2506 1055 per-

1444 1053 1640 1093 ceptibilium
1664 1064 1769 1085 sensu.
1785 1055 1827 1085 Et
1842 1061 1888 1085 est
1909 1063 2071 1095 praesens:
2089 1062 2219 1096 propter
2234 1057 2323 1097 quod
2337 1057 2506 1090 immutare

1443 1104 1548 1137 potest
1571 1098 1752 1129 sensitivam
1767 1105 1899 1139 partem.
1916 1099 1959 1130 Et
1980 1099 2055 1130 latet
2071 1100 2129 1130 sub
2145 1100 2309 1140 speciebus
2327 1102 2458 1133 sensatis
2473 1102 2507 1133 in

1443 1148 1587 1181 respectu
1611 1142 1650 1172 ad
1673 1142 1746 1173 talia
1776 1142 1942 1173 animalia:
1972 1143 2053 1174 sicut
2075 1143 2161 1174 enim
2184 1143 2347 1176 inimicitia
2370 1145 2508 1180 defertur

1444 1196 1519 1216 cum
1541 1186 1706 1226 speciebus
1729 1186 1859 1217 sensatis
1883 1197 1920 1217 ex
1938 1187 2017 1227 lupo
2041 1188 2080 1217 ab
2105 1197 2181 1224 ove,
2207 1194 2238 1219 et
2259 1198 2325 1219 non
2351 1199 2425 1220 cum
2448 1189 2507 1220 eis-

1443 1229 1518 1260 dem
1540 1230 1670 1261 sensatis
1703 1231 1741 1261 ab
1765 1230 1828 1261 alio
1858 1231 1955 1271 lupo;
1979 1231 2029 1262 ita¹
2044 1231 2178 1263 intentio
2209 1232 2333 1263 futurae
2363 1232 2507 1273 pluviae,

1443 1274 1586 1314 praedae,
1602 1274 1760 1311 laesionis,
1780 1275 1945 1312 vindictae,
1961 1282 2030 1312 etc„
2055 1275 2193 1307 defertur
2214 1276 2404 1307 animalibus
2425 1276 2506 1315 istis,

1443 1325 1473 1349 et
1495 1328 1562 1349 non
1585 1318 1663 1350 aliis.

1495 1362 1564 1393 Nisi
1587 1362 1668 1393 forte
1692 1363 1764 1404 quis
1787 1363 1870 1394 dicat
1895 1363 2003 1404 quod,
2027 1363 2103 1405 quia
2125 1363 2260 1395 intentio
2293 1364 2392 1395 futuri
2414 1364 2508 1396 refert

1440 1416 1508 1437 non
1524 1415 1594 1437 ens:
1620 1405 1694 1438 dicit
1710 1407 1796 1437 enim
1818 1407 2037 1438 habitudinem
2051 1408 2298 1448 praeparationis
2312 1409 2352 1439 ad
2368 1408 2400 1439 id
2416 1409 2505 1449 quod

1441 1450 1587 1481 futurum
1610 1457 1666 1487 est,
1682 1451 1772 1492 quod
1796 1457 1919 1482 constat
1937 1461 2003 1482 non
2026 1460 2109 1482 esse:
2126 1469 2148 1475 -
2164 1458 2195 1482 et
2218 1452 2278 1482 nisi
2297 1459 2507 1492 cognoscatur

1440 1494 1636 1535 praeparatio
1652 1495 1706 1525 illa
1728 1501 1766 1526 ut
1787 1495 1841 1535 sic,
1858 1505 1924 1526 non
1947 1495 2119 1536 percipitur
2133 1495 2267 1527 intentio
2283 1496 2390 1528 futuri.
2406 1514 2428 1521 -
2444 1496 2506 1528 Sed

1439 1539 1502 1569 hoc
1524 1549 1591 1569 non
1607 1539 1731 1570 obstare
1745 1539 1878 1570 videtur.
1895 1540 1980 1577 Quia
1996 1539 2078 1570 sicut
2100 1540 2248 1570 animalia
2263 1550 2329 1571 non
2351 1547 2507 1581 negantur

1440 1583 1599 1623 percipere
1615 1583 1766 1623 possibile
1786 1584 1836 1614 vel
1854 1584 2061 1624 impossibile,
2078 1591 2115 1615 ut
2137 1591 2212 1615 sunt
2234 1584 2424 1615 differentiae
2447 1595 2506 1625 po-

1440 1627 1620 1663 tentiarum,
1633 1634 1669 1658 ut
1683 1627 1717 1658 in
1731 1627 1833 1658 littera
1848 1628 1970 1665 dicitur,
1983 1628 2017 1658 in
2032 1628 2239 1668 responsione
2255 1629 2295 1659 ad
2310 1629 2504 1666 secundum

1439 1671 1483 1702 ita
1498 1681 1556 1702 nec
1571 1671 1757 1702 huiusmodi
1773 1671 1964 1703 intentiones
1981 1671 2174 1703 futurorum.
2191 1672 2290 1709 Quod
2312 1679 2420 1704 autem
2438 1672 2504 1703 ani-

1440 1715 1536 1746 malia
1559 1722 1752 1756 cognoscant
1775 1715 1926 1756 possibile
1949 1716 1994 1746 eis
2013 1716 2064 1746 vel
2086 1715 2301 1756 impossibile,
2325 1726 2362 1747 ex
2386 1726 2425 1747 eo
2449 1727 2467 1747 a
2491 1734 2504 1740 -

1439 1766 1528 1799 paret
1549 1760 1638 1800 quod
1662 1759 1746 1790 canis
1770 1766 1878 1790 motus
1902 1760 1942 1790 ad
1966 1759 2152 1800 capiendam
2173 1760 2369 1791 coturnicem
2390 1760 2424 1791 in
2447 1727 2503 1792 ali—

1439 1809 1559 1844 quanta
1587 1804 1751 1840 distantia,
1785 1804 1920 1834 eandem
1952 1804 2149 1835 coturnicem
2176 1804 2277 1844 magis
2301 1804 2360 1836 sibi
2388 1814 2504 1845 appro-

1438 1847 1649 1888 pinquantem
1665 1858 1760 1888 super
1783 1848 1929 1879 arborem
1943 1858 1976 1879 se
1997 1848 2158 1879 locantem
2173 1848 2314 1886 miratur,
2331 1855 2362 1880 et
2385 1848 2505 1881 desistit

1438 1901 1457 1921 a
1475 1899 1578 1928 motu,
1599 1899 1751 1933 appetens
1764 1891 1862 1923 illam.
1879 1892 1967 1923 Haec
1989 1892 2074 1924 enim
2091 1892 2252 1924 diversitas
2274 1902 2342 1924 non
2365 1902 2402 1924 ex
2414 1899 2504 1934 parte

1439 1935 1607 1975 appetitus,
1625 1936 1679 1966 sed
1694 1935 1894 1976 cognitionis,
1918 1936 2077 1977 provenit:
2102 1944 2267 1977 permanet
2289 1936 2448 1978 siquidem
2469 1937 2504 1968 in

1439 1979 1591 2019 appetitu,
1612 1980 1667 2010 sed
1690 1980 1898 2020 apprehendit
1926 1980 2159 2022 impossibilem
2181 1980 2240 2011 sibi
2262 1981 2503 2021 perventionem

1439 2032 1541 2063 usque
1564 2023 1604 2054 ad
1626 2023 1715 2054 illam
1736 2024 1809 2060 illic,
1829 2034 1928 2065 quam
1950 2024 2038 2064 prius
2061 2024 2135 2054 alibi
2158 2025 2414 2065 apprehendebat
2427 2034 2504 2065 pos-

1438 2067 1572 2098 sibilem.
1587 2068 1746 2099 Neutrum
1769 2074 1876 2099 tamen
1899 2068 2062 2108 cognoscit
2084 2068 2300 2110 comparando
2327 2069 2504 2110 potentiam

1439 2111 1479 2141 ad
1502 2118 1618 2148 actum,
1643 2118 1698 2143 aut
1719 2122 1867 2152 praesens
1891 2112 2018 2149 futuro,
2048 2119 2103 2143 aut
2124 2112 2157 2143 id
2180 2113 2270 2154 quod
2292 2119 2340 2144 est
2361 2112 2391 2144 ei
2413 2113 2504 2154 quod

1439 2155 1506 2192 erit,
1530 2156 1574 2187 sic
1597 2155 1683 2187 enim
1706 2166 1897 2196 cognoscere
1919 2156 2050 2187 rationis
2073 2156 2241 2198 proprium
2265 2163 2326 2188 est:
2351 2157 2407 2188 sed
2429 2156 2503 2189 sim-

1438 2199 1513 2240 plici
1543 2200 1794 2240 praesentatione
1822 2200 1918 2231 simul
1941 2200 2070 2231 offertur
2095 2207 2132 2231 ut
2154 2201 2319 2242 quoddam
2346 2200 2502 2239 factibile,

1439 2249 1494 2274 aut
1508 2244 1673 2284 quoddam
1687 2244 1868 2281 imminens,
1885 2245 1928 2276 ita
1943 2245 2032 2286 quod
2049 2244 2146 2275 simul
2168 2252 2306 2276 extrema
2319 2245 2411 2286 quasi
2426 2255 2503 2276 con-

1438 2287 1617 2319 funduntur
1640 2288 1755 2319 oblata.
1777 2289 1956 2319 Intellectus
1980 2289 2067 2319 enirn
2089 2295 2182 2320 natus
2196 2295 2243 2320 est
2265 2289 2402 2320 adunata
2425 2289 2502 2320 divi-

1439 2332 1526 2368 dere,
1551 2338 1582 2362 et
1605 2342 1622 2362 e
1646 2338 1769 2368 contra,
1793 2332 1946 2372 perfecte:
1974 2332 2022 2363 vis
2050 2339 2158 2364 autem
2185 2333 2332 2364 sensitiva
2358 2333 2501 2370 interior,

1438 2375 1524 2406 rivus
1554 2375 1687 2416 quidam
1714 2375 1831 2406 nobilis
1854 2376 2044 2413 intellectus,
2069 2383 2142 2408 nata
2166 2383 2212 2407 est
2235 2376 2329 2407 etiam
2357 2377 2502 2408 distincta

1439 2419 1530 2460 quasi
1553 2419 1658 2456 unire,
1683 2419 1818 2460 simplici
1842 2426 1947 2450 tamen
1978 2419 2223 2451 indistinctione.
2252 2420 2384 2461 Propter
2410 2421 2501 2461 quod

1442 2463 1588 2493 animalia
1616 2473 1683 2493 non
1715 2463 1894 2505 percipiunt
1930 2473 2024 2494 sensu
2054 2463 2160 2495 futura
2187 2473 2291 2505 neque
2320 2464 2500 2505 possibilia,

1439 2507 1499 2537 nisi
1521 2517 1604 2547 quae
1618 2507 1787 2538 imminent
1807 2516 1910 2539 nunc:
1935 2507 2026 2549 quasi
2041 2508 2202 2548 perceptio
2217 2518 2330 2539 eorum
2353 2518 2420 2540 non
2435 2515 2502 2540 tam

1439 2561 1472 2582 se
1494 2551 1640 2582 extendat
1662 2551 1702 2582 ad
1725 2551 1880 2588 futurum,
1896 2562 1996 2593 quarn
2019 2552 2058 2582 ad
2074 2552 2238 2593 quoddam
2253 2562 2400 2592 praesens
2423 2562 2501 2583 con-

1438 2595 1562 2626 fusum:
1583 2594 1679 2625 simili
1702 2595 1801 2626 modo
1825 2605 1892 2637 quo
1916 2595 2002 2636 apud
2024 2595 2248 2636 grammaticos
2267 2602 2394 2636 tempus
2412 2606 2501 2637 prae-

1438 2649 1509 2670 sens
1533 2638 1672 2679 ponitur.

1493 2683 1547 2714 VI.
1563 2683 1605 2714 Et
1627 2682 1670 2714 sic
1693 2682 1790 2714 simul
1808 2683 1945 2715 salvatur
1966 2683 2078 2720 littera,
2094 2683 2184 2724 quod
2200 2683 2347 2714 animalia
2366 2693 2432 2714 non
2449 2693 2502 2715 co-

1438 2733 1596 2768 gnoscunt
1611 2726 1731 2758 futura:
1752 2723 1827 2768 quia
1848 2737 1915 2758 non
1930 2727 2173 2768 apprehendunt
2186 2725 2254 2768 ipsa
2271 2734 2306 2759 ut
2320 2727 2395 2768 quia
2411 2734 2503 2760 erunt

1438 2777 1494 2802 aut
1507 2781 1573 2802 non
1590 2777 1690 2808 erunt,
1707 2772 1797 2813 quod
1813 2778 1860 2803 est
1882 2771 2010 2812 proprie
2024 2781 2214 2812 cognoscere
2233 2771 2354 2808 futura;
2377 2778 2408 2803 et
2426 2771 2503 2814 quia

1438 2815 1534 2846 etiam
1557 2815 1625 2856 ipsa
1644 2825 1711 2846 esse
1734 2815 1841 2846 futura
1855 2826 1921 2846 non
1944 2815 2186 2856 apprehendunt
2208 2815 2269 2846 nisi
2291 2815 2502 2856 imminentia,

1439 2859 1529 2901 quod
1556 2867 1602 2891 est
1632 2859 1866 2900 apprehendere
1896 2859 2106 2891 intentionem
2139 2859 2238 2891 futuri
2268 2861 2327 2892 sub
2353 2859 2501 2902 >quodam

1438 2903 1594 2944 praesenti
1621 2903 1766 2935 confuso.
1791 2904 1832 2934 Et
1855 2904 2027 2935 sustinetur
2049 2903 2138 2946 quod
2161 2904 2308 2936 animalia
2331 2911 2502 2935 moventur

1438 2948 1476 2978 ab
1501 2947 1626 2979 obiecto
1656 2947 1802 2988 proprio,
1825 2948 1942 2979 scilicet
1965 2947 2072 2979 futuro
2096 2948 2304 2989 apprehenso,
2329 2949 2370 2979 ad
2391 2948 2501 2979 timen-

1438 2992 1527 3028 dum,
1543 2993 1746 3032 sperandum,
1762 2991 1998 3029 vindicandum,
2017 2998 2091 3024 etc.:
2107 2992 2340 3033 apprehendere
2357 2992 2442 3023 enim
2457 2990 2502 3023 sic

1437 3036 1648 3067 intentionem
1671 3035 1778 3073 futuri,
1796 3035 1911 3067 sufficit
1933 3036 1974 3066 ad
1997 3035 2083 3067 haec.
2098 3053 2120 3060 --
2137 3036 2236 3074 Quod
2257 3036 2281 3067 si
2307 3036 2402 3068 alicui
2425 3036 2503 3067 haec

1438 3090 1505 3110 non
1528 3080 1648 3111 faciunt
1671 3081 1754 3118 satis,
1771 3080 1896 3111 meliori
1918 3079 2071 3111 innitatur
2092 3080 2215 3112 rationi.
