2852 4152
97 792 159 841 ζωῦὲ.
166 798 205 820 qu.
215 797 262 820 xm
271 792 311 814 111

102 1417 113 1427 ·
126 1415 207 1438 Tract.
219 1415 259 1438 IX.

101 1521 113 1531 ·
131 1518 190 1549 unp.
203 1507 270 1547 4311.
285 1525 314 1548 13.

102 1830 357 1860 ‘Qun-marn,

1018 277 1283 324 QUAESTIO
1313 277 1450 322 XLIII,
1479 275 1774 313 ARTICULUS
1806 277 1817 311 I

2432 277 2500 312 281

715 457 1125 532 QUAESTIO
1167 454 2128 534 QUADRAGESIMATERTIA

1048 577 1141 616 DE
1186 575 1433 617 CAUSA
1476 575 1793 616 TIMORIS

1160 691 1193 716 IN
1222 691 1316 716 DUOS
1343 691 1543 716 ARTICULOS
1572 686 1687 716 D1V1SA

419 790 528 818 ammi
557 780 876 819 considerandum
906 791 962 820 est
989 783 1036 820 de
1062 796 1175 821 causa
1200 784 1343 821 timoris
1362 785 1393 820 ¹⁸.

421 833 470 870 Et
499 832 597 870 circa
625 834 700 870 hoc
728 843 961 883 quaeruntur
989 836 1078 873 duo.

1503 783 1654 820 Primo:
1683 791 1809 821 utrum
1839 796 1952 821 causa
1980 783 2125 821 timoris
2154 783 2199 821 sit
2227 796 2348 821 amor.

1505 835 1703 874 Secundo:
1732 843 1860 874 utrum
1890 849 2003 874 causa
2030 836 2174 874 timoris
2203 837 2248 874 sit
2276 837 2453 875 defectus.

1153 936 1466 978 ARTICULUS
1497 937 1701 978 PRIMUS

1045 1029 1200 1059 UTRUM
1224 1028 1364 1060 CAUSA
1387 1029 1564 1060 T1MOR1s
1586 1029 1654 1059 SIT
1676 1029 1801 1060 AMOR

1294 1106 1324 1131 In
1343 1107 1440 1131 Psalm.
1459 1106 1564 1132 XVIII.

429 1217 432 1223 .
457 1216 528 1250 „4
553 1205 575 1230 n
595 1205 732 1231 ramum
760 1206 813 1231 sm
831 1205 1078 1231 PRocEme.
1108 1193 1268 1231 Videtur
1295 1195 1400 1254 quod

491 1256 523 1306 4
553 1258 663 1284 amor
689 1259 768 1283 non
795 1246 843 1283 sit
861 1259 974 1283 causa
993 1246 1149 1283 timoris.
1181 1247 1277 1284 Illud
1297 1247 1399 1285 enim

360 1284 521 1345 ,5122
553 1299 658 1347 quod
686 1299 890 1336 introducit
916 1299 1068 1347 aliquid,
1098 1306 1153 1336 est
1172 1311 1286 1336 eausa
1306 1300 1398 1337 eius.

362 1346 370 1353 ”
398 1329 495 1383 <³51³
511 1345 543 1387 Χ
554 1351 631 1389 Sed
658 1352 772 1388 timor
799 1351 1000 1388 introducit
1024 1363 1194 1388 amorem
1219 1353 1398 1399 caritatis,

340 1413 383 1443 ut
385 1403 629 1456 Augustinm
643 1402 744 1450 dicit,
759 1415 873 1451 super
891 1403 1122 1440 canonicam
1137 1405 1245 1440 Ioan.
1261 1404 1281 1426 *
1297 1405 1399 1453 Ergo

341 1456 456 1495 timor
484 1463 540 1493 est
568 1467 682 1493 causa
701 1455 854 1502 amoris,
876 1462 912 1491 et
939 1467 1018 1501 non
1046 1468 1066 1492 e
1091 1467 1291 1493 converso.

395 1521 430 1547 2.
446 1504 680 1555 PRAEI‘EREA,
693 1507 950 1557 Philosophus
966 1498 1083 1555 dicit,'
1075 1519 1115 1544 m
1131 1509 1162 1544 11
1174 1508 1398 1556 Rhetoric.*,

341 1562 450 1623 quod
476 1561 530 1598 illi
553 1561 723 1598 ma'xime
751 1561 937 1606 timentur,
958 1572 982 1597 a
1001 1561 1134 1609 quibus
1161 1567 1401 1609 expectamus

341 1615 538 1652 imminere
565 1614 681 1654 noba
697 1614 824 1662 aliqua
851 1613 966 1651 mala.
998 1613 1075 1651 Sed
1102 1625 1171 1663 per
1193 1614 1268 1651 hoc
1297 1614 1402 1663 quod

342 1668 391 1705 ab
410 1667 539 1727 aliquo
564 1674 808 1726 expectamus
825 1667 983 1713 malum,
1003 1665 1124 1714 magis
1142 1678 1402 1715 provocamur

341 1720 392 1758 ad
424 1716 556 1758 odium
583 1719 670 1756 eius
707 1731 824 1768 quam
857 1720 905 1757 ad
938 1731 1122 1757 amorem.
1157 1719 1260 1768 Ergo
1288 1720 1404 1757 timor

342 1773 465 1822 magis,
492 1775 668 1810 causatur
695 1773 744 1810 ab
773 1772 863 1809 odio
891 1785 1009 1822 quam
1037 1773 1085 1809 ab
1115 1784 1258 1810 amore.

384 1827 432 1863 ·3.
465 1826 708 1872 Pam-mm,
747 1837 862 1874 supra
891 1825 912 1847 ³²
944 1825 1086 1863 dictum
1124 1833 1180 1862 est
1219 1824 1324 1875 quod
1358 1837 1402 1862 ea

342 1880 442 1928 qu‘ae
475 1886 564 1916 sunt
590 1890 613 1915 a
640 1878 752 1916 nobis
789 1878 899 1927 ipsis,
932 1890 1011 1916 non
1043 1879 1185 1916 habent
1218 1879 1404 1916 rationem

340 1931 576 1969 terribilium.
599 1931 678 1969 Sed
706 1942 751 1968 ea
770 1943 868 1980 quae
897 1938 984 1968 sunt
1009 1943 1054 1968 ex
1073 1943 1216 1979 amore,
1238 1932 1403 1970 maxime

341 1985 575 2033 proveniunt
590 1996 635 2021 ex
649 1984 783 2022 intimo
800 1984 937 2021 cordis.
958 1985 1061 2032 Ergo
1080 1984 1196 2021 timor
1211 1997 1256 2022 ex
1271 1996 1403 2022 amore

344 2049 424 2074 non
453 2045 640 2074 causatur.

398 2090 472 2127 SED
493 2101 638 2127 CONTRA
657 2101 722 2126 EST
750 2091 854 2138 quod
872 2089 1105 2138 Augustinus
1126 2089 1225 2137 dicit,
1245 2090 1283 2126 in
1307 2090 1402 2127 libro

349 2142 547 2192 Octoginta
566 2142 679 2180 trium
707 2142 855 2184 Quaest.
876 2142 914 2179 ²¹⁸:
942 2142 1053 2180 Nulli
1074 2143 1227 2179 dubium
1252 2149 1306 2179 est
1329 2155 1402 2180 non

344 2195 460 2232 aliam
481 2207 559 2232 esse
576 2196 766 2232 metuendi
782 2207 949 2241 causam,
970 2196 1042 2232 nisi
1059 2208 1106 2232 ne
1125 2196 1164 2232 id
1180 2197 1281 2244 quod
1298 2208 1404 2233 ama-

343 2260 439 2294 mus,
469 2254 536 2285 aut
561 2248 736 2296 adeptum
764 2249 996 2294 amittamus,
1026 2254 1094 2285 aut
1119 2260 1193 2285 non
1222 2249 1404 2297 adipisca-

345 2313 434 2338 mur
450 2306 652 2348 speratum.
675 2300 813 2338 Omnis
834 2313 923 2348 ergo
943 2301 1057 2338 timor
1071 2308 1247 2338 causatur
1267 2313 1312 2337 ex
1330 2302 1404 2338 hoc

344 2354 450 2402 quod
478 2353 620 2401 aliquid
648 2365 838 2391 amamus.
866 2355 990 2393 Amor
1016 2354 1126 2401 igitur
1153 2362 1209 2390 est
1229 2366 1343 2391 causa
1362 2354 1405 2390 ti-

344 2406 475 2443 moris.

397 2459 635 2496 REsponmso*
656 2470 840 2496 DlCENDUM
873 2459 979 2507 quod
1008 2459 1156 2495 obiecta
1182 2459 1404 2507 passionum

345 2511 494 2549 animae
523 2523 564 2549 se
586 2512 728 2549 habent
747 2512 796 2549 ad
821 2524 883 2549 eas
907 2520 1089 2560 tanquam
1112 2512 1256 2548 formae
1277 2512 1326 2549 ad
1347 2524 1405 2549 res

343 2565 535 2602 naturales
563 2565 625 2602 vel
653 2564 885 2601 artificiales:
916 2565 1005 2612 quIa
1033 2564 1230 2612 passiones
1254 2564 1404 2601 animae

345 2617 513 2666 speciem
543 2617 728 2665 recipiunt
763 2618 811 2654 ab
845 2617 1016 2664 obiectis,
1047 2617 1142 2653 sicut
1169 2629 1229 2653 res
1256 2617 1406 2665 praedi-

347 2677 427 2706 ctae
447 2682 470 2706 a
489 2669 565 2706 suis
585 2669 728 2706 formis.
760 2669 864 2706 Sicut
883 2669 994 2717 igitur
1013 2669 1196 2718 quidquid
1217 2677 1272 2706 est
1292 2682 1406 2707 causa

346 2723 504 2768 formae,
536 2730 591 2759 est
619 2734 732 2759 causa
761 2722 814 2759 rei
843 2722 1064 2759 constitutae
1092 2734 1161 2770 per
1180 2722 1326 2771 ipsam3
1355 2722 1406 2760 ita

347 2774 462 2812 etiam
490 2774 685 2824 quidquid,
716 2782 752 2811 et
780 2787 1026 2824 quocumque
1055 2775 1185 2823 modo,
1208 2782 1263 2812 est
1292 2787 1406 2813 causa

347 2827 497 2875 obiecti,
527 2835 583 2865 est
611 2840 725 2864 causa
752 2827 948 2876 passionis.
979 2828 1174 2876 Contingit
1192 2836 1321 2865 autem
1342 2827 1406 2865 ali-

347 2880 439 2930 quid
468 2892 551 2918 esse
580 2892 734 2918 causam
759 2881 896 2918 obiecti
914 2882 978 2918 vel
995 2893 1063 2929 per
1081 2881 1244 2918 modum
1267 2893 1404 2918 causae

348 2933 560 2970 efficientis:
581 2934 644 2971 vel
657 2946 726 2983 per
739 2934 902 2971 modum
918 2933 1173 2982 dispositionis
1188 2934 1403 2971 materialis.

349 2986 452 3023 Sicut
480 2986 672 3023 obiectum
693 2986 950 3025 delectationis
974 2994 1029 3023 est
1048 2987 1194 3024 bonum
1213 2999 1404 3036 apparens

349 3039 582 3077 conveniens
602 3039 868 3076 coniunctum:
899 3039 1005 3076 cuius
1029 3051 1143 3076 causa
1162 3040 1330 3076 efficiens
1350 3047 1407 3076 est

347 3093 437 3130 illud
470 3093 574 3141 quod
611 3092 697 3130 facit
730 3092 1057 3138 coniunctionem,
1086 3092 1149 3129 vel
1177 3093 1281 3141 quod
1321 3092 1407 3129 facit

1455 1195 1761 1232 convenientiam
1794 1197 1856 1232 vel
1890 1195 2116 1244 bonitatem,
2151 1198 2212 1233 vel
2250 1198 2510 1246 apparentiam

1453 1247 1674 1285 huiusmodi
1693 1248 1806 1293 boni3
1836 1260 1949 1286 causa
1969 1257 2097 1286 autem
2115 1261 2185 1298 per
2202 1251 2362 1287 modum
2383 1250 2510 1299 dispo-

1455 1300 1600 1337 sitionis
1629 1300 1845 1348 materialis,
1876 1309 1932 1338 est
1958 1302 2124 1349 habitus,
2153 1304 2215 1339 vel
2244 1314 2509 1352 quaecumque

1455 1353 1648 1401 dispositio
1677 1354 1889 1391 secundum
1918 1366 2036 1403 quam
2065 1355 2108 1392 fit
2137 1355 2247 1392 alicui
2278 1356 2510 1394 conveniens

1456 1413 1519 1442 aut
1547 1418 1734 1454 apparens
1767 1406 1857 1444 illud
1890 1407 2035 1444 bonurn
2074 1408 2178 1457 quod
2212 1415 2268 1445 est
2295 1408 2327 1445 ei
2356 1409 2512 1446 coniun-

1457 1465 1571 1495 ctum.

1510 1510 1572 1547 Sic
1600 1509 1721 1559 igitur,
1755 1511 1794 1548 in
1820 1512 2030 1560 proposito,
2061 1512 2251 1549 obiectum
2281 1513 2426 1551 timoris
2455 1522 2512 1551 est

1457 1562 1697 1600 aestimatum
1726 1565 1871 1601 malum
1895 1564 2065 1601 futurum
2090 1565 2350 1614 propinquum
2378 1566 2437 1603 cui
2457 1579 2513 1604 re-

1457 1614 1535 1652 sisti
1563 1615 1610 1652 de
1639 1616 1736 1652 facili
1764 1628 1843 1654 non
1870 1624 2006 1666 potest.
2036 1618 2086 1654 Et
2103 1617 2190 1654 ideo
2210 1618 2300 1655 illud
2320 1619 2424 1667 quod
2445 1632 2515 1668 po-

1456 1675 1528 1704 test
1555 1668 1690 1705 inferre
1709 1669 1782 1705 tale
1802 1670 1959 1717 malum,
1981 1677 2037 1706 est
2052 1682 2165 1707 causa
2185 1671 2357 1708 effectiva
2376 1672 2515 1709 obiecti

1456 1720 1618 1768 timoris,
1650 1728 1686 1758 et
1712 1733 1781 1770 per
1810 1733 2049 1770 consequens
2081 1723 2198 1772 ipsius
2230 1723 2386 1761 timoris.
2418 1725 2512 1762 Illud

1457 1781 1584 1810 autem
1612 1786 1682 1822 per
1709 1774 1810 1823 quod
1841 1773 1975 1823 aliquis
2002 1774 2052 1812 ita
2077 1775 2288 1824 disponitur
2313 1785 2355 1813 ut
2373 1777 2514 1826 aliquid

1458 1826 1504 1863 sit
1532 1826 1564 1863 ei
1592 1827 1676 1874 tale,
1707 1834 1762 1864 est
1791 1839 1905 1864 causa
1931 1827 2090 1876 timoris,
2121 1836 2158 1865 et
2176 1829 2314 1866 obiecti
2335 1829 2426 1877 eius,
2445 1842 2515 1879 per

1457 1879 1620 1916 modum
1658 1879 1914 1930 dispositionis
1950 1881 2163 1918 materialis.
2202 1882 2252 1918 Et
2286 1882 2360 1919 hoc
2396 1883 2516 1920 modo

1458 1945 1568 1970 arnor
1597 1940 1652 1969 est
1680 1945 1794 1970 causa
1822 1933 1987 1971 timoris:
2017 1946 2063 1971 ex
2090 1934 2164 1971 hoc
2194 1935 2294 1971 enim
2314 1936 2419 1985 quod
2452 1936 2516 1972 ali-

1458 1985 1542 2033 quis
1570 1993 1674 2022 amat
1701 1985 1857 2035 aliquod
1884 1987 2043 2033 bonum,
2073 1987 2241 2036 sequitur
2267 1989 2371 2036 quod
2391 1989 2517 2037 pr1va-

1458 2038 1580 2075 tivum
1608 2038 1690 2075 talis
1719 2038 1809 2075 boni
1838 2039 1883 2076 sit
1903 2039 1936 2075 ei
1956 2041 2113 2087 malum,
2136 2048 2171 2076 et
2188 2053 2258 2088 per
2278 2053 2515 2089 consequens

1459 2091 1563 2140 quod
1591 2091 1721 2128 timeat
1747 2091 1873 2140 ipsum
1900 2099 2082 2141 tanquam
2111 2093 2267 2130 malum.

1512 2146 1570 2180 AD
1599 2156 1736 2181 PRlMUM
1764 2156 1862 2181 ERGO
1891 2157 2074 2182 D1CENDUM
2103 2146 2219 2193 quod,
2241 2146 2336 2183 sicut
2363 2159 2477 2196 supra
2495 2147 2516 2167 ’¹‘

1460 2197 1603 2233 dictum
1624 2204 1690 2243 est,
1711 2197 1825 2234 timor
1843 2210 1911 2246 per
1931 2210 1970 2241 se
1991 2206 2027 2234 et
2053 2198 2178 2246 primo
2199 2199 2348 2247 respicit
2368 2201 2416 2236 ad
2437 2212 2516 2236 ma-

1459 2250 1538 2286 lum
1559 2254 1576 2270 α
1604 2249 1710 2298 quod
1739 2250 1883 2297 refugit,
1913 2251 2017 2298 quod
2046 2251 2250 2299 opponitur
2278 2252 2387 2288 alicui
2413 2253 2515 2289 bono

1461 2309 1598 2338 amato.
1620 2303 1669 2338 Et
1695 2302 1748 2339 sic
1775 2315 1844 2351 per
1864 2314 1904 2339 se
1930 2303 2046 2340 timor
2065 2304 2229 2340 nascitur
2262 2317 2307 2340 ex
2326 2317 2470 2342 amore.
2491 2326 2515 2332 -

1461 2354 1695 2391 Secundario
1715 2367 1809 2391 vero
1838 2355 1988 2403 respicit
2007 2356 2055 2392 ad
2074 2356 2111 2392 id
2131 2368 2200 2405 per
2219 2357 2322 2405 quod
2341 2358 2519 2406 provenit

1461 2408 1532 2444 tale
1553 2408 1709 2444 malum.
1731 2408 1780 2444 Et
1799 2407 1851 2444 sic
1869 2420 1939 2456 per
1958 2409 2133 2445 accidens
2154 2410 2384 2459 quandoque
2404 2411 2518 2447 timor

1460 2460 1603 2497 inducit
1635 2472 1830 2497 amorem:
1868 2461 2094 2510 inquantum
2128 2462 2267 2499 scilicet
2299 2464 2419 2500 homo
2453 2464 2518 2512 qui

1460 2513 1566 2549 timet
1591 2513 1718 2562 puniri
1746 2526 1768 2550 a
1796 2515 1893 2561 Deo,
1923 2522 2050 2552 servat
2076 2515 2256 2561 mandata
2281 2516 2372 2563 eius,
2403 2524 2438 2552 et
2466 2517 2519 2553 sic

1460 2566 1589 2614 incipit
1626 2578 1799 2614 sperare,
1830 2574 1866 2602 et
1894 2579 1980 2615 spes
2016 2567 2219 2604 introducit
2255 2581 2448 2616 amorem,
2477 2577 2519 2606 ut

1461 2631 1575 2666 supra
1593 2618 1613 2639 *
1642 2619 1784 2655 dictum
1814 2627 1880 2655 est.

1513 2674 1572 2707 AD
1601 2683 1789 2707 SECUNDUM
1818 2683 2000 2708 DleENDUM
2028 2673 2133 2721 quod
2160 2672 2220 2709 ille
2249 2685 2271 2709 a
2300 2685 2376 2722 quo
2407 2686 2519 2723 expe-

1461 2730 1607 2760 ctantur
1625 2722 1640 2752 β
1669 2724 1780 2771 mala,
1800 2723 1923 2772 primo
1954 2724 2109 2784 quidem
2140 2725 2229 2762 odio
2249 2727 2425 2763 habetur:
2450 2728 2518 2764 sed

1460 2783 1663 2835 postquam
1702 2777 1751 2813 ab
1786 2775 1868 2825 ipso
1902 2777 1979 2814 iam
2013 2777 2194 2826 incipiunt
2222 2779 2363 2827 sperari
2393 2780 2516 2828 bona,

1460 2836 1549 2873 tunc
1568 2829 1696 2878 incipit
1716 2829 1846 2866 amari.
1868 2831 2022 2867 Bonum
2043 2838 2170 2867 autem
2191 2832 2251 2868 cui
2271 2832 2518 2870 contrariatur

1460 2882 1606 2919 malum
1635 2882 1740 2930 quod
1768 2882 1932 2930 timetur,
1962 2895 1984 2919 a
2010 2883 2196 2932 principio
2226 2885 2435 2922 amabatur.

1513 2937 1573 2972 AD
1605 2947 1764 2972 TERTmM
1792 2947 1974 2973 memnon
2002 2937 2106 2984 quod
2135 2937 2228 2973 ratio
2258 2937 2319 2974 illa
2346 2938 2518 2986 procedit

1462 2987 1509 3024 de
1539 3000 1585 3023 eo
1615 2988 1719 3036 quod
1747 2996 1803 3025 est
1830 3000 1944 3025 causa
1967 2989 2057 3025 mali
2077 2989 2248 3026 terribilis
2267 3002 2336 3038 per
2354 2991 2515 3028 modurn

1462 3040 1670 3077 efficientis.
1698 3042 1822 3077 Amor
1849 3048 1976 3077 autem
2006 3050 2061 3078 est
2090 3054 2203 3079 causa
2232 3043 2310 3079 eius
2338 3055 2407 3092 per
2434 3056 2519 3080 mo-

1462 3092 1554 3129 dum
1584 3093 1784 3130 materialis
1813 3093 2080 3142 dispositionis,
2109 3103 2150 3132 ut
2178 3095 2320 3132 dictum
2349 3104 2405 3133 est
2422 3096 2452 3133 ²¹³.

403 3217 429 3249 α)
448 3216 485 3241 ad
504 3217 612 3241 malum.
629 3230 648 3234 -
666 3217 765 3240 malum
785 3217 812 3240 P.

1513 3215 1537 3248 β)
1557 3219 1744 3248 expectantur.
1762 3231 1780 3235 -
1798 3220 1969 3249 expectamus
1989 3218 2018 3243 P.

1025 3294 1353 3327 Commenta-ia
1376 3293 1624 3327 Cardinatis
1646 3294 1844 3328 Caietam

380 3395 401 3415 N
421 3384 604 3425 quaestione
619 3383 947 3424 quadragesimatertia
962 3390 1028 3414 tota
1044 3382 1121 3413 nihil
1137 3382 1338 3413 scribendum
1355 3392 1407 3413 oc—

353 3397 486 3465 Icurrit,
508 3428 566 3458 nisi
591 3438 627 3458 ex
642 3434 778 3468 utroque
793 3427 925 3458 articulo
941 3434 1096 3458 attentum
1112 3433 1141 3457 te
1156 3427 1293 3462 reddere,
1310 3433 1346 3457 ut
1362 3426 1407 3457 di-

1463 3383 1587 3419 obiecti‚
1605 3390 1635 3414 et
1658 3383 1802 3420 subiecti;
1819 3390 1850 3417 et
1865 3384 2042 3414 secundum
2058 3384 2196 3424 singulas
2215 3384 2411 3415 conditiones
2432 3384 2519 3415 obie-

1463 3427 1513 3463 cti,
1530 3427 1673 3467 proprias
1698 3437 1819 3464 causas;
1837 3435 1867 3459 et
1891 3427 2099 3459 diversimode
2123 3428 2343 3459 constituendo
2363 3438 2423 3465 eas,
2441 3429 2517 3459 scire

350 3483 417 3504 scas
441 3483 548 3503 causas
577 3471 763 3512 passionum
787 3481 974 3512 cognoscere
999 3478 1029 3502 et
1052 3471 1224 3501 discernere
1256 3480 1292 3500 ex
1319 3477 1406 3510 parte
1463 3472 1653 3510 respondere
1676 3472 1715 3501 ad
1732 3472 1872 3512 quaesita
1896 3472 1933 3502 de
1957 3473 2057 3503 causis
2081 3472 2274 3512 passionum.

493 3650 602 3674 Summa
621 3649 720 3673 THEOL.
742 3649 772 3672 Ῐ).
791 3648 905 3672 Tarmia
924 3648 955 3671 Τ.
976 3648 1014 3672 Ill.

1490 3558 1593 3565 anx-m

2547 2158 2554 2167 ·
2566 2157 2613 2184 Qu.
2623 2163 2678 2184 xm,
2690 2160 2731 2178 art.
2740 2163 2757 2178 ι.

2643 2259 2659 2274 α

2547 2633 2619 2660 'Qu.
2634 2639 2671 2660 ιι,
2683 2637 2725 2654 art.
2735 2639 2756 2660 7.

2546 3112 2557 3122 “
2571 3111 2595 3132 In
2611 3117 2714 3139 corpore.
