2852 4152
129 845 250 894 aar·
267 850 340 872 mv»

1009 269 1275 316 QUAEsTio
1304 267 1518 312 xxxviu,
1546 264 1842 303 ARTicULus
1875 265 1888 300 1

2463 261 2536 309 257

812 414 1247 527 'QUAESTIO
1285 443 2076 530 TRIGESIMAOCTAVA

686 576 781 617 DE
822 576 1177 617 REMEDIIS
1226 574 1664 616 TRISTITIAE
1713 572 1849 629 SEU
1894 570 2222 611 DOLORIS

1162 691 1196 716 IN
1226 689 1385 721 QUINQUE
1412 688 1613 714 ARTICULOS
1640 688 1757 714 DIVISA
1795 721 1799 725 .

451 789 560 828 mmm
588 783 907 821 considerandum
938 791 993 821 est
1013 785 1058 821 de
1082 783 1260 821 remediis
1289 782 1428 821 doloris

453 838 521 874 seu
548 836 714 874 tristitiae
741 836 772 873 ²¹⁸.
988 856 993 860 ·

370 891 420 927 Et
447 889 546 926 circa
573 890 649 926 hoc
678 895 694 910 α
723 897 956 938 quaeruntur
984 889 1163 938 quinque.

363 958 365 961 ·
423 942 575 979 Primo:
603 949 732 979 utrum
762 943 873 980 dolor
898 943 960 980 vel
984 941 1127 978 tristitia
1155 941 1344 988 mitigetur
1362 952 1430 989 per

478 995 685 1044 quamlibet
714 995 1014 1032 delectationem.

1538 782 1736 820 Secundo:
1765 789 1894 819 utrum
1922 781 2110 829 mitigetur
2135 793 2205 830 per
2232 781 2378 817 fletum.

1537 852 1689 889 Tertio:
1720 859 1847 888 utrum
1875 864 1944 900 per
1982 850 2287 900 compassionem
2317 849 2541 899 amicorum.

1539 923 1707 968 Quarto:
1736 930 1864 959 utrum
1891 935 1959 971 per
1984 920 2349 970 contemplationem
2365 921 2542 958 veritatis.

1540 992 1700 1039 Quinto:
1729 999 1856 1028 utrum
1885 1003 1953 1040 per
1981 1003 2160 1028 somnum
2189 999 2223 1028 et
2251 991 2398 1029 balnea.

1183 1101 1497 1144 ARTICULUS
1529 1101 1733 1143 PRIMUS

597 1197 753 1227 UTRUM
775 1194 926 1227 DOLOR
949 1195 1033 1226 VEL
1056 1194 1274 1225 TRlSTlTIA
1295 1194 1540 1225 MlTlGETUR
1562 1194 1644 1224 PER
1667 1194 1921 1231 QUAMLIBET
1944 1193 2318 1224 DELECTATIONEM

683 1275 773 1306 Supra,
793 1281 836 1307 qu.
854 1282 926 1304 xxxv,
946 1278 992 1298 art.
1010 1282 1036 1305 4,
1055 1273 1087 1298 ad
1108 1280 1136 1304 23
1155 1272 1228 1304 infra,
1247 1277 1294 1297 art.
1315 1271 1328 1297 5
1335 1281 1343 1304 ;
1362 1273 1429 1298 Part.
1449 1273 1487 1302 111,
1507 1281 1552 1305 qu.
1570 1280 1636 1301 va1.
1655 1277 1702 1297 art.
1721 1272 1746 1303 8,
1765 1271 1798 1297 ad
1818 1279 1847 1303 2;
1863 1273 1883 1296 11
1906 1272 1975 1302 Cor„
1995 1280 2050 1305 cap.
2068 1279 2112 1303 vn,
2131 1272 2190 1297 lect.
2207 1279 2236 1297 11.

377 1366 379 1369 '
488 1383 559 1423 ως(
585 1374 608 1405 n
636 1373 774 1398 ptumum
801 1372 855 1398 stc
882 1372 1124 1397 PRocEm‘rua.
1145 1360 1304 1397 Videtur
1328 1360 1433 1408 quod

375 1458 379 1459 ⁷
402 1407 554 1462 '2³:2⁴
585 1425 665 1450 non
693 1413 883 1461 quaelibet
902 1413 1099 1457 delectatio
1128 1412 1272 1460 mitiget
1299 1424 1433 1460 quem-

393 1452 551 1513 ,Υ”’,ἓν’,’ἦ
567 1464 675 1502 ‘libet
699 1465 871 1502 dolorem
895 1477 964 1501 seu
990 1464 1188 1501 tristitiam.
1209 1465 1302 1502 Non
1331 1465 1433 1501 enim

381 1510 525 1553 4⁶⁵⁴&
541 1510 556 1539 ⁸*
586 1517 783 1555 delectatio
802 1517 988 1554 tristitiam
1009 1517 1164 1564 mitigat,
1185 1517 1255 1554 nisi
1275 1517 1434 1566 inquan-

372 1577 454 1606 tum
469 1570 504 1606 ei
524 1570 786 1607 contrariatur:
806 1570 1014 1607 medicinae
1033 1569 1246 1617 enimfiunt
1255 1581 1329 1618 per
1348 1581 1434 1606 con-

283 1643 290 1650 ·
334 1640 345 1645 -
373 1623 505 1668 traria,
523 1630 567 1659 ut
585 1622 719 1661 dicitur
738 1623 777 1660 in
806 1624 837 1659 II
857 1623 977 1660 Ethic.
997 1622 1018 1644 ’¹‘
1038 1622 1115 1659 Sed
1143 1635 1222 1659 non
1246 1622 1436 1671 quaelibet

275 1671 288 1710 ἰ
325 1671 344 1703 ”-
374 1675 573 1712 delectatio
593 1675 842 1713 contrariatur
862 1675 1013 1713 cuilibet
1031 1674 1210 1722 tristitiae,
1226 1683 1267 1712 ut
1286 1687 1402 1724 supra
1414 1674 1435 1696 *

312 1733 315 1735 ’
374 1727 516 1765 dictum
537 1736 604 1766 est.
625 1730 728 1776 Ergo
748 1741 827 1766 non
856 1729 1046 1778 quaelibet
1065 1728 1262 1765 delectatio
1291 1728 1436 1775 mitigat

373 1781 583 1829 quamlibet
609 1781 806 1819 tristitiam.

427 1844 463 1870 2.
483 1834 716 1881 patim-Eam,
737 1834 828 1871 illud
857 1833 961 1883 quod
981 1841 1111 1871 causat
1138 1833 1334 1882 tristitiam,
1356 1845 1435 1871 non

373 1885 518 1933 mitigat
545 1886 742 1924 trisu'tiam.
770 1887 847 1924 Sed
875 1887 1023 1936 aliquae
1052 1886 1320 1924 delectationes
1350 1899 1436 1923 cau-

334 1958 345 1964 ·
373 1945 457 1975 sant
483 1938 690 1976 tristitiam:
719 1939 829 1988 quia,
858 1947 900 1976 ut
928 1939 1071 1977 dicitur·
1098 1939 1137 1976 in
1166 1940 1219 1976 IX
1245 1940 1365 1977 Ethic.
1393 1939 1434 1987 ²¹⁸,

372 1991 496 2028 malus
523 1992 692 2029 tristatur
718 1993 897 2041 quoniam
921 1992 1119 2029 delectatus
1141 1998 1204 2029 est.
1226 1992 1318 2030 Non
1347 2005 1435 2040 ergo

374 2043 500 2081 omnis
529 2045 726 2082 delectatio
755 2045 898 2094 mitigat
925 2045 1122 2082 tristitiam.

430 2097 464 2134 3.
485 2097 718 2145 Rumam,
734 2099 968 2146 Augustinus
987 2098 1086 2145 dicit,
1103 2099 1142 2135 in
1156 2098 1207 2135 IV
1227 2098 1435 2147 Consess.*‚

375 2149 480 2198 quod
507 2149 588 2198 ipse
616 2150 709 2198 fugit
737 2151 784 2188 de
811 2151 944 2200 patria,
963 2151 1002 2188 in
1025 2164 1102 2200 qua
1131 2151 1348 2188 conversari
1377 2163 1437 2188 so—

374 2202 461 2239 litus
489 2210 569 2239 erat
605 2215 694 2240 cum
731 2203 856 2240 amico
895 2216 965 2240 suo
997 2204 1074 2240 iam
1109 2212 1284 2241 mortuo:
1313 2205 1437 2241 minus

375 2255 474 2291 enim
498 2257 730 2303 quaerebant
747 2269 833 2293 eum
852 2255 867 2286 β
895 2258 996 2294 oculi
1011 2257 1101 2303 eius,
1123 2258 1188 2293 ubi
1207 2257 1335 2294 videre
1362 2269 1436 2294 non

373 2307 551 2345 solebant.
572 2309 630 2345 Ex
650 2321 726 2358 quo
747 2309 866 2358 accipi
885 2317 1010 2358 potest
1029 2310 1134 2358 quod
1154 2310 1214 2347 illa
1237 2310 1276 2347 in
1299 2310 1438 2358 quibus

374 2360 486 2397 nobis
519 2361 631 2397 amici
659 2362 797 2398 mortui
828 2363 890 2399 vel
920 2363 1095 2399 absentes
1129 2359 1439 2399 communicave-

375 2420 473 2459 runt,
495 2413 709 2451 efficiuntur
737 2414 860 2462 nobis,
891 2415 939 2451 de
968 2427 1103 2452 eorum
1132 2423 1255 2452 morte
1282 2416 1345 2452 vel
1373 2415 1438 2452 ab·

375 2466 495 2503 sentia
524 2466 749 2513 dolentibus,
770 2480 944 2504 onerosa.
967 2468 1044 2504 Sed
1071 2468 1237 2505 maxime
1267 2480 1439 2504 commu-

375 2518 599 2556 nicaverunt
630 2520 741 2556 nobis
769 2520 808 2556 in
842 2520 1165 2558 delectationibus.
1195 2521 1298 2568 Ergo
1333 2521 1440 2569 ipsae

377 2571 645 2609 delectationes
673 2573 887 2610 efficiuntur
914 2573 1024 2610 nobis
1059 2573 1274 2610 dolentibus
1303 2586 1438 2610 onero-

376 2637 453 2661 sae.
474 2625 566 2661 Non
586 2637 676 2672 ergo
702 2626 892 2674 quaelibet
912 2625 1108 2662 delectatio
1137 2626 1280 2673 mitigat
1304 2638 1437 2673 quam-

376 2676 468 2713 libet
494 2677 692 2714 tristitiam.

432 2729 507 2765 SED
536 2741 681 2766 CONTRA
708 2741 774 2766 EST
793 2730 898 2777 quod
917 2730 1173 2779 Philosophus
1198 2730 1296 2777 dicit,
1313 2731 1351 2768 in
1370 2731 1439 2768 VII

295 2801 301 2807 -
326 2796 351 2834 'vss
378 2781 498 2817 Ethic.
518 2781 549 2828 ⁹⁸,
570 2782 676 2829 quod
695 2783 847 2830 expellit
862 2783 1052 2820 delectatio
1072 2784 1267 2829 tristitiam,
1288 2790 1324 2820 et
1345 2795 1442 2832 quae

378 2835 582 2880 contraria,
603 2840 639 2871 et
665 2847 761 2883 quae
789 2837 1019 2885 contingens,
1039 2837 1073 2873 si
1097 2837 1144 2873 sit
1156 2836 1287 2884 sortis.

432 2887 657 2924 RESPONDEO
680 2899 864 2926 DICENDUM
884 2889 1000 2937 quod,
1022 2889 1117 2926 sicut
1136 2901 1182 2926 ex
1200 2889 1401 2938 praedictis
1420 2890 1440 2912 '¹‘

320 2929 350 2944 τ’
377 2946 492 2988 patet,
514 2940 710 2977 delectatio
740 2948 797 2978 est
823 2943 1014 2990 quaedam
1043 2943 1150 2991 quies
1187 2942 1374 2991 appetitus
1401 2943 1440 2980 in

378 2993 483 3029 bono
513 2993 773 3039 convenienti3
803 2994 946 3031 tristitia
966 3002 1093 3031 autern
1123 3002 1178 3031 est
1198 3007 1243 3031 ex
1268 3007 1313 3032 eo
1333 2996 1439 3044 quod

379 3053 564 3094 repugnat
579 3046 771 3095 appetitui.
789 3047 900 3084 Unde
916 3047 969 3084 sic
988 3060 1028 3084 se
1047 3049 1162 3084 habet
1177 3048 1375 3085 delectatio
1391 3049 1439 3086 ad

378 3098 562 3135 tristitiam
590 3100 628 3136 in
660 3100 827 3136 motibus
857 3100 1080 3149 appetitivis,
1101 3100 1196 3137 sicut
1213 3105 1229 3128 Υ
1258 3113 1298 3138 se
1325 3101 1440 3138 habet

379 3150 419 3189 in
438 3151 662 3200 corporibus
681 3152 788 3201 quies
816 3153 864 3190 ad
888 3153 1157 3202 fatigationem,
1178 3165 1277 3202 quae
1305 3153 1440 3190 accidit

435 3282 462 3315 α)
481 3283 553 3308 circa
571 3282 628 3308 hoc.
645 3296 665 3302 -
683 3283 745 3308 Om.
764 3283 941 3308 ABCEFHIL.

435 3316 460 3351 β)
475 3318 544 3343 enim
557 3318 722 3350 quaerebant
738 3325 807 3343 eum.
819 3333 839 3338 —
853 3326 912 3343 eum
926 3319 1089 3351 quaerebant
1108 3319 1154 3344 Pa.
1171 3332 1190 3338 -
1208 3319 1321 3344 Eaedem
1339 3327 1387 3352 pro
1406 3319 1443 3344 νὶ-

382 3354 444 3378 dere
463 3361 524 3382 non,
543 3361 601 3378 eum
621 3354 720 3379 videre.

1488 1372 1533 1396 ex
1561 1360 1687 1409 aliqua
1714 1359 2027 1397 transmutatione
2046 1360 2264 1397 innaturali:
2294 1371 2383 1397 nam
2412 1367 2448 1397 et
2466 1359 2548 1409 ipsa

1487 1412 1628 1449 tristitia
1656 1413 1911 1460 fatigationem
1940 1413 2150 1461 quandam,
2180 1424 2248 1449 seu
2275 1413 2548 1461 aegritudinem

1488 1465 1716 1513 appetitivae
1742 1465 1888 1502 virtutis
1922 1465 2112 1514 importat.
2138 1465 2244 1502 Sicut
2269 1466 2380 1513 igitur
2407 1465 2548 1515 quaeli-

1489 1518 1552 1554 bet
1571 1517 1678 1565 quies
1707 1518 1876 1565 corporis
1897 1518 2111 1555 remedium
2139 1519 2247 1555 affert
2267 1527 2396 1556 contra
2415 1530 2549 1568 quarn-

1489 1570 1578 1606 libet
1602 1569 1868 1617 fatigationem,
1891 1582 1935 1606 ex
1954 1583 2197 1619 quacumque
2218 1584 2331 1608 causa
2350 1571 2548 1609 innaturali

1488 1621 1799 1670 provenientem3
1828 1622 1879 1658 ita
1907 1623 2096 1671 quaelibet
2116 1624 2311 1661 delectatio
2336 1624 2550 1661 remedium

1490 1675 1599 1712 affert
1618 1674 1667 1711 ad
1686 1674 1931 1722 mitigandam
1952 1675 2162 1724 quamlibet
2179 1676 2374 1724 tristitiam,
2393 1689 2436 1714 ex
2457 1689 2551 1725 quo-

1490 1739 1657 1776 cumque
1685 1728 1879 1776 procedat.

1543 1783 1602 1818 AD
1622 1792 1759 1818 PRIMUM
1778 1792 1875 1817 ERGO
1891 1792 2076 1817 mcENDUM
2096 1780 2214 1830 quod,
2229 1781 2315 1818 licet
2334 1793 2412 1818 non
2427 1781 2552 1818 omnis

1491 1833 1689 1871 delectatio
1719 1833 1966 1870 contrarietur
2003 1833 2109 1870 omni
2142 1833 2307 1870 tristitiae
2340 1834 2552 1871 secundum

1491 1886 1671 1936 speciem,
1693 1886 1941 1923 contrariatur
1967 1893 2097 1923 tamen
2121 1886 2333 1935 secundum
2362 1899 2493 1935 genus,
2512 1894 2554 1924 ut

1491 1952 1606 1988 supra
1634 1941 1654 1962 *
1684 1939 1826 1976 dictum
1854 1946 1924 1976 est.
1947 1939 1996 1976 Et
2022 1939 2110 1976 ideo
2132 1951 2176 1977 ex
2204 1947 2311 1989 parte
2340 1940 2552 1989 dispositio·
2580 1950 2591 1961 ⁸

1491 1993 1548 2030 nis
1576 1992 1746 2040 subiecti,
1772 1992 1962 2040 quaelibet
1987 1992 2131 2029 tristitia
2157 2004 2227 2041 per
2253 1993 2461 2040 quamlibet
2489 1994 2553 2031 de·
2598 1992 2603 1997 '

1491 2045 1732 2082 lectationem
1759 2044 1919 2092 mitigari
1947 2052 2082 2093 potest.

1545 2100 1603 2135 An
1631 2110 1822 2136 SECUNDUM
1840 2109 2024 2136 οιοΕΝῡυΜ
2044 2098 2150 2147 quod
2178 2098 2445 2136 delectationes
2474 2110 2553 2135 ma-

1491 2152 1616 2188 lorum
1645 2163 1723 2188 non
1753 2158 1910 2187 causant
1931 2150 2115 2187 tristitiam
2143 2150 2182 2187 in
2200 2151 2400 2199 praesenti,
2421 2152 2488 2188 sed
2515 2151 2554 2188 in

1492 2205 1636 2241 futuro:
1657 2204 1884 2252 inquantum
1899 2203 2039 2240 scilicet
2057 2203 2148 2240 mali
2162 2204 2359 2252 poenitent
2378 2205 2426 2241 de
2445 2205 2554 2241 malis

1493 2257 1540 2294 de
1570 2257 1707 2306 quibus
1735 2257 1914 2293 laetitiam
1942 2256 2169 2293 habuerunt.
2198 2258 2247 2293 Et
2274 2257 2361 2293 huic
2389 2257 2553 2294 tristitiae

1494 2309 1716 2347 subvenitur
1744 2321 1812 2358 per
1840 2309 2045 2346 contrarias
2075 2309 2354 2347 delectationes.

1546 2364 1605 2399 AD
1633 2374 1793 2399 TERTmM
1821 2374 2005 2399 mOENDUM
2025 2361 2142 2411 quod,
2164 2362 2318 2410 quando
2347 2370 2434 2399 sunt
2458 2362 2555 2399 duae

1495 2427 1632 2452 causae
1661 2415 1711 2452 ad
1740 2415 1948 2452 contrarios
1976 2423 2105 2451 motus
2132 2415 2366 2462 inclinantes,
2395 2423 2555 2463 utraque

1494 2469 1651 2505 alteram
1686 2468 1860 2516 impedit:
1891 2475 1926 2504 et
1961 2475 2092 2505 tamen
2126 2467 2186 2504 illa
2218 2468 2382 2505 finaliter
2418 2468 2555 2515 vincit,

1494 2534 1592 2570 quae
1620 2520 1752 2558 fortior
1785 2528 1841 2557 est
1869 2528 1905 2556 et
1932 2520 2153 2559 diuturnior.
2183 2522 2226 2557 In
2255 2533 2300 2557 eo
2335 2529 2462 2557 autem
2492 2521 2557 2569 qui

1493 2574 1657 2611 tristatur
1676 2574 1724 2610 de
1752 2573 1810 2610 his
1838 2573 1877 2609 in
1896 2573 2034 2620 quibus
2058 2573 2167 2610 simul
2196 2585 2284 2610 cum
2304 2574 2428 2610 amico
2453 2586 2557 2611 mor-

1494 2634 1559 2663 tuo
1583 2627 1646 2663 vel
1671 2627 1826 2663 absente
1855 2625 2031 2662 delectari
2061 2626 2270 2672 consuevit,
2291 2626 2388 2662 duae
2418 2639 2555 2663 causae

1493 2679 1532 2715 in
1552 2679 1783 2715 contrarium
1803 2685 2003 2715 moventes
2023 2677 2037 2700 δ
2057 2678 2310 2716 inveniuntur.
2328 2680 2431 2715 Nam
2451 2692 2555 2716 mors

1493 2732 1556 2769 vel
1571 2731 1741 2768 absentia
1756 2731 1868 2767 amici
1888 2731 2102 2778 recogitata,
2118 2731 2271 2768 inclinat
2290 2732 2339 2768 ad
2359 2733 2553 2769 dolorem:

1494 2785 1641 2821 bonum
1661 2791 1788 2821 autem
1809 2795 1990 2832 praesens
2009 2784 2163 2821 inclinat
2182 2785 2230 2821 ad
2250 2784 2553 2822 delectationem.

1494 2837 1606 2874 Unde
1620 2845 1824 2886 utrumque
1839 2849 1909 2886 per
1928 2838 2088 2874 alterurn
2107 2837 2298 2875 minuitur.
2317 2838 2393 2875 Sed
2413 2845 2554 2885 tamen,

1495 2890 1584 2938 quia
1611 2890 1742 2927 fortius
1776 2897 1908 2927 movet
1937 2902 2070 2927 sensus
2098 2891 2305 2938 praesentis
2331 2903 2449 2939 quam
2476 2902 2556 2927 me-

1495 2943 1619 2980 moria
1645 2943 1856 2992 praeteriti,
1887 2950 1924 2980 et
1951 2955 2061 2980 amor
2089 2943 2145 2979 sui
2165 2943 2282 2991 ipsius
2301 2955 2417 2992 quam
2446 2955 2557 2980 amor

1495 2996 1645 3032 alterius
1670 2996 1882 3033 diuturnius
1907 3003 2050 3041 manet;
2070 2996 2157 3033 inde
2187 3003 2243 3033 est
2261 2996 2368 3044 quod
2395 2996 2557 3033 finaliter

1495 3049 1694 3086 delectatio
1713 3049 1898 3086 tristitiam
1919 3049 2076 3097 expellit.
2093 3049 2204 3086 Unde
2223 3057 2311 3097 post
2328 3061 2452 3098 pauca
2468 3049 2555 3086 sub-

1496 3101 1548 3138 dit
1566 3101 1707 3138 ibidem
1726 3106 1739 3122 ⁸
1758 3101 1990 3149 Augustinus
2010 3101 2030 3123 *
2050 3102 2155 3149 quod
2169 3103 2338 3150 pristinis
2356 3103 2557 3152 generibus

1494 3154 1777 3191 delectationum
1804 3155 1958 3191 cedebat
1981 3155 2090 3191 dolor
2115 3156 2205 3192 eius.

1548 3285 1575 3318 γ)
1599 3285 1673 3310 Unde
1690 3285 1728 3310 sic
1788 3285 1864 3310 sicut.
1875 3299 1894 3305 -
1912 3286 1986 3311 Unde
2003 3287 2104 3311 sicut..
2115 3304 2122 3312 .
2135 3287 2173 3312 sic
2191 3287 2237 3312 Pa.

1549 3319 1574 3352 δ)
1594 3324 1734 3346 moventes.
1751 3334 1770 3339 -
1789 3321 1942 3346 inducentes
1959 3321 2006 3347 Pa.

1552 3356 1574 3387 ε)
1595 3356 1699 3381 ibidem.
1717 3370 1736 3375 —
1754 3356 1824 3381 idem
1842 3357 1870 3388 P,
1890 3364 1942 3382 om.
1962 3357 2004 3382 IK.

1312 3440 1627 3449 mm

525 3564 633 3588 Summae
652 3563 752 3588 ΤΗεοι.
772 3564 803 3588 D.
815 3563 929 3588 Timum
948 3563 981 3589 T.
999 3564 1038 3589 111.

2382 3565 2413 3591 33

2682 3110 2692 3125 ε

2583 3136 2594 3146 “
2608 3135 2664 3156 Loc.
2680 3134 2727 3161 ein,
2743 3139 2793 3161 cup.

2607 3167 2630 3183 n.
