2846 4146
364 231 442 278 Affi

683 309 875 344 QUAESTIO
896 309 1102 337 TRIGESIMA

715 370 764 399 De
785 369 1073 406 concupiscentia.

363 443 526 464 ARthous
541 443 551 463 1
610 435 713 462 Utrum
744 433 976 470 concupiscentia
1007 433 1043 460 sit
1069 438 1181 461 tanturn
1212 432 1242 460 in

1367 229 1531 266 INDEX

641 473 768 511 appetitu
796 473 940 502 sensitivo.
970 492 1249 500 ..........
1267 480 1340 509 pag.
1364 478 1420 507 209

446 525 460 540 ›>
541 522 563 541 11
612 514 715 542 Utrum
741 512 972 549 concupiscentia
999 511 1035 539 sit
1055 510 1150 548 passio
1178 520 1240 547 spe-

642 553 719 581 cialis
722 561 1298 581 ....................
1363 556 1420 577 2ιο

445 604 459 619 »
534 600 567 621 m
606 593 708 621 Utrum
723 592 779 620 sint
793 591 905 628 aliquae
920 589 1168 626 concupiscentiae
1188 598 1238 617 na-

640 632 754 666 turales,
776 637 804 659 et
825 630 937 667 aliquae
958 639 1019 657 non
1039 629 1183 657 naturales
1210 650 1216 656 .
1240 650 1246 656 .
1291 639 1305 653 »
1363 635 1415 656 211

445 683 460 697 »
541 679 572 699 1v
611 672 713 699 Utrum
741 669 972 706 concupiscentia
999 669 1035 696 sit
1060 668 1179 696 infinita.
1203 689 1209 696 .
1363 675 1419 695 212

626 737 817 773 QUAESTIO
839 736 1161 764 TRIGESIMAPRIMA

599 800 648 827 De
670 797 894 827 delectatione
922 795 1108 825 secundum
1130 803 1180 824 se.

362 873 523 895 ARTICULUS
537 873 548 892 1
608 863 711 891 Utrum
732 861 883 889 delectatio
905 860 940 888 sit
960 859 1057 896 passio
1060 881 1239 888 .......
1284 871 1298 886 »
1363 859 1417 887 215

443 916 458 931 »
539 912 561 932 11
610 903 712 930 Utrum
734 900 884 929 delectatio
906 900 942 928 sit
963 900 992 927 in
1019 906 1150 935 tempore
1173 921 1179 927 .
1203 921 1209 927 .
1233 921 1239 927 .
1285 911 1298 925 »
1362 900 1419 927 216

539 951 571 971 m
611 943 714 970 Utrum
740 940 890 968 delectatio
919 939 1031 967 differat
1051 948 1069 967 a
1093 938 1208 975 gaudio.
1233 960 1239 966 .
1285 951 1298 965 »
1362 946 1419 975 217

443 995 458 1010 »
539 991 569 1011 1v
608 982 711 1009 Utrum
733 980 883 1008 delectatio
905 979 941 1007 sit
960 979 991 1007 in
1010 978 1138 1015 appetitu
1159 978 1241 1006 intel-

637 1020 739 1048 lectivo
752 1030 1298 1048 ..................
1382 1018 1419 1046 ib.

442 1074 457 1088 ›>
537 1069 558 1089 v
607 1061 710 1088 Utrum
725 1058 927 1087 delectationes
941 1058 1106 1094 corporales
1128 1064 1156 1086 et
1176 1066 1241 1086 sen-

638 1099 734 1127 sibiles
762 1099 819 1127 sint
846 1098 970 1126 maiores
1001 1097 1240 1126 delectationibus

638 1138 831 1176 spiritualibus
860 1145 887 1166 et
915 1137 1148 1174 intelligibilibus.
1173 1158 1179 1164 .
1203 1158 1209 1165 .
1233 1159 1239 1166 .
1284 1149 1298 1163 a>
1363 1144 1419 1173 219

538 1188 568 1208 Vt
608 1180 711 1207 Utrum
733 1177 936 1206 delectationes
957 1183 1049 1205 tactus
1071 1176 1127 1204 sint
1148 1176 1240 1205 maio-

637 1228 683 1247 res
704 1217 941 1246 delectationibus
956 1226 1030 1254 quae
1051 1223 1118 1245 sunt
1139 1225 1240 1244 secun-

638 1259 708 1286 dum
729 1258 802 1286 alios
827 1266 927 1285 sensus
931 1268 1298 1285 .............
1363 1263 1420 1283 22ο

442 1311 456 1326 »
537 1307 579 1327 vn
608 1299 711 1326 Utrum
733 1297 829 1334 aliqua
850 1295 1001 1324 delectatio
1019 1296 1055 1324 sit
1075 1305 1136 1324 non
1157 1302 1241 1324 natu-

638 1337 704 1366 ralis
719 1356 1239 1365 ..................
1284 1347 1298 1362 ι»
1362 1342 1415 1363 221

442 1390 457 1405 s
511 1382 513 1385 “
538 1386 590 1406 vm
610 1378 713 1406 Utrum
738 1376 890 1404 delectatio
915 1375 1007 1412 possit
1030 1384 1091 1403 esse
1116 1376 1240 1404 delecta-

637 1416 710 1445 tioni
731 1415 875 1444 contraria
876 1436 1238 1444 .............
1284 1426 1298 1441 »
1362 1422 1419 1442 222

589 1485 781 1520 QUAESTIO
807 1485 1190 1513 TRIGESIMASECUNDA

664 1547 715 1576 De
736 1553 844 1575 causa
865 1545 1114 1575 delectationis.

359 1621 522 1644 ARTICULUS
535 1621 546 1641 1
605 1612 708 1639 Utrum
730 1609 861 1647 operatio
890 1610 926 1638 sit
946 1619 1033 1639 causa
1053 1610 1170 1647 propria
1190 1611 1240 1639 de-

637 1650 798 1679 lectationis
811 1671 1239 1680 ...............
1285 1662 1298 1677 >›
1362 1652 1417 1679 223

441 1705 456 1720 »
537 1700 560 1720 11
607 1692 711 1719 Utrum
733 1697 829 1718 motus
851 1690 887 1718 sit
907 1699 994 1718 causa
1015 1690 1212 1719 delectationis
1234 1712 1240 1719 .
1286 1703 1299 1716 »
1363 1692 1417 1719 225

442 1745 457 1759 »
538 1740 571 1760 m
610 1731 714 1759 Utrum
741 1739 806 1767 spes
827 1736 855 1757 et
884 1729 1026 1758 memoria
1053 1730 1110 1758 sint
1137 1739 1239 1759 causae

640 1769 846 1798 delectationis.
875 1791 1240 1798 .............
1363 1771 1419 1798 226

441 1823 456 1838 »
537 1819 568 1839 xv
607 1810 710 1838 Utrum
737 1808 850 1837 tristitia
871 1809 906 1836 sit
927 1818 1013 1837 causa
1034 1809 1240 1838 delectationis.
1285 1822 1299 1836 >›
1381 1810 1420 1838 ib.

442 1863 457 1878 »
538 1859 558 1878 v
606 1850 709 1878 Utrum
744 1848 872 1876 actiones
906 1848 1030 1877 aliorum
1065 1849 1122 1876 sint
1155 1849 1240 1878 nobis

638 1898 725 1917 causa
745 1887 942 1917 delectationis
964 1909 1240 1918 ..........
1285 1901 1298 1915 »
1363 1897 1419 1925 227

537 1937 568 1957 vx
608 1929 711 1956 Utrum
732 1928 899 1956 benefacere
920 1927 1001 1956 alteri
1029 1927 1065 1956 sit
1085 1937 1171 1957 causa
1191 1929 1241 1957 de-

637 1967 797 1996 lectationis
809 1980 1298 1997 .................
1362 1969 1419 1996 228

441 2022 456 2037 »
537 2016 579 2036 vn
608 2009 712 2036 Utrum
736 2007 894 2036 similitudo
918 2007 955 2035 sit
973 2016 1060 2036 causa
1075 2008 1241 2037 delectatio-

637 2047 682 2076 nis
685 2060 1294 2076 .....................
1381 2048 1419 2077 ib.

441 2101 455 2116 »
537 2096 589 2116 vm
608 2088 712 2116 Utrum
723 2086 876 2115 admiratio
887 2086 923 2115 sit
932 2096 1019 2115 causa
1032 2087 1238 2117 delectationis.
1283 2099 1298 2114 »
1362 2095 1419 2125 229

533 2154 773 2190 QUAESTIO
802 2154 1241 2184 TRIGESIMATERTIA

628 2209 679 2237 De
700 2208 879 2238 effectibus
901 2207 1151 2238 delectationis.

359 2281 547 2305 ARTICULUSI
606 2273 709 2300 Utrum
731 2271 927 2300 delectationis
952 2271 988 2300 sit
1008 2272 1149 2301 dilatare.
1174 2294 1180 2301 .
1204 2295 1210 2301 .
1234 2294 1240 2301 .
1285 2285 1300 2300 »
1363 2274 1416 2302 231

442 2326 457 2341 »
538 2321 560 2341 11
608 2313 711 2341 Utrum
732 2311 882 2339 delectatio
904 2318 1002 2340 causet
1022 2312 1067 2340 sui
1088 2312 1178 2348 sitim,
1196 2313 1242 2341 vel

640 2350 814 2379 desiderium
816 2372 1240 2383 ...............
1285 2364 1299 2379 »
1382 2353 1420 2381 ib.

443 2405 458 2419 »
538 2400 573 2420 111
611 2391 716 2419 Utrum
745 2390 895 2418 delectatio
920 2389 1059 2427 impediat
1084 2401 1170 2419 usum
1197 2401 1242 2420 ra-

639 2430 726 2458 tionis
747 2451 1240 2460 .................
1286 2443 1301 2458 ›
1364 2431 1420 2460 232

443 2484 458 2498 »
539 2479 570 2499 1v
610 2471 713 2499 Utrum
728 2469 879 2498 delectatio
889 2469 1018 2506 perficiat
1031 2470 1241 2506 operationem.
1285 2482 1299 2497 »
1363 2471 1419 2499 233

601 2536 792 2572 QUAESTIO
813 2536 1182 2571 TRIGESIMAQUARTA

526 2593 576 2622 De
595 2592 751 2622 bonitate
772 2591 807 2620 et
826 2591 959 2620 malitia
980 2590 1255 2622 delectationum.

362 2661 524 2684 narremus
538 2661 550 2680 1
609 2651 712 2679 Utrum
742 2649 838 2678 omnis
859 2649 1010 2678 delectatio
1041 2649 1076 2678 sit
1097 2650 1181 2678 mala.
1205 2672 1211 2679 .
1234 2673 1241 2679 .
1286 2663 1299 2677 >›
1364 2652 1419 2680 235

445 2705 459 2720 »
540 2700 562 2720 11
611 2691 715 2718 Utrum
735 2689 831 2718 omnis
861 2689 1011 2718 delectatio
1032 2690 1069 2718 sit
1095 2690 1182 2718 bona.
1205 2712 1211 2719 .
1235 2712 1242 2719 .
1287 2703 1301 2717 »
1365 2693 1421 2720 236

445 2745 459 2760 ›>
540 2739 573 2760 111
612 2731 715 2758 Utrum
736 2729 833 2766 aliqua
860 2729 1011 2758 delectatio
1032 2730 1068 2758 sit
1088 2729 1241 2767 optimum.
1287 2742 1301 2757 »
1365 2732 1421 2770 237

445 2784 460 2799 »
541 2779 572 2800 1v
611 2771 715 2798 Utrum
747 2768 897 2797 delectatio
919 2769 955 2797 sit
976 2778 1112 2798 mensura
1132 2769 1176 2798 vel
1198 2779 1242 2798 re-

641 2809 707 2847 gula
727 2809 886 2837 secundum
914 2818 1003 2846 quam
1030 2809 1171 2838 iudicetur
1190 2810 1244 2838 bo-

640 2858 711 2878 num
731 2849 777 2877 vel
797 2849 906 2877 malum
927 2848 957 2876 in
985 2849 1153 2878 moralibus.
1177 2871 1183 2877 .
1206 2871 1213 2878 .
1237 2871 1243 2878 .
1288 2862 1302 2876 »
1366 2851 1422 2880 238

610 2915 802 2951 QUAESTIO
823 2915 1177 2950 TRIGESIMAQUINTA

521 2972 571 3002 De
592 2969 720 3004 dolore,
741 2977 806 3000 seu
824 2969 983 3004 tristitia,
1004 2969 1191 3000 secundum
1213 2978 1263 3000 se.

363 3045 526 3068 mucuns
539 3044 551 3064 1
610 3036 714 3063 Utrum
736 3033 820 3062 dolor
841 3033 877 3062 sit
896 3033 994 3070 passio
1015 3034 1151 3062 animae.
1175 3056 1181 3063 .
1205 3057 1212 3063 .
1236 3057 1242 3063 .
1289 3047 1303 3062 ›>
1367 3044 1424 3072 240

445 3089 460 3104 x>
541 3084 563 3104 11
613 3075 716 3103 Utrum
736 3073 850 3102 tristitia
870 3074 906 3102 sit
926 3074 1004 3102 idem
1019 3075 1099 3111 quod
1120 3074 1213 3103 dolor.
1236 3097 1242 3103 .
1287 3087 1302 3101 »
1366 3084 1419 3112 241

445 3128 460 3143 ι»
541 3123 574 3144 111
614 3115 718 3142 Utrum
738 3112 859 3148 tristitia,
882 3123 932 3142 seu
953 3113 1052 3149 dolor,
1074 3113 1111 3142 sit
1131 3121 1245 3143 contra-

643 3153 685 3182 ria
705 3153 886 3181 delectationi
903 3175 1243 3183 ............
1288 3166 1302 3180 >>
1385 3155 1423 3184 ib.

541 3203 572 3223 1v
613 3194 715 3222 Utrum
730 3193 826 3221 omnis
840 3193 953 3222 tristitia
967 3193 1048 3221 omni
1062 3193 1245 3222 delectationi

643 3232 833 3262 contrarietur
845 3254 1244 3263 ..............
1289 3245 1303 3260 »
1367 3242 1423 3270 242

447 3286 462 3302 ι
543 3282 563 3302 v
611 3274 715 3302 Utrum
735 3272 917 3301 delectationi
938 3273 1190 3310 contemplationis
1211 3274 1247 3302 sit

644 3312 745 3350 aliqua
761 3311 875 3341 tristitia
896 3313 1041 3341 contraria
1056 3334 1244 3342 .......
1289 3325 1303 3339 »
1367 3314 1422 3350 243

447 3365 462 3380 »
543 3361 574 3381 vt
612 3353 716 3381 Utrum
754 3352 846 3389 magis
883 3353 919 3380 sit
949 3352 1084 3389 fugienda
1117 3353 1245 3389 tristitia,

645 3401 734 3429 quam
755 3392 906 3420 delectatio
928 3393 1090 3429 appetenda
1116 3414 1245 3422 .....
1290 3404 1304 3418 :v
1368 3393 1423 3428 245

447 3445 462 3459 »
543 3440 585 3461 vn
614 3433 717 3460 Utrum
739 3431 825 3460 dolor
845 3431 969 3460 exterior
989 3431 1026 3460 sit
1045 3431 1139 3460 maior
1159 3442 1247 3469 quam

644 3471 763 3500 interior
787 3492 1246 3500 ................
1291 3484 1305 3498 »
1369 3472 1426 3507 246

449 3524 464 3539 »
545 3519 599 3540 vm
617 3512 721 3540 Utrum
753 3512 810 3540 sint
839 3517 951 3540 tantum
984 3518 1110 3548 quatuor
1140 3512 1248 3549 species

645 3551 784 3581 tristitiae.
815 3572 1247 3580 ...............
1292 3563 1306 3578 w
1371 3559 1427 3588 247

1735 307 1928 342 QUAESTIO
1950 309 2282 339 TRIGESIMASEXTA

1694 360 1744 390 De
1766 361 1885 391 causis
1905 362 2068 392 tristitiae
2089 371 2154 392 seu
2174 362 2315 392 doloris.

1475 433 1639 454 ARTICULUS
1652 434 1664 454 1
1723 426 1826 454 Utrum
1847 435 1934 454 causa
1954 426 2064 455 doloris
2080 427 2116 455 sit
2136 429 2248 455 bonum
2268 426 2354 456 amis-

1755 474 1828 501 sum,
1850 466 1894 493 vel
1915 466 2024 494 malum
2045 467 2266 496 coniunctum..
2290 488 2296 495 .

1557 515 1571 530 »
1652 512 1674 532 11
1723 505 1825 533 Utrum
1840 505 2073 542 eoncupiscentia
2085 506 2122 535 sit
2134 515 2221 535 causa
2236 488 2355 535 doloris.

1652 552 1685 572 111
1724 545 1827 612 Utrum
1841 545 1984 581 appetitus
2004 546 2120 574 unitatis
2139 546 2175 574 sit
2195 555 2282 575 causa
2302 546 2355 574 do-

1765 593 1823 612 oris
1835 605 2354 614 ..................

1653 631 1683 651 xv
1723 624 1825 651 Utrum
1846 630 1973 661 potestas
1990 624 2036 652 cui
2057 634 2118 653 non
2138 631 2234 662 potest
2253 624 2355 661 resisti,

1753 663 1789 691 sit
1809 672 1895 692 causa
1909 664 2018 692 doloris
2021 685 2352 693 ............

1715 729 1907 764 QUAESTIO
1929 730 2302 759 TRIGESIMASEPTIMA

1668 789 1718 819 De
1739 788 1918 819 effectibus
1940 788 2070 819 dolor-Is
2091 790 2149 825 vel
2165 789 2339 820 tristitiae.

1474 861 1638 882 intermunus
1652 862 1663 882 1
1723 854 1826 882 Utrum
1857 854 1942 882 dolor
1971 854 2080 882 auferat
2111 854 2274 883 facultatem
2304 855 2355 884 ad-

1753 893 1881 922 discendi
1896 915 2353 923 ................

1652 941 1675 961 11
1724 934 1826 961 Utrum
1854 933 2018 970 aggravatio
2049 932 2139 961 animi
2170 933 2206 961 sit
2236 933 2353 962 effectus

1753 972 1883 1001 tristitiae
1903 972 1949 1000 vel
1969 972 2078 1001 doloris
2080 994 2355 1002 ..........

1557 1023 1571 1038 »
1653 1020 1686 1040 111
1725 1012 1829 1040 Utrum
1857 1012 1972 1040 tristitia
1991 1012 2036 1040 vel
2061 1012 2147 1040 dolor
2174 1012 2301 1041 debilitet
2321 1021 2355 1041 o-

1754 1061 1852 1080 mnem
1874 1051 2074 1088 operationem
2077 1073 2353 1081 ..........

1654 1099 1684 1119 xv
1724 1092 1827 1119 Utrum
1853 1091 1966 1120 tristitia
1993 1091 2084 1128 magis
2105 1098 2210 1120 noceat
2239 1091 2356 1128 corpori

1754 1140 1842 1168 quam
1864 1131 1936 1160 aliae
1956 1131 2070 1160 animae
2091 1131 2241 1168 passiones
2257 1153 2263 1159 .
2286 1153 2293 1159 .
2317 1153 2323 1160 .
2347 1153 2354 1160 .

1716 1196 1908 1231 QUAESTIO
1929 1197 2297 1225 TRIGESIMAOCTAVA

1674 1258 1724 1288 De
1743 1257 1904 1294 remediis
1923 1258 2088 1288 tristitiae
2109 1266 2174 1287 seu
2194 1258 2335 1288 doloris.

1724 1323 1827 1351 Utrum
1848 1323 1934 1351 dolor
1950 1322 1995 1351 vel
2015 1322 2127 1351 tristitia
2140 1322 2286 1360 mitigetur
2304 1331 2358 1375 per

1753 1362 1910 1399 quamlibet
1931 1362 2151 1390 delectationem
2166 1383 2355 1391 .......

1652 1410 1675 1431 n
1724 1403 1826 1431 Utrum
1848 1402 1934 1430 dolor
1946 1401 1991 1430 vel
2010 1401 2124 1430 tristitia
2141 1401 2287 1439 mitigetur
2305 1411 2358 1439 per

1754 1441 1854 1470 fletum
1866 1462 2355 1470 .................

1653 1490 1686 1510 111
1724 1482 1828 1510 Utrum
1842 1481 1928 1510 dolor
1949 1487 1977 1509 et
1996 1480 2110 1509 tristitia
2127 1480 2293 1519 mitigentur
2305 1490 2358 1518 per

1754 1520 1987 1558 compassionem
2008 1520 2169 1549 amicorum
2173 1542 2355 1549 .......

1653 1569 1684 1589 1v
1722 1561 1825 1589 Utrum
1846 1570 1899 1597 per
1925 1559 2202 1596 contemplationem
2221 1560 2356 1596 veritatis,

1753 1600 1839 1629 dolor
1860 1607 1888 1628 et
1907 1599 2021 1628 tristitia
2041 1599 2207 1636 mitigentur
2228 1621 2355 1629 .....

1558 1653 1572 1667 »
1621 1641 1623 1643 '
1654 1649 1674 1668 v
1723 1641 1826 1668 Utrum
1848 1639 1934 1674 dolor
1947 1646 1975 1667 et
1995 1638 2108 1668 tristitia
2121 1638 2287 1676 mitigentur
2306 1648 2359 1676 per

1754 1689 1889 1708 somnum
1913 1685 1940 1707 et
1965 1679 2068 1707 balnea
2070 1700 2356 1707 ..........

1474 1331 1639 1352 ARTICULUS
1653 1331 1665 1351 1

1739 1749 1933 1785 QUAESTIO
1958 1749 2272 1778 TRIGESIMANONA

1575 1807 1624 1836 De
1644 1805 1800 1836 bonitate
1820 1805 1856 1834 et
1875 1805 2006 1834 malitia
2025 1792 2196 1834 tristitiae
2212 1812 2277 1836 seu
2297 1804 2441 1836 doloris.

1475 1879 1638 1899 AR‘ncous
1651 1878 1663 1898 1
1722 1870 1825 1898 Utrum
1847 1868 1943 1897 omnis
1957 1868 2070 1897 tristitia
2091 1869 2127 1897 sit
2147 1869 2232 1898 mala.
2255 1891 2263 1898 .
2287 1891 2294 1898 .
2315 1870 2323 1898 ¹.
2347 1891 2355 1898 .

1654 1918 1677 1938 11
1725 1910 1828 1937 Utrum
1849 1908 1962 1937 tristitia
1981 1908 2074 1945 possit
2087 1917 2150 1937 esse
2170 1909 2283 1938 bonum
2303 1910 2356 1938 ho-

1755 1955 1870 1977 neStum
1872 1969 2356 1978 .................

1557 2001 1572 2016 s
1654 1997 1687 2017 m
1726 1989 1829 2017 Utrum
1843 1987 1957 2017 tristitia
1969 1988 2063 2025 possit
2075 1997 2138 2017 esse
2151 1990 2264 2019 bonum
2277 1989 2356 2019 utile.

1653 2036 1685 2057 ιν
1724 2029 1828 2056 Utrum
1858 2027 1944 2056 dolor
1978 2028 2110 2065 corporis
2140 2027 2177 2058 sit
2210 2038 2358 2058 summum

1754 2067 1863 2096 malum
1866 2089 2356 2098 .................

1749 2134 1942 2170 QUAESTIO
1965 2135 2268 2169 QUADRAGESIMA

1643 2190 1694 2220 De
1713 2189 1938 2227 passionibus
1958 2189 2152 2219 irascibilis.
2172 2190 2218 2219 Et
2236 2190 2364 2227 primo,

1775 2228 1817 2258 de
1842 2236 1906 2265 spe
1927 2229 1962 2258 et
1990 2228 2243 2266 desperatione.

1475 2296 1638 2318 ARTICULUS
1651 2296 1663 2316 1
1721 2288 1826 2316 Utrum
1846 2296 1912 2324 spes
1933 2286 1970 2315 sit
1989 2286 2068 2315 idem
2082 2287 2162 2325 quod
2183 2286 2358 2318 desiderium

1753 2326 1799 2355 vel
1819 2325 1961 2363 cupiditas
1963 2348 2357 2358 ..............

1726 2366 1830 2395 Utrum
1859 2375 1925 2403 spes
1952 2365 1989 2394 sit
2016 2365 2047 2394 in
2074 2366 2102 2394 vi
2128 2367 2357 2404 apprehensiva,

1753 2414 1792 2434 an
1812 2405 1842 2434 in
1869 2404 1897 2434 vi
1922 2404 2078 2442 appetitiva
2079 2427 2356 2436 ..........

1725 2446 1828 2474 Utrum
1849 2453 1915 2481 spes
1929 2445 1965 2472 sit
1985 2444 2015 2472 in
2035 2445 2127 2474 brutis
2144 2444 2326 2475 animalibus.
2349 2468 2356 2475 .

1725 2485 1829 2513 Utrum
1849 2484 1910 2520 spei
1931 2484 2121 2513 contrarietur
2141 2485 2303 2523 desperatio
2320 2507 2327 2515 .
2350 2508 2358 2515 .

1724 2524 1828 2552 Utrum
1846 2532 1933 2552 causa
1953 2523 2014 2560 spei
2028 2523 2064 2552 sit
2084 2524 2267 2561 experientia.
2290 2547 2296 2554 .
2320 2547 2327 2554 .
2350 2548 2357 2555 .

1725 2564 1828 2592 Utrum
1843 2562 1873 2591 in
1887 2562 2038 2591 iuvenibus
2050 2570 2078 2592 et
2091 2563 2122 2592 iu
2136 2564 2256 2594 ebriosis
2267 2566 2359 2594 abun-

1755 2603 1805 2632 det
1829 2611 1894 2639 spes
1897 2624 2358 2634 ................

1727 2643 1829 2671 Utrum
1845 2651 1910 2679 spes
1931 2642 1968 2671 sit
1988 2652 2075 2672 causa
2088 2644 2196 2673 amoris
2198 2665 2358 2674 ......

1559 2696 1573 2711 s
1655 2692 1705 2712 vm
1725 2683 1827 2711 Utrum
1849 2692 1914 2719 spes
1936 2683 2064 2711 conferat
2085 2683 2122 2712 ad
2142 2683 2358 2722 operationem,

1754 2722 1799 2751 vel
1819 2722 1911 2760 magis
1938 2722 2077 2760 impediat
2078 2745 2357 2754 ..........

1704 2788 1896 2824 QUAEST10
1919 2788 2340 2824 QUADRAGESIMAPRIMA

1767 2843 1817 2872 De
1837 2843 1962 2872 timore
1989 2842 2176 2874 secundum
2197 2851 2247 2874 se.

1478 2911 1641 2934 Aa'ncums
1655 2910 1666 2931 1
1725 2902 1829 2930 Utrum
1850 2900 1939 2929 timor
1959 2901 1995 2930 sit
2014 2901 2113 2938 passio
2133 2902 2299 2932 animae..
2322 2925 2329 2932 .
2352 2925 2359 2932 .

1657 2950 1679 2970 11
1727 2942 1831 2969 Utrum
1851 2941 1939 2970 timor
1958 2941 1995 2970 sit
2008 2941 2138 2978 specialis
2159 2942 2296 2978 passio..
2319 2964 2326 2972 .
2349 2964 2356 2972 .

1657 2990 1690 3010 m
1729 2982 1832 3010 Utrum
1853 2981 1890 3010 sit
1909 2981 2014 3026 aliquis
2041 2981 2130 3010 u'mor
2149 2982 2296 3011 naturalis.

1560 3034 1574 3049 »
1656 3030 1687 3050 tv
1726 3021 1829 3049 Utrum
1843 3021 2048 3050 convenienter
2057 3021 2238 3059 assignentur
2250 3003 2359 3059 species

1756 3060 1869 3089 timoris
1872 3081 2359 3091 .................

1663 3121 1856 3158 QUAi-:s'mo
1879 3111 2360 3157 QUADRAGEsmASEeuNDA

1821 3176 1871 3204 De
1892 3175 2028 3205 obiecto
2048 3175 2195 3206 timori&

1558 2379 1572 2394 ³>

1654 2375 1677 2396 Π

1558 2459 1573 2473 »

1559 2498 1573 2513 2⁹

1655 2652 1697 2672 ἕ
1653 2454 1687 2592 asae

1478 3243 1641 3265 ARTICULUS
1654 3242 1666 3263 1
1726 3235 1830 3262 Utrum
1855 3233 2002 3262 obiectum
2027 3233 2141 3262 timoris
2167 3234 2203 3263 sit
2229 3235 2359 3271 bonum,

1755 3273 1800 3302 vel
1821 3273 1930 3302 malum
1933 3295 2358 3304 ...............

1560 3326 1574 3341 »
1657 3322 1679 3342 11
1729 3314 1832 3342 Utrum
1862 3313 1972 3342 malum
2001 3319 2121 3342 naturae
2148 3313 2184 3342 sit
2214 3314 2360 3343 obiectum

1757 3359 1870 3382 timoris
1873 3373 2358 3383 .................

1731 3393 1834 3421 Utrum
1854 3392 1943 3421 timor
1962 3392 1999 3421 sit
2020 3393 2056 3421 de
2078 3393 2155 3421 malo
2176 3393 2277 3431 culpae
2292 3415 2299 3423 .
2322 3415 2329 3422 .
2352 3415 2359 3422 .

1729 3433 1833 3461 Utrum
1853 3431 1941 3461 timor
1961 3431 2023 3469 ipse
2049 3431 2145 3460 timeri
2169 3433 2270 3470 possit.
2293 3455 2300 3462 .
2323 3454 2330 3462 .
2352 3454 2359 3462 .

1728 3473 1832 3500 Utrum
1853 3471 2003 3509 repentina
2023 3472 2115 3509 magis
2135 3471 2300 3502 timeantur.
2323 3494 2330 3501 .
2352 3492 2360 3501 .

1729 3513 1832 3541 Utrum
1853 3520 1888 3540 ea
1907 3518 2010 3540 contra
2030 3521 2104 3549 quae
2124 3521 2186 3542 non
2206 3518 2250 3542 est
2268 3518 2362 3541 reme-

1759 3551 1849 3587 dium,
1871 3551 1961 3589 magis
1985 3551 2142 3580 timeantur
2143 3572 2358 3581 ........

1562 3405 1576 3420 »

1562 3484 1576 3499 >>

1563 3523 1577 3538 »

1658 3401 1691 3540 5⁴25

2399 517 2414 532 D

2398 596 2413 611 2

2397 675 2411 690 ὓ

2400 1610 2415 1626 D

2399 1689 2414 1705 ὃ

2399 1881 2414 1897 ²

2401 1961 2415 1977 D

2400 2001 2415 2017 »

2400 2081 2415 2096 D

2403 3562 2418 3577 D

2350 475 2447 506 --rag
2476 474 2534 504 249

2477 507 2534 534 250

2476 585 2530 613 251

2494 663 2534 692 ib.

2476 895 2531 923 253

2476 974 2535 1009 254

2493 1036 2533 1080 ib.

2476 1132 2532 1160 255

2478 1363 2535 1400 257

2477 1443 2534 1471 258

2496 1521 2534 1550 ib.

2478 1600 2535 1637 259

2496 1679 2535 1707 ib.

2477 1872 2531 1900 261

2478 1951 2536 1980 262

2478 1991 2534 2020 263

2497 2069 2536 2099 ib.
2562 2056 2566 2058 ’

2479 2312 2535 2359 265

2480 2411 2537 2439 266

2479 2451 2536 2486 267

2479 2490 2538 2526 269

2499 2528 2538 2557 ib.

2480 2615 2538 2645 27ο

2481 2655 2534 2684 271

2499 2726 2537 2756 ib.

2480 2894 2539 2942 27'2

2480 2945 2536 2982 273

2499 2985 2539 3014 ib.

2481 3071 2540 3101 274

2481 3275 2538 3312 276

2481 3361 2538 3421 23³7

2481 3402 2538 3470 2¹72}

2482 3479 2539 3510 279

2500 3551 2538 3580 ib.
