2852 4152
66 1584 75 1592 ·
90 1583 156 1606 Vers.
171 1589 205 1612 25.

65 2328 74 2336 ·
88 2326 140 2348 Art.
154 2326 261 2354 praeced.

64 2856 73 2864 ·
89 2855 117 2876 D.
132 2861 179 2877 222.

319 207 393 242 266

1024 208 1289 254 QUAESTIO
1319 209 1402 254 XL,

1433 208 1728 245 ARTICULUS
1760 211 1790 245 11

989 338 1319 370 comment-azia
1342 337 1591 371 Cardinalis
1613 339 1814 372 Caietam

318 445 364 506 IN
377 434 508 465 articulo
523 434 627 475 primo
640 435 832 476 quaestionis
845 435 1112 475 quadragesimae,
1123 434 1155 464 in
1168 434 1374 474 responsione

345 479 384 508 ad
408 479 550 515 tertium,
571 480 696 510 adverte
719 479 808 520 quod
827 478 997 509 differentia
1024 479 1200 508 secundum
1224 478 1373 517 possibile

313 522 363 552 vel
378 522 574 563 impossibile
597 523 710 554 dicitur
734 533 796 553 non
821 524 949 553 omnino
963 532 1027 562 per
1047 522 1194 552 accidens
1210 531 1243 552 se
1260 522 1372 552 habere

313 567 353 596 ad
376 567 568 607 appetitum;
591 574 621 597 et
644 567 732 607 quod
757 566 932 597 secundum
956 566 1036 595 hanc
1060 565 1160 595 differt
1183 575 1254 605 spes
1278 576 1296 596 a
1319 566 1373 596 de-

313 611 500 650 speratione.
525 611 619 641 Dedit
642 611 799 651 siquidem
822 613 944 640 Auctor
970 619 1083 649 parum
1106 609 1278 649 perseitatis
1298 609 1372 640 huic

311 654 502 685 differentiae
521 662 663 694 respectu
688 654 859 694 appetitus:
885 653 1039 693 quoniam
1063 659 1109 683 est
1127 653 1165 683 de
1180 653 1371 684 secundariis

312 698 507 735 differentiis,
532 699 654 728 nullam
677 697 940 728 constituentibus
964 696 1155 736 passionem.
1180 697 1258 737 Spes
1286 697 1372 728 enim

312 742 413 773 differt
436 753 454 773 a
482 742 698 782 desperatione
721 741 840 781 prim0,
866 751 921 781 per
951 740 1128 781 simplicem
1156 751 1318 772 accessum
1342 749 1372 773 et

310 796 470 817 recessum
493 797 511 816 a
533 787 620 816 bono
644 785 758 815 arduo:
783 795 839 825 per
861 785 1104 825 possibilitatem
1127 792 1234 816 autem
1258 792 1289 816 et
1311 785 1372 816 im-

310 830 566 870 possibilitatem,
599 829 796 860 secundario.
830 829 922 859 Unde
955 829 1012 859 etsi
1052 829 1227 869 desperatio
1265 830 1371 870 passio

310 874 456 905 sensitiva
479 885 544 904 non
564 880 708 904 causetur
724 872 783 903 nisi
800 883 818 902 a
834 873 920 903 bono
945 873 1045 904 arduo
1069 873 1233 904 aestimato
1250 873 1371 914 impos-

1429 435 1572 466 credatur
1590 436 1753 476 possibile:
1774 443 1810 468 ut
1823 447 1897 477 prae
1912 448 1944 469 se
1959 439 2063 472 ferunt
2083 442 2243 472 credentes
2262 441 2370 472 Deum
2388 442 2493 472 omni-

1428 486 1592 518 potentem
1621 480 1660 510 ad
1684 482 1899 520 superandum
1928 484 2036 515 omnia
2059 491 2186 525 peccata
2209 485 2337 521 mundi;
2363 492 2395 516 et
2417 486 2493 526 quia

1428 523 1627 554 aestimantes
1651 531 1725 555 sunt
1748 525 1806 555 sibi
1822 535 1989 568 nunquam
2013 528 2151 559 dandam
2165 529 2301 565 veniam,
2326 530 2493 570 desperant

1428 567 1466 596 de
1481 566 1545 597 vita
1561 574 1694 598 aeterna.
1710 586 1732 591 -
1747 568 1878 610 Aliquid
1901 577 2006 602 tamen
2026 573 2198 612 perseitatis
2216 573 2330 603 habere
2344 573 2377 603 in
2391 573 2493 604 littera

1427 610 1647 642 manifestatur
1667 622 1704 642 ex
1726 611 1797 649 hoc,
1821 614 1911 654 quod
1929 615 2082 646 terminus
2105 624 2213 648 motus
2238 617 2356 648 causati
2379 617 2417 647 ab
2437 627 2491 657 ap-

1426 654 1527 694 petitu
1552 661 1598 686 est
1621 655 1782 686 obiectum
1805 658 1978 697 appetitus:
2007 660 2047 689 ad
2069 659 2155 690 idem
2178 661 2264 691 enim
2293 670 2490 701 consequen-

1427 699 1506 728 dum
1534 705 1644 730 movet
1670 700 1759 740 quod
1783 702 1911 741 appetit.
1936 702 1977 733 Et
2000 713 2036 733 ex
2059 703 2232 736 differentia
2259 705 2340 736 inter
2370 705 2490 735 deside-

1426 743 1509 773 rium
1533 749 1564 773 et
1587 753 1686 783 spem,
1709 750 1814 784 potest
1836 745 1927 776 facile
1949 753 2065 786 patere.
2088 748 2182 779 Multi
2205 749 2291 779 enim
2313 748 2491 780 desiderant

1425 786 1647 827 principatum,
1673 788 1728 828 qui
1751 794 1857 819 tamen
1876 799 1942 820 non
1965 797 2092 829 sperant
2112 791 2214 823 illum.
2231 793 2272 823 Et
2291 793 2392 824 multa
2410 792 2488 823 diffi-

1427 830 1496 861 cilia
1519 832 1604 862 bona
1628 832 1905 872 concupiscuntur,
1929 843 2012 874 quae
2037 843 2103 864 non
2125 843 2298 875 sperantur,
2323 844 2489 877 propterea

1425 874 1501 915 quia
1533 885 1600 906 non
1632 875 1838 907 aestimantur
1867 878 1905 907 ab
1937 877 2158 918 appetentibus
2187 886 2224 910 ut
2252 880 2414 920 possibilia
2445 881 2488 911 eis

310 918 404 954 sibili,
430 918 606 958 desperatio
629 923 735 947 tamen
758 917 791 947 in
814 917 978 947 voluntate
1007 924 1153 948 causatur
1176 918 1372 961 quandoque
1425 919 1564 950 evenire:
1596 920 1680 950 unde
1699 927 1735 951 et
1758 920 1895 952 fatentur
1918 931 1950 952 se
1974 921 2198 962 concupiscere
2219 924 2486 961 veldesiderare,

310 972 347 992 ex
362 963 448 992 bono
471 962 571 992 arduo
596 961 718 998 sutum,
743 961 909 992 aestimato
930 962 1020 1002 quod
1043 971 1110 992 non
1133 961 1199 998 erit,
1224 962 1370 1002 quamvis
1426 969 1456 993 et
1479 973 1544 993 non
1569 973 1704 1004 sperare.

1239 1056 1279 1063 «A.

1074 1130 1392 1172 ARTICULUS
1422 1131 1720 1174 SECUNDUS

713 1232 868 1262 UTRUM
892 1231 988 1261 SPES
1012 1231 1078 1262 SIT
1103 1232 1146 1261 IN
1170 1231 1211 1262 VI
1235 1232 1577 1271 APPREHENSIVA,
1598 1233 1658 1263 AN
1682 1233 1724 1263 IN
1748 1233 1791 1263 VI
1814 1234 2073 1266 APPETITIVA

1025 1320 1055 1344 111
1075 1320 1159 1350 Sent„
1179 1319 1238 1345 dist.
1257 1327 1322 1350 xxVI.
1342 1328 1386 1353 qu.
1410 1329 1430 1350 1,
1450 1325 1497 1345 art.
1520 1329 1547 1352 r;
1567 1329 1611 1354 qu.
1630 1329 1657 1353 n,
1677 1327 1723 1347 art.
1743 1329 1768 1347 2.

342 1452 366 1470 s„
455 1444 474 1455 f
499 1430 537 1454 D
557 1429 746 1454 SECUNDUM
761 1428 814 1453 sxc
829 1428 1070 1454 PROCEDITUR.
1086 1417 1246 1454 Videtur
1261 1417 1367 1465 quod

515 1483 601 1519 spes
620 1469 804 1519 pertineat
823 1469 870 1506 ad
890 1469 970 1506 vim
996 1469 1238 1517 cognitivam.
1270 1471 1367 1518 Spes

303 1636 427 1667 autem
448 1635 465 1651 α
493 1629 594 1678 quod
616 1641 690 1666 non
718 1628 887 1665 videmus
905 1640 1112 1677 speramus,
1126 1640 1200 1677 per
1222 1630 1366 1676 patien-

303 1684 393 1720 tiam
421 1689 672 1731 expectamus.
704 1681 780 1718 Sed
810 1681 1018 1730 expectatio
1046 1681 1198 1718 videtur
1216 1683 1264 1719 ad
1284 1682 1363 1719 vim

304 1736 534 1785 cognitivam
562 1734 761 1784 pertinere,
788 1734 893 1772 cuius
921 1742 976 1771 est
1004 1740 1231 1784 exspectare.
1262 1736 1363 1783 Ergo

303 1802 389 1839 spes
418 1789 467 1826 ad
496 1787 726 1836 cognitivam
756 1787 928 1836 pertinet.

358 1854 392 1879 2.
421 1843 655 1887 PRAETEREA,
683 1840 787 1877 idem
817 1847 884 1886 est,
910 1847 952 1876 ut
969 1839 1132 1886 videtur,
1153 1840 1239 1889 spes
1259 1840 1365 1888 quod

302 1895 463 1932 fiducia:
492 1894 596 1931 unde
625 1901 662 1930 et
689 1900 883 1942 sperantes
906 1893 1131 1940 confidentes
1157 1905 1364 1940 vocamus,

303 1947 411 1998 quasi
438 1959 508 1996 pro
537 1946 677 1983 eodem
705 1953 854 1982 utentes
883 1957 929 1982 eo
959 1945 1065 1995 quod
1093 1953 1148 1981 est
1168 1946 1363 1982 confidere

304 2009 339 2038 et
367 2012 531 2049 sperare.
554 1999 631 2036 Sed
659 1998 811 2045 fiducia,
834 1998 930 2035 sicut
959 2005 994 2034 et
1015 1998 1126 2045 fides,
1146 1998 1296 2038 videtur
1315 1998 1364 2036 ad

301 2054 382 2091 vim
411 2052 642 2101 cognitivam
670 2051 869 2101 pertinere.
899 2052 1000 2099 Ergo
1030 2058 1067 2088 et
1094 2063 1193 2100 spes.

358 2107 392 2144 3.
423 2108 654 2152 Pmmnm,
685 2104 867 2142 certitudo
898 2112 954 2141 est
979 2104 1190 2153 proprietas
1211 2105 1364 2152 cogniti-

302 2172 374 2197 vae
403 2159 562 2197 virtutis.
594 2159 670 2196 Sed
699 2157 882 2194 certitudo
909 2157 1120 2194 attribuitur
1139 2158 1230 2206 spei.
1261 2159 1363 2206 Ergo

304 2226 390 2262 spes
419 2213 467 2250 ad
495 2212 575 2249 vim
604 2211 834 2259 cognitivam
860 2210 1032 2258 pertinet.

358 2267 433 2302 SED
461 2277 626 2311 CONTRA,
656 2277 742 2312 spes
772 2271 827 2300 est
859 2264 905 2300 de
940 2263 1066 2310 bon0‚
1097 2263 1192 2300 sicut
1220 2263 1363 2300 dictum

304 2327 359 2356 est
377 2318 407 2355 *.
432 2319 584 2355 Bonum
613 2325 753 2363 autern,
774 2316 1000 2365 inquantum
1028 2316 1261 2363 huiusmodi,
1286 2329 1364 2353 non

304 2379 359 2409 est
387 2371 579 2408 obiectum
607 2370 832 2418 cognitivae,
862 2369 930 2406 sed
959 2368 1185 2417 appetitivae
1204 2369 1362 2406 virtutis.

303 2426 405 2473 Ergo
434 2437 521 2473 spes
553 2436 632 2460 non
665 2422 826 2471 pertinet
858 2422 907 2459 ad
941 2422 1188 2469 cognitivam,
1218 2422 1285 2459 sed
1314 2422 1364 2459 ad

303 2477 548 2527 appetitivam
576 2476 767 2513 virtutem.

356 2532 580 2567 RESPONDEO
609 2540 792 2566 mcENDUM
817 2527 934 2576 quod,
955 2539 1043 2564 cum
1074 2539 1160 2575 spes
1184 2527 1364 2575 importet

304 2583 564 2621 extensionem
593 2581 789 2631 quandam
809 2580 996 2629 appetitus
1016 2580 1055 2616 in
1074 2581 1219 2617 bonurn
1237 2578 1263 2627 β,
1285 2593 1364 2617 ma-

302 2637 434 2674 nifeste
462 2636 623 2685 pertinet
649 2635 699 2672 ad
728 2634 974 2683 appetitivam
1006 2633 1207 2670 virtutem:
1237 2641 1365 2671 motus

303 2690 405 2727 enim
425 2690 474 2727 ad
493 2702 552 2726 res
580 2688 741 2737 pertinet
759 2686 911 2736 proprie
937 2686 987 2723 ad
1011 2686 1363 2734 appetitum..Actio

302 2756 395 2781 vero
424 2742 570 2780 virtutis
599 2741 811 2788 cognitivae
839 2739 1032 2788 perficitur
1051 2751 1130 2776 non
1150 2740 1363 2777 secundum

303 2804 452 2834 motum
474 2794 735 2843 cognoscentis
758 2793 806 2830 ad
827 2805 897 2839 reS,
919 2793 986 2829 sed
1005 2792 1130 2841 potius
1149 2793 1362 2830 secundum

303 2850 407 2898 quod
427 2861 486 2886 res
506 2848 676 2897 cognitae
697 2854 784 2884 sunt
802 2846 840 2883 in
861 2853 1114 2893 cognoscente
1129 2845 1159 2882 ⁵¹⁸.
1178 2846 1256 2883 Sed
1275 2845 1364 2894 quia

301 2903 360 2940 vis
389 2902 577 2950 cognitiva
609 2908 742 2938 movet
761 2899 1020 2948 appetitivam,
1042 2899 1363 2947 repraesentando

304 2956 338 2992 ei
367 2968 479 2992 suum
508 2955 718 2999 obiectum3
752 2952 964 2990 secundum
997 2951 1166 2989 diversas
1199 2951 1364 2988 rationes

304 3009 441 3046 obiecti
460 3007 698 3057 apprehensi,
715 3007 997 3054 subsequuntur
1017 3004 1156 3042 diversi
1174 3012 1301 3041 motus
1325 3005 1364 3042 in

302 3062 341 3098 vi
370 3061 585 3110 appetitiva.
615 3059 722 3096 Alius
752 3059 853 3096 enim
883 3066 1010 3095 motus
1040 3058 1210 3106 sequitur
1242 3058 1280 3095 in
1299 3070 1364 3107 ap—

303 3114 421 3163 petitu
450 3126 496 3151 ex
523 3112 827 3162 apprehensione
857 3111 958 3156 boni,
980 3118 1016 3148 et
1035 3111 1128 3148 alius
1154 3123 1199 3148 ex
1228 3123 1362 3160 appre—

302 3167 486 3204 hensione
515 3166 625 3203 mali:
656 3173 692 3202 et
720 3165 887 3202 similiter
907 3164 999 3201 alius
1018 3171 1146 3201 motus
1166 3176 1211 3200 ex
1230 3176 1363 3212 appre-

304 3221 488 3258 hensione
517 3218 724 3268 praesentis
753 3226 788 3254 et
816 3218 948 3264 futuri,
979 3217 1140 3254 absoluti
1169 3224 1205 3254 et
1233 3217 1361 3264 ardui,

357 3351 384 3383 α)
403 3354 501 3376 autem.
519 3364 538 3369 -
555 3350 617 3375 Om.
637 3350 747 3374 codices.

358 3385 382 3419 β)
403 3387 507 3411 bonum.
525 3399 543 3404 -
561 3385 694 3418 quoddam
714 3386 809 3410 bonum
830 3385 931 3409 codices
951 3390 975 3409 et
993 3393 1019 3410 a.

1420 1417 1610 1466 possibilis
1640 1425 1675 1454 et
1703 1418 1960 1467 impossibilis.
1981 1420 2030 1456 Et
2053 1421 2266 1458 secundum
2285 1424 2371 1470 hoc,
2398 1437 2485 1473 spes

1421 1477 1477 1507 est
1505 1478 1632 1507 motus
1656 1471 1884 1519 appetitivae
1908 1472 2056 1509 virtutis
2083 1485 2321 1522 consequens
2349 1488 2485 1526 appre-

1420 1523 1646 1560 hensionem
1680 1524 1771 1560 boni
1804 1524 1918 1561 futuri
1951 1525 2059 1562 ardui
2086 1526 2276 1574 possibilis
2305 1528 2482 1578 adipisci,

1420 1576 1561 1613 scilicet
1580 1576 1748 1613 extensio
1769 1577 1957 1625 appetitus
1975 1577 2015 1614 in
2034 1579 2255 1616 huiusmodi
2275 1581 2482 1621 obiectum.

1473 1631 1532 1666 An
1556 1641 1693 1667 ramum
1721 1641 1820 1666 ERGO
1848 1642 2033 1667 DICENDUM
2060 1632 2177 1680 quod,
2198 1632 2288 1681 quia
2315 1645 2404 1683 spes
2426 1647 2484 1672 re-

1420 1682 1528 1730 spicit
1556 1682 1605 1719 ad
1634 1683 1782 1719 bonum
1810 1682 2002 1731 possibile,
2023 1683 2186 1732 insurgit,
2199 1685 2397 1734 dupliciter
2414 1688 2484 1727 ho-

1420 1734 1513 1771 mini
1545 1742 1673 1772 motus
1708 1735 1807 1783 spei,
1837 1735 1933 1772 sicut
1966 1736 2164 1785 dupliciter
2197 1745 2252 1775 est
2280 1738 2313 1776 ei
2339 1739 2491 1788 aliquid.

1418 1788 1616 1836 possibile:
1652 1787 1792 1825 scilicet
1824 1788 2038 1826 secundum
2064 1790 2260 1839 propriam
2279 1791 2481 1841 virtutem,

1419 1847 1456 1877 et
1474 1841 1687 1878 secundum
1706 1840 1886 1878 virtutem
1907 1842 2067 1879 alterius.
2099 1843 2218 1890 Quod
2239 1856 2328 1892 ergo
2347 1845 2484 1895 aliquis

1418 1901 1544 1942 sperat
1561 1906 1632 1942 per
1648 1894 1842 1943 propriam
1861 1894 2042 1932 virtutem
2062 1896 2230 1945 adipisci,
2251 1910 2330 1935 non
2349 1898 2485 1936 dicitur

1419 1953 1637 1994 expectare,
1667 1947 1736 1983 sed
1764 1959 1915 1995 sperare
1947 1955 2106 1986 tanturn.
2141 1949 2220 1986 Sed
2247 1951 2400 1999 proprie
2428 1951 2484 1990 di-

1419 1999 1514 2036 citur
1547 2006 1746 2048 expectare
1783 2000 1889 2048 quod
1926 2008 2054 2049 sperat
2086 2013 2132 2038 ex
2163 2003 2303 2040 auxilio
2335 2003 2483 2042 virtutis

1417 2052 1582 2089 alienae:
1611 2059 1653 2088 ut
1681 2051 1826 2089 dicatur
1853 2059 2070 2101 exspectare
2096 2054 2206 2102 quasi
2224 2067 2274 2092 ex
2299 2055 2376 2094 alio
2402 2069 2484 2105 spe·

1417 2111 1531 2151 ctare,
1560 2104 1785 2153 inquantum
1815 2105 1955 2142 scilicet
1979 2106 2039 2143 vis
2067 2108 2346 2156 apprehensiva
2373 2122 2483 2159 prae-

1418 2158 1558 2195 cedens
1590 2170 1671 2195 non
1703 2159 1829 2195 solum
1864 2159 2015 2207 respicit
2043 2160 2092 2197 ad
2120 2161 2266 2198 bonum
2294 2163 2400 2211 quod
2427 2163 2482 2200 in-

1417 2211 1536 2248 tendit
1564 2211 1736 2260 adipisci,
1767 2211 1836 2248 secl
1863 2211 1978 2248 etiam
2011 2212 2061 2250 ad
2088 2213 2180 2251 illud
2209 2214 2317 2252 cuius
2343 2215 2481 2253 virtute

1418 2263 1575 2312 adipisci
1596 2271 1738 2312 sperat;
1764 2265 1976 2302 secundum
1997 2265 2090 2303 illud
2103 2267 2219 2304 Eccli.
2236 2279 2271 2304 ιι
2289 2267 2329 2304 *t
2349 2269 2482 2316 Respi-

1417 2317 1517 2354 ciens
1544 2328 1650 2353 eram
1679 2317 1730 2353 ad
1755 2317 1983 2354 adiutorium
2001 2319 2209 2356 hominum.
2238 2320 2371 2357 Motus
2389 2333 2480 2369 ergo

1418 2369 1498 2418 spei
1527 2369 1759 2418 quandoque
1785 2369 1919 2406 dicitur
1938 2371 2160 2419 expectatio,
2181 2379 2338 2420 propter
2356 2373 2481 2423 inspe-

1418 2422 1583 2459 ctionem
1610 2421 1758 2459 virtutis
1786 2422 1996 2470 cognitivae
2021 2425 2328 2471 praecedentem.

1470 2477 1529 2512 An
1557 2487 1747 2512 SECUNDUM
1766 2487 1950 2512 DtOENDUM
1975 2476 2080 2524 quod
2107 2476 2198 2514 illud
2227 2478 2333 2526 quod
2359 2479 2480 2516 homo

1418 2527 1617 2574 desiderat,
1649 2534 1685 2564 et
1713 2527 1887 2565 aestimat
1914 2540 1954 2564 se
1982 2540 2098 2576 posse
2116 2534 2133 2557 Υ
2160 2529 2334 2578 adipisci,
2364 2531 2483 2569 credit

1418 2593 1458 2617 se
1477 2580 1728 2628 adepturum:
1760 2587 1796 2616 et
1815 2592 1861 2617 ex
1879 2580 1943 2617 tali
1962 2581 2039 2618 fide
2059 2581 2097 2618 in
2117 2582 2307 2629 cognitiva
2327 2595 2480 2632 praece-

1419 2633 1548 2680 dente,
1577 2641 1706 2670 motus
1735 2645 1899 2681 sequens
1925 2633 1963 2670 in
1992 2634 2162 2682 appetitu
2189 2635 2331 2672 fiducia
2358 2636 2482 2674 norni-

1417 2694 1538 2724 natur.
1559 2685 1840 2723 Denominatur
1858 2686 1960 2723 enim
1981 2694 2109 2724 motus
2129 2687 2357 2737 appetitivus
2375 2701 2398 2726 a
2418 2701 2482 2727 co-

1417 2739 1581 2788 gnitione
1595 2739 1862 2787 praecedente,
1877 2738 1973 2776 sicut
1993 2739 2149 2777 effectus
2166 2753 2212 2778 ex
2231 2753 2345 2779 causa
2359 2742 2485 2790 magis¹

1417 2800 1524 2830 nota:
1541 2792 1662 2839 magis
1678 2791 1778 2828 enim
1793 2792 1987 2839 cognoscit
2000 2793 2059 2830 vis
2074 2794 2353 2842 apprehensiva
2367 2807 2480 2832 suum

1417 2853 1544 2882 actum
1573 2857 1691 2892 quam
1719 2852 1846 2882 actum
1876 2845 2116 2894 appetitivae.

1469 2900 1528 2935 An
1555 2909 1715 2935 TERTmM
1733 2909 1918 2935 DICENDUM
1939 2899 2044 2946 quod
2065 2899 2249 2936 certitudo
2270 2900 2482 2938 attribuitur

1418 2951 1539 2988 motui
1572 2963 1651 2988 non
1678 2951 1804 2988 solum
1838 2952 2026 3000 appetitus
2055 2952 2239 3000 sensitivi,
2269 2953 2336 2990 sed
2364 2953 2480 2992 etiam

1417 3004 1604 3053 appetitus
1623 3004 1802 3041 naturalis
1820 3003 1860 3041 *z
1890 3004 1985 3041 sicut
2013 3005 2147 3042 dicitur
2164 3007 2270 3053 quod
2289 3006 2383 3054 lapis
2402 3019 2480 3044 cer·
2506 3021 2517 3032 ·

1417 3057 1660 3094 titudinaliter
1686 3057 1806 3094 tendit
1837 3057 2031 3095 deorsum.
2061 3059 2111 3095 Et
2137 3059 2211 3095 hoc
2239 3066 2396 3108 propter
2423 3059 2478 3097 in-

1417 3110 1674 3147 fallibilitatem
1704 3122 1821 3158 quam
1850 3111 1965 3147 habet
1990 3123 2036 3148 ex
2055 3111 2278 3149 certitudine
2298 3112 2485 3160 cognitio--

1418 3163 1475 3200 nis
1503 3175 1601 3212 quae
1620 3163 1813 3211 praecedit
1837 3170 1987 3200 motum
2011 3165 2198 3213 appetitus
2218 3165 2396 3214 sensitivi,
2414 3165 2478 3203 vei

1419 3216 1532 3253 etiam
1561 3215 1750 3254 naturalis.

1469 3349 1496 3382 γ)
1511 3356 1599 3380 posse.
1617 3363 1636 3367 -
1648 3349 1775 3381 possibile
1792 3348 2006 3373 ABCDEFGKL.
2043 3359 2047 3362 ·

2508 2281 2518 2292 ·
2533 2281 2600 2304 ven.
2612 2287 2645 2304 ro.
