2852 4152
101 723 159 773 ἔτὲἶὲ.
169 730 208 752 qn.
218 730 265 751 xm,
276 723 314 745 In-

103 2967 114 2977 ·
126 2966 187 2988 Vide
195 2969 239 2989 art.
249 2973 312 2995 seq.;

102 2992 180 3022 aeqn.
194 2997 312 3018 min-rt.

101 3025 128 3047 ²5
142 3025 200 3047 zur,
215 3023 257 3042 art.
273 3026 291 3041 ι.

1036 219 1301 271 QUAESTIO
1331 221 1450 267 XLV,
1480 220 1776 257 ARTICULUS
1806 222 1819 257 1

2443 222 2517 269 287

712 397 1120 473 QUAESTIO
1161 400 2115 478 QUADRAGESIMAQUINTA

1226 518 1311 558 DE
1343 519 1622 560 AUDACIA

1125 624 1159 648 lN
1188 623 1360 654 QUATUOR
1387 624 1588 650 ARTICULOS
1616 625 1732 650 DIVlSA

423 724 530 751 emma
559 713 878 751 considerandum
909 723 964 752 est
993 716 1039 753 de
1067 716 1226 753 audacia
1244 716 1275 753 ²⁸.

423 767 473 803 Et
500 765 598 803 circa
625 767 700 804 hoc
728 775 960 816 quaeruntur
987 777 1161 817 quatuor.

392 818 545 856 Primo:
573 826 701 856 utrum
731 820 890 857 audacia
917 821 964 858 sit
992 822 1178 858 contraria
1206 821 1343 858 timori.

1506 717 1706 754 Secundo:
1727 718 1923 767 quomodo
1939 718 2098 756 audacia
2112 731 2152 756 se
2171 719 2310 756 habeat
2325 719 2374 756 ad
2389 731 2509 768 spem.

1507 770 1659 806 Tertio:
1690 770 1736 806 de
1766 783 1879 807 causa
1906 771 2100 808 audaciae.

1507 822 1675 868 Quarto:
1705 823 1752 859 de
1781 823 1918 860 effectu
1945 823 2072 872 ipsius.

1150 929 1466 972 ARTICULUS
1495 930 1702 972 PRIMUS

964 1023 1120 1053 UTRUM
1143 1022 1337 1054 AUDACIA
1361 1022 1427 1053 SIT
1452 1022 1703 1054 CONTRARIA
1729 1023 1882 1055 TIMORI

1245 1100 1337 1133 Supra,
1357 1108 1401 1133 qu.
1419 1108 1488 1130 xxm,
1508 1106 1554 1126 art.
1575 1108 1599 1126 2.

424 1207 433 1229 ι
521 1210 526 1218 »
549 1201 571 1225 n
599 1200 737 1225 ptumum
765 1200 818 1225 sm
845 1199 1085 1224 PROCEDITUR.
1105 1187 1264 1224 Videtur
1291 1188 1398 1235 quod

367 1233 413 1259 '·'
479 1233 524 1259 ''⁷³'‘
549 1240 708 1278 audacia
742 1253 822 1278 non
858 1240 1104 1276 contrarietur
1131 1240 1268 1276 timori.
1299 1240 1398 1276 Dicit

337 1397 563 1444 est.‚Vitium
592 1404 720 1434 autem
744 1396 871 1434 virtuti
898 1396 1156 1433 contrariatur.
1177 1397 1278 1433 Cum
1308 1408 1397 1444 ergo

275 1450 281 1451 ’
336 1449 452 1487 timor
479 1462 558 1486 non
576 1449 623 1486 sit
648 1449 780 1496 virtus,
801 1448 868 1486 sed
895 1448 1035 1497 passio,
1054 1448 1204 1486 videtur
1232 1449 1336 1497 quod
1355 1449 1397 1486 ti-

337 1502 436 1540 mori
463 1514 543 1539 non
572 1501 820 1539 contrarietur
847 1501 1007 1538 audacia
1036 1506 1064 1537 α.

391 1567 427 1592 2.
447 1556 690 1602 PRAETEREA,
718 1554 784 1591 uni
811 1566 933 1591 unum
961 1561 1018 1590 est
1054 1553 1296 1590 contrarium.
1322 1555 1398 1592 Sed

337 1607 463 1650 timori
482 1607 738 1646 ‘contrariatur
771 1619 869 1656 spes.
900 1608 992 1644 Non
1029 1618 1119 1655 ergo
1153 1606 1399 1644 contrariatur

339 1660 374 1699 ei
392 1660 571 1703 laudacia.

345 1736 347 1739 v
394 1715 428 1752 3.
449 1715 683 1761 PRAETEREA,
701 1725 958 1762 unaquaeque
975 1712 1102 1761 passio
1122 1711 1286 1749 excludit
1313 1726 1399 1762 pas-

339 1766 488 1805 sionem
516 1766 744 1816 oppositam.
775 1767 852 1803 Sed
879 1765 918 1803 id
953 1765 1057 1814 quod
1096 1765 1303 1802 excluditur
1330 1779 1399 1814 per

337 1818 606 1867 timorem,-est
631 1818 832 1856 securitas:
862 1818 949 1856 dicit
976 1817 1079 1855 enim
1098 1818 1343 1866 Augustinus,
1366 1820 1398 1856 II

344 1873 512 1920 ,Conse-53.
532 1871 565 1920 *‚
585 1872 691 1920 quod
719 1872 832 1908 timor
848 1871 1041 1908 securitati
1058 1877 1274 1919 praecavet.
1296 1873 1398 1920 Ergo

339 1925 520 1966 securitas
549 1924 797 1962 contrariatur
823 1924 962 1962 timori.
988 1924 1079 1961 Non
1109 1936 1198 1972 ergo
1227 1924 1397 1962 audacia.

393 1978 468 2015 SED
497 1989 643 2018 CONTRA
669 1989 736 2015 EST
763 1977 868 2026 quod
891 1977 1146 2025 Philosophus
1179 1976 1278 2024 dicit,
1298 1977 1337 2014 in
1366 1979 1398 2014 II

295 2052 302 2059 ·
338 2031 527 2068 Rhetoric.
547 2030 580 2078 ³¹²,
600 2030 706 2079 quod
733 2030 894 2067 audacia
922 2036 977 2066 est
1002 2030 1130 2066 timori
1155 2031 1357 2067 contraria.

344 2115 348 2117 .
392 2085 618 2122 Responnsso
646 2094 834 2120 mcENDuM
862 2084 968 2131 quod
1000 2082 1047 2120 de
1075 2082 1220 2120 ratione
1253 2089 1400 2120 contra-

339 2136 483 2179 riorum
513 2143 568 2174 est
594 2136 700 2185 quod
726 2136 895 2173 maxime
921 2147 946 2172 a
967 2147 1007 2172 se
1034 2135 1175 2181 distent,
1199 2143 1240 2172 ut
1268 2135 1401 2173 dicitur

287 2205 311 2216 -·
339 2189 378 2227 in
406 2190 442 2227 X
467 2190 683 2238 Metaphys.
705 2189 724 2210 *
745 2189 840 2226 Illud
867 2195 996 2225 autem
1025 2188 1129 2237 quod
1157 2188 1322 2225 maxime
1347 2188 1400 2225 di-

304 2236 311 2243 ·
339 2250 411 2282 stat
441 2254 464 2279 a
491 2242 650 2289 timore,
679 2249 736 2278 est
771 2241 950 2278 audacia:
983 2241 1098 2278 timor
1130 2240 1233 2277 enirn
1268 2241 1402 2289 refugit

339 2302 616 2334 nocumentum
639 2294 820 2340 futurum,
840 2301 996 2342 propter
1015 2293 1093 2330 eius
1119 2293 1319 2331 victoriam
1339 2306 1400 2330 su-

338 2359 409 2398 per
434 2347 562 2396 ipsum
585 2347 801 2392 timentem;
830 2346 899 2383 sed
918 2345 1077 2383 audacia
1104 2343 1317 2393 aggreditur
1334 2359 1400 2395 pe-

338 2400 498 2439 riculum
534 2399 757 2446 imminens,
785 2406 941 2447 propter
967 2398 1168 2436 victoriam
1201 2399 1258 2436 sui
1286 2411 1400 2448 supra

338 2453 464 2502 ipsum
490 2453 715 2502 periculum.
736 2451 848 2489 Unde
877 2451 1073 2488 manifeste
1100 2451 1225 2488 timori
1254 2459 1400 2489 contra-

338 2506 454 2544 riatur
480 2505 650 2543 audacia.

1504 1189 1564 1225 An
1584 1200 1720 1225 PRIMUM
1749 1201 1847 1226 ERGO
1866 1201 2050 1227 mCENDUM
2079 1189 2183 1238 quod
2204 1190 2258 1227 ira
2278 1198 2315 1227 et
2341 1190 2512 1238 audacia,

1454 1248 1490 1277 et
1517 1241 1691 1278 omnium
1718 1241 1939 1290 passionum
1969 1242 2137 1290 nomina,
2168 1242 2366 1291 dupliciter
2393 1243 2513 1292 accipi

1453 1301 1623 1341 possunt.
1653 1294 1740 1330 Uno
1769 1295 1906 1341 modo,
1936 1296 2147 1333 secundum
2177 1296 2281 1344 quod
2309 1295 2515 1344 important

1454 1346 1625 1382 absolute
1645 1354 1772 1383 motus
1801 1347 1987 1395 appetitus
2012 1348 2179 1385 sensitivi
2207 1348 2247 1385 in
2274 1348 2428 1397 aliquod
2447 1350 2514 1385 ob-

1453 1397 1594 1434 iectur'n
1627 1398 1772 1435 bonum
1804 1400 1866 1436 vel
1895 1401 2059 1450 malum:
2090 1408 2127 1437 et
2158 1401 2210 1437 sic
2238 1408 2324 1438 sunt
2355 1401 2512 1438 nomina

1453 1450 1687 1498 passionum.
1704 1451 1788 1487 Alio
1805 1452 1937 1499 modo,
1951 1454 2161 1490 secundum
2177 1454 2281 1502 quod
2297 1453 2408 1490 simul
2425 1466 2512 1491 cum

1454 1502 1674 1539 huiusmodi
1703 1511 1811 1539 motu
1847 1504 2052 1552 important
2083 1518 2276 1542 recessum
2303 1507 2351 1542 ab
2381 1506 2513 1543 ordine

1455 1555 1627 1591 rationis:
1644 1562 1680 1591 et
1698 1555 1751 1591 sic
1765 1563 1851 1592 sunt
1865 1556 2021 1593 nomina
2035 1557 2226 1594 vitiorum.
2243 1559 2292 1595 Et
2305 1559 2380 1595 hoc
2394 1560 2513 1596 modo

1454 1608 1621 1655 loquitur
1648 1608 1879 1655 Augustinus
1909 1609 1956 1645 de
1993 1610 2170 1647 audacia:
2201 1611 2268 1647 sed
2296 1623 2366 1647 nos
2393 1612 2512 1660 loqui-

1455 1673 1543 1698 mur
1562 1673 1664 1697 nunc
1683 1661 1731 1698 de
1745 1660 1904 1697 audacia
1924 1662 2136 1699 secundum
2150 1662 2318 1711 primum
2339 1663 2512 1701 modum.

1506 1715 1566 1750 An
1580 1725 1771 1750 SECUNDUM
1780 1725 1965 1752 mcENDUM
1979 1715 2084 1763 quod
2098 1715 2163 1752 uni
2177 1715 2389 1752 secundum
2398 1715 2513 1764 idem,

1454 1778 1533 1803 non
1552 1774 1638 1802 sunt
1656 1767 1766 1814 plura
1793 1766 2000 1804 contraria:
2029 1768 2096 1805 sed
2116 1768 2328 1805 secundum
2351 1768 2514 1816 diversa,

1454 1819 1544 1856 nihil
1563 1819 1740 1867 prohibet
1757 1819 1822 1856 uni
1849 1820 1957 1868 plura
1976 1820 2206 1858 contrariari.
2227 1822 2277 1857 Et
2294 1820 2348 1857 sic
2371 1821 2514 1859 dictum

1455 1880 1511 1909 est
1538 1883 1654 1920 supra
1671 1871 1691 1893 ²¹²
1714 1872 1819 1920 quod
1846 1872 2043 1920 passiones
2070 1873 2264 1910 irascibilis
2283 1874 2426 1911 habent
2445 1875 2512 1912 du-

1454 1925 1592 1973 plicem
1622 1924 1944 1962 contrarietatem:
1971 1938 2087 1964 unam
2116 1926 2328 1964 secundum
2361 1927 2514 1975 opposi-

1454 1977 1598 2014 tionem
1635 1976 1727 2014 boni
1756 1984 1792 2013 et
1823 1978 1934 2024 mali,
1965 1986 2001 2014 et
2029 1978 2082 2015 sic
2118 1979 2230 2015 timor
2267 1980 2515 2017 contrariatur

1456 2030 1557 2079 spei;
1586 2029 1698 2066 aliam
1727 2030 1938 2067 secundum
1965 2031 2246 2079 oppositionem
2276 2044 2450 2070 accessus
2479 2040 2515 2070 et

1455 2094 1626 2120 recessus
1644 2082 1676 2129 ²²²,
1698 2089 1734 2119 et
1761 2082 1814 2119 sic
1832 2083 1958 2120 timori
1978 2084 2223 2121 contrariatur
2242 2085 2413 2133 audacia,
2433 2086 2514 2134 spei

1455 2148 1549 2172 vero
1579 2135 1804 2183 desperatio.
2420 2172 2425 2173 ⁷

1508 2190 1566 2224 An
1594 2199 1754 2224 TER'rium
1772 2200 1956 2225 mcENDUM
1976 2189 2081 2238 quod
2109 2189 2287 2226 securitas
2306 2202 2385 2226 non
2403 2190 2514 2238 signi-

1455 2241 1545 2277 ficat
1571 2240 1714 2288 aliquid
1742 2241 1973 2277 contrarium
2001 2241 2140 2288 timori,
2161 2242 2229 2278 sed
2256 2243 2378 2279 solam
2404 2242 2514 2279 timo—

1456 2293 1505 2330 ris
1534 2293 1807 2330 exclusionem:
1837 2293 1898 2329 ille
1927 2293 2028 2330 enim
2062 2294 2194 2331 dicitur
2227 2307 2308 2331 esse
2338 2307 2513 2343 securus,

1455 2345 1520 2394 qui
1548 2358 1628 2382 non
1655 2345 1772 2382 timet.
1802 2345 1913 2383 Unde
1942 2346 2120 2383 securitas
2149 2347 2355 2395 opponitur
2388 2347 2515 2385 timori

1455 2399 1550 2435 sicut
1576 2398 1759 2447 privatio:
1789 2398 1948 2436 audacia
1975 2407 2103 2436 autem
2137 2399 2232 2436 sicut
2270 2400 2513 2438 contrarium.

1456 2452 1505 2488 Et
1533 2451 1628 2488 sicut
1662 2451 1892 2488 contrarium
1921 2451 2078 2490 includit
2104 2452 2143 2489 in
2171 2465 2210 2489 se
2238 2453 2513 2502 privationem,

1455 2503 1506 2540 ita
1533 2503 1692 2540 audacia
1719 2504 1970 2541 securitatem.

393 2619 421 2652 α)
440 2618 532 2643 timori
550 2625 603 2642 non
621 2617 805 2642 contrarietur
823 2617 948 2642 audacia.
959 2630 978 2635 -
992 2617 1074 2642 timor
1095 2624 1146 2641 non
1166 2617 1349 2642 contrarietur
1367 2617 1497 2642 audaciae
1517 2617 1687 2642 ABCDFGK.

1014 2695 1345 2728 Commentafia
1367 2695 1618 2728 Cardinalis
1639 2695 1839 2728 Caietam

370 2794 391 2815 Ν
414 2790 481 2815 tota
498 2783 682 2824 quaestione
701 2783 1051 2823 quadragesimaquinta
1064 2792 1168 2813 unum
1187 2783 1323 2814 occurrit
1342 2783 1400 2814 du-

343 2797 479 2860 Ibium:
503 2827 672 2868 quomodo
687 2826 805 2857 scilicet
825 2827 948 2858 malum
970 2827 1010 2858 sit
1027 2827 1189 2858 obiectum
1203 2826 1361 2858 audaciae.
1379 2844 1400 2850 -

340 2875 407 2904 Aut
429 2872 515 2904 enim
538 2878 585 2902 est
602 2871 764 2902 obiectum
787 2871 854 2901 eius
882 2881 938 2912 per
961 2881 1010 2908 se,
1034 2878 1089 2902 aut
1111 2881 1167 2911 per
1190 2871 1343 2902 accidens.
1369 2870 1401 2901 Si

340 2927 396 2958 per
419 2926 462 2954 se,
478 2926 553 2956 ergo
569 2922 678 2947 motus
694 2914 851 2955 appetitus
866 2914 1085 2954 prosecutivus
1101 2921 1148 2945 est
1163 2924 1218 2954 per
1242 2924 1274 2945 se
1297 2924 1400 2954 respe-

341 2966 392 2992 ctu
417 2959 502 2991 mali.
521 2959 622 2991 Cuius
646 2959 834 3000 oppositum
853 2959 973 2990 dictum
989 2965 1036 2989 est
1057 2958 1091 2994 *;
1118 2965 1148 2988 et
1171 2968 1283 2988 omnes
1302 2957 1400 2989 faten-

340 3012 401 3041 tur,
419 3004 556 3035 dicentes
572 3003 694 3034 malurn
710 3013 776 3034 esse
793 3003 882 3044 quod
898 3002 1006 3033 omnia
1029 3001 1165 3042 fugiunt,
1182 3002 1263 3032 sicut
1277 3002 1401 3032 bonum

341 3049 431 3090 quod
446 3048 555 3079 omnia
569 3054 733 3088 appetunt.
745 3065 765 3070 —
780 3047 813 3078 Si
836 3057 892 3086 per
907 3047 1061 3082 accidens,
1079 3055 1153 3086 ergo
1172 3046 1268 3077 habet
1282 3046 1402 3087 aliquid

341 3093 428 3124 aliud
450 3103 507 3133 per
526 3101 559 3123 se
581 3092 758 3123 obiectum:
781 3091 863 3122 sicut
881 3097 967 3131 patet
989 3091 1021 3121 in
1038 3090 1146 3121 ceteris
1165 3089 1402 3130 operationibus

341 3147 461 3173 sensus,
484 3135 659 3167 intellectus
684 3143 715 3167 et
737 3135 914 3176 appetitus;
939 3135 1087 3165 dicuntur
1110 3134 1196 3164 enim
1218 3133 1325 3175 aliqua
1346 3144 1403 3174 per

342 3181 484 3213 accidens
507 3180 582 3217 visa,
600 3180 716 3216 audita,
732 3179 899 3216 intellecta,
917 3178 1069 3220 appetita,
1094 3178 1168 3219 quia
1191 3185 1320 3218 propter
1342 3177 1404 3208 alia

340 3225 417 3261 visa,
434 3230 566 3260 sensata,
583 3223 717 3265 cognita,
735 3223 917 3259 desiderata,
934 3223 1140 3262 attinguntur.
1156 3222 1199 3252 Et
1212 3227 1288 3252 tunc
1307 3231 1402 3262 quae-

340 3275 443 3300 ratur:
469 3268 568 3306 Quod
590 3275 637 3299 est
659 3267 819 3299 obiectum
834 3277 891 3308 per
913 3276 946 3297 se
969 3266 1126 3302 audaciae,
1142 3276 1182 3296 an
1204 3266 1339 3304 bonum,
1363 3275 1403 3296 an

341 3311 486 3344 malum?
508 3330 530 3336 -
545 3313 586 3343 Et
609 3318 741 3352 augetur
764 3311 942 3347 difficultas,
966 3311 1043 3352 quia
1063 3313 1186 3341 Auctor
1207 3309 1291 3340 varie
1313 3309 1403 3350 loqui

340 3358 479 3388 videtur:
500 3357 534 3387 in
557 3363 612 3387 art.
632 3366 660 3393 2,
677 3357 718 3387 ad
739 3356 767 3392 3,
783 3365 926 3396 expresse
945 3355 1052 3386 dicens
1068 3354 1233 3385 audaciam
1250 3353 1403 3394 respicere

342 3401 477 3438 malum;
503 3407 533 3431 et
555 3400 587 3430 in
607 3407 662 3431 art.
679 3410 711 3440 4,
736 3399 775 3430 ad
800 3409 829 3436 2,
854 3399 960 3430 dicens
983 3399 1143 3430 obiectum
1166 3397 1313 3428 audaciae
1337 3407 1403 3428 esse

343 3445 559 3486 compositum
583 3455 619 3475 ex
642 3445 729 3475 bono
753 3450 783 3475 et
805 3443 902 3474 malo.

397 3490 434 3520 11.
454 3489 505 3520 Ad
528 3489 623 3519 huius
647 3487 836 3518 difficultatis
860 3486 1058 3523 evidentiam,
1082 3486 1196 3527 primo,
1223 3485 1403 3516 referendus

345 3540 390 3564 est
412 3539 500 3565 actus
523 3533 671 3564 audaciae
688 3542 787 3573 purus
811 3532 851 3562 ad
867 3531 1033 3572 proprium
1057 3530 1234 3567 obiectum3
1252 3530 1401 3566 secundo,

1454 2782 1634 2814 referendus
1657 2790 1704 2813 est
1726 2783 1812 2813 idem
1835 2790 1867 2814 et
1888 2783 2065 2814 secundum
2080 2793 2122 2819 se,
2140 2790 2170 2814 et
2193 2791 2229 2814 ut
2251 2784 2440 2825 participans
2454 2786 2515 2816 vir-

1454 2827 1578 2858 tualiter
1589 2836 1690 2867 spem,
1702 2827 1736 2857 in
1748 2837 1844 2858 suum
1858 2827 2019 2857 obiectum
2030 2827 2063 2857 *ι
2078 2827 2123 2858 sic
2135 2827 2221 2858 enim
2236 2828 2349 2858 melius
2362 2829 2516 2861 elucescet

1454 2865 1576 2902 veritas.
1594 2871 1710 2908 Quoad
1726 2871 1877 2911 primum,
1901 2871 1978 2901 istae
1994 2871 2075 2901 duae
2091 2871 2262 2911 passiones,
2280 2872 2396 2903 scilicet
2419 2874 2514 2904 auda-

1455 2914 1501 2944 cia
1526 2921 1557 2945 et
1579 2914 1766 2955 desperatio,
1783 2914 1918 2946 similem
1942 2914 2089 2955 ingerunt
2108 2914 2341 2946 difficultatem:
2367 2917 2441 2958 quia
2455 2917 2515 2948 ista

1455 2964 1501 2988 est
1523 2959 1563 2988 ad
1586 2959 1718 2994 malum,
1736 2965 1765 2989 et
1788 2958 1841 2989 illa
1864 2969 1882 2988 a
1903 2959 2008 2994 bono;
2031 2968 2067 2989 ac
2090 2968 2146 2999 per
2163 2958 2234 2995 hoc,
2253 2966 2361 2990 contra
2383 2968 2512 2992 naturae

1455 3002 1600 3032 ordinem
1617 3002 1764 3033 videntur
1787 3013 1819 3032 se
1837 3002 1960 3033 habere.
1985 3002 2018 3032 Si
2041 3003 2112 3043 quis
2135 3009 2242 3033 tamen
2265 3004 2405 3035 advertat
2426 3005 2515 3046 quod

1454 3046 1488 3076 in
1511 3046 1763 3086 concupiscibili,
1788 3046 1878 3077 cuius
1907 3046 2068 3077 obiectum
2091 3053 2138 3077 est
2168 3047 2292 3078 bonum
2314 3048 2364 3078 vel
2393 3049 2515 3080 malum

1455 3089 1616 3126 absolute,
1641 3090 1728 3120 nulla
1751 3097 1798 3121 est
1819 3090 1882 3122 hoc
1910 3091 2010 3120 modo
2035 3090 2161 3130 passio,
2186 3091 2241 3123 sed
2267 3098 2409 3132 respectu
2437 3092 2514 3124 boni

1456 3143 1568 3164 omnes
1591 3141 1666 3164 sunt
1687 3134 1918 3174 prosecutivae,
1942 3141 1973 3165 et
1995 3141 2139 3175 respectu
2162 3135 2237 3166 mali
2260 3135 2442 3167 refutativae
2465 3136 2516 3167 vel

1456 3177 1619 3218 fugitivae;
1640 3177 1784 3208 coniiciet
1806 3177 1895 3218 quod
1917 3177 2036 3220 aliquid
2058 3177 2153 3209 habet
2174 3185 2240 3209 tam
2262 3179 2385 3210 bonum
2417 3190 2516 3222 quarn

1456 3221 1577 3252 malum
1593 3231 1630 3251 ex
1652 3221 1686 3262 ly
1708 3221 1822 3258 arduo,
1842 3231 1899 3262 per
1921 3222 2010 3263 quod
2033 3221 2229 3253 contrahitur
2250 3223 2373 3254 bonum
2396 3231 2427 3254 et
2449 3234 2515 3254 ma-

1455 3265 1524 3296 lum
1554 3266 1595 3295 ad
1622 3265 1783 3296 obiectum
1809 3265 1970 3296 irascibilis
2001 3266 2145 3297 habentis
2174 3267 2251 3297 tales
2278 3267 2449 3307 passiones.
2474 3269 2515 3299 Et

1455 3319 1528 3340 vere
1550 3309 1595 3340 sic
1617 3316 1679 3340 est:
1704 3316 1735 3340 et
1752 3316 1918 3350 propterea
1931 3310 1966 3341 in
1990 3310 2227 3351 concupiscibili
2249 3311 2337 3342 nulla
2356 3311 2425 3342 talis
2444 3322 2515 3352 pas—

1457 3354 1503 3384 sio
1519 3353 1686 3384 invenitur.
1704 3353 1792 3391 Quid
1806 3360 1914 3385 autem
1927 3354 1967 3386 sit
1981 3354 2070 3391 illud,
2086 3364 2152 3385 non
2169 3361 2296 3395 oportet
2317 3355 2350 3386 in
2366 3363 2512 3387 extraneo

1455 3407 1568 3438 genere
1591 3407 1750 3438 quaerere.
1774 3388 1938 3435 Quoniam
1961 3398 2042 3429 sicut
2064 3396 2304 3435 aedificationes}
2321 3398 2460 3439 picturae
2485 3407 2516 3431 et

1457 3448 1629 3472 structurae
1653 3441 1792 3472 difficiles
1814 3451 1880 3472 non
1903 3449 2101 3482 reponuntur
2122 3442 2155 3472 in
2178 3442 2285 3483 aliquo
2309 3443 2372 3473 alio
2401 3453 2514 3484 genere

1456 3496 1493 3516 ex
1517 3485 1714 3522 difficultate,
1738 3486 1794 3516 sed
1808 3486 1943 3517 modum
1965 3487 2125 3527 quendam
2140 3486 2313 3518 sortiuntur
2327 3486 2412 3518 illius
2431 3486 2510 3518 eius-

1457 3530 1530 3560 dem
1544 3536 1672 3560 naturae
1689 3539 1770 3570 quae
1790 3529 1922 3561 difficilis
1938 3530 2051 3561 dicitur
2070 3529 2250 3572 (difficultas
2270 3530 2355 3561 enim
2371 3530 2514 3562 aedifica-

2540 1885 2550 1893 *
2567 1883 2614 1911 Qu.
2624 1890 2693 1911 xxm,
2708 1888 2752 1906 art.

2540 1915 2564 1935 ας
2581 1917 2619 1938 qu.
2629 1917 2666 1937 xa,
2677 1915 2718 1932 art.
2728 1918 2751 1937 4.

2541 2095 2550 2103 ·
2565 2094 2594 2116 D·
2608 2094 2661 2122 980.

2540 2837 2550 2848 ⁸
2567 2837 2604 2860 Cf.
2619 2843 2682 2859 num.
2699 2844 2735 2860 ιιι.
