<?xml version="1.0" encoding="UTF-8"?>
<!DOCTYPE html PUBLIC "-//W3C//DTD XHTML 1.0 Transitional//EN"
    "http://www.w3.org/TR/xhtml1/DTD/xhtml1-transitional.dtd">
<html xmlns="http://www.w3.org/1999/xhtml" xml:lang="en" lang="en">
 <head>
  <title>
</title>
<meta http-equiv="Content-Type" content="text/html;charset=utf-8" />
  <meta name='ocr-system' content='tesseract 3.04.00' />
  <meta name='ocr-capabilities' content='ocr_page ocr_carea ocr_par ocr_line ocrx_word'/>
</head>
<body>
  <div class='ocr_page' id='page_1' title='image "./operaomniaiussui06thom_0173.png"; bbox 0 0 2852 4152; ppageno 0'>
   <div class='ocr_carea' id='block_1_1' title="bbox 0 962 43 2727">
    <p class='ocr_par' dir='ltr' id='par_1_1' title="bbox 0 962 43 2727">
     <span class='ocr_line' id='line_1_1' title="bbox 0 962 43 2727; baseline 0 0"><span class='ocrx_word' id='word_1_1' title='bbox 0 962 43 2727; x_wconf 95' lang='lat' dir='ltr'> </span> 
     </span>
    </p>
   </div>
   <div class='ocr_carea' id='block_1_2' title="bbox 1046 236 1429 283">
    <p class='ocr_par' dir='ltr' id='par_1_2' title="bbox 1046 236 1429 283">
     <span class='ocr_line' id='line_1_2' title="bbox 1046 236 1429 283; baseline 0 -11"><span class='ocrx_word' id='word_1_2' title='bbox 1046 236 1311 283; x_wconf 88' lang='lat' dir='ltr'>QUAESTIO</span> <span class='ocrx_word' id='word_1_3' title='bbox 1341 236 1429 281; x_wconf 91' lang='lat' dir='ltr'>XX,</span> 
     </span>
    </p>
   </div>
   <div class='ocr_carea' id='block_1_3' title="bbox 404 311 1404 355">
    <p class='ocr_par' dir='ltr' id='par_1_3' title="bbox 404 311 1404 355">
     <span class='ocr_line' id='line_1_3' title="bbox 404 311 1404 355; baseline 0.003 -14"><span class='ocrx_word' id='word_1_4' title='bbox 404 312 455 342; x_wconf 79' lang='lat' dir='ltr'>Ad</span> <span class='ocrx_word' id='word_1_5' title='bbox 469 311 645 342; x_wconf 87' lang='lat' dir='ltr'>secundum</span> <span class='ocrx_word' id='word_1_6' title='bbox 658 311 791 341; x_wconf 88' lang='lat' dir='ltr'>dubium</span> <span class='ocrx_word' id='word_1_7' title='bbox 807 312 919 343; x_wconf 87' lang='lat' dir='ltr'>dicitur</span> <span class='ocrx_word' id='word_1_8' title='bbox 935 314 1032 354; x_wconf 91' lang='lat' dir='ltr'>quod,</span> <span class='ocrx_word' id='word_1_9' title='bbox 1049 320 1084 344; x_wconf 94' lang='lat' dir='ltr'>ut</span> <span class='ocrx_word' id='word_1_10' title='bbox 1100 324 1136 344; x_wconf 87' lang='lat' dir='ltr'>ex</span> <span class='ocrx_word' id='word_1_11' title='bbox 1148 321 1203 345; x_wconf 84' lang='lat' dir='ltr'>art.</span> <span class='ocrx_word' id='word_1_12' title='bbox 1217 324 1238 354; x_wconf 91' lang='lat'>4</span> <span class='ocrx_word' id='word_1_13' title='bbox 1250 314 1404 355; x_wconf 84' lang='lat' dir='ltr'>quaestio-</span> 
     </span>
    </p>
   </div>
   <div class='ocr_carea' id='block_1_4' title="bbox 110 354 1404 398">
    <p class='ocr_par' dir='ltr' id='par_1_4' title="bbox 110 354 1404 398">
     <span class='ocr_line' id='line_1_4' title="bbox 110 354 1404 398; baseline 0.002 -12.043"><span class='ocrx_word' id='word_1_14' title='bbox 110 363 172 386; x_wconf 65' lang='lat' dir='ltr'>*ct</span> <span class='ocrx_word' id='word_1_15' title='bbox 188 363 323 385; x_wconf 84' lang='lat' dir='ltr'>Comment.</span> <span class='ocrx_word' id='word_1_16' title='bbox 349 355 397 386; x_wconf 90' lang='lat' dir='ltr'>nis</span> <span class='ocrx_word' id='word_1_17' title='bbox 411 354 494 385; x_wconf 72' lang='lat' dir='ltr'>xvr*</span> <span class='ocrx_word' id='word_1_18' title='bbox 509 354 652 394; x_wconf 89' lang='lat' dir='ltr'>superius</span> <span class='ocrx_word' id='word_1_19' title='bbox 675 361 774 394; x_wconf 85' lang='lat' dir='ltr'>patet,</span> <span class='ocrx_word' id='word_1_20' title='bbox 796 356 942 387; x_wconf 90' lang='lat' dir='ltr'>voluntas</span> <span class='ocrx_word' id='word_1_21' title='bbox 962 364 1065 398; x_wconf 89' lang='lat' dir='ltr'>potest</span> <span class='ocrx_word' id='word_1_22' title='bbox 1087 357 1148 388; x_wconf 88' lang='lat' dir='ltr'>dici</span> <span class='ocrx_word' id='word_1_23' title='bbox 1172 364 1202 390; x_wconf 88' lang='lat' dir='ltr'>et</span> <span class='ocrx_word' id='word_1_24' title='bbox 1226 367 1292 389; x_wconf 83' lang='lat' dir='ltr'>esse</span> <span class='ocrx_word' id='word_1_25' title='bbox 1316 367 1404 388; x_wconf 89' lang='lat' dir='ltr'>com-</span> 
     </span>
    </p>
   </div>
   <div class='ocr_carea' id='block_1_5' title="bbox 109 396 204 412">
    <p class='ocr_par' dir='ltr' id='par_1_5' title="bbox 109 396 204 412">
     <span class='ocr_line' id='line_1_5' title="bbox 109 396 204 412; baseline -0.011 0"><span class='ocrx_word' id='word_1_26' title='bbox 109 396 204 412; x_wconf 72' lang='lat' dir='ltr'>num-L</span> 
     </span>
    </p>
   </div>
   <div class='ocr_carea' id='block_1_6' title="bbox 109 1017 239 1040">
    <p class='ocr_par' dir='ltr' id='par_1_6' title="bbox 109 1017 239 1040">
     <span class='ocr_line' id='line_1_6' title="bbox 109 1017 239 1040; baseline -0.015 0"><span class='ocrx_word' id='word_1_27' title='bbox 109 1019 120 1029; x_wconf 80' lang='lat'>&#39;¹</span> <span class='ocrx_word' id='word_1_28' title='bbox 133 1018 184 1040; x_wconf 75' lang='lat' dir='ltr'>Art.</span> <span class='ocrx_word' id='word_1_29' title='bbox 200 1017 239 1039; x_wconf 87' lang='lat' dir='ltr'>cit.</span> 
     </span>
    </p>
   </div>
   <div class='ocr_carea' id='block_1_7' title="bbox 109 1853 320 1904">
    <p class='ocr_par' dir='ltr' id='par_1_7' title="bbox 109 1853 320 1904">
     <span class='ocr_line' id='line_1_7' title="bbox 109 1853 320 1904; baseline -0.009 0"><span class='ocrx_word' id='word_1_30' title='bbox 109 1853 189 1904; x_wconf 60' lang='lat'>3543:</span> <span class='ocrx_word' id='word_1_31' title='bbox 198 1859 302 1903; x_wconf 58' lang='lat' dir='ltr'>{zan-t:</span> <span class='ocrx_word' id='word_1_32' title='bbox 309 1865 320 1870; x_wconf 86' lang='lat'>·</span> 
     </span>
    </p>
   </div>
   <div class='ocr_carea' id='block_1_8' title="bbox 111 2169 235 2192">
    <p class='ocr_par' dir='ltr' id='par_1_8' title="bbox 111 2169 235 2192">
     <span class='ocr_line' id='line_1_8' title="bbox 111 2169 235 2192; baseline 0 -1"><span class='ocrx_word' id='word_1_33' title='bbox 111 2172 120 2182; x_wconf 84' lang='lat'>¹</span> <span class='ocrx_word' id='word_1_34' title='bbox 134 2169 203 2192; x_wconf 66' lang='lat' dir='ltr'>Vera.</span> <span class='ocrx_word' id='word_1_35' title='bbox 218 2174 235 2191; x_wconf 86' lang='grc' dir='ltr'>ι.</span> 
     </span>
    </p>
   </div>
   <div class='ocr_carea' id='block_1_9' title="bbox 109 2377 237 2400">
    <p class='ocr_par' dir='ltr' id='par_1_9' title="bbox 109 2377 237 2400">
     <span class='ocr_line' id='line_1_9' title="bbox 109 2377 237 2400; baseline 0 0"><span class='ocrx_word' id='word_1_36' title='bbox 109 2379 121 2391; x_wconf 74' lang='lat'>⁸*</span> <span class='ocrx_word' id='word_1_37' title='bbox 135 2377 203 2400; x_wconf 72' lang='lat' dir='ltr'>Vm.</span> <span class='ocrx_word' id='word_1_38' title='bbox 216 2383 237 2400; x_wconf 80' lang='lat'>2.</span> 
     </span>
    </p>
   </div>
   <div class='ocr_carea' id='block_1_10' title="bbox 110 2532 252 2560">
    <p class='ocr_par' dir='ltr' id='par_1_10' title="bbox 110 2532 252 2560">
     <span class='ocr_line' id='line_1_10' title="bbox 110 2532 252 2560; baseline 0 -6"><span class='ocrx_word' id='word_1_39' title='bbox 110 2533 120 2544; x_wconf 83' lang='grc'><em>·</em></span> <span class='ocrx_word' id='word_1_40' title='bbox 133 2532 200 2555; x_wconf 74' lang='grc' dir='ltr'>νεη.</span> <span class='ocrx_word' id='word_1_41' title='bbox 215 2538 252 2560; x_wconf 83' lang='lat'>²9·</span> 
     </span>
    </p>
   </div>
   <div class='ocr_carea' id='block_1_11' title="bbox 348 398 1409 1056">
    <p class='ocr_par' dir='ltr' id='par_1_11' title="bbox 348 398 1409 1056">
     <span class='ocr_line' id='line_1_11' title="bbox 348 398 1402 440; baseline 0.004 -12"><span class='ocrx_word' id='word_1_42' title='bbox 348 399 442 440; x_wconf 84' lang='lat' dir='ltr'>pleta,</span> <span class='ocrx_word' id='word_1_43' title='bbox 458 398 637 438; x_wconf 88' lang='lat' dir='ltr'>dupliciter:</span> <span class='ocrx_word' id='word_1_44' title='bbox 664 408 729 428; x_wconf 92' lang='lat' dir='ltr'>uno</span> <span class='ocrx_word' id='word_1_45' title='bbox 754 400 862 435; x_wconf 91' lang='lat' dir='ltr'>modo,</span> <span class='ocrx_word' id='word_1_46' title='bbox 887 402 1062 431; x_wconf 88' lang='lat' dir='ltr'>secundum</span> <span class='ocrx_word' id='word_1_47' title='bbox 1084 401 1171 431; x_wconf 84' lang='lat' dir='ltr'>illam</span> <span class='ocrx_word' id='word_1_48' title='bbox 1186 401 1402 432; x_wconf 83' lang='lat' dir='ltr'><strong>habitudinem</strong></span> 
     </span>
     <span class='ocr_line' id='line_1_12' title="bbox 349 442 1405 484; baseline 0.004 -11"><span class='ocrx_word' id='word_1_49' title='bbox 349 452 413 484; x_wconf 75' lang='lat' dir='ltr'>qua</span> <span class='ocrx_word' id='word_1_50' title='bbox 427 442 563 473; x_wconf 86' lang='lat' dir='ltr'>volitum</span> <span class='ocrx_word' id='word_1_51' title='bbox 586 449 633 473; x_wconf 88' lang='lat' dir='ltr'>est</span> <span class='ocrx_word' id='word_1_52' title='bbox 653 442 687 473; x_wconf 91' lang='lat' dir='ltr'>in</span> <span class='ocrx_word' id='word_1_53' title='bbox 708 443 887 480; x_wconf 80' lang='lat' dir='ltr'>voluntate;</span> <span class='ocrx_word' id='word_1_54' title='bbox 905 445 967 475; x_wconf 82' lang='lat' dir='ltr'>alio</span> <span class='ocrx_word' id='word_1_55' title='bbox 991 446 1100 481; x_wconf 84' lang='lat' dir='ltr'>modo,</span> <span class='ocrx_word' id='word_1_56' title='bbox 1118 446 1293 477; x_wconf 87' lang='lat' dir='ltr'>secundum</span> <span class='ocrx_word' id='word_1_57' title='bbox 1318 445 1405 476; x_wconf 87' lang='lat' dir='ltr'>illam</span> 
     </span>
     <span class='ocr_line' id='line_1_13' title="bbox 349 485 1406 531; baseline 0.003 -13"><span class='ocrx_word' id='word_1_58' title='bbox 349 496 413 527; x_wconf 74' lang='lat' dir='ltr'>qua</span> <span class='ocrx_word' id='word_1_59' title='bbox 427 486 575 517; x_wconf 80' lang='lat' dir='ltr'>voluntas</span> <span class='ocrx_word' id='word_1_60' title='bbox 586 485 708 517; x_wconf 85' lang='lat' dir='ltr'>tendit&#39;</span> <span class='ocrx_word' id='word_1_61' title='bbox 700 496 733 516; x_wconf 86' lang='lat' dir='ltr'>m</span> <span class='ocrx_word' id='word_1_62' title='bbox 747 487 862 517; x_wconf 85' lang='lat' dir='ltr'>realem</span> <span class='ocrx_word' id='word_1_63' title='bbox 878 489 1108 520; x_wconf 81' lang='lat' dir='ltr'>assecutionem</span> <span class='ocrx_word' id='word_1_64' title='bbox 1122 489 1326 521; x_wconf 80' lang='lat' dir='ltr'>voliti.1uxta</span> <span class='ocrx_word' id='word_1_65' title='bbox 1341 489 1406 531; x_wconf 87' lang='lat' dir='ltr'>pri-</span> 
     </span>
     <span class='ocr_line' id='line_1_14' title="bbox 349 529 1405 574; baseline 0.004 -13"><span class='ocrx_word' id='word_1_66' title='bbox 349 539 441 561; x_wconf 87' lang='lat' dir='ltr'>mum</span> <span class='ocrx_word' id='word_1_67' title='bbox 451 530 597 566; x_wconf 87' lang='lat' dir='ltr'>modum,</span> <span class='ocrx_word' id='word_1_68' title='bbox 612 529 804 569; x_wconf 82' lang='lat' dir='ltr'>significatur</span> <span class='ocrx_word' id='word_1_69' title='bbox 819 531 969 571; x_wconf 86' lang='lat' dir='ltr'>perfectio</span> <span class='ocrx_word' id='word_1_70' title='bbox 985 533 1156 564; x_wconf 86' lang='lat' dir='ltr'>voluntatis</span> <span class='ocrx_word' id='word_1_71' title='bbox 1168 543 1224 573; x_wconf 89' lang='lat' dir='ltr'>per</span> <span class='ocrx_word' id='word_1_72' title='bbox 1238 533 1300 565; x_wconf 89' lang='lat' dir='ltr'>hoc</span> <span class='ocrx_word' id='word_1_73' title='bbox 1316 533 1405 574; x_wconf 90' lang='lat' dir='ltr'>quod</span> 
     </span>
     <span class='ocr_line' id='line_1_15' title="bbox 351 573 1406 618; baseline 0.004 -14"><span class='ocrx_word' id='word_1_74' title='bbox 351 580 396 605; x_wconf 91' lang='lat' dir='ltr'>est</span> <span class='ocrx_word' id='word_1_75' title='bbox 417 573 498 604; x_wconf 85' lang='lat' dir='ltr'>velle</span> <span class='ocrx_word' id='word_1_76' title='bbox 516 573 669 613; x_wconf 76' lang='lat' dir='ltr'>perfecte:</span> <span class='ocrx_word' id='word_1_77' title='bbox 693 573 778 605; x_wconf 86' lang='lat' dir='ltr'>iuxta</span> <span class='ocrx_word' id='word_1_78' title='bbox 802 576 976 607; x_wconf 88' lang='lat' dir='ltr'>secundum</span> <span class='ocrx_word' id='word_1_79' title='bbox 995 587 1080 613; x_wconf 87' lang='lat' dir='ltr'>vero,</span> <span class='ocrx_word' id='word_1_80' title='bbox 1096 587 1151 617; x_wconf 89' lang='lat' dir='ltr'>per</span> <span class='ocrx_word' id='word_1_81' title='bbox 1173 577 1235 608; x_wconf 89' lang='lat' dir='ltr'>hoc</span> <span class='ocrx_word' id='word_1_82' title='bbox 1254 577 1343 618; x_wconf 90' lang='lat' dir='ltr'>quod</span> <span class='ocrx_word' id='word_1_83' title='bbox 1359 584 1406 608; x_wconf 80' lang='lat' dir='ltr'>est</span> 
     </span>
     <span class='ocr_line' id='line_1_16' title="bbox 350 616 1406 661; baseline 0.004 -13"><span class='ocrx_word' id='word_1_84' title='bbox 350 618 463 648; x_wconf 87' lang='lat' dir='ltr'>habere</span> <span class='ocrx_word' id='word_1_85' title='bbox 486 616 630 657; x_wconf 78' lang='lat' dir='ltr'>perfecte,</span> <span class='ocrx_word' id='word_1_86' title='bbox 646 623 682 648; x_wconf 89' lang='lat' dir='ltr'>ut</span> <span class='ocrx_word' id='word_1_87' title='bbox 703 617 823 648; x_wconf 88' lang='lat' dir='ltr'>ibidem</span> <span class='ocrx_word' id='word_1_88' title='bbox 845 618 967 650; x_wconf 88' lang='lat' dir='ltr'>dictum</span> <span class='ocrx_word' id='word_1_89' title='bbox 990 627 1045 651; x_wconf 89' lang='lat' dir='ltr'>est.</span> <span class='ocrx_word' id='word_1_90' title='bbox 1067 621 1158 652; x_wconf 88' lang='lat' dir='ltr'>Unde</span> <span class='ocrx_word' id='word_1_91' title='bbox 1180 621 1328 652; x_wconf 84' lang='lat' dir='ltr'>voluntas</span> <span class='ocrx_word' id='word_1_92' title='bbox 1351 631 1406 661; x_wconf 82' lang='lat' dir='ltr'>pa-</span> 
     </span>
     <span class='ocr_line' id='line_1_17' title="bbox 350 660 1406 712; baseline 0.004 -21"><span class='ocrx_word' id='word_1_93' title='bbox 350 667 415 692; x_wconf 74' lang='lat' dir='ltr'>rata</span> <span class='ocrx_word' id='word_1_94' title='bbox 437 660 560 701; x_wconf 81' lang='lat' dir='ltr'>operari</span> <span class='ocrx_word' id='word_1_95' title='bbox 583 660 609 691; x_wconf 80' lang='lat' dir='ltr'>si</span> <span class='ocrx_word' id='word_1_96' title='bbox 631 668 749 700; x_wconf 85' lang='lat' dir='ltr'>posset,</span> <span class='ocrx_word' id='word_1_97' title='bbox 767 669 813 693; x_wconf 91' lang='lat' dir='ltr'>est</span> <span class='ocrx_word' id='word_1_98' title='bbox 835 663 971 712; x_wconf 86' lang='lat' dir='ltr'>perfecta</span> <span class='ocrx_word' id='word_1_99' title='bbox 993 665 1151 700; x_wconf 84' lang='lat' dir='ltr'>voluntas,</span> <span class='ocrx_word' id='word_1_100' title='bbox 1171 665 1246 705; x_wconf 88' lang='lat' dir='ltr'>quia</span> <span class='ocrx_word' id='word_1_101' title='bbox 1269 665 1406 705; x_wconf 87' lang='lat' dir='ltr'>perfecte</span> 
     </span>
     <span class='ocr_line' id='line_1_18' title="bbox 349 704 1404 749; baseline 0.004 -13"><span class='ocrx_word' id='word_1_102' title='bbox 349 705 434 736; x_wconf 84' lang='lat' dir='ltr'>vult:</span> <span class='ocrx_word' id='word_1_103' title='bbox 453 711 485 736; x_wconf 89' lang='lat' dir='ltr'>et</span> <span class='ocrx_word' id='word_1_104' title='bbox 506 704 569 735; x_wconf 87' lang='lat' dir='ltr'>hoc</span> <span class='ocrx_word' id='word_1_105' title='bbox 592 711 711 744; x_wconf 87' lang='lat' dir='ltr'>spectat</span> <span class='ocrx_word' id='word_1_106' title='bbox 740 706 781 736; x_wconf 85' lang='lat' dir='ltr'>ad</span> <span class='ocrx_word' id='word_1_107' title='bbox 803 706 923 746; x_wconf 82' lang='lat' dir='ltr'>primae</span> <span class='ocrx_word' id='word_1_108' title='bbox 954 707 1147 740; x_wconf 83' lang='lat' dir='ltr'>habitudinis</span> <span class='ocrx_word' id='word_1_109' title='bbox 1170 709 1404 749; x_wconf 83' lang='lat' dir='ltr'>perfectionem.</span> 
     </span>
     <span class='ocr_line' id='line_1_19' title="bbox 349 748 1407 792; baseline 0.005 -13"><span class='ocrx_word' id='word_1_110' title='bbox 349 748 391 780; x_wconf 89' lang='lat' dir='ltr'>Et</span> <span class='ocrx_word' id='word_1_111' title='bbox 419 754 467 779; x_wconf 85' lang='lat' dir='ltr'>est</span> <span class='ocrx_word' id='word_1_112' title='bbox 495 748 678 788; x_wconf 81' lang='lat' dir='ltr'>imperfecta</span> <span class='ocrx_word' id='word_1_113' title='bbox 705 749 903 790; x_wconf 85' lang='lat' dir='ltr'>simpliciter,</span> <span class='ocrx_word' id='word_1_114' title='bbox 929 751 1004 792; x_wconf 85' lang='lat' dir='ltr'>quia</span> <span class='ocrx_word' id='word_1_115' title='bbox 1031 762 1096 783; x_wconf 90' lang='lat' dir='ltr'>non</span> <span class='ocrx_word' id='word_1_116' title='bbox 1120 753 1260 792; x_wconf 90' lang='lat' dir='ltr'>pervenit</span> <span class='ocrx_word' id='word_1_117' title='bbox 1283 753 1322 783; x_wconf 84' lang='lat' dir='ltr'>ad</span> <span class='ocrx_word' id='word_1_118' title='bbox 1345 753 1407 784; x_wconf 89' lang='lat' dir='ltr'>hoc</span> 
     </span>
     <span class='ocr_line' id='line_1_20' title="bbox 349 791 1407 841; baseline 0.003 -18"><span class='ocrx_word' id='word_1_119' title='bbox 349 791 439 841; x_wconf 68' lang='lat' dir='ltr'>quod</span> <span class='ocrx_word' id='word_1_120' title='bbox 454 791 577 823; x_wconf 77' lang='lat' dir='ltr'>realiter</span> <span class='ocrx_word' id='word_1_121' title='bbox 596 792 710 825; x_wconf 85' lang='lat' dir='ltr'>habeat</span> <span class='ocrx_word' id='word_1_122' title='bbox 722 793 755 823; x_wconf 93' lang='lat' dir='ltr'>id</span> <span class='ocrx_word' id='word_1_123' title='bbox 771 795 859 834; x_wconf 90' lang='lat' dir='ltr'>quod</span> <span class='ocrx_word' id='word_1_124' title='bbox 875 795 943 826; x_wconf 88' lang='lat' dir='ltr'>vult</span> <span class='ocrx_word' id='word_1_125' title='bbox 958 803 988 826; x_wconf 89' lang='lat' dir='ltr'>et</span> <span class='ocrx_word' id='word_1_126' title='bbox 1004 803 1077 828; x_wconf 87' lang='lat' dir='ltr'>nata</span> <span class='ocrx_word' id='word_1_127' title='bbox 1093 803 1139 827; x_wconf 89' lang='lat' dir='ltr'>est</span> <span class='ocrx_word' id='word_1_128' title='bbox 1153 796 1284 827; x_wconf 85' lang='lat' dir='ltr'>habere:</span> <span class='ocrx_word' id='word_1_129' title='bbox 1302 796 1407 827; x_wconf 82' lang='lat' dir='ltr'>omnis</span> 
     </span>
     <span class='ocr_line' id='line_1_21' title="bbox 350 834 1408 889; baseline 0.003 -22"><span class='ocrx_word' id='word_1_130' title='bbox 350 834 435 867; x_wconf 71' lang='lat' dir='ltr'>enim</span> <span class='ocrx_word' id='word_1_131' title='bbox 457 841 566 866; x_wconf 89' lang='lat' dir='ltr'>motus</span> <span class='ocrx_word' id='word_1_132' title='bbox 590 836 736 868; x_wconf 87' lang='lat' dir='ltr'>deficiens</span> <span class='ocrx_word' id='word_1_133' title='bbox 759 848 777 868; x_wconf 87' lang='lat' dir='ltr'>a</span> <span class='ocrx_word' id='word_1_134' title='bbox 801 839 951 876; x_wconf 88' lang='lat' dir='ltr'>termino,</span> <span class='ocrx_word' id='word_1_135' title='bbox 976 846 1022 870; x_wconf 91' lang='lat' dir='ltr'>est</span> <span class='ocrx_word' id='word_1_136' title='bbox 1044 840 1246 879; x_wconf 86' lang='lat' dir='ltr'>imperfectus</span> <span class='ocrx_word' id='word_1_137' title='bbox 1270 850 1326 889; x_wconf 85' lang='lat' dir='ltr'>per</span> <span class='ocrx_word' id='word_1_138' title='bbox 1348 839 1408 880; x_wconf 89' lang='lat' dir='ltr'>pri-</span> 
     </span>
     <span class='ocr_line' id='line_1_22' title="bbox 348 879 1407 920; baseline 0.005 -11"><span class='ocrx_word' id='word_1_139' title='bbox 348 879 510 910; x_wconf 80' lang='lat' dir='ltr'>vationem</span> <span class='ocrx_word' id='word_1_140' title='bbox 533 880 735 920; x_wconf 87' lang='lat' dir='ltr'>perfectionis</span> <span class='ocrx_word' id='word_1_141' title='bbox 766 882 798 912; x_wconf 91' lang='lat' dir='ltr'>in</span> <span class='ocrx_word' id='word_1_142' title='bbox 822 883 1018 914; x_wconf 81' lang='lat' dir='ltr'>assecutione</span> <span class='ocrx_word' id='word_1_143' title='bbox 1050 884 1175 915; x_wconf 85' lang='lat' dir='ltr'>termini</span> <span class='ocrx_word' id='word_1_144' title='bbox 1199 883 1407 915; x_wconf 87' lang='lat' dir='ltr'>consistentis.</span> 
     </span>
     <span class='ocr_line' id='line_1_23' title="bbox 349 923 1409 975; baseline 0.004 -21"><span class='ocrx_word' id='word_1_145' title='bbox 349 923 414 955; x_wconf 82' lang='lat' dir='ltr'>Et</span> <span class='ocrx_word' id='word_1_146' title='bbox 412 933 486 954; x_wconf 87' lang='lat' dir='ltr'>cum</span> <span class='ocrx_word' id='word_1_147' title='bbox 509 924 612 964; x_wconf 82' lang='lat' dir='ltr'>prima</span> <span class='ocrx_word' id='word_1_148' title='bbox 633 925 783 975; x_wconf 83' lang='lat' dir='ltr'>perfectio</span> <span class='ocrx_word' id='word_1_149' title='bbox 803 926 842 957; x_wconf 88' lang='lat' dir='ltr'>sit</span> <span class='ocrx_word' id='word_1_150' title='bbox 864 927 990 958; x_wconf 87' lang='lat' dir='ltr'>alterius</span> <span class='ocrx_word' id='word_1_151' title='bbox 1013 927 1142 958; x_wconf 81' lang='lat' dir='ltr'>rationis</span> <span class='ocrx_word' id='word_1_152' title='bbox 1163 937 1180 957; x_wconf 90' lang='lat' dir='ltr'>a</span> <span class='ocrx_word' id='word_1_153' title='bbox 1203 927 1350 963; x_wconf 87' lang='lat' dir='ltr'>secunda,</span> <span class='ocrx_word' id='word_1_154' title='bbox 1378 934 1409 958; x_wconf 91' lang='lat' dir='ltr'>et</span> 
     </span>
     <span class='ocr_line' id='line_1_24' title="bbox 349 967 1408 1021; baseline 0.004 -23"><span class='ocrx_word' id='word_1_155' title='bbox 349 973 416 998; x_wconf 78' lang='lat' dir='ltr'>tota</span> <span class='ocrx_word' id='word_1_156' title='bbox 443 967 578 999; x_wconf 83' lang='lat' dir='ltr'>latitudo</span> <span class='ocrx_word' id='word_1_157' title='bbox 602 969 722 1009; x_wconf 86' lang='lat' dir='ltr'>primae</span> <span class='ocrx_word' id='word_1_158' title='bbox 749 978 949 1021; x_wconf 83' lang='lat' dir='ltr'>comparetur</span> <span class='ocrx_word' id='word_1_159' title='bbox 971 971 1012 1002; x_wconf 83' lang='lat' dir='ltr'>ad</span> <span class='ocrx_word' id='word_1_160' title='bbox 1035 971 1205 1002; x_wconf 81' lang='lat' dir='ltr'>secundam</span> <span class='ocrx_word' id='word_1_161' title='bbox 1231 978 1266 1003; x_wconf 88' lang='lat' dir='ltr'>ut</span> <span class='ocrx_word' id='word_1_162' title='bbox 1291 971 1408 1011; x_wconf 88' lang='lat' dir='ltr'>imper-</span> 
     </span>
     <span class='ocr_line' id='line_1_25' title="bbox 350 1010 1409 1056; baseline 0.005 -15"><span class='ocrx_word' id='word_1_163' title='bbox 350 1010 469 1042; x_wconf 91' lang='lat' dir='ltr'>fectum</span> <span class='ocrx_word' id='word_1_164' title='bbox 492 1012 531 1042; x_wconf 86' lang='lat' dir='ltr'>ad</span> <span class='ocrx_word' id='word_1_165' title='bbox 553 1012 738 1052; x_wconf 87' lang='lat' dir='ltr'>perfectum,</span> <span class='ocrx_word' id='word_1_166' title='bbox 763 1022 798 1046; x_wconf 93' lang='lat' dir='ltr'>ut</span> <span class='ocrx_word' id='word_1_167' title='bbox 821 1014 997 1054; x_wconf 86' lang='lat' dir='ltr'>superius*</span> <span class='ocrx_word' id='word_1_168' title='bbox 1020 1022 1120 1055; x_wconf 83' lang='lat' dir='ltr'>patet;</span> <span class='ocrx_word' id='word_1_169' title='bbox 1142 1025 1339 1056; x_wconf 85' lang='lat' dir='ltr'>consequens</span> <span class='ocrx_word' id='word_1_170' title='bbox 1363 1022 1409 1046; x_wconf 86' lang='lat' dir='ltr'>est</span> 
     </span>
    </p>
   </div>
   <div class='ocr_carea' id='block_1_12' title="bbox 1459 236 2511 274">
    <p class='ocr_par' dir='ltr' id='par_1_12' title="bbox 1459 236 2511 274">
     <span class='ocr_line' id='line_1_26' title="bbox 1459 236 2511 274; baseline 0.002 -2"><span class='ocrx_word' id='word_1_171' title='bbox 1459 236 1753 274; x_wconf 88' lang='lat' dir='ltr'>ARTICULUS</span> <span class='ocrx_word' id='word_1_172' title='bbox 1781 236 1816 272; x_wconf 93' lang='lat' dir='ltr'>V</span> <span class='ocrx_word' id='word_1_173' title='bbox 2446 239 2488 274; x_wconf 82' lang='lat'>16</span> <span class='ocrx_word' id='word_1_174' title='bbox 2498 250 2511 274; x_wconf 83' lang='lat'><em>1</em></span> 
     </span>
    </p>
   </div>
   <div class='ocr_carea' id='block_1_13' title="bbox 1454 314 2519 1055">
    <p class='ocr_par' dir='ltr' id='par_1_13' title="bbox 1454 314 2519 574">
     <span class='ocr_line' id='line_1_27' title="bbox 1461 314 2519 355; baseline 0.005 -12"><span class='ocrx_word' id='word_1_175' title='bbox 1461 314 1558 355; x_wconf 89' lang='lat' dir='ltr'>quod,</span> <span class='ocrx_word' id='word_1_176' title='bbox 1586 321 1881 355; x_wconf 88' lang='lat' dir='ltr'>quantumcumque</span> <span class='ocrx_word' id='word_1_177' title='bbox 1901 322 2016 346; x_wconf 89' lang='lat' dir='ltr'>crescat</span> <span class='ocrx_word' id='word_1_178' title='bbox 2033 323 2062 347; x_wconf 92' lang='lat' dir='ltr'>et</span> <span class='ocrx_word' id='word_1_179' title='bbox 2080 316 2310 347; x_wconf 88' lang='lat' dir='ltr'>intensissimus</span> <span class='ocrx_word' id='word_1_180' title='bbox 2334 317 2372 348; x_wconf 88' lang='lat' dir='ltr'>sit</span> <span class='ocrx_word' id='word_1_181' title='bbox 2390 317 2519 348; x_wconf 92' lang='lat' dir='ltr'>interior</span> 
     </span>
     <span class='ocr_line' id='line_1_28' title="bbox 1461 358 2518 401; baseline 0.003 -13"><span class='ocrx_word' id='word_1_182' title='bbox 1461 365 1549 389; x_wconf 85' lang='lat' dir='ltr'>actus</span> <span class='ocrx_word' id='word_1_183' title='bbox 1571 358 1760 394; x_wconf 77' lang='lat' dir='ltr'>voluntatis,</span> <span class='ocrx_word' id='word_1_184' title='bbox 1787 358 1875 388; x_wconf 90' lang='lat' dir='ltr'>solus</span> <span class='ocrx_word' id='word_1_185' title='bbox 1903 369 2068 399; x_wconf 86' lang='lat' dir='ltr'>nunquam</span> <span class='ocrx_word' id='word_1_186' title='bbox 2092 360 2251 400; x_wconf 90' lang='lat' dir='ltr'>perveniet</span> <span class='ocrx_word' id='word_1_187' title='bbox 2274 361 2312 390; x_wconf 87' lang='lat' dir='ltr'>ad</span> <span class='ocrx_word' id='word_1_188' title='bbox 2335 361 2397 391; x_wconf 91' lang='lat' dir='ltr'>hoc</span> <span class='ocrx_word' id='word_1_189' title='bbox 2429 362 2518 401; x_wconf 89' lang='lat' dir='ltr'>quod</span> 
     </span>
     <span class='ocr_line' id='line_1_29' title="bbox 1461 401 2518 445; baseline 0.004 -14"><span class='ocrx_word' id='word_1_190' title='bbox 1461 402 1500 432; x_wconf 88' lang='lat' dir='ltr'>sit</span> <span class='ocrx_word' id='word_1_191' title='bbox 1515 401 1672 442; x_wconf 87' lang='lat' dir='ltr'>perfectus</span> <span class='ocrx_word' id='word_1_192' title='bbox 1691 401 1882 442; x_wconf 87' lang='lat' dir='ltr'>simpliciter,</span> <span class='ocrx_word' id='word_1_193' title='bbox 1901 402 1967 433; x_wconf 89' lang='lat' dir='ltr'>sine</span> <span class='ocrx_word' id='word_1_194' title='bbox 1986 404 2182 434; x_wconf 84' lang='lat' dir='ltr'>assecutione</span> <span class='ocrx_word' id='word_1_195' title='bbox 2203 404 2371 435; x_wconf 90' lang='lat' dir='ltr'>exterioris.</span> <span class='ocrx_word' id='word_1_196' title='bbox 2387 405 2518 445; x_wconf 89' lang='lat' dir='ltr'>Propter</span> 
     </span>
     <span class='ocr_line' id='line_1_30' title="bbox 1460 444 2517 486; baseline 0.002 -10"><span class='ocrx_word' id='word_1_197' title='bbox 1460 446 1550 486; x_wconf 93' lang='lat' dir='ltr'>quod</span> <span class='ocrx_word' id='word_1_198' title='bbox 1573 446 1714 476; x_wconf 75' lang='lat' dir='ltr'>Salvator</span> <span class='ocrx_word' id='word_1_199' title='bbox 1737 445 1823 482; x_wconf 80' lang='lat' dir='ltr'>dixit,</span> <span class='ocrx_word' id='word_1_200' title='bbox 1840 446 1927 477; x_wconf 82' lang='lat' dir='ltr'>ioan.</span> <span class='ocrx_word' id='word_1_201' title='bbox 1947 444 2015 477; x_wconf 76' lang='lat' dir='ltr'>xv*</span> <span class='ocrx_word' id='word_1_202' title='bbox 2024 448 2214 478; x_wconf 87' lang='lat' dir='ltr'>:Maiorem</span> <span class='ocrx_word' id='word_1_203' title='bbox 2239 449 2403 478; x_wconf 82' lang='lat' dir='ltr'>caritatem</span> <span class='ocrx_word' id='word_1_204' title='bbox 2427 458 2517 479; x_wconf 86' lang='lat' dir='ltr'>nemo</span> 
     </span>
     <span class='ocr_line' id='line_1_31' title="bbox 1459 490 2519 531; baseline 0.003 -11"><span class='ocrx_word' id='word_1_205' title='bbox 1459 490 1562 526; x_wconf 83' lang='lat' dir='ltr'>habet,</span> <span class='ocrx_word' id='word_1_206' title='bbox 1580 499 1676 530; x_wconf 83' lang='lat' dir='ltr'>quam</span> <span class='ocrx_word' id='word_1_207' title='bbox 1700 495 1735 520; x_wconf 89' lang='lat' dir='ltr'>ut</span> <span class='ocrx_word' id='word_1_208' title='bbox 1750 490 1893 521; x_wconf 83' lang='lat' dir='ltr'>animam</span> <span class='ocrx_word' id='word_1_209' title='bbox 1915 499 2008 521; x_wconf 84' lang='lat' dir='ltr'>suam</span> <span class='ocrx_word' id='word_1_210' title='bbox 2027 497 2131 531; x_wconf 77' lang='lat' dir='ltr'>ponat</span> <span class='ocrx_word' id='word_1_211' title='bbox 2143 491 2214 531; x_wconf 78' lang='lat' dir='ltr'>quis</span> <span class='ocrx_word' id='word_1_212' title='bbox 2230 500 2293 531; x_wconf 84' lang='lat' dir='ltr'>pro</span> <span class='ocrx_word' id='word_1_213' title='bbox 2309 493 2421 522; x_wconf 85' lang='lat' dir='ltr'>amicis</span> <span class='ocrx_word' id='word_1_214' title='bbox 2434 494 2519 523; x_wconf 86' lang='lat' dir='ltr'>suis:</span> 
     </span>
     <span class='ocr_line' id='line_1_32' title="bbox 1454 533 1994 574; baseline 0.002 -10"><span class='ocrx_word' id='word_1_215' title='bbox 1454 539 1556 573; x_wconf 86' lang='lat' dir='ltr'>ponat</span> <span class='ocrx_word' id='word_1_216' title='bbox 1579 533 1665 569; x_wconf 87' lang='lat' dir='ltr'>dixit,</span> <span class='ocrx_word' id='word_1_217' title='bbox 1682 543 1749 564; x_wconf 91' lang='lat' dir='ltr'>non</span> <span class='ocrx_word' id='word_1_218' title='bbox 1771 534 1846 565; x_wconf 80' lang='lat' dir='ltr'>velit</span> <span class='ocrx_word' id='word_1_219' title='bbox 1861 543 1994 574; x_wconf 83' lang='lat' dir='ltr'>ponere.</span> 
     </span>
    </p>

    <p class='ocr_par' dir='ltr' id='par_1_14' title="bbox 1459 577 2519 1055">
     <span class='ocr_line' id='line_1_33' title="bbox 1514 577 2518 619; baseline 0.003 -12"><span class='ocrx_word' id='word_1_220' title='bbox 1514 577 1566 608; x_wconf 83' lang='lat' dir='ltr'>Ad</span> <span class='ocrx_word' id='word_1_221' title='bbox 1588 577 1715 608; x_wconf 87' lang='lat' dir='ltr'>tertium</span> <span class='ocrx_word' id='word_1_222' title='bbox 1739 577 1873 608; x_wconf 90' lang='lat' dir='ltr'>dubium</span> <span class='ocrx_word' id='word_1_223' title='bbox 1897 578 2011 609; x_wconf 89' lang='lat' dir='ltr'>dicitur</span> <span class='ocrx_word' id='word_1_224' title='bbox 2032 578 2130 619; x_wconf 89' lang='lat' dir='ltr'>quod,</span> <span class='ocrx_word' id='word_1_225' title='bbox 2146 578 2227 611; x_wconf 82' lang='lat' dir='ltr'>sicut</span> <span class='ocrx_word' id='word_1_226' title='bbox 2245 587 2350 611; x_wconf 83' lang='lat' dir='ltr'>sermo</span> <span class='ocrx_word' id='word_1_227' title='bbox 2373 588 2518 619; x_wconf 81' lang='lat' dir='ltr'>praesens</span> 
     </span>
     <span class='ocr_line' id='line_1_34' title="bbox 1460 621 2518 662; baseline 0.001 -10"><span class='ocrx_word' id='word_1_228' title='bbox 1460 628 1507 652; x_wconf 83' lang='lat' dir='ltr'>est</span> <span class='ocrx_word' id='word_1_229' title='bbox 1529 621 1568 652; x_wconf 88' lang='lat' dir='ltr'>de</span> <span class='ocrx_word' id='word_1_230' title='bbox 1591 622 1678 652; x_wconf 89' lang='lat' dir='ltr'>bono</span> <span class='ocrx_word' id='word_1_231' title='bbox 1704 628 1735 652; x_wconf 87' lang='lat' dir='ltr'>et</span> <span class='ocrx_word' id='word_1_232' title='bbox 1762 622 1849 652; x_wconf 78' lang='lat' dir='ltr'>malo</span> <span class='ocrx_word' id='word_1_233' title='bbox 1872 622 2046 659; x_wconf 84' lang='lat' dir='ltr'>moraliter,</span> <span class='ocrx_word' id='word_1_234' title='bbox 2072 632 2138 652; x_wconf 90' lang='lat' dir='ltr'>non</span> <span class='ocrx_word' id='word_1_235' title='bbox 2162 622 2338 653; x_wconf 89' lang='lat' dir='ltr'>secundum</span> <span class='ocrx_word' id='word_1_236' title='bbox 2361 622 2443 662; x_wconf 83' lang='lat' dir='ltr'>hanc</span> <span class='ocrx_word' id='word_1_237' title='bbox 2467 624 2518 654; x_wconf 80' lang='lat' dir='ltr'>vel</span> 
     </span>
     <span class='ocr_line' id='line_1_35' title="bbox 1460 665 2518 707; baseline 0.002 -12"><span class='ocrx_word' id='word_1_238' title='bbox 1460 665 1547 695; x_wconf 82' lang='lat' dir='ltr'>illam</span> <span class='ocrx_word' id='word_1_239' title='bbox 1579 665 1701 705; x_wconf 83' lang='lat' dir='ltr'>legem;</span> <span class='ocrx_word' id='word_1_240' title='bbox 1723 665 1767 696; x_wconf 83' lang='lat' dir='ltr'>ita</span> <span class='ocrx_word' id='word_1_241' title='bbox 1794 665 1888 696; x_wconf 84' lang='lat' dir='ltr'>etiam</span> <span class='ocrx_word' id='word_1_242' title='bbox 1917 666 1956 696; x_wconf 89' lang='lat' dir='ltr'>de</span> <span class='ocrx_word' id='word_1_243' title='bbox 1985 666 2128 706; x_wconf 77' lang='lat' dir='ltr'>praemio</span> <span class='ocrx_word' id='word_1_244' title='bbox 2151 673 2182 697; x_wconf 84' lang='lat' dir='ltr'>et</span> <span class='ocrx_word' id='word_1_245' title='bbox 2211 674 2315 707; x_wconf 83' lang='lat' dir='ltr'>poena</span> <span class='ocrx_word' id='word_1_246' title='bbox 2342 667 2518 697; x_wconf 86' lang='lat' dir='ltr'>secundum</span> 
     </span>
     <span class='ocr_line' id='line_1_36' title="bbox 1461 708 2518 748; baseline 0.001 -9"><span class='ocrx_word' id='word_1_247' title='bbox 1461 708 1648 748; x_wconf 77' lang='lat' dir='ltr'>exigentiam</span> <span class='ocrx_word' id='word_1_248' title='bbox 1678 716 1766 739; x_wconf 82' lang='lat' dir='ltr'>actus</span> <span class='ocrx_word' id='word_1_249' title='bbox 1795 709 1872 740; x_wconf 88' lang='lat' dir='ltr'>boni</span> <span class='ocrx_word' id='word_1_250' title='bbox 1894 710 1945 740; x_wconf 86' lang='lat' dir='ltr'>vel</span> <span class='ocrx_word' id='word_1_251' title='bbox 1967 709 2060 747; x_wconf 83' lang='lat' dir='ltr'>mali,</span> <span class='ocrx_word' id='word_1_252' title='bbox 2087 716 2119 741; x_wconf 90' lang='lat' dir='ltr'>et</span> <span class='ocrx_word' id='word_1_253' title='bbox 2141 719 2208 741; x_wconf 87' lang='lat' dir='ltr'>non</span> <span class='ocrx_word' id='word_1_254' title='bbox 2238 710 2414 740; x_wconf 78' lang='lat' dir='ltr'>secundum</span> <span class='ocrx_word' id='word_1_255' title='bbox 2437 710 2518 741; x_wconf 78' lang='lat' dir='ltr'>hanc</span> 
     </span>
     <span class='ocr_line' id='line_1_37' title="bbox 1459 752 2517 794; baseline 0.002 -12"><span class='ocrx_word' id='word_1_256' title='bbox 1459 752 1510 783; x_wconf 89' lang='lat' dir='ltr'>vel</span> <span class='ocrx_word' id='word_1_257' title='bbox 1530 752 1619 782; x_wconf 80' lang='lat' dir='ltr'>illam</span> <span class='ocrx_word' id='word_1_258' title='bbox 1641 753 1754 792; x_wconf 78' lang='lat' dir='ltr'>legem,</span> <span class='ocrx_word' id='word_1_259' title='bbox 1777 753 1837 783; x_wconf 80' lang='lat' dir='ltr'>nisi</span> <span class='ocrx_word' id='word_1_260' title='bbox 1860 753 1942 784; x_wconf 84' lang='lat' dir='ltr'>forte</span> <span class='ocrx_word' id='word_1_261' title='bbox 1965 754 2113 785; x_wconf 81' lang='lat' dir='ltr'>divinam.</span> <span class='ocrx_word' id='word_1_262' title='bbox 2137 754 2234 794; x_wconf 76' lang='lat' dir='ltr'>igitur</span> <span class='ocrx_word' id='word_1_263' title='bbox 2257 754 2517 794; x_wconf 79' lang='lat' dir='ltr'>distinguendum</span> 
     </span>
     <span class='ocr_line' id='line_1_38' title="bbox 1461 796 2518 837; baseline 0.002 -11"><span class='ocrx_word' id='word_1_264' title='bbox 1461 802 1508 827; x_wconf 82' lang='lat' dir='ltr'>est</span> <span class='ocrx_word' id='word_1_265' title='bbox 1526 796 1565 826; x_wconf 93' lang='lat' dir='ltr'>de</span> <span class='ocrx_word' id='word_1_266' title='bbox 1588 796 1729 836; x_wconf 83' lang='lat' dir='ltr'>praemio</span> <span class='ocrx_word' id='word_1_267' title='bbox 1753 803 1785 827; x_wconf 88' lang='lat' dir='ltr'>et</span> <span class='ocrx_word' id='word_1_268' title='bbox 1806 807 1911 837; x_wconf 83' lang='lat' dir='ltr'>poena</span> <span class='ocrx_word' id='word_1_269' title='bbox 1932 798 2104 834; x_wconf 87' lang='lat' dir='ltr'>essentiali,</span> <span class='ocrx_word' id='word_1_270' title='bbox 2125 798 2176 828; x_wconf 84' lang='lat' dir='ltr'>vel</span> <span class='ocrx_word' id='word_1_271' title='bbox 2199 797 2399 829; x_wconf 73' lang='lat' dir='ltr'>accidentali:</span> <span class='ocrx_word' id='word_1_272' title='bbox 2418 805 2450 829; x_wconf 88' lang='lat' dir='ltr'>et</span> <span class='ocrx_word' id='word_1_273' title='bbox 2471 798 2518 828; x_wconf 87' lang='lat' dir='ltr'>di-</span> 
     </span>
     <span class='ocr_line' id='line_1_39' title="bbox 1462 840 2519 883; baseline 0.001 -12"><span class='ocrx_word' id='word_1_274' title='bbox 1462 840 1599 871; x_wconf 85' lang='lat' dir='ltr'>cendum</span> <span class='ocrx_word' id='word_1_275' title='bbox 1622 840 1711 880; x_wconf 91' lang='lat' dir='ltr'>quod</span> <span class='ocrx_word' id='word_1_276' title='bbox 1733 840 1880 871; x_wconf 84' lang='lat' dir='ltr'>voluntas</span> <span class='ocrx_word' id='word_1_277' title='bbox 1903 849 2020 881; x_wconf 83' lang='lat' dir='ltr'>parata,</span> <span class='ocrx_word' id='word_1_278' title='bbox 2036 842 2181 883; x_wconf 79' lang='lat' dir='ltr'>quamvis</span> <span class='ocrx_word' id='word_1_279' title='bbox 2205 850 2270 872; x_wconf 90' lang='lat' dir='ltr'>non</span> <span class='ocrx_word' id='word_1_280' title='bbox 2290 851 2424 882; x_wconf 77' lang='lat' dir='ltr'>operans</span> <span class='ocrx_word' id='word_1_281' title='bbox 2446 852 2519 882; x_wconf 91' lang='lat' dir='ltr'>pro-</span> 
     </span>
     <span class='ocr_line' id='line_1_40' title="bbox 1462 883 2519 926; baseline 0.002 -12"><span class='ocrx_word' id='word_1_282' title='bbox 1462 890 1530 923; x_wconf 89' lang='lat' dir='ltr'>pter</span> <span class='ocrx_word' id='word_1_283' title='bbox 1552 883 1788 923; x_wconf 83' lang='lat' dir='ltr'>impotentiam,</span> <span class='ocrx_word' id='word_1_284' title='bbox 1813 884 1891 915; x_wconf 90' lang='lat' dir='ltr'>nihil</span> <span class='ocrx_word' id='word_1_285' title='bbox 1915 886 1953 916; x_wconf 91' lang='lat' dir='ltr'>de</span> <span class='ocrx_word' id='word_1_286' title='bbox 1975 885 2117 926; x_wconf 84' lang='lat' dir='ltr'>praemio</span> <span class='ocrx_word' id='word_1_287' title='bbox 2145 886 2196 916; x_wconf 84' lang='lat' dir='ltr'>vel</span> <span class='ocrx_word' id='word_1_288' title='bbox 2218 895 2322 926; x_wconf 84' lang='lat' dir='ltr'>poena</span> <span class='ocrx_word' id='word_1_289' title='bbox 2344 886 2447 925; x_wconf 85' lang='lat' dir='ltr'>perdit</span> <span class='ocrx_word' id='word_1_290' title='bbox 2469 892 2519 916; x_wconf 86' lang='lat' dir='ltr'>es·-</span> 
     </span>
     <span class='ocr_line' id='line_1_41' title="bbox 1462 927 2516 970; baseline 0.002 -13"><span class='ocrx_word' id='word_1_291' title='bbox 1462 927 1592 963; x_wconf 84' lang='lat' dir='ltr'>sentiali‚</span> <span class='ocrx_word' id='word_1_292' title='bbox 1613 927 1688 967; x_wconf 88' lang='lat' dir='ltr'>quia</span> <span class='ocrx_word' id='word_1_293' title='bbox 1713 928 1772 958; x_wconf 90' lang='lat' dir='ltr'>hoc</span> <span class='ocrx_word' id='word_1_294' title='bbox 1789 929 1957 968; x_wconf 90' lang='lat' dir='ltr'>respondet</span> <span class='ocrx_word' id='word_1_295' title='bbox 1979 929 2098 970; x_wconf 79' lang='lat' dir='ltr'>primae</span> <span class='ocrx_word' id='word_1_296' title='bbox 2113 929 2313 970; x_wconf 86' lang='lat' dir='ltr'>proportioni</span> <span class='ocrx_word' id='word_1_297' title='bbox 2330 929 2516 966; x_wconf 82' lang='lat' dir='ltr'>voluntatis;</span> 
     </span>
     <span class='ocr_line' id='line_1_42' title="bbox 1462 971 2515 1016; baseline 0.002 -15"><span class='ocrx_word' id='word_1_298' title='bbox 1462 971 1606 1012; x_wconf 82' lang='lat' dir='ltr'>quamvis</span> <span class='ocrx_word' id='word_1_299' title='bbox 1623 978 1724 1002; x_wconf 83' lang='lat' dir='ltr'>careat</span> <span class='ocrx_word' id='word_1_300' title='bbox 1739 972 1845 1012; x_wconf 82' lang='lat' dir='ltr'>aliqua</span> <span class='ocrx_word' id='word_1_301' title='bbox 1861 973 2041 1004; x_wconf 84' lang='lat' dir='ltr'>accidentali</span> <span class='ocrx_word' id='word_1_302' title='bbox 2058 974 2309 1016; x_wconf 84' lang='lat' dir='ltr'>remuneratione</span> <span class='ocrx_word' id='word_1_303' title='bbox 2329 973 2380 1004; x_wconf 88' lang='lat' dir='ltr'>vel</span> <span class='ocrx_word' id='word_1_304' title='bbox 2402 983 2515 1014; x_wconf 88' lang='lat' dir='ltr'>poena,</span> 
     </span>
     <span class='ocr_line' id='line_1_43' title="bbox 1464 1015 2214 1055; baseline 0.004 -10"><span class='ocrx_word' id='word_1_305' title='bbox 1464 1015 1666 1055; x_wconf 87' lang='lat' dir='ltr'>respondenti</span> <span class='ocrx_word' id='word_1_306' title='bbox 1689 1015 1749 1055; x_wconf 90' lang='lat' dir='ltr'>ipsi</span> <span class='ocrx_word' id='word_1_307' title='bbox 1768 1016 1912 1047; x_wconf 85' lang='lat' dir='ltr'>exercitio</span> <span class='ocrx_word' id='word_1_308' title='bbox 1935 1024 2022 1048; x_wconf 88' lang='lat' dir='ltr'>actus</span> <span class='ocrx_word' id='word_1_309' title='bbox 2046 1018 2214 1049; x_wconf 83' lang='lat' dir='ltr'>exterioris.</span> 
     </span>
    </p>
   </div>
   <div class='ocr_carea' id='block_1_14' title="bbox 1134 1150 1734 1203">
    <p class='ocr_par' dir='ltr' id='par_1_15' title="bbox 1134 1150 1734 1203">
     <span class='ocr_line' id='line_1_44' title="bbox 1134 1150 1734 1203; baseline 0.002 -12"><span class='ocrx_word' id='word_1_310' title='bbox 1134 1150 1448 1192; x_wconf 88' lang='lat' dir='ltr'>ARTICULUS</span> <span class='ocrx_word' id='word_1_311' title='bbox 1479 1150 1734 1203; x_wconf 83' lang='lat' dir='ltr'>QUINTUS</span> 
     </span>
    </p>
   </div>
   <div class='ocr_carea' id='block_1_15' title="bbox 632 1233 2235 1309">
    <p class='ocr_par' dir='ltr' id='par_1_16' title="bbox 632 1233 2235 1309">
     <span class='ocr_line' id='line_1_45' title="bbox 632 1233 2235 1270; baseline 0.001 -6"><span class='ocrx_word' id='word_1_312' title='bbox 632 1233 786 1265; x_wconf 89' lang='lat' dir='ltr'>UTRUM</span> <span class='ocrx_word' id='word_1_313' title='bbox 809 1233 1008 1265; x_wconf 89' lang='lat' dir='ltr'>EVENTUS</span> <span class='ocrx_word' id='word_1_314' title='bbox 1032 1234 1224 1270; x_wconf 88' lang='lat' dir='ltr'>SEQUENS</span> <span class='ocrx_word' id='word_1_315' title='bbox 1248 1234 1425 1270; x_wconf 85' lang='lat' dir='ltr'>ALIQUID</span> <span class='ocrx_word' id='word_1_316' title='bbox 1450 1234 1599 1264; x_wconf 83' lang='lat' dir='ltr'>ADDAT</span> <span class='ocrx_word' id='word_1_317' title='bbox 1622 1234 1680 1264; x_wconf 90' lang='lat' dir='ltr'>DE</span> <span class='ocrx_word' id='word_1_318' title='bbox 1703 1234 1924 1265; x_wconf 86' lang='lat' dir='ltr'><strong>BONITATE</strong></span> <span class='ocrx_word' id='word_1_319' title='bbox 1948 1235 2031 1266; x_wconf 89' lang='lat' dir='ltr'>VEL</span> <span class='ocrx_word' id='word_1_320' title='bbox 2054 1234 2235 1265; x_wconf 81' lang='lat' dir='ltr'>MALITIA</span> 
     </span>
     <span class='ocr_line' id='line_1_46' title="bbox 1161 1277 1703 1309; baseline 0.002 -1"><span class='ocrx_word' id='word_1_321' title='bbox 1161 1278 1219 1308; x_wconf 87' lang='lat' dir='ltr'>AD</span> <span class='ocrx_word' id='word_1_322' title='bbox 1242 1277 1526 1308; x_wconf 86' lang='lat' dir='ltr'>EXTERIOREM</span> <span class='ocrx_word' id='word_1_323' title='bbox 1549 1277 1703 1309; x_wconf 89' lang='lat' dir='ltr'>ACTUM</span> 
     </span>
    </p>
   </div>
   <div class='ocr_carea' id='block_1_16' title="bbox 852 1331 2009 1379">
    <p class='ocr_par' dir='ltr' id='par_1_17' title="bbox 852 1331 2009 1379">
     <span class='ocr_line' id='line_1_47' title="bbox 852 1331 2009 1379; baseline 0.003 -10"><span class='ocrx_word' id='word_1_324' title='bbox 852 1345 926 1376; x_wconf 87' lang='lat' dir='ltr'>Infra,</span> <span class='ocrx_word' id='word_1_325' title='bbox 946 1353 989 1379; x_wconf 90' lang='lat' dir='ltr'>qu.</span> <span class='ocrx_word' id='word_1_326' title='bbox 1009 1353 1091 1374; x_wconf 79' lang='lat' dir='ltr'>Lxxm,</span> <span class='ocrx_word' id='word_1_327' title='bbox 1112 1350 1157 1370; x_wconf 88' lang='lat' dir='ltr'>art.</span> <span class='ocrx_word' id='word_1_328' title='bbox 1173 1345 1202 1376; x_wconf 82' lang='lat'>83</span> <span class='ocrx_word' id='word_1_329' title='bbox 1223 1346 1264 1370; x_wconf 90' lang='lat' dir='ltr'>De</span> <span class='ocrx_word' id='word_1_330' title='bbox 1282 1345 1365 1377; x_wconf 82' lang='lat' dir='ltr'>Malo,</span> <span class='ocrx_word' id='word_1_331' title='bbox 1385 1354 1428 1378; x_wconf 91' lang='lat' dir='ltr'>qu</span> <span class='ocrx_word' id='word_1_332' title='bbox 1443 1354 1460 1377; x_wconf 85' lang='lat'>1,</span> <span class='ocrx_word' id='word_1_333' title='bbox 1480 1352 1526 1371; x_wconf 86' lang='lat' dir='ltr'>art.</span> <span class='ocrx_word' id='word_1_334' title='bbox 1541 1346 1570 1377; x_wconf 85' lang='lat'>3,</span> <span class='ocrx_word' id='word_1_335' title='bbox 1588 1347 1620 1371; x_wconf 90' lang='lat' dir='ltr'>ad</span> <span class='ocrx_word' id='word_1_336' title='bbox 1637 1331 1679 1378; x_wconf 30' lang='lat'>1⁴53</span> <span class='ocrx_word' id='word_1_337' title='bbox 1699 1355 1743 1379; x_wconf 88' lang='lat' dir='ltr'>qu.</span> <span class='ocrx_word' id='word_1_338' title='bbox 1758 1354 1794 1378; x_wconf 88' lang='lat'>111,</span> <span class='ocrx_word' id='word_1_339' title='bbox 1814 1353 1861 1372; x_wconf 85' lang='lat' dir='ltr'>art.</span> <span class='ocrx_word' id='word_1_340' title='bbox 1877 1355 1916 1379; x_wconf 80' lang='grc' dir='ltr'>ιο,</span> <span class='ocrx_word' id='word_1_341' title='bbox 1935 1347 1966 1372; x_wconf 89' lang='lat' dir='ltr'>ad</span> <span class='ocrx_word' id='word_1_342' title='bbox 1987 1347 2009 1372; x_wconf 87' lang='lat'>5.</span> 
     </span>
    </p>
   </div>
   <div class='ocr_carea' id='block_1_17' title="bbox 388 1424 1408 1578">
    <p class='ocr_par' dir='ltr' id='par_1_18' title="bbox 388 1424 1407 1567">
     <span class='ocr_line' id='line_1_48' title="bbox 388 1424 1407 1472; baseline 0.005 -16"><span class='ocrx_word' id='word_1_343' title='bbox 388 1447 411 1467; x_wconf 39' lang='lat'>‚⁴</span> <span class='ocrx_word' id='word_1_344' title='bbox 426 1447 445 1469; x_wconf 62' lang='lat'>.,</span> <span class='ocrx_word' id='word_1_345' title='bbox 560 1435 583 1460; x_wconf 86' lang='lat' dir='ltr'>n</span> <span class='ocrx_word' id='word_1_346' title='bbox 604 1435 766 1465; x_wconf 83' lang='lat' dir='ltr'>QUlN&#39;rUM</span> <span class='ocrx_word' id='word_1_347' title='bbox 785 1435 838 1460; x_wconf 78' lang='lat' dir='ltr'>sm</span> <span class='ocrx_word' id='word_1_348' title='bbox 857 1435 1095 1461; x_wconf 82' lang='lat' dir='ltr'>PROCEDITUR.</span> <span class='ocrx_word' id='word_1_349' title='bbox 1121 1424 1281 1461; x_wconf 91' lang='lat' dir='ltr'>Videtur</span> <span class='ocrx_word' id='word_1_350' title='bbox 1304 1424 1407 1472; x_wconf 90' lang='lat' dir='ltr'>quod</span> 
     </span>
     <span class='ocr_line' id='line_1_49' title="bbox 443 1476 1406 1526; baseline 0 -14"><span class='ocrx_word' id='word_1_351' title='bbox 443 1505 456 1519; x_wconf 67' lang='grc'><strong><em>,</em></strong></span> <span class='ocrx_word' id='word_1_352' title='bbox 561 1483 719 1514; x_wconf 90' lang='lat' dir='ltr'>eventus</span> <span class='ocrx_word' id='word_1_353' title='bbox 756 1488 920 1526; x_wconf 91' lang='lat' dir='ltr'>sequens</span> <span class='ocrx_word' id='word_1_354' title='bbox 957 1476 1071 1515; x_wconf 83' lang='lat' dir='ltr'>addat</span> <span class='ocrx_word' id='word_1_355' title='bbox 1107 1476 1156 1514; x_wconf 87' lang='lat' dir='ltr'>ad</span> <span class='ocrx_word' id='word_1_356' title='bbox 1197 1476 1406 1514; x_wconf 87' lang='lat' dir='ltr'>bonitatem</span> 
     </span>
     <span class='ocr_line' id='line_1_50' title="bbox 498 1517 1408 1578; baseline 0 -13"><span class='ocrx_word' id='word_1_357' title='bbox 498 1517 622 1578; x_wconf 71' lang='lat' dir='ltr'>&#39;‘,3&#39;vel</span> <span class='ocrx_word' id='word_1_358' title='bbox 649 1527 831 1566; x_wconf 89' lang='lat' dir='ltr'>malitiam</span> <span class='ocrx_word' id='word_1_359' title='bbox 858 1537 976 1567; x_wconf 90' lang='lat' dir='ltr'>actus.</span> <span class='ocrx_word' id='word_1_360' title='bbox 1005 1529 1174 1567; x_wconf 85' lang='lat' dir='ltr'>Effectus</span> <span class='ocrx_word' id='word_1_361' title='bbox 1203 1529 1304 1566; x_wconf 88' lang='lat' dir='ltr'>enirn</span> <span class='ocrx_word' id='word_1_362' title='bbox 1333 1528 1408 1566; x_wconf 81' lang='lat' dir='ltr'>vir—</span> 
     </span>
    </p>
   </div>
   <div class='ocr_carea' id='block_1_18' title="bbox 363 1438 551 1629">
    <p class='ocr_par' dir='ltr' id='par_1_19' title="bbox 363 1438 551 1629">
     <span class='ocr_line' id='line_1_51' title="bbox 363 1438 551 1629; baseline 0 2523"><span class='ocrx_word' id='word_1_363' title='bbox 363 1438 551 1629; x_wconf 95' lang='lat' dir='ltr'> </span> 
     </span>
    </p>
   </div>
   <div class='ocr_carea' id='block_1_19' title="bbox 347 1581 1411 2419">
    <p class='ocr_par' dir='ltr' id='par_1_20' title="bbox 347 1581 1409 1935">
     <span class='ocr_line' id='line_1_52' title="bbox 440 1581 1408 1640; baseline 0 -22"><span class='ocrx_word' id='word_1_364' title='bbox 440 1606 468 1609; x_wconf 59' lang='lat'>›-</span> <span class='ocrx_word' id='word_1_365' title='bbox 495 1596 502 1610; x_wconf 33' lang='grc' dir='ltr'>,Α</span> <span class='ocrx_word' id='word_1_366' title='bbox 533 1603 549 1618; x_wconf 37' lang='lat' dir='ltr'>x</span> <span class='ocrx_word' id='word_1_367' title='bbox 560 1589 637 1618; x_wconf 91' lang='lat' dir='ltr'>tute</span> <span class='ocrx_word' id='word_1_368' title='bbox 664 1581 878 1640; x_wconf 82' lang='lat' dir='ltr'>praeexistit</span> <span class='ocrx_word' id='word_1_369' title='bbox 911 1581 948 1618; x_wconf 89' lang='lat' dir='ltr'>in</span> <span class='ocrx_word' id='word_1_370' title='bbox 982 1594 1107 1618; x_wconf 91' lang='lat' dir='ltr'>causa.</span> <span class='ocrx_word' id='word_1_371' title='bbox 1138 1581 1215 1619; x_wconf 91' lang='lat' dir='ltr'>Sed</span> <span class='ocrx_word' id='word_1_372' title='bbox 1248 1589 1408 1618; x_wconf 88' lang='lat' dir='ltr'>eventus</span> 
     </span>
     <span class='ocr_line' id='line_1_53' title="bbox 349 1613 1406 1683; baseline -0.002 -11"><span class='ocrx_word' id='word_1_373' title='bbox 349 1613 632 1683; x_wconf 88' lang='lat' dir='ltr'>consequuntur</span> <span class='ocrx_word' id='word_1_374' title='bbox 666 1641 770 1671; x_wconf 85' lang='lat' dir='ltr'>actus</span> <span class='ocrx_word' id='word_1_375' title='bbox 804 1634 899 1671; x_wconf 89' lang='lat' dir='ltr'>sicut</span> <span class='ocrx_word' id='word_1_376' title='bbox 935 1634 1092 1671; x_wconf 84' lang='lat' dir='ltr'>effectus</span> <span class='ocrx_word' id='word_1_377' title='bbox 1125 1646 1268 1671; x_wconf 88' lang='lat' dir='ltr'>causas.</span> <span class='ocrx_word' id='word_1_378' title='bbox 1305 1635 1406 1681; x_wconf 88' lang='lat' dir='ltr'>Ergo</span> 
     </span>
     <span class='ocr_line' id='line_1_54' title="bbox 347 1686 1407 1736; baseline -0.001 -11"><span class='ocrx_word' id='word_1_379' title='bbox 347 1687 484 1725; x_wconf 83' lang='lat' dir='ltr'>virtute</span> <span class='ocrx_word' id='word_1_380' title='bbox 503 1686 756 1735; x_wconf 86' lang='lat' dir='ltr'>praeexistunt</span> <span class='ocrx_word' id='word_1_381' title='bbox 773 1687 811 1723; x_wconf 92' lang='lat' dir='ltr'>in</span> <span class='ocrx_word' id='word_1_382' title='bbox 830 1687 985 1724; x_wconf 91' lang='lat' dir='ltr'>actibus.</span> <span class='ocrx_word' id='word_1_383' title='bbox 1008 1687 1085 1724; x_wconf 89' lang='lat' dir='ltr'>Sed</span> <span class='ocrx_word' id='word_1_384' title='bbox 1103 1686 1407 1736; x_wconf 87' lang='lat' dir='ltr'>unumquodque</span> 
     </span>
     <span class='ocr_line' id='line_1_55' title="bbox 349 1735 1409 1779; baseline -0.001 -2"><span class='ocrx_word' id='word_1_385' title='bbox 349 1740 560 1779; x_wconf 88' lang='lat' dir='ltr'>secundum</span> <span class='ocrx_word' id='word_1_386' title='bbox 594 1751 704 1778; x_wconf 89' lang='lat' dir='ltr'>suam</span> <span class='ocrx_word' id='word_1_387' title='bbox 731 1739 911 1777; x_wconf 87' lang='lat' dir='ltr'>virtutem</span> <span class='ocrx_word' id='word_1_388' title='bbox 945 1735 1130 1777; x_wconf 84' lang='lat' dir='ltr'>iudicatur</span> <span class='ocrx_word' id='word_1_389' title='bbox 1165 1740 1311 1776; x_wconf 88' lang='lat' dir='ltr'>bonurn</span> <span class='ocrx_word' id='word_1_390' title='bbox 1344 1740 1409 1776; x_wconf 89' lang='lat' dir='ltr'>vel</span> 
     </span>
     <span class='ocr_line' id='line_1_56' title="bbox 347 1793 1408 1841; baseline -0.002 -10"><span class='ocrx_word' id='word_1_391' title='bbox 347 1793 511 1831; x_wconf 76' lang='lat' dir='ltr'>malum:</span> <span class='ocrx_word' id='word_1_392' title='bbox 540 1804 632 1830; x_wconf 87' lang='lat' dir='ltr'>nam</span> <span class='ocrx_word' id='word_1_393' title='bbox 657 1793 776 1830; x_wconf 76' lang='lat' dir='ltr'>virtus</span> <span class='ocrx_word' id='word_1_394' title='bbox 803 1797 857 1830; x_wconf 89' lang='lat' dir='ltr'>est</span> <span class='ocrx_word' id='word_1_395' title='bbox 882 1804 978 1841; x_wconf 85' lang='lat' dir='ltr'>quae</span> <span class='ocrx_word' id='word_1_396' title='bbox 996 1793 1135 1831; x_wconf 81' lang='lat' dir='ltr'>bonum</span> <span class='ocrx_word' id='word_1_397' title='bbox 1150 1793 1255 1841; x_wconf 89' lang='lat' dir='ltr'>facit</span> <span class='ocrx_word' id='word_1_398' title='bbox 1270 1793 1408 1829; x_wconf 82' lang='lat' dir='ltr'>haben-</span> 
     </span>
     <span class='ocr_line' id='line_1_57' title="bbox 347 1844 1407 1893; baseline 0.001 -12"><span class='ocrx_word' id='word_1_399' title='bbox 347 1850 432 1891; x_wconf 83' lang='lat' dir='ltr'>tem,</span> <span class='ocrx_word' id='word_1_400' title='bbox 447 1852 489 1882; x_wconf 91' lang='lat' dir='ltr'>ut</span> <span class='ocrx_word' id='word_1_401' title='bbox 504 1844 639 1882; x_wconf 88' lang='lat' dir='ltr'>dicitur</span> <span class='ocrx_word' id='word_1_402' title='bbox 656 1845 694 1881; x_wconf 90' lang='lat' dir='ltr'>in</span> <span class='ocrx_word' id='word_1_403' title='bbox 714 1846 746 1881; x_wconf 93' lang='lat' dir='ltr'>II</span> <span class='ocrx_word' id='word_1_404' title='bbox 761 1846 881 1882; x_wconf 85' lang='lat' dir='ltr'>Ethic.</span> <span class='ocrx_word' id='word_1_405' title='bbox 893 1845 913 1867; x_wconf 75' lang='lat'>&#39;¹‘</span> <span class='ocrx_word' id='word_1_406' title='bbox 932 1846 1034 1893; x_wconf 87' lang='lat' dir='ltr'>Ergo</span> <span class='ocrx_word' id='word_1_407' title='bbox 1055 1853 1214 1882; x_wconf 89' lang='lat' dir='ltr'>eventus</span> <span class='ocrx_word' id='word_1_408' title='bbox 1233 1845 1407 1882; x_wconf 72' lang='lat' dir='ltr'>addunt-²</span> 
     </span>
     <span class='ocr_line' id='line_1_58' title="bbox 348 1897 1078 1935; baseline 0 0"><span class='ocrx_word' id='word_1_409' title='bbox 348 1897 398 1935; x_wconf 82' lang='lat' dir='ltr'>ad</span> <span class='ocrx_word' id='word_1_410' title='bbox 426 1897 634 1935; x_wconf 89' lang='lat' dir='ltr'>bonitatem</span> <span class='ocrx_word' id='word_1_411' title='bbox 661 1898 724 1934; x_wconf 91' lang='lat' dir='ltr'>vel</span> <span class='ocrx_word' id='word_1_412' title='bbox 753 1898 935 1935; x_wconf 86' lang='lat' dir='ltr'>malitiam</span> <span class='ocrx_word' id='word_1_413' title='bbox 964 1905 1078 1935; x_wconf 89' lang='lat' dir='ltr'>actus.</span> 
     </span>
    </p>

    <p class='ocr_par' dir='ltr' id='par_1_21' title="bbox 347 1950 1411 2314">
     <span class='ocr_line' id='line_1_59' title="bbox 402 1950 1409 2001; baseline 0 -14"><span class='ocrx_word' id='word_1_414' title='bbox 402 1961 437 1987; x_wconf 86' lang='lat'>2.</span> <span class='ocrx_word' id='word_1_415' title='bbox 457 1950 690 1997; x_wconf 76' lang='lat' dir='ltr'>PRAETEREA,</span> <span class='ocrx_word' id='word_1_416' title='bbox 707 1950 809 1988; x_wconf 92' lang='lat' dir='ltr'>bona</span> <span class='ocrx_word' id='word_1_417' title='bbox 824 1963 921 2001; x_wconf 89' lang='lat' dir='ltr'>quae</span> <span class='ocrx_word' id='word_1_418' title='bbox 941 1950 1080 1988; x_wconf 86' lang='lat' dir='ltr'>faciunt</span> <span class='ocrx_word' id='word_1_419' title='bbox 1099 1950 1301 1997; x_wconf 77' lang='lat' dir='ltr'>auditores,</span> <span class='ocrx_word' id='word_1_420' title='bbox 1323 1957 1409 1987; x_wconf 88' lang='lat' dir='ltr'>sunt</span> 
     </span>
     <span class='ocr_line' id='line_1_60' title="bbox 349 2002 1406 2053; baseline 0 -13"><span class='ocrx_word' id='word_1_421' title='bbox 349 2002 504 2041; x_wconf 82' lang='lat' dir='ltr'>effectus</span> <span class='ocrx_word' id='word_1_422' title='bbox 542 2003 697 2053; x_wconf 91' lang='lat' dir='ltr'>quidam</span> <span class='ocrx_word' id='word_1_423' title='bbox 736 2010 1012 2052; x_wconf 89' lang='lat' dir='ltr'>consequentes</span> <span class='ocrx_word' id='word_1_424' title='bbox 1047 2015 1091 2041; x_wconf 88' lang='lat' dir='ltr'>ex</span> <span class='ocrx_word' id='word_1_425' title='bbox 1127 2003 1406 2052; x_wconf 88' lang='lat' dir='ltr'>praedicatione</span> 
     </span>
     <span class='ocr_line' id='line_1_61' title="bbox 350 2054 1407 2095; baseline -0.001 -2"><span class='ocrx_word' id='word_1_426' title='bbox 350 2054 528 2093; x_wconf 83' lang='lat' dir='ltr'>doctoris.</span> <span class='ocrx_word' id='word_1_427' title='bbox 550 2055 628 2095; x_wconf 85' lang='lat' dir='ltr'>Sed</span> <span class='ocrx_word' id='word_1_428' title='bbox 653 2056 874 2094; x_wconf 85' lang='lat' dir='ltr'>huiusmodi</span> <span class='ocrx_word' id='word_1_429' title='bbox 897 2056 999 2094; x_wconf 85' lang='lat' dir='ltr'>bona</span> <span class='ocrx_word' id='word_1_430' title='bbox 1027 2056 1241 2094; x_wconf 88' lang='lat' dir='ltr'>redundant</span> <span class='ocrx_word' id='word_1_431' title='bbox 1259 2056 1307 2094; x_wconf 93' lang='lat' dir='ltr'>ad</span> <span class='ocrx_word' id='word_1_432' title='bbox 1328 2068 1407 2092; x_wconf 92' lang='lat' dir='ltr'>me-</span> 
     </span>
     <span class='ocr_line' id='line_1_62' title="bbox 348 2107 1411 2158; baseline 0 -14"><span class='ocrx_word' id='word_1_433' title='bbox 348 2107 460 2145; x_wconf 88' lang='lat' dir='ltr'>ritum</span> <span class='ocrx_word' id='word_1_434' title='bbox 480 2108 770 2156; x_wconf 87' lang='lat' dir='ltr'>praedicatoris:</span> <span class='ocrx_word' id='word_1_435' title='bbox 797 2117 840 2146; x_wconf 91' lang='lat' dir='ltr'>ut</span> <span class='ocrx_word' id='word_1_436' title='bbox 865 2116 968 2158; x_wconf 92' lang='lat' dir='ltr'>patet</span> <span class='ocrx_word' id='word_1_437' title='bbox 994 2121 1063 2158; x_wconf 90' lang='lat' dir='ltr'>per</span> <span class='ocrx_word' id='word_1_438' title='bbox 1082 2109 1119 2146; x_wconf 93' lang='lat' dir='ltr'>id</span> <span class='ocrx_word' id='word_1_439' title='bbox 1143 2109 1246 2158; x_wconf 93' lang='lat' dir='ltr'>quod</span> <span class='ocrx_word' id='word_1_440' title='bbox 1275 2108 1411 2145; x_wconf 86' lang='lat' dir='ltr'>dicitur</span> 
     </span>
     <span class='ocr_line' id='line_1_63' title="bbox 347 2160 1407 2209; baseline 0 -12"><span class='ocrx_word' id='word_1_441' title='bbox 347 2160 503 2209; x_wconf 81' lang='lat' dir='ltr'>Philipp.</span> <span class='ocrx_word' id='word_1_442' title='bbox 525 2173 561 2198; x_wconf 81' lang='lat' dir='ltr'>iv</span> <span class='ocrx_word' id='word_1_443' title='bbox 573 2160 608 2197; x_wconf 73' lang='grc' dir='ltr'>*ε</span> <span class='ocrx_word' id='word_1_444' title='bbox 628 2162 783 2198; x_wconf 87' lang='lat' dir='ltr'>Fratres</span> <span class='ocrx_word' id='word_1_445' title='bbox 801 2162 877 2198; x_wconf 88' lang='lat' dir='ltr'>mei</span> <span class='ocrx_word' id='word_1_446' title='bbox 893 2162 1079 2198; x_wconf 81' lang='lat' dir='ltr'>carissimi</span> <span class='ocrx_word' id='word_1_447' title='bbox 1094 2167 1130 2198; x_wconf 90' lang='lat' dir='ltr'>et</span> <span class='ocrx_word' id='word_1_448' title='bbox 1146 2162 1407 2198; x_wconf 68' lang='lat' dir='ltr'>desideratissi-</span> 
     </span>
     <span class='ocr_line' id='line_1_64' title="bbox 348 2213 1408 2262; baseline 0.001 -13"><span class='ocrx_word' id='word_1_449' title='bbox 348 2213 412 2258; x_wconf 88' lang='lat' dir='ltr'>mi,</span> <span class='ocrx_word' id='word_1_450' title='bbox 430 2214 614 2262; x_wconf 82' lang='lat' dir='ltr'>gaudium</span> <span class='ocrx_word' id='word_1_451' title='bbox 634 2226 758 2251; x_wconf 90' lang='lat' dir='ltr'>meum</span> <span class='ocrx_word' id='word_1_452' title='bbox 783 2220 819 2250; x_wconf 90' lang='lat' dir='ltr'>et</span> <span class='ocrx_word' id='word_1_453' title='bbox 840 2226 981 2251; x_wconf 88' lang='lat' dir='ltr'>corona</span> <span class='ocrx_word' id='word_1_454' title='bbox 1008 2226 1104 2251; x_wconf 89' lang='lat' dir='ltr'>mea.</span> <span class='ocrx_word' id='word_1_455' title='bbox 1126 2215 1227 2261; x_wconf 89' lang='lat' dir='ltr'>Ergo</span> <span class='ocrx_word' id='word_1_456' title='bbox 1248 2222 1408 2251; x_wconf 82' lang='lat' dir='ltr'>eventus</span> 
     </span>
     <span class='ocr_line' id='line_1_65' title="bbox 348 2266 1364 2314; baseline 0.002 -13"><span class='ocrx_word' id='word_1_457' title='bbox 348 2277 511 2314; x_wconf 90' lang='lat' dir='ltr'>sequens</span> <span class='ocrx_word' id='word_1_458' title='bbox 536 2266 640 2303; x_wconf 91' lang='lat' dir='ltr'>addit</span> <span class='ocrx_word' id='word_1_459' title='bbox 658 2267 706 2304; x_wconf 91' lang='lat' dir='ltr'>ad</span> <span class='ocrx_word' id='word_1_460' title='bbox 726 2267 934 2303; x_wconf 88' lang='lat' dir='ltr'>bonitatem</span> <span class='ocrx_word' id='word_1_461' title='bbox 955 2268 1018 2303; x_wconf 82' lang='lat' dir='ltr'>vel</span> <span class='ocrx_word' id='word_1_462' title='bbox 1038 2266 1220 2303; x_wconf 87' lang='lat' dir='ltr'>malitiam</span> <span class='ocrx_word' id='word_1_463' title='bbox 1249 2274 1364 2303; x_wconf 90' lang='lat' dir='ltr'>actus.</span> 
     </span>
    </p>

    <p class='ocr_par' dir='ltr' id='par_1_22' title="bbox 348 2318 1407 2419">
     <span class='ocr_line' id='line_1_66' title="bbox 402 2318 1407 2367; baseline 0 -13"><span class='ocrx_word' id='word_1_464' title='bbox 402 2318 437 2354; x_wconf 88' lang='lat'>3.</span> <span class='ocrx_word' id='word_1_465' title='bbox 458 2318 690 2365; x_wconf 79' lang='lat' dir='ltr'>PRAETEREA,</span> <span class='ocrx_word' id='word_1_466' title='bbox 711 2331 838 2367; x_wconf 91' lang='lat' dir='ltr'>poena</span> <span class='ocrx_word' id='word_1_467' title='bbox 853 2331 930 2355; x_wconf 91' lang='lat' dir='ltr'>non</span> <span class='ocrx_word' id='word_1_468' title='bbox 950 2319 1099 2356; x_wconf 91' lang='lat' dir='ltr'>additur</span> <span class='ocrx_word' id='word_1_469' title='bbox 1126 2319 1196 2355; x_wconf 90' lang='lat' dir='ltr'>nisi</span> <span class='ocrx_word' id='word_1_470' title='bbox 1217 2326 1407 2356; x_wconf 87' lang='lat' dir='ltr'>crescente</span> 
     </span>
     <span class='ocr_line' id='line_1_67' title="bbox 348 2370 1407 2419; baseline 0.002 -13"><span class='ocrx_word' id='word_1_471' title='bbox 348 2370 480 2419; x_wconf 89' lang='lat' dir='ltr'>culpa:</span> <span class='ocrx_word' id='word_1_472' title='bbox 513 2371 617 2407; x_wconf 88' lang='lat' dir='ltr'>unde</span> <span class='ocrx_word' id='word_1_473' title='bbox 654 2371 788 2408; x_wconf 88' lang='lat' dir='ltr'>dicitur</span> <span class='ocrx_word' id='word_1_474' title='bbox 822 2373 932 2408; x_wconf 91' lang='lat' dir='ltr'>Deut.</span> <span class='ocrx_word' id='word_1_475' title='bbox 961 2383 1033 2407; x_wconf 86' lang='lat' dir='ltr'>xxv</span> <span class='ocrx_word' id='word_1_476' title='bbox 1060 2372 1097 2408; x_wconf 80' lang='lat' dir='ltr'>*z</span> <span class='ocrx_word' id='word_1_477' title='bbox 1126 2372 1202 2408; x_wconf 88' lang='lat' dir='ltr'>Pro</span> <span class='ocrx_word' id='word_1_478' title='bbox 1230 2383 1407 2408; x_wconf 88' lang='lat' dir='ltr'>mensura</span> 
     </span>
    </p>
   </div>
   <div class='ocr_carea' id='block_1_20' title="bbox 341 2423 1408 2473">
    <p class='ocr_par' dir='ltr' id='par_1_23' title="bbox 341 2423 1408 2473">
     <span class='ocr_line' id='line_1_68' title="bbox 341 2423 1408 2473; baseline 0.001 -14"><span class='ocrx_word' id='word_1_479' title='bbox 341 2423 502 2471; x_wconf 88' lang='lat' dir='ltr'>peccati,</span> <span class='ocrx_word' id='word_1_480' title='bbox 532 2423 603 2460; x_wconf 87' lang='lat' dir='ltr'>erit</span> <span class='ocrx_word' id='word_1_481' title='bbox 628 2430 663 2460; x_wconf 90' lang='lat' dir='ltr'>et</span> <span class='ocrx_word' id='word_1_482' title='bbox 682 2424 892 2473; x_wconf 84' lang='lat' dir='ltr'>plagarum</span> <span class='ocrx_word' id='word_1_483' title='bbox 924 2423 1067 2460; x_wconf 86' lang='lat' dir='ltr'>modus.</span> <span class='ocrx_word' id='word_1_484' title='bbox 1090 2424 1165 2461; x_wconf 90' lang='lat' dir='ltr'>Sed</span> <span class='ocrx_word' id='word_1_485' title='bbox 1195 2436 1240 2460; x_wconf 89' lang='lat' dir='ltr'>ex</span> <span class='ocrx_word' id='word_1_486' title='bbox 1269 2431 1408 2460; x_wconf 90' lang='lat' dir='ltr'>eventu</span> 
     </span>
    </p>
   </div>
   <div class='ocr_carea' id='block_1_21' title="bbox 346 2476 1410 3422">
    <p class='ocr_par' dir='ltr' id='par_1_24' title="bbox 346 2476 1408 3422">
     <span class='ocr_line' id='line_1_69' title="bbox 347 2476 1405 2525; baseline 0.001 -13"><span class='ocrx_word' id='word_1_487' title='bbox 347 2483 529 2524; x_wconf 89' lang='lat' dir='ltr'>sequente</span> <span class='ocrx_word' id='word_1_488' title='bbox 557 2476 708 2513; x_wconf 85' lang='lat' dir='ltr'>additur</span> <span class='ocrx_word' id='word_1_489' title='bbox 726 2477 776 2513; x_wconf 90' lang='lat' dir='ltr'>ad</span> <span class='ocrx_word' id='word_1_490' title='bbox 794 2489 978 2525; x_wconf 91' lang='lat' dir='ltr'>poenam:</span> <span class='ocrx_word' id='word_1_491' title='bbox 1010 2476 1143 2513; x_wconf 89' lang='lat' dir='ltr'>dicitur</span> <span class='ocrx_word' id='word_1_492' title='bbox 1162 2476 1263 2513; x_wconf 91' lang='lat' dir='ltr'>enim</span> <span class='ocrx_word' id='word_1_493' title='bbox 1282 2477 1405 2513; x_wconf 85' lang='lat' dir='ltr'>Exod.</span> 
     </span>
     <span class='ocr_line' id='line_1_70' title="bbox 346 2528 1408 2578; baseline 0.001 -14"><span class='ocrx_word' id='word_1_494' title='bbox 346 2540 405 2564; x_wconf 82' lang='lat' dir='ltr'>xxl</span> <span class='ocrx_word' id='word_1_495' title='bbox 424 2528 460 2565; x_wconf 79' lang='lat' dir='ltr'>*z</span> <span class='ocrx_word' id='word_1_496' title='bbox 494 2529 604 2571; x_wconf 85' lang='lat' dir='ltr'><em>Quod</em></span> <span class='ocrx_word' id='word_1_497' title='bbox 628 2530 662 2566; x_wconf 86' lang='lat' dir='ltr'>si</span> <span class='ocrx_word' id='word_1_498' title='bbox 683 2531 748 2566; x_wconf 86' lang='lat' dir='ltr'>bos</span> <span class='ocrx_word' id='word_1_499' title='bbox 759 2530 885 2578; x_wconf 86' lang='lat' dir='ltr'>fuerit</span> <span class='ocrx_word' id='word_1_500' title='bbox 901 2535 1104 2577; x_wconf 86' lang='lat' dir='ltr'>cornupeta</span> <span class='ocrx_word' id='word_1_501' title='bbox 1123 2530 1171 2566; x_wconf 88' lang='lat' dir='ltr'>ab</span> <span class='ocrx_word' id='word_1_502' title='bbox 1189 2529 1273 2565; x_wconf 85' lang='lat' dir='ltr'>heri</span> <span class='ocrx_word' id='word_1_503' title='bbox 1289 2535 1324 2566; x_wconf 90' lang='lat' dir='ltr'>et</span> <span class='ocrx_word' id='word_1_504' title='bbox 1341 2542 1408 2566; x_wconf 88' lang='lat' dir='ltr'>nu-</span> 
     </span>
     <span class='ocr_line' id='line_1_71' title="bbox 346 2581 1410 2628; baseline 0.001 -11"><span class='ocrx_word' id='word_1_505' title='bbox 346 2581 428 2618; x_wconf 83' lang='lat' dir='ltr'>dius</span> <span class='ocrx_word' id='word_1_506' title='bbox 455 2582 594 2628; x_wconf 80' lang='lat' dir='ltr'>tertius,</span> <span class='ocrx_word' id='word_1_507' title='bbox 624 2588 660 2620; x_wconf 87' lang='lat' dir='ltr'>et</span> <span class='ocrx_word' id='word_1_508' title='bbox 685 2583 877 2619; x_wconf 85' lang='lat' dir='ltr'>contestati</span> <span class='ocrx_word' id='word_1_509' title='bbox 901 2587 988 2618; x_wconf 86' lang='lat' dir='ltr'>sunt</span> <span class='ocrx_word' id='word_1_510' title='bbox 1012 2582 1205 2618; x_wconf 87' lang='lat' dir='ltr'>dominum</span> <span class='ocrx_word' id='word_1_511' title='bbox 1229 2583 1318 2627; x_wconf 86' lang='lat' dir='ltr'>eius,</span> <span class='ocrx_word' id='word_1_512' title='bbox 1340 2593 1410 2618; x_wconf 91' lang='lat' dir='ltr'>nec</span> 
     </span>
     <span class='ocr_line' id='line_1_72' title="bbox 347 2633 1408 2681; baseline 0.001 -11"><span class='ocrx_word' id='word_1_513' title='bbox 347 2633 538 2671; x_wconf 82' lang='lat' dir='ltr'>recluserit</span> <span class='ocrx_word' id='word_1_514' title='bbox 551 2633 566 2663; x_wconf 73' lang='grc' dir='ltr'><strong>β</strong></span> <span class='ocrx_word' id='word_1_515' title='bbox 583 2646 682 2680; x_wconf 88' lang='lat' dir='ltr'>eum,</span> <span class='ocrx_word' id='word_1_516' title='bbox 703 2634 949 2681; x_wconf 84' lang='lat' dir='ltr'>occideritque</span> <span class='ocrx_word' id='word_1_517' title='bbox 965 2634 1089 2671; x_wconf 79' lang='lat' dir='ltr'>virum</span> <span class='ocrx_word' id='word_1_518' title='bbox 1108 2640 1177 2670; x_wconf 87' lang='lat' dir='ltr'>aut</span> <span class='ocrx_word' id='word_1_519' title='bbox 1191 2634 1408 2671; x_wconf 88' lang='lat' dir='ltr'>mulierem·</span> <span class='ocrx_word' id='word_1_520' title='bbox 1395 2662 1404 2677; x_wconf 94' lang='lat'>,</span> 
     </span>
     <span class='ocr_line' id='line_1_73' title="bbox 348 2686 1406 2734; baseline 0 -12"><span class='ocrx_word' id='word_1_521' title='bbox 348 2690 384 2722; x_wconf 84' lang='lat' dir='ltr'>et</span> <span class='ocrx_word' id='word_1_522' title='bbox 408 2686 474 2725; x_wconf 81' lang='lat' dir='ltr'>bos</span> <span class='ocrx_word' id='word_1_523' title='bbox 502 2687 684 2734; x_wconf 82' lang='lat' dir='ltr'>lapidibus</span> <span class='ocrx_word' id='word_1_524' title='bbox 721 2687 920 2731; x_wconf 83' lang='lat' dir='ltr'>obruetur,</span> <span class='ocrx_word' id='word_1_525' title='bbox 948 2691 984 2722; x_wconf 89' lang='lat' dir='ltr'>et</span> <span class='ocrx_word' id='word_1_526' title='bbox 1009 2687 1202 2723; x_wconf 85' lang='lat' dir='ltr'>dominum</span> <span class='ocrx_word' id='word_1_527' title='bbox 1239 2687 1318 2722; x_wconf 88' lang='lat' dir='ltr'>eius</span> <span class='ocrx_word' id='word_1_528' title='bbox 1345 2698 1406 2723; x_wconf 87' lang='lat' dir='ltr'>oc-</span> 
     </span>
     <span class='ocr_line' id='line_1_74' title="bbox 348 2737 1406 2785; baseline 0.002 -11"><span class='ocrx_word' id='word_1_529' title='bbox 348 2737 477 2774; x_wconf 85' lang='lat' dir='ltr'>cident.</span> <span class='ocrx_word' id='word_1_530' title='bbox 495 2739 586 2775; x_wconf 91' lang='lat' dir='ltr'>Non</span> <span class='ocrx_word' id='word_1_531' title='bbox 605 2746 731 2775; x_wconf 88' lang='lat' dir='ltr'>autem</span> <span class='ocrx_word' id='word_1_532' title='bbox 751 2739 995 2785; x_wconf 85' lang='lat' dir='ltr'>occideretur,</span> <span class='ocrx_word' id='word_1_533' title='bbox 1013 2738 1043 2775; x_wconf 91' lang='lat' dir='ltr'>si</span> <span class='ocrx_word' id='word_1_534' title='bbox 1062 2739 1133 2775; x_wconf 94' lang='lat' dir='ltr'>bos</span> <span class='ocrx_word' id='word_1_535' title='bbox 1153 2750 1231 2776; x_wconf 88' lang='lat' dir='ltr'>non</span> <span class='ocrx_word' id='word_1_536' title='bbox 1250 2739 1406 2776; x_wconf 89' lang='lat' dir='ltr'>occidis—</span> 
     </span>
     <span class='ocr_line' id='line_1_75' title="bbox 348 2790 1407 2839; baseline 0.002 -13"><span class='ocrx_word' id='word_1_537' title='bbox 348 2797 404 2827; x_wconf 90' lang='lat' dir='ltr'>set</span> <span class='ocrx_word' id='word_1_538' title='bbox 430 2790 650 2838; x_wconf 81' lang='lat' dir='ltr'>hominem,</span> <span class='ocrx_word' id='word_1_539' title='bbox 680 2791 793 2828; x_wconf 86' lang='lat' dir='ltr'>etiam</span> <span class='ocrx_word' id='word_1_540' title='bbox 818 2803 896 2828; x_wconf 91' lang='lat' dir='ltr'>non</span> <span class='ocrx_word' id='word_1_541' title='bbox 916 2792 1093 2828; x_wconf 89' lang='lat' dir='ltr'>reclusus.</span> <span class='ocrx_word' id='word_1_542' title='bbox 1123 2792 1225 2839; x_wconf 89' lang='lat' dir='ltr'>Ergo</span> <span class='ocrx_word' id='word_1_543' title='bbox 1250 2799 1407 2829; x_wconf 84' lang='lat' dir='ltr'>eventus</span> 
     </span>
     <span class='ocr_line' id='line_1_76' title="bbox 348 2843 1406 2894; baseline 0.001 -14"><span class='ocrx_word' id='word_1_544' title='bbox 348 2854 512 2891; x_wconf 84' lang='lat' dir='ltr'>sequens</span> <span class='ocrx_word' id='word_1_545' title='bbox 543 2843 647 2881; x_wconf 85' lang='lat' dir='ltr'>addit</span> <span class='ocrx_word' id='word_1_546' title='bbox 673 2844 723 2880; x_wconf 87' lang='lat' dir='ltr'>ad</span> <span class='ocrx_word' id='word_1_547' title='bbox 750 2844 958 2881; x_wconf 87' lang='lat' dir='ltr'>bonitatem</span> <span class='ocrx_word' id='word_1_548' title='bbox 985 2845 1047 2894; x_wconf 76' lang='lat' dir='ltr'>vel</span> <span class='ocrx_word' id='word_1_549' title='bbox 1079 2844 1271 2881; x_wconf 56' lang='lat' dir='ltr'>malitiam*</span> <span class='ocrx_word' id='word_1_550' title='bbox 1289 2852 1406 2882; x_wconf 87' lang='lat' dir='ltr'>actus.</span> 
     </span>
     <span class='ocr_line' id='line_1_77' title="bbox 401 2896 1407 2945; baseline 0 -11"><span class='ocrx_word' id='word_1_551' title='bbox 401 2908 438 2942; x_wconf 92' lang='lat'>4.</span> <span class='ocrx_word' id='word_1_552' title='bbox 460 2898 692 2943; x_wconf 74' lang='lat' dir='ltr'>PRAETEREA,</span> <span class='ocrx_word' id='word_1_553' title='bbox 722 2896 753 2933; x_wconf 90' lang='lat' dir='ltr'>si</span> <span class='ocrx_word' id='word_1_554' title='bbox 780 2896 913 2945; x_wconf 87' lang='lat' dir='ltr'>aliquis</span> <span class='ocrx_word' id='word_1_555' title='bbox 938 2897 1081 2944; x_wconf 88' lang='lat' dir='ltr'>ingerat</span> <span class='ocrx_word' id='word_1_556' title='bbox 1099 2909 1254 2934; x_wconf 88' lang='lat' dir='ltr'>causam</span> <span class='ocrx_word' id='word_1_557' title='bbox 1273 2897 1407 2934; x_wconf 90' lang='lat' dir='ltr'>mortis</span> 
     </span>
     <span class='ocr_line' id='line_1_78' title="bbox 347 2949 1406 2998; baseline -0.001 -11"><span class='ocrx_word' id='word_1_558' title='bbox 347 2949 594 2998; x_wconf 85' lang='lat' dir='ltr'>percutiendo</span> <span class='ocrx_word' id='word_1_559' title='bbox 621 2950 683 2986; x_wconf 83' lang='lat' dir='ltr'>vel</span> <span class='ocrx_word' id='word_1_560' title='bbox 711 2949 931 2986; x_wconf 89' lang='lat' dir='ltr'>sententiam</span> <span class='ocrx_word' id='word_1_561' title='bbox 962 2951 1105 2995; x_wconf 87' lang='lat' dir='ltr'>dando,</span> <span class='ocrx_word' id='word_1_562' title='bbox 1133 2957 1168 2986; x_wconf 92' lang='lat' dir='ltr'>et</span> <span class='ocrx_word' id='word_1_563' title='bbox 1195 2961 1300 2986; x_wconf 89' lang='lat' dir='ltr'>mors</span> <span class='ocrx_word' id='word_1_564' title='bbox 1327 2962 1406 2986; x_wconf 90' lang='lat' dir='ltr'>non</span> 
     </span>
     <span class='ocr_line' id='line_1_79' title="bbox 348 3001 1406 3050; baseline 0 -12"><span class='ocrx_word' id='word_1_565' title='bbox 348 3010 545 3050; x_wconf 78' lang='lat' dir='ltr'>sequatur,</span> <span class='ocrx_word' id='word_1_566' title='bbox 565 3014 644 3040; x_wconf 90' lang='lat' dir='ltr'>non</span> <span class='ocrx_word' id='word_1_567' title='bbox 669 3001 898 3038; x_wconf 88' lang='lat' dir='ltr'>contrahitur</span> <span class='ocrx_word' id='word_1_568' title='bbox 916 3001 1176 3049; x_wconf 86' lang='lat' dir='ltr'>irregularitas.</span> <span class='ocrx_word' id='word_1_569' title='bbox 1197 3002 1406 3038; x_wconf 88' lang='lat' dir='ltr'>Contrahe-</span> 
     </span>
     <span class='ocr_line' id='line_1_80' title="bbox 350 3055 1402 3102; baseline -0.003 -9"><span class='ocrx_word' id='word_1_570' title='bbox 350 3063 456 3093; x_wconf 80' lang='lat' dir='ltr'>retur</span> <span class='ocrx_word' id='word_1_571' title='bbox 469 3062 598 3093; x_wconf 80' lang='lat' dir='ltr'>autem</span> <span class='ocrx_word' id='word_1_572' title='bbox 617 3055 649 3092; x_wconf 92' lang='lat' dir='ltr'>si</span> <span class='ocrx_word' id='word_1_573' title='bbox 671 3066 777 3092; x_wconf 88' lang='lat' dir='ltr'>mors</span> <span class='ocrx_word' id='word_1_574' title='bbox 796 3062 1026 3102; x_wconf 88' lang='lat' dir='ltr'>sequeretur.</span> <span class='ocrx_word' id='word_1_575' title='bbox 1048 3055 1149 3101; x_wconf 88' lang='lat' dir='ltr'>Ergo</span> <span class='ocrx_word' id='word_1_576' title='bbox 1170 3062 1326 3091; x_wconf 86' lang='lat' dir='ltr'>eventus</span> <span class='ocrx_word' id='word_1_577' title='bbox 1346 3067 1402 3091; x_wconf 91' lang='lat' dir='ltr'>se-</span> 
     </span>
     <span class='ocr_line' id='line_1_81' title="bbox 349 3106 1353 3156; baseline -0.001 -11"><span class='ocrx_word' id='word_1_578' title='bbox 349 3120 468 3156; x_wconf 89' lang='lat' dir='ltr'>quens</span> <span class='ocrx_word' id='word_1_579' title='bbox 497 3108 601 3145; x_wconf 84' lang='lat' dir='ltr'>addit</span> <span class='ocrx_word' id='word_1_580' title='bbox 626 3108 682 3145; x_wconf 88' lang='lat' dir='ltr'>ad·</span> <span class='ocrx_word' id='word_1_581' title='bbox 703 3107 912 3144; x_wconf 88' lang='lat' dir='ltr'>bonitatem</span> <span class='ocrx_word' id='word_1_582' title='bbox 938 3107 999 3143; x_wconf 88' lang='lat' dir='ltr'>vel</span> <span class='ocrx_word' id='word_1_583' title='bbox 1029 3106 1208 3143; x_wconf 87' lang='lat' dir='ltr'>malitiam</span> <span class='ocrx_word' id='word_1_584' title='bbox 1238 3114 1353 3144; x_wconf 90' lang='lat' dir='ltr'>actus.</span> 
     </span>
     <span class='ocr_line' id='line_1_82' title="bbox 403 3159 1402 3208; baseline -0.003 -10"><span class='ocrx_word' id='word_1_585' title='bbox 403 3162 477 3199; x_wconf 73' lang='lat' dir='ltr'>Ssn</span> <span class='ocrx_word' id='word_1_586' title='bbox 506 3172 665 3208; x_wconf 62' lang='lat' dir='ltr'>corma,</span> <span class='ocrx_word' id='word_1_587' title='bbox 693 3168 851 3198; x_wconf 84' lang='lat' dir='ltr'>eventus</span> <span class='ocrx_word' id='word_1_588' title='bbox 879 3172 1041 3208; x_wconf 88' lang='lat' dir='ltr'>sequens</span> <span class='ocrx_word' id='word_1_589' title='bbox 1069 3171 1147 3196; x_wconf 90' lang='lat' dir='ltr'>non</span> <span class='ocrx_word' id='word_1_590' title='bbox 1171 3159 1257 3196; x_wconf 91' lang='lat' dir='ltr'>facit</span> <span class='ocrx_word' id='word_1_591' title='bbox 1275 3167 1402 3196; x_wconf 89' lang='lat' dir='ltr'>actum</span> 
     </span>
     <span class='ocr_line' id='line_1_83' title="bbox 349 3211 1404 3261; baseline -0.004 -9"><span class='ocrx_word' id='word_1_592' title='bbox 349 3215 494 3252; x_wconf 83' lang='lat' dir='ltr'>malum</span> <span class='ocrx_word' id='word_1_593' title='bbox 522 3214 587 3261; x_wconf 91' lang='lat' dir='ltr'>qui</span> <span class='ocrx_word' id='word_1_594' title='bbox 607 3221 687 3250; x_wconf 88' lang='lat' dir='ltr'>erat</span> <span class='ocrx_word' id='word_1_595' title='bbox 712 3214 849 3260; x_wconf 91' lang='lat' dir='ltr'>bonus,</span> <span class='ocrx_word' id='word_1_596' title='bbox 869 3225 940 3250; x_wconf 91' lang='lat' dir='ltr'>nec</span> <span class='ocrx_word' id='word_1_597' title='bbox 967 3213 1113 3249; x_wconf 90' lang='lat' dir='ltr'>bonum</span> <span class='ocrx_word' id='word_1_598' title='bbox 1133 3211 1197 3260; x_wconf 89' lang='lat' dir='ltr'>qui</span> <span class='ocrx_word' id='word_1_599' title='bbox 1225 3220 1304 3249; x_wconf 85' lang='lat' dir='ltr'>erat</span> <span class='ocrx_word' id='word_1_600' title='bbox 1322 3224 1404 3249; x_wconf 89' lang='lat' dir='ltr'>ma-</span> 
     </span>
     <span class='ocr_line' id='line_1_84' title="bbox 348 3265 1402 3314; baseline -0.003 -10"><span class='ocrx_word' id='word_1_601' title='bbox 348 3267 418 3304; x_wconf 88' lang='lat' dir='ltr'>lus.</span> <span class='ocrx_word' id='word_1_602' title='bbox 456 3267 552 3303; x_wconf 88' lang='lat' dir='ltr'>Puta</span> <span class='ocrx_word' id='word_1_603' title='bbox 580 3266 611 3303; x_wconf 89' lang='lat' dir='ltr'>si</span> <span class='ocrx_word' id='word_1_604' title='bbox 639 3266 772 3314; x_wconf 87' lang='lat' dir='ltr'>aliquis</span> <span class='ocrx_word' id='word_1_605' title='bbox 810 3266 872 3303; x_wconf 91' lang='lat' dir='ltr'>det</span> <span class='ocrx_word' id='word_1_606' title='bbox 909 3266 1191 3313; x_wconf 89' lang='lat' dir='ltr'>eleemosynam</span> <span class='ocrx_word' id='word_1_607' title='bbox 1223 3265 1402 3314; x_wconf 89' lang='lat' dir='ltr'>pauperi,</span> 
     </span>
     <span class='ocr_line' id='line_1_85' title="bbox 349 3317 1404 3369; baseline -0.003 -12"><span class='ocrx_word' id='word_1_608' title='bbox 349 3331 425 3369; x_wconf 84' lang='lat' dir='ltr'>qua</span> <span class='ocrx_word' id='word_1_609' title='bbox 451 3319 511 3356; x_wconf 90' lang='lat' dir='ltr'>ille</span> <span class='ocrx_word' id='word_1_610' title='bbox 540 3319 714 3356; x_wconf 86' lang='lat' dir='ltr'>abutatur</span> <span class='ocrx_word' id='word_1_611' title='bbox 736 3324 752 3348; x_wconf 69' lang='grc' dir='ltr'><strong>Υ</strong></span> <span class='ocrx_word' id='word_1_612' title='bbox 779 3319 829 3356; x_wconf 93' lang='lat' dir='ltr'>ad</span> <span class='ocrx_word' id='word_1_613' title='bbox 846 3326 1058 3367; x_wconf 86' lang='lat' dir='ltr'>peccatum,</span> <span class='ocrx_word' id='word_1_614' title='bbox 1083 3317 1173 3354; x_wconf 90' lang='lat' dir='ltr'>nihil</span> <span class='ocrx_word' id='word_1_615' title='bbox 1198 3318 1342 3366; x_wconf 90' lang='lat' dir='ltr'>deperit</span> <span class='ocrx_word' id='word_1_616' title='bbox 1369 3318 1404 3354; x_wconf 91' lang='lat' dir='ltr'>ei</span> 
     </span>
     <span class='ocr_line' id='line_1_86' title="bbox 349 3370 1402 3422; baseline -0.004 -12"><span class='ocrx_word' id='word_1_617' title='bbox 349 3373 413 3422; x_wconf 91' lang='lat' dir='ltr'>qui</span> <span class='ocrx_word' id='word_1_618' title='bbox 443 3373 726 3420; x_wconf 84' lang='lat' dir='ltr'>eleemosynam</span> <span class='ocrx_word' id='word_1_619' title='bbox 753 3371 861 3408; x_wconf 87' lang='lat' dir='ltr'>fecit:</span> <span class='ocrx_word' id='word_1_620' title='bbox 885 3379 922 3408; x_wconf 89' lang='lat' dir='ltr'>et</span> <span class='ocrx_word' id='word_1_621' title='bbox 945 3370 1114 3408; x_wconf 90' lang='lat' dir='ltr'>similiter</span> <span class='ocrx_word' id='word_1_622' title='bbox 1132 3370 1162 3407; x_wconf 90' lang='lat' dir='ltr'>si</span> <span class='ocrx_word' id='word_1_623' title='bbox 1185 3370 1318 3419; x_wconf 89' lang='lat' dir='ltr'>aliquis</span> <span class='ocrx_word' id='word_1_624' title='bbox 1337 3382 1402 3419; x_wconf 90' lang='lat' dir='ltr'>pa-</span> 
     </span>
    </p>
   </div>
   <div class='ocr_carea' id='block_1_22' title="bbox 402 3475 902 3508">
    <p class='ocr_par' dir='ltr' id='par_1_25' title="bbox 402 3475 902 3508">
     <span class='ocr_line' id='line_1_87' title="bbox 402 3475 902 3508; baseline -0.002 -7"><span class='ocrx_word' id='word_1_625' title='bbox 402 3477 428 3508; x_wconf 83' lang='grc' dir='ltr'>α)</span> <span class='ocrx_word' id='word_1_626' title='bbox 448 3477 561 3501; x_wconf 87' lang='lat' dir='ltr'>addunt.</span> <span class='ocrx_word' id='word_1_627' title='bbox 580 3490 598 3495; x_wconf 94' lang='lat'>-</span> <span class='ocrx_word' id='word_1_628' title='bbox 616 3476 719 3500; x_wconf 79' lang='lat' dir='ltr'>addunt</span> <span class='ocrx_word' id='word_1_629' title='bbox 737 3475 838 3508; x_wconf 84' lang='lat' dir='ltr'>aliquid</span> <span class='ocrx_word' id='word_1_630' title='bbox 857 3476 902 3500; x_wconf 87' lang='lat' dir='ltr'>Pa.</span> 
     </span>
    </p>
   </div>
   <div class='ocr_carea' id='block_1_23' title="bbox 1432 1426 1435 1582">
    <p class='ocr_par' dir='ltr' id='par_1_26' title="bbox 1432 1426 1435 1582">
     <span class='ocr_line' id='line_1_88' title="bbox 1432 1426 1435 1582; baseline 0 0"><span class='ocrx_word' id='word_1_631' title='bbox 1432 1426 1435 1582; x_wconf 95' lang='lat' dir='ltr'> </span> 
     </span>
    </p>
   </div>
   <div class='ocr_carea' id='block_1_24' title="bbox 1460 1424 2519 1634">
    <p class='ocr_par' dir='ltr' id='par_1_27' title="bbox 1460 1424 2517 1479">
     <span class='ocr_line' id='line_1_89' title="bbox 1460 1424 2517 1479; baseline 0.006 -19"><span class='ocrx_word' id='word_1_632' title='bbox 1460 1424 1594 1461; x_wconf 89' lang='lat' dir='ltr'>tienter</span> <span class='ocrx_word' id='word_1_633' title='bbox 1626 1425 1718 1462; x_wconf 87' lang='lat' dir='ltr'>ferat</span> <span class='ocrx_word' id='word_1_634' title='bbox 1750 1425 1925 1464; x_wconf 90' lang='lat' dir='ltr'>iniuriam</span> <span class='ocrx_word' id='word_1_635' title='bbox 1953 1427 2023 1464; x_wconf 88' lang='lat' dir='ltr'>sibi</span> <span class='ocrx_word' id='word_1_636' title='bbox 2058 1428 2219 1476; x_wconf 88' lang='lat' dir='ltr'>factam,</span> <span class='ocrx_word' id='word_1_637' title='bbox 2246 1438 2325 1469; x_wconf 88' lang='lat' dir='ltr'>non</span> <span class='ocrx_word' id='word_1_638' title='bbox 2361 1437 2517 1479; x_wconf 88' lang='lat' dir='ltr'>propter</span> 
     </span>
    </p>

    <p class='ocr_par' dir='ltr' id='par_1_28' title="bbox 1460 1477 2518 1530">
     <span class='ocr_line' id='line_1_90' title="bbox 1460 1477 2518 1530; baseline 0.008 -18"><span class='ocrx_word' id='word_1_639' title='bbox 1460 1477 1535 1513; x_wconf 91' lang='lat' dir='ltr'>hoc</span> <span class='ocrx_word' id='word_1_640' title='bbox 1551 1485 1748 1514; x_wconf 87' lang='lat' dir='ltr'>excusatur</span> <span class='ocrx_word' id='word_1_641' title='bbox 1765 1478 1824 1514; x_wconf 90' lang='lat' dir='ltr'>ille</span> <span class='ocrx_word' id='word_1_642' title='bbox 1849 1478 1914 1527; x_wconf 90' lang='lat' dir='ltr'>qui</span> <span class='ocrx_word' id='word_1_643' title='bbox 1937 1479 2034 1517; x_wconf 89' lang='lat' dir='ltr'>fecit.</span> <span class='ocrx_word' id='word_1_644' title='bbox 2054 1481 2155 1528; x_wconf 87' lang='lat' dir='ltr'>Ergo</span> <span class='ocrx_word' id='word_1_645' title='bbox 2176 1490 2335 1519; x_wconf 90' lang='lat' dir='ltr'>eventus</span> <span class='ocrx_word' id='word_1_646' title='bbox 2353 1494 2518 1530; x_wconf 85' lang='lat' dir='ltr'>sequens</span> 
     </span>
    </p>

    <p class='ocr_par' dir='ltr' id='par_1_29' title="bbox 1460 1529 2519 1634">
     <span class='ocr_line' id='line_1_91' title="bbox 1460 1529 2427 1574; baseline 0.007 -9"><span class='ocrx_word' id='word_1_647' title='bbox 1460 1541 1539 1566; x_wconf 92' lang='lat' dir='ltr'>non</span> <span class='ocrx_word' id='word_1_648' title='bbox 1568 1529 1671 1566; x_wconf 88' lang='lat' dir='ltr'>addit</span> <span class='ocrx_word' id='word_1_649' title='bbox 1698 1530 1748 1567; x_wconf 87' lang='lat' dir='ltr'>ad</span> <span class='ocrx_word' id='word_1_650' title='bbox 1776 1531 1984 1568; x_wconf 87' lang='lat' dir='ltr'>bonitatem</span> <span class='ocrx_word' id='word_1_651' title='bbox 2012 1534 2074 1569; x_wconf 90' lang='lat' dir='ltr'>vel</span> <span class='ocrx_word' id='word_1_652' title='bbox 2102 1534 2282 1571; x_wconf 89' lang='lat' dir='ltr'>malitiam</span> <span class='ocrx_word' id='word_1_653' title='bbox 2311 1541 2427 1574; x_wconf 80' lang='lat' dir='ltr'>actus,</span> 
     </span>
     <span class='ocr_line' id='line_1_92' title="bbox 1514 1582 2519 1634; baseline 0.006 -16"><span class='ocrx_word' id='word_1_654' title='bbox 1514 1582 1738 1618; x_wconf 65' lang='lat' dir='ltr'>Responmzo</span> <span class='ocrx_word' id='word_1_655' title='bbox 1758 1594 1941 1620; x_wconf 61' lang='lat' dir='ltr'>melerinum</span> <span class='ocrx_word' id='word_1_656' title='bbox 1970 1586 2075 1632; x_wconf 92' lang='lat' dir='ltr'>quod</span> <span class='ocrx_word' id='word_1_657' title='bbox 2095 1593 2252 1623; x_wconf 91' lang='lat' dir='ltr'>eventus</span> <span class='ocrx_word' id='word_1_658' title='bbox 2272 1599 2434 1634; x_wconf 91' lang='lat' dir='ltr'>sequens</span> <span class='ocrx_word' id='word_1_659' title='bbox 2454 1595 2519 1624; x_wconf 89' lang='lat' dir='ltr'>aut</span> 
     </span>
    </p>
   </div>
   <div class='ocr_carea' id='block_1_25' title="bbox 1462 1635 2521 1687">
    <p class='ocr_par' dir='ltr' id='par_1_30' title="bbox 1462 1635 2521 1687">
     <span class='ocr_line' id='line_1_93' title="bbox 1462 1635 2521 1687; baseline 0.007 -17"><span class='ocrx_word' id='word_1_660' title='bbox 1462 1642 1517 1670; x_wconf 92' lang='lat' dir='ltr'>est</span> <span class='ocrx_word' id='word_1_661' title='bbox 1543 1635 1840 1683; x_wconf 88' lang='lat' dir='ltr'>praecogitatus,</span> <span class='ocrx_word' id='word_1_662' title='bbox 1870 1643 1934 1672; x_wconf 92' lang='lat' dir='ltr'>aut</span> <span class='ocrx_word' id='word_1_663' title='bbox 1961 1648 2050 1673; x_wconf 89' lang='lat' dir='ltr'>non.</span> <span class='ocrx_word' id='word_1_664' title='bbox 2081 1638 2120 1674; x_wconf 92' lang='lat' dir='ltr'>Si</span> <span class='ocrx_word' id='word_1_665' title='bbox 2150 1647 2204 1675; x_wconf 92' lang='lat' dir='ltr'>est</span> <span class='ocrx_word' id='word_1_666' title='bbox 2230 1639 2521 1687; x_wconf 83' lang='lat' dir='ltr'>praecogitatus,</span> 
     </span>
    </p>
   </div>
   <div class='ocr_carea' id='block_1_26' title="bbox 1460 1687 2519 2735">
    <p class='ocr_par' dir='ltr' id='par_1_31' title="bbox 1461 1687 2519 1935">
     <span class='ocr_line' id='line_1_94' title="bbox 1461 1687 2518 1738; baseline 0.006 -15"><span class='ocrx_word' id='word_1_667' title='bbox 1461 1687 1702 1724; x_wconf 87' lang='lat' dir='ltr'>manifestum</span> <span class='ocrx_word' id='word_1_668' title='bbox 1727 1695 1782 1725; x_wconf 91' lang='lat' dir='ltr'>est</span> <span class='ocrx_word' id='word_1_669' title='bbox 1805 1687 1910 1738; x_wconf 92' lang='lat' dir='ltr'>quod</span> <span class='ocrx_word' id='word_1_670' title='bbox 1934 1688 2037 1726; x_wconf 92' lang='lat' dir='ltr'>addit</span> <span class='ocrx_word' id='word_1_671' title='bbox 2059 1689 2107 1727; x_wconf 92' lang='lat' dir='ltr'>ad</span> <span class='ocrx_word' id='word_1_672' title='bbox 2131 1690 2339 1728; x_wconf 89' lang='lat' dir='ltr'>bonitatem</span> <span class='ocrx_word' id='word_1_673' title='bbox 2357 1693 2420 1728; x_wconf 91' lang='lat' dir='ltr'>vel</span> <span class='ocrx_word' id='word_1_674' title='bbox 2438 1704 2518 1729; x_wconf 87' lang='lat' dir='ltr'>ma-</span> 
     </span>
     <span class='ocr_line' id='line_1_95' title="bbox 1461 1739 2516 1792; baseline 0.005 -16"><span class='ocrx_word' id='word_1_675' title='bbox 1461 1739 1589 1777; x_wconf 87' lang='lat' dir='ltr'>litiam.</span> <span class='ocrx_word' id='word_1_676' title='bbox 1620 1740 1720 1777; x_wconf 88' lang='lat' dir='ltr'>Cum</span> <span class='ocrx_word' id='word_1_677' title='bbox 1741 1740 1841 1778; x_wconf 91' lang='lat' dir='ltr'>enim</span> <span class='ocrx_word' id='word_1_678' title='bbox 1866 1741 1999 1790; x_wconf 89' lang='lat' dir='ltr'>aliquis</span> <span class='ocrx_word' id='word_1_679' title='bbox 2019 1742 2186 1790; x_wconf 85' lang='lat' dir='ltr'>cogitans</span> <span class='ocrx_word' id='word_1_680' title='bbox 2213 1744 2318 1792; x_wconf 89' lang='lat' dir='ltr'>quod</span> <span class='ocrx_word' id='word_1_681' title='bbox 2338 1756 2383 1781; x_wconf 86' lang='lat' dir='ltr'>ex</span> <span class='ocrx_word' id='word_1_682' title='bbox 2402 1755 2516 1792; x_wconf 89' lang='lat' dir='ltr'>opere</span> 
     </span>
     <span class='ocr_line' id='line_1_96' title="bbox 1461 1793 2519 1845; baseline 0.004 -16"><span class='ocrx_word' id='word_1_683' title='bbox 1461 1804 1532 1830; x_wconf 89' lang='lat' dir='ltr'>suo</span> <span class='ocrx_word' id='word_1_684' title='bbox 1560 1793 1678 1830; x_wconf 87' lang='lat' dir='ltr'>multa</span> <span class='ocrx_word' id='word_1_685' title='bbox 1706 1793 1807 1830; x_wconf 86' lang='lat' dir='ltr'>mala</span> <span class='ocrx_word' id='word_1_686' title='bbox 1833 1802 1994 1842; x_wconf 89' lang='lat' dir='ltr'>possunt</span> <span class='ocrx_word' id='word_1_687' title='bbox 2020 1795 2139 1844; x_wconf 92' lang='lat' dir='ltr'>sequi,</span> <span class='ocrx_word' id='word_1_688' title='bbox 2170 1808 2241 1832; x_wconf 89' lang='lat' dir='ltr'>nec</span> <span class='ocrx_word' id='word_1_689' title='bbox 2268 1804 2422 1845; x_wconf 88' lang='lat' dir='ltr'>propter</span> <span class='ocrx_word' id='word_1_690' title='bbox 2444 1797 2519 1833; x_wconf 90' lang='lat' dir='ltr'>hoc</span> 
     </span>
     <span class='ocr_line' id='line_1_97' title="bbox 1462 1845 2518 1911; baseline 0.005 -30"><span class='ocrx_word' id='word_1_691' title='bbox 1462 1845 1630 1893; x_wconf 88' lang='lat' dir='ltr'>dimittit,</span> <span class='ocrx_word' id='word_1_692' title='bbox 1661 1857 1706 1882; x_wconf 86' lang='lat' dir='ltr'>ex</span> <span class='ocrx_word' id='word_1_693' title='bbox 1728 1846 1803 1882; x_wconf 83' lang='lat' dir='ltr'>hoc</span> <span class='ocrx_word' id='word_1_694' title='bbox 1822 1855 1978 1895; x_wconf 87' lang='lat' dir='ltr'>apparet</span> <span class='ocrx_word' id='word_1_695' title='bbox 1995 1849 2173 1885; x_wconf 85' lang='lat' dir='ltr'>voluntas</span> <span class='ocrx_word' id='word_1_696' title='bbox 2202 1849 2280 1886; x_wconf 91' lang='lat' dir='ltr'>eius</span> <span class='ocrx_word' id='word_1_697' title='bbox 2301 1861 2382 1910; x_wconf 85' lang='lat' dir='ltr'>esse</span> <span class='ocrx_word' id='word_1_698' title='bbox 2400 1849 2518 1911; x_wconf 84' lang='lat' dir='ltr'>magis</span> 
     </span>
     <span class='ocr_line' id='line_1_98' title="bbox 1461 1898 1684 1935; baseline 0.005 -1"><span class='ocrx_word' id='word_1_699' title='bbox 1461 1898 1684 1935; x_wconf 86' lang='lat' dir='ltr'>inordinata.</span> 
     </span>
    </p>

    <p class='ocr_par' dir='ltr' id='par_1_32' title="bbox 1460 1951 2519 2580">
     <span class='ocr_line' id='line_1_99' title="bbox 1515 1951 2519 2003; baseline 0.005 -16"><span class='ocrx_word' id='word_1_700' title='bbox 1515 1951 1554 1987; x_wconf 91' lang='lat' dir='ltr'>Si</span> <span class='ocrx_word' id='word_1_701' title='bbox 1583 1958 1710 1988; x_wconf 89' lang='lat' dir='ltr'>autem</span> <span class='ocrx_word' id='word_1_702' title='bbox 1739 1958 1898 1989; x_wconf 88' lang='lat' dir='ltr'>eventus</span> <span class='ocrx_word' id='word_1_703' title='bbox 1926 1964 2089 2001; x_wconf 89' lang='lat' dir='ltr'>sequens</span> <span class='ocrx_word' id='word_1_704' title='bbox 2117 1965 2196 1990; x_wconf 92' lang='lat' dir='ltr'>non</span> <span class='ocrx_word' id='word_1_705' title='bbox 2215 1953 2261 1990; x_wconf 92' lang='lat' dir='ltr'>sit</span> <span class='ocrx_word' id='word_1_706' title='bbox 2288 1955 2519 2003; x_wconf 86' lang='lat' dir='ltr'>praecogita-</span> 
     </span>
     <span class='ocr_line' id='line_1_100' title="bbox 1460 2003 2517 2056; baseline 0.006 -17"><span class='ocrx_word' id='word_1_707' title='bbox 1460 2010 1540 2050; x_wconf 91' lang='lat' dir='ltr'>tus,</span> <span class='ocrx_word' id='word_1_708' title='bbox 1570 2010 1659 2040; x_wconf 91' lang='lat' dir='ltr'>tunc</span> <span class='ocrx_word' id='word_1_709' title='bbox 1688 2003 1994 2051; x_wconf 89' lang='lat' dir='ltr'>distinguendum</span> <span class='ocrx_word' id='word_1_710' title='bbox 2023 2013 2090 2043; x_wconf 90' lang='lat' dir='ltr'>est.</span> <span class='ocrx_word' id='word_1_711' title='bbox 2111 2006 2211 2052; x_wconf 84' lang='lat' dir='ltr'>Quia</span> <span class='ocrx_word' id='word_1_712' title='bbox 2238 2006 2269 2043; x_wconf 90' lang='lat' dir='ltr'>si</span> <span class='ocrx_word' id='word_1_713' title='bbox 2295 2020 2365 2056; x_wconf 90' lang='lat' dir='ltr'>per</span> <span class='ocrx_word' id='word_1_714' title='bbox 2391 2019 2432 2044; x_wconf 90' lang='lat' dir='ltr'>se</span> <span class='ocrx_word' id='word_1_715' title='bbox 2460 2020 2517 2045; x_wconf 88' lang='lat' dir='ltr'>se-</span> 
     </span>
     <span class='ocr_line' id='line_1_101' title="bbox 1461 2056 2517 2121; baseline 0.005 -29"><span class='ocrx_word' id='word_1_716' title='bbox 1461 2056 1586 2104; x_wconf 90' lang='lat' dir='ltr'>quitur</span> <span class='ocrx_word' id='word_1_717' title='bbox 1613 2068 1658 2092; x_wconf 87' lang='lat' dir='ltr'>ex</span> <span class='ocrx_word' id='word_1_718' title='bbox 1685 2056 1747 2093; x_wconf 91' lang='lat' dir='ltr'>tali</span> <span class='ocrx_word' id='word_1_719' title='bbox 1775 2064 1879 2104; x_wconf 88' lang='lat' dir='ltr'>actu,</span> <span class='ocrx_word' id='word_1_720' title='bbox 1898 2064 1934 2094; x_wconf 89' lang='lat' dir='ltr'>et</span> <span class='ocrx_word' id='word_1_721' title='bbox 1960 2065 2003 2094; x_wconf 91' lang='lat' dir='ltr'>ut</span> <span class='ocrx_word' id='word_1_722' title='bbox 2029 2058 2067 2095; x_wconf 95' lang='lat' dir='ltr'>in</span> <span class='ocrx_word' id='word_1_723' title='bbox 2095 2059 2276 2107; x_wconf 88' lang='lat' dir='ltr'>pluribus,</span> <span class='ocrx_word' id='word_1_724' title='bbox 2306 2060 2517 2121; x_wconf 84' lang='lat' dir='ltr'>secundum</span> 
     </span>
     <span class='ocr_line' id='line_1_102' title="bbox 1461 2110 2517 2158; baseline 0.005 -13"><span class='ocrx_word' id='word_1_725' title='bbox 1461 2110 1534 2147; x_wconf 90' lang='lat' dir='ltr'>hoc</span> <span class='ocrx_word' id='word_1_726' title='bbox 1555 2116 1713 2146; x_wconf 90' lang='lat' dir='ltr'>eventus</span> <span class='ocrx_word' id='word_1_727' title='bbox 1741 2121 1904 2158; x_wconf 89' lang='lat' dir='ltr'>sequens</span> <span class='ocrx_word' id='word_1_728' title='bbox 1923 2110 2027 2147; x_wconf 92' lang='lat' dir='ltr'>addit</span> <span class='ocrx_word' id='word_1_729' title='bbox 2047 2111 2096 2147; x_wconf 91' lang='lat' dir='ltr'>ad</span> <span class='ocrx_word' id='word_1_730' title='bbox 2119 2111 2327 2149; x_wconf 86' lang='lat' dir='ltr'>bonitatem</span> <span class='ocrx_word' id='word_1_731' title='bbox 2354 2113 2416 2149; x_wconf 88' lang='lat' dir='ltr'>vel</span> <span class='ocrx_word' id='word_1_732' title='bbox 2436 2125 2517 2149; x_wconf 90' lang='lat' dir='ltr'>ma-</span> 
     </span>
     <span class='ocr_line' id='line_1_103' title="bbox 1460 2161 2517 2202; baseline 0.005 -5"><span class='ocrx_word' id='word_1_733' title='bbox 1460 2161 1577 2198; x_wconf 90' lang='lat' dir='ltr'>litiam</span> <span class='ocrx_word' id='word_1_734' title='bbox 1593 2169 1713 2198; x_wconf 89' lang='lat' dir='ltr'>actus:</span> <span class='ocrx_word' id='word_1_735' title='bbox 1734 2162 1975 2199; x_wconf 87' lang='lat' dir='ltr'>manifestum</span> <span class='ocrx_word' id='word_1_736' title='bbox 1992 2170 2046 2199; x_wconf 91' lang='lat' dir='ltr'>est</span> <span class='ocrx_word' id='word_1_737' title='bbox 2061 2163 2161 2200; x_wconf 89' lang='lat' dir='ltr'>enim</span> <span class='ocrx_word' id='word_1_738' title='bbox 2177 2164 2374 2201; x_wconf 89' lang='lat' dir='ltr'>meliorem</span> <span class='ocrx_word' id='word_1_739' title='bbox 2390 2173 2517 2202; x_wconf 87' lang='lat' dir='ltr'>actum</span> 
     </span>
     <span class='ocr_line' id='line_1_104' title="bbox 1461 2218 2518 2265; baseline 0.004 -15"><span class='ocrx_word' id='word_1_740' title='bbox 1461 2226 1544 2250; x_wconf 89' lang='lat' dir='ltr'>esse</span> <span class='ocrx_word' id='word_1_741' title='bbox 1573 2226 1618 2250; x_wconf 84' lang='lat' dir='ltr'>ex</span> <span class='ocrx_word' id='word_1_742' title='bbox 1646 2227 1716 2250; x_wconf 92' lang='lat' dir='ltr'>suo</span> <span class='ocrx_word' id='word_1_743' title='bbox 1745 2226 1893 2261; x_wconf 88' lang='lat' dir='ltr'>genere,</span> <span class='ocrx_word' id='word_1_744' title='bbox 1915 2226 1960 2251; x_wconf 84' lang='lat' dir='ltr'>ex</span> <span class='ocrx_word' id='word_1_745' title='bbox 1988 2227 2065 2262; x_wconf 93' lang='lat' dir='ltr'>quo</span> <span class='ocrx_word' id='word_1_746' title='bbox 2094 2224 2254 2264; x_wconf 88' lang='lat' dir='ltr'>possunt</span> <span class='ocrx_word' id='word_1_747' title='bbox 2280 2218 2388 2265; x_wconf 88' lang='lat' dir='ltr'>plura</span> <span class='ocrx_word' id='word_1_748' title='bbox 2416 2219 2518 2254; x_wconf 90' lang='lat' dir='ltr'>bona</span> 
     </span>
     <span class='ocr_line' id='line_1_105' title="bbox 1461 2266 2518 2325; baseline 0.004 -23"><span class='ocrx_word' id='word_1_749' title='bbox 1461 2267 1590 2325; x_wconf 78' lang='lat' dir='ltr'>sequi;</span> <span class='ocrx_word' id='word_1_750' title='bbox 1621 2274 1656 2302; x_wconf 90' lang='lat' dir='ltr'>et</span> <span class='ocrx_word' id='word_1_751' title='bbox 1683 2266 1867 2314; x_wconf 89' lang='lat' dir='ltr'>peiorem,</span> <span class='ocrx_word' id='word_1_752' title='bbox 1898 2279 1942 2303; x_wconf 84' lang='lat' dir='ltr'>ex</span> <span class='ocrx_word' id='word_1_753' title='bbox 1969 2280 2047 2315; x_wconf 91' lang='lat' dir='ltr'>quo</span> <span class='ocrx_word' id='word_1_754' title='bbox 2072 2275 2160 2304; x_wconf 90' lang='lat' dir='ltr'>nata</span> <span class='ocrx_word' id='word_1_755' title='bbox 2181 2277 2267 2305; x_wconf 90' lang='lat' dir='ltr'>sunt</span> <span class='ocrx_word' id='word_1_756' title='bbox 2284 2270 2391 2317; x_wconf 91' lang='lat' dir='ltr'>plura</span> <span class='ocrx_word' id='word_1_757' title='bbox 2418 2271 2518 2306; x_wconf 88' lang='lat' dir='ltr'>mala</span> 
     </span>
     <span class='ocr_line' id='line_1_106' title="bbox 1461 2318 2516 2370; baseline 0.004 -15"><span class='ocrx_word' id='word_1_758' title='bbox 1461 2318 1623 2367; x_wconf 91' lang='lat' dir='ltr'>sequi.-</span> <span class='ocrx_word' id='word_1_759' title='bbox 1599 2319 1678 2355; x_wconf 85' lang='lat' dir='ltr'>s-i</span> <span class='ocrx_word' id='word_1_760' title='bbox 1691 2331 1785 2356; x_wconf 83' lang='lat' dir='ltr'>vero</span> <span class='ocrx_word' id='word_1_761' title='bbox 1805 2331 1874 2367; x_wconf 91' lang='lat' dir='ltr'>per</span> <span class='ocrx_word' id='word_1_762' title='bbox 1893 2320 2080 2366; x_wconf 84' lang='lat' dir='ltr'>accidens,</span> <span class='ocrx_word' id='word_1_763' title='bbox 2102 2328 2137 2356; x_wconf 91' lang='lat' dir='ltr'>et</span> <span class='ocrx_word' id='word_1_764' title='bbox 2151 2329 2192 2357; x_wconf 92' lang='lat' dir='ltr'>ut</span> <span class='ocrx_word' id='word_1_765' title='bbox 2211 2321 2248 2357; x_wconf 91' lang='lat' dir='ltr'>in</span> <span class='ocrx_word' id='word_1_766' title='bbox 2263 2322 2516 2370; x_wconf 89' lang='lat' dir='ltr'>paucioribus,</span> 
     </span>
     <span class='ocr_line' id='line_1_107' title="bbox 1461 2372 2516 2419; baseline 0.003 -11"><span class='ocrx_word' id='word_1_767' title='bbox 1461 2379 1550 2409; x_wconf 93' lang='lat' dir='ltr'>tunc</span> <span class='ocrx_word' id='word_1_768' title='bbox 1570 2379 1729 2409; x_wconf 89' lang='lat' dir='ltr'>eventus</span> <span class='ocrx_word' id='word_1_769' title='bbox 1748 2383 1911 2419; x_wconf 91' lang='lat' dir='ltr'>sequens</span> <span class='ocrx_word' id='word_1_770' title='bbox 1934 2384 2014 2409; x_wconf 93' lang='lat' dir='ltr'>non</span> <span class='ocrx_word' id='word_1_771' title='bbox 2033 2372 2137 2410; x_wconf 87' lang='lat' dir='ltr'>addit</span> <span class='ocrx_word' id='word_1_772' title='bbox 2156 2373 2204 2410; x_wconf 88' lang='lat' dir='ltr'>ad</span> <span class='ocrx_word' id='word_1_773' title='bbox 2229 2374 2435 2411; x_wconf 91' lang='lat' dir='ltr'>bonitatem</span> <span class='ocrx_word' id='word_1_774' title='bbox 2454 2376 2516 2411; x_wconf 91' lang='lat' dir='ltr'>vel</span> 
     </span>
     <span class='ocr_line' id='line_1_108' title="bbox 1461 2424 2518 2474; baseline 0.004 -14"><span class='ocrx_word' id='word_1_775' title='bbox 1461 2425 1510 2461; x_wconf 88' lang='lat' dir='ltr'>ad</span> <span class='ocrx_word' id='word_1_776' title='bbox 1538 2424 1720 2461; x_wconf 88' lang='lat' dir='ltr'>malitiam</span> <span class='ocrx_word' id='word_1_777' title='bbox 1744 2431 1864 2461; x_wconf 90' lang='lat' dir='ltr'>actus:</span> <span class='ocrx_word' id='word_1_778' title='bbox 1895 2437 1972 2461; x_wconf 94' lang='lat' dir='ltr'>non</span> <span class='ocrx_word' id='word_1_779' title='bbox 1999 2425 2099 2462; x_wconf 90' lang='lat' dir='ltr'>enirn</span> <span class='ocrx_word' id='word_1_780' title='bbox 2129 2426 2238 2474; x_wconf 84' lang='lat' dir='ltr'>datur</span> <span class='ocrx_word' id='word_1_781' title='bbox 2265 2427 2445 2464; x_wconf 91' lang='lat' dir='ltr'>iudicium</span> <span class='ocrx_word' id='word_1_782' title='bbox 2470 2429 2518 2465; x_wconf 92' lang='lat' dir='ltr'>de</span> 
     </span>
     <span class='ocr_line' id='line_1_109' title="bbox 1461 2477 2517 2528; baseline 0.004 -15"><span class='ocrx_word' id='word_1_783' title='bbox 1461 2489 1502 2514; x_wconf 89' lang='lat' dir='ltr'>re</span> <span class='ocrx_word' id='word_1_784' title='bbox 1530 2477 1656 2525; x_wconf 85' lang='lat' dir='ltr'>aliqua</span> <span class='ocrx_word' id='word_1_785' title='bbox 1680 2477 1891 2513; x_wconf 90' lang='lat' dir='ltr'>secundum</span> <span class='ocrx_word' id='word_1_786' title='bbox 1915 2477 2006 2514; x_wconf 91' lang='lat' dir='ltr'>illud</span> <span class='ocrx_word' id='word_1_787' title='bbox 2034 2478 2138 2526; x_wconf 90' lang='lat' dir='ltr'>quod</span> <span class='ocrx_word' id='word_1_788' title='bbox 2164 2486 2219 2515; x_wconf 91' lang='lat' dir='ltr'>est</span> <span class='ocrx_word' id='word_1_789' title='bbox 2243 2492 2313 2528; x_wconf 88' lang='lat' dir='ltr'>per</span> <span class='ocrx_word' id='word_1_790' title='bbox 2331 2480 2517 2528; x_wconf 85' lang='lat' dir='ltr'>accidens,</span> 
     </span>
     <span class='ocr_line' id='line_1_110' title="bbox 1462 2529 2431 2580; baseline 0.003 -14"><span class='ocrx_word' id='word_1_791' title='bbox 1462 2529 1528 2566; x_wconf 92' lang='lat' dir='ltr'>sed</span> <span class='ocrx_word' id='word_1_792' title='bbox 1557 2531 1680 2566; x_wconf 91' lang='lat' dir='ltr'>solum</span> <span class='ocrx_word' id='word_1_793' title='bbox 1710 2530 1921 2566; x_wconf 88' lang='lat' dir='ltr'>secundum</span> <span class='ocrx_word' id='word_1_794' title='bbox 1950 2530 2040 2566; x_wconf 92' lang='lat' dir='ltr'>illud</span> <span class='ocrx_word' id='word_1_795' title='bbox 2069 2532 2173 2579; x_wconf 84' lang='lat' dir='ltr'>quod</span> <span class='ocrx_word' id='word_1_796' title='bbox 2202 2539 2257 2568; x_wconf 89' lang='lat' dir='ltr'>est</span> <span class='ocrx_word' id='word_1_797' title='bbox 2283 2544 2352 2580; x_wconf 90' lang='lat' dir='ltr'>per</span> <span class='ocrx_word' id='word_1_798' title='bbox 2379 2545 2431 2569; x_wconf 89' lang='lat' dir='ltr'>se.</span> 
     </span>
    </p>

    <p class='ocr_par' dir='ltr' id='par_1_33' title="bbox 1461 2584 2517 2735">
     <span class='ocr_line' id='line_1_111' title="bbox 1513 2584 2517 2640; baseline 0.005 -22"><span class='ocrx_word' id='word_1_799' title='bbox 1513 2585 1572 2619; x_wconf 76' lang='lat' dir='ltr'>An</span> <span class='ocrx_word' id='word_1_800' title='bbox 1600 2593 1737 2619; x_wconf 70' lang='lat' dir='ltr'>ramum</span> <span class='ocrx_word' id='word_1_801' title='bbox 1765 2593 1862 2619; x_wconf 79' lang='lat' dir='ltr'>ERGO</span> <span class='ocrx_word' id='word_1_802' title='bbox 1892 2594 2074 2619; x_wconf 73' lang='lat' dir='ltr'><strong>DICENDUM</strong></span> <span class='ocrx_word' id='word_1_803' title='bbox 2103 2584 2207 2631; x_wconf 92' lang='lat' dir='ltr'>quod</span> <span class='ocrx_word' id='word_1_804' title='bbox 2234 2585 2362 2621; x_wconf 83' lang='lat' dir='ltr'>virtus</span> <span class='ocrx_word' id='word_1_805' title='bbox 2381 2586 2517 2640; x_wconf 75' lang='lat' dir='ltr'>causae</span> 
     </span>
     <span class='ocr_line' id='line_1_112' title="bbox 1462 2634 2516 2708; baseline 0.005 -38"><span class='ocrx_word' id='word_1_806' title='bbox 1462 2634 1693 2671; x_wconf 83' lang='lat' dir='ltr'>existimatur</span> <span class='ocrx_word' id='word_1_807' title='bbox 1711 2635 1921 2671; x_wconf 89' lang='lat' dir='ltr'>secundum</span> <span class='ocrx_word' id='word_1_808' title='bbox 1942 2634 2099 2671; x_wconf 81' lang='lat' dir='ltr'>effectus</span> <span class='ocrx_word' id='word_1_809' title='bbox 2117 2648 2186 2684; x_wconf 89' lang='lat' dir='ltr'>per</span> <span class='ocrx_word' id='word_1_810' title='bbox 2205 2648 2263 2673; x_wconf 90' lang='lat' dir='ltr'>se·</span> <span class='ocrx_word' id='word_1_811' title='bbox 2291 2649 2370 2698; x_wconf 82' lang='lat' dir='ltr'>non</span> <span class='ocrx_word' id='word_1_812' title='bbox 2374 2645 2516 2708; x_wconf 56' lang='lat' dir='ltr'>autem</span> 
     </span>
     <span class='ocr_line' id='line_1_113' title="bbox 1461 2686 2427 2735; baseline 0.001 -12"><span class='ocrx_word' id='word_1_813' title='bbox 1461 2687 1673 2724; x_wconf 85' lang='lat' dir='ltr'>secundum</span> <span class='ocrx_word' id='word_1_814' title='bbox 1703 2686 1859 2723; x_wconf 85' lang='lat' dir='ltr'>effectus</span> <span class='ocrx_word' id='word_1_815' title='bbox 1886 2698 1954 2735; x_wconf 90' lang='lat' dir='ltr'>per</span> <span class='ocrx_word' id='word_1_816' title='bbox 1981 2687 2167 2725; x_wconf 86' lang='lat' dir='ltr'>accidens.</span> <span class='ocrx_word' id='word_1_817' title='bbox 2415 2708 2427 2713; x_wconf 76' lang='lat'><em>,</em></span> 
     </span>
    </p>
   </div>
   <div class='ocr_carea' id='block_1_27' title="bbox 1513 2704 2528 2791">
    <p class='ocr_par' dir='ltr' id='par_1_34' title="bbox 1513 2704 2528 2791">
     <span class='ocr_line' id='line_1_114' title="bbox 1513 2704 2528 2791; baseline 0.004 -16"><span class='ocrx_word' id='word_1_818' title='bbox 1513 2741 1572 2776; x_wconf 82' lang='grc' dir='ltr'>Αι)</span> <span class='ocrx_word' id='word_1_819' title='bbox 1600 2750 1789 2776; x_wconf 72' lang='lat' dir='ltr'>SECUNDUM</span> <span class='ocrx_word' id='word_1_820' title='bbox 1816 2750 1998 2777; x_wconf 69' lang='lat' dir='ltr'>mmmmm</span> <span class='ocrx_word' id='word_1_821' title='bbox 2027 2740 2131 2788; x_wconf 90' lang='lat' dir='ltr'>quod</span> <span class='ocrx_word' id='word_1_822' title='bbox 2158 2741 2260 2778; x_wconf 88' lang='lat' dir='ltr'>bona</span> <span class='ocrx_word' id='word_1_823' title='bbox 2289 2742 2395 2791; x_wconf 73' lang='lat' dir='ltr'>quae</span> <span class='ocrx_word' id='word_1_824' title='bbox 2407 2704 2528 2780; x_wconf 74' lang='lat' dir='ltr'>audi-&#39;</span> 
     </span>
    </p>
   </div>
   <div class='ocr_carea' id='block_1_28' title="bbox 1461 2792 2517 2842">
    <p class='ocr_par' dir='ltr' id='par_1_35' title="bbox 1461 2792 2517 2842">
     <span class='ocr_line' id='line_1_115' title="bbox 1461 2792 2517 2842; baseline 0.004 -14"><span class='ocrx_word' id='word_1_825' title='bbox 1461 2799 1561 2829; x_wconf 92' lang='lat' dir='ltr'>tores</span> <span class='ocrx_word' id='word_1_826' title='bbox 1590 2792 1740 2838; x_wconf 87' lang='lat' dir='ltr'>faciunt,</span> <span class='ocrx_word' id='word_1_827' title='bbox 1771 2800 2054 2841; x_wconf 89' lang='lat' dir='ltr'>consequuntur</span> <span class='ocrx_word' id='word_1_828' title='bbox 2077 2805 2120 2829; x_wconf 89' lang='lat' dir='ltr'>ex</span> <span class='ocrx_word' id='word_1_829' title='bbox 2139 2794 2421 2842; x_wconf 83' lang='lat' dir='ltr'>praedicatione</span> <span class='ocrx_word' id='word_1_830' title='bbox 2451 2796 2517 2832; x_wconf 88' lang='lat' dir='ltr'>do—</span> 
     </span>
    </p>
   </div>
   <div class='ocr_carea' id='block_1_29' title="bbox 1462 2844 2523 2894">
    <p class='ocr_par' dir='ltr' id='par_1_36' title="bbox 1462 2844 2523 2894">
     <span class='ocr_line' id='line_1_116' title="bbox 1462 2844 2523 2894; baseline 0.004 -13"><span class='ocrx_word' id='word_1_831' title='bbox 1462 2845 1573 2881; x_wconf 77' lang='lat' dir='ltr'>ctoris</span> <span class='ocrx_word' id='word_1_832' title='bbox 1602 2845 1696 2881; x_wconf 86' lang='lat' dir='ltr'>sicut</span> <span class='ocrx_word' id='word_1_833' title='bbox 1723 2844 1879 2882; x_wconf 89' lang='lat' dir='ltr'>effectus</span> <span class='ocrx_word' id='word_1_834' title='bbox 1906 2857 1976 2894; x_wconf 91' lang='lat' dir='ltr'>per</span> <span class='ocrx_word' id='word_1_835' title='bbox 2003 2857 2054 2882; x_wconf 90' lang='lat' dir='ltr'>se.</span> <span class='ocrx_word' id='word_1_836' title='bbox 2085 2846 2195 2883; x_wconf 91' lang='lat' dir='ltr'>Unde</span> <span class='ocrx_word' id='word_1_837' title='bbox 2224 2847 2523 2885; x_wconf 69' lang='lat' dir='ltr'>redundanrad·</span> 
     </span>
    </p>
   </div>
   <div class='ocr_carea' id='block_1_30' title="bbox 1459 2897 2517 3263">
    <p class='ocr_par' dir='ltr' id='par_1_37' title="bbox 1459 2897 2006 2999">
     <span class='ocr_line' id='line_1_117' title="bbox 1459 2897 2006 2946; baseline 0 -12"><span class='ocrx_word' id='word_1_838' title='bbox 1459 2897 1675 2946; x_wconf 88' lang='lat' dir='ltr'>praemium</span> <span class='ocrx_word' id='word_1_839' title='bbox 1708 2897 2006 2946; x_wconf 87' lang='lat' dir='ltr'>praedicatoris:</span> 
     </span>
     <span class='ocr_line' id='line_1_118' title="bbox 1461 2950 1819 2999; baseline 0 -13"><span class='ocrx_word' id='word_1_840' title='bbox 1461 2957 1547 2987; x_wconf 89' lang='lat' dir='ltr'>sunt</span> <span class='ocrx_word' id='word_1_841' title='bbox 1574 2950 1819 2999; x_wconf 88' lang='lat' dir='ltr'>praeintenta.</span> 
     </span>
    </p>

    <p class='ocr_par' dir='ltr' id='par_1_38' title="bbox 1459 3003 2517 3210">
     <span class='ocr_line' id='line_1_119' title="bbox 1511 3003 2517 3062; baseline 0.004 -24"><span class='ocrx_word' id='word_1_842' title='bbox 1511 3005 1569 3039; x_wconf 85' lang='lat' dir='ltr'>AD</span> <span class='ocrx_word' id='word_1_843' title='bbox 1611 3014 1769 3040; x_wconf 79' lang='lat' dir='ltr'>TERTmM</span> <span class='ocrx_word' id='word_1_844' title='bbox 1805 3014 1987 3040; x_wconf 78' lang='lat' dir='ltr'>DICENDUM</span> <span class='ocrx_word' id='word_1_845' title='bbox 2022 3003 2126 3050; x_wconf 93' lang='lat' dir='ltr'>quod</span> <span class='ocrx_word' id='word_1_846' title='bbox 2161 3012 2319 3040; x_wconf 88' lang='lat' dir='ltr'>eventus</span> <span class='ocrx_word' id='word_1_847' title='bbox 2347 3004 2412 3041; x_wconf 75' lang='lat' dir='ltr'>&#39;ille</span> <span class='ocrx_word' id='word_1_848' title='bbox 2431 3007 2517 3062; x_wconf 81' lang='lat' dir='ltr'>&#39;pro</span> 
     </span>
     <span class='ocr_line' id='line_1_120' title="bbox 1459 3054 2515 3105; baseline 0.003 -14"><span class='ocrx_word' id='word_1_849' title='bbox 1459 3067 1536 3103; x_wconf 91' lang='lat' dir='ltr'>quo</span> <span class='ocrx_word' id='word_1_850' title='bbox 1565 3055 1613 3091; x_wconf 91' lang='lat' dir='ltr'>illi</span> <span class='ocrx_word' id='word_1_851' title='bbox 1640 3066 1767 3103; x_wconf 88' lang='lat' dir='ltr'>poena</span> <span class='ocrx_word' id='word_1_852' title='bbox 1794 3054 1999 3102; x_wconf 86' lang='lat' dir='ltr'>infligenda</span> <span class='ocrx_word' id='word_1_853' title='bbox 2022 3055 2234 3103; x_wconf 85' lang='lat' dir='ltr'>mandatur,</span> <span class='ocrx_word' id='word_1_854' title='bbox 2256 3063 2293 3093; x_wconf 91' lang='lat' dir='ltr'>et</span> <span class='ocrx_word' id='word_1_855' title='bbox 2309 3069 2379 3105; x_wconf 86' lang='lat' dir='ltr'>per</span> <span class='ocrx_word' id='word_1_856' title='bbox 2397 3070 2438 3094; x_wconf 91' lang='lat' dir='ltr'>se</span> <span class='ocrx_word' id='word_1_857' title='bbox 2458 3070 2515 3094; x_wconf 89' lang='lat' dir='ltr'>se-</span> 
     </span>
     <span class='ocr_line' id='line_1_121' title="bbox 1459 3107 2515 3168; baseline 0.004 -25"><span class='ocrx_word' id='word_1_858' title='bbox 1459 3107 1585 3155; x_wconf 91' lang='lat' dir='ltr'>quitur</span> <span class='ocrx_word' id='word_1_859' title='bbox 1614 3119 1658 3143; x_wconf 89' lang='lat' dir='ltr'>ex</span> <span class='ocrx_word' id='word_1_860' title='bbox 1686 3107 1748 3143; x_wconf 88' lang='lat' dir='ltr'>tali</span> <span class='ocrx_word' id='word_1_861' title='bbox 1776 3119 1901 3154; x_wconf 87' lang='lat' dir='ltr'>causa,</span> <span class='ocrx_word' id='word_1_862' title='bbox 1932 3115 1969 3144; x_wconf 91' lang='lat' dir='ltr'>et</span> <span class='ocrx_word' id='word_1_863' title='bbox 1995 3107 2131 3145; x_wconf 89' lang='lat' dir='ltr'>iterum</span> <span class='ocrx_word' id='word_1_864' title='bbox 2159 3109 2311 3157; x_wconf 83' lang='lat' dir='ltr'>ponitur</span> <span class='ocrx_word' id='word_1_865' title='bbox 2337 3117 2379 3146; x_wconf 92' lang='lat' dir='ltr'>ut</span> <span class='ocrx_word' id='word_1_866' title='bbox 2405 3112 2515 3168; x_wconf 84' lang='lat' dir='ltr'>prae-</span> 
     </span>
     <span class='ocr_line' id='line_1_122' title="bbox 1459 3159 2352 3210; baseline 0.002 -14"><span class='ocrx_word' id='word_1_867' title='bbox 1459 3160 1650 3208; x_wconf 84' lang='lat' dir='ltr'>cogitatus.</span> <span class='ocrx_word' id='word_1_868' title='bbox 1672 3160 1721 3196; x_wconf 91' lang='lat' dir='ltr'>Et</span> <span class='ocrx_word' id='word_1_869' title='bbox 1746 3159 1833 3196; x_wconf 90' lang='lat' dir='ltr'>ideo</span> <span class='ocrx_word' id='word_1_870' title='bbox 1863 3160 2070 3208; x_wconf 90' lang='lat' dir='ltr'>imputatur</span> <span class='ocrx_word' id='word_1_871' title='bbox 2097 3161 2145 3198; x_wconf 90' lang='lat' dir='ltr'>ad</span> <span class='ocrx_word' id='word_1_872' title='bbox 2172 3173 2352 3210; x_wconf 87' lang='lat' dir='ltr'>poenam.</span> 
     </span>
    </p>

    <p class='ocr_par' dir='ltr' id='par_1_39' title="bbox 1510 3213 2514 3263">
     <span class='ocr_line' id='line_1_123' title="bbox 1510 3213 2514 3263; baseline 0.004 -15"><span class='ocrx_word' id='word_1_873' title='bbox 1510 3215 1569 3249; x_wconf 80' lang='lat' dir='ltr'>An</span> <span class='ocrx_word' id='word_1_874' title='bbox 1599 3222 1770 3255; x_wconf 73' lang='lat' dir='ltr'>QUARTUM</span> <span class='ocrx_word' id='word_1_875' title='bbox 1797 3224 1979 3250; x_wconf 69' lang='lat' dir='ltr'>mceunum</span> <span class='ocrx_word' id='word_1_876' title='bbox 2008 3213 2113 3261; x_wconf 91' lang='lat' dir='ltr'>quod</span> <span class='ocrx_word' id='word_1_877' title='bbox 2137 3214 2231 3251; x_wconf 89' lang='lat' dir='ltr'>ratio</span> <span class='ocrx_word' id='word_1_878' title='bbox 2250 3214 2311 3251; x_wconf 89' lang='lat' dir='ltr'>illa</span> <span class='ocrx_word' id='word_1_879' title='bbox 2330 3215 2514 3263; x_wconf 83' lang='lat' dir='ltr'>procede-—</span> 
     </span>
    </p>
   </div>
   <div class='ocr_carea' id='block_1_31' title="bbox 2046 2899 2513 2948">
    <p class='ocr_par' dir='ltr' id='par_1_40' title="bbox 2046 2899 2513 2948">
     <span class='ocr_line' id='line_1_124' title="bbox 2046 2899 2513 2948; baseline 0.009 -14"><span class='ocrx_word' id='word_1_880' title='bbox 2046 2905 2082 2934; x_wconf 93' lang='lat' dir='ltr'>et</span> <span class='ocrx_word' id='word_1_881' title='bbox 2117 2899 2320 2947; x_wconf 87' lang='lat' dir='ltr'>praecipue</span> <span class='ocrx_word' id='word_1_882' title='bbox 2359 2900 2513 2948; x_wconf 85' lang='lat' dir='ltr'>quando</span> 
     </span>
    </p>
   </div>
   <div class='ocr_carea' id='block_1_32' title="bbox 1458 3265 2523 3380">
    <p class='ocr_par' dir='ltr' id='par_1_41' title="bbox 1458 3265 2523 3368">
     <span class='ocr_line' id='line_1_125' title="bbox 1458 3265 2523 3315; baseline 0.003 -14"><span class='ocrx_word' id='word_1_883' title='bbox 1458 3272 1523 3311; x_wconf 89' lang='lat' dir='ltr'>ret,</span> <span class='ocrx_word' id='word_1_884' title='bbox 1540 3265 1571 3302; x_wconf 90' lang='lat' dir='ltr'>si</span> <span class='ocrx_word' id='word_1_885' title='bbox 1594 3265 1843 3313; x_wconf 87' lang='lat' dir='ltr'>irregularitas</span> <span class='ocrx_word' id='word_1_886' title='bbox 1862 3274 2086 3314; x_wconf 84' lang='lat' dir='ltr'>sequeretur</span> <span class='ocrx_word' id='word_1_887' title='bbox 2096 3267 2257 3315; x_wconf 87' lang='lat' dir='ltr'>culpam.</span> <span class='ocrx_word' id='word_1_888' title='bbox 2275 3268 2366 3304; x_wconf 91' lang='lat' dir='ltr'>Non</span> <span class='ocrx_word' id='word_1_889' title='bbox 2385 3275 2523 3304; x_wconf 51' lang='lat' dir='ltr'>autern¹</span> 
     </span>
     <span class='ocr_line' id='line_1_126' title="bbox 1458 3318 2513 3380; baseline 0.004 -27"><span class='ocrx_word' id='word_1_890' title='bbox 1458 3318 1624 3367; x_wconf 90' lang='lat' dir='ltr'>sequitur</span> <span class='ocrx_word' id='word_1_891' title='bbox 1646 3318 1810 3366; x_wconf 84' lang='lat' dir='ltr'>culpam,</span> <span class='ocrx_word' id='word_1_892' title='bbox 1831 3319 1898 3355; x_wconf 89' lang='lat' dir='ltr'>sed</span> <span class='ocrx_word' id='word_1_893' title='bbox 1917 3319 2070 3366; x_wconf 86' lang='lat' dir='ltr'>factum,</span> <span class='ocrx_word' id='word_1_894' title='bbox 2091 3327 2247 3368; x_wconf 87' lang='lat' dir='ltr'>propter</span> <span class='ocrx_word' id='word_1_895' title='bbox 2265 3320 2428 3380; x_wconf 84' lang='lat' dir='ltr'>aliquem</span> <span class='ocrx_word' id='word_1_896' title='bbox 2450 3320 2513 3357; x_wconf 87' lang='lat' dir='ltr'>de-</span> 
     </span>
    </p>
   </div>
   <div class='ocr_carea' id='block_1_33' title="bbox 1457 3371 1860 3408">
    <p class='ocr_par' dir='ltr' id='par_1_42' title="bbox 1457 3371 1860 3408">
     <span class='ocr_line' id='line_1_127' title="bbox 1457 3371 1860 3408; baseline 0 -1"><span class='ocrx_word' id='word_1_897' title='bbox 1457 3371 1595 3408; x_wconf 90' lang='lat' dir='ltr'>fectum</span> <span class='ocrx_word' id='word_1_898' title='bbox 1625 3371 1860 3408; x_wconf 88' lang='lat' dir='ltr'>sacramenti.</span> 
     </span>
    </p>
   </div>
   <div class='ocr_carea' id='block_1_34' title="bbox 1670 3445 1816 3450">
    <p class='ocr_par' dir='ltr' id='par_1_43' title="bbox 1670 3445 1816 3450">
     <span class='ocr_line' id='line_1_128' title="bbox 1670 3445 1816 3450; baseline 0 0"><span class='ocrx_word' id='word_1_899' title='bbox 1670 3445 1816 3450; x_wconf 95' lang='lat' dir='ltr'> </span> 
     </span>
    </p>
   </div>
   <div class='ocr_carea' id='block_1_35' title="bbox 1457 3476 2512 3507">
    <p class='ocr_par' dir='ltr' id='par_1_44' title="bbox 1457 3476 2512 3507">
     <span class='ocr_line' id='line_1_129' title="bbox 1457 3476 2512 3507; baseline 0.002 -7"><span class='ocrx_word' id='word_1_900' title='bbox 1457 3476 1507 3500; x_wconf 87' lang='lat' dir='ltr'>Pro</span> <span class='ocrx_word' id='word_1_901' title='bbox 1527 3476 1582 3501; x_wconf 77' lang='lat' dir='ltr'>eius</span> <span class='ocrx_word' id='word_1_902' title='bbox 1601 3477 1734 3505; x_wconf 82' lang='lat' dir='ltr'>occident,</span> <span class='ocrx_word' id='word_1_903' title='bbox 1754 3477 1809 3501; x_wconf 85' lang='lat' dir='ltr'>eius</span> <span class='ocrx_word' id='word_1_904' title='bbox 1828 3477 1950 3502; x_wconf 82' lang='lat' dir='ltr'>occidant</span> <span class='ocrx_word' id='word_1_905' title='bbox 1971 3477 2177 3506; x_wconf 74' lang='lat' dir='ltr'>ABCDFGHIL,</span> <span class='ocrx_word' id='word_1_906' title='bbox 2198 3477 2268 3501; x_wconf 84' lang='lat' dir='ltr'>illius</span> <span class='ocrx_word' id='word_1_907' title='bbox 2287 3478 2409 3502; x_wconf 79' lang='lat' dir='ltr'>occidant</span> <span class='ocrx_word' id='word_1_908' title='bbox 2427 3478 2467 3502; x_wconf 89' lang='lat' dir='ltr'>ed.</span> <span class='ocrx_word' id='word_1_909' title='bbox 2485 3485 2512 3507; x_wconf 83' lang='lat' dir='ltr'>a,</span> 
     </span>
    </p>
   </div>
   <div class='ocr_carea' id='block_1_36' title="bbox 402 3511 1710 3543">
    <p class='ocr_par' dir='ltr' id='par_1_45' title="bbox 402 3511 1710 3543">
     <span class='ocr_line' id='line_1_130' title="bbox 402 3511 1710 3543; baseline -0.001 -7"><span class='ocrx_word' id='word_1_910' title='bbox 402 3511 426 3543; x_wconf 79' lang='grc' dir='ltr'>β)</span> <span class='ocrx_word' id='word_1_911' title='bbox 447 3512 592 3536; x_wconf 83' lang='lat' dir='ltr'>recluserit.</span> <span class='ocrx_word' id='word_1_912' title='bbox 609 3525 628 3530; x_wconf 92' lang='lat'>-</span> <span class='ocrx_word' id='word_1_913' title='bbox 648 3511 754 3535; x_wconf 80' lang='lat' dir='ltr'>reclusit</span> <span class='ocrx_word' id='word_1_914' title='bbox 772 3511 894 3535; x_wconf 82' lang='lat' dir='ltr'>dominus</span> <span class='ocrx_word' id='word_1_915' title='bbox 909 3511 975 3542; x_wconf 83' lang='lat' dir='ltr'>HIK,</span> <span class='ocrx_word' id='word_1_916' title='bbox 999 3512 1135 3536; x_wconf 82' lang='lat' dir='ltr'>recluserit</span> <span class='ocrx_word' id='word_1_917' title='bbox 1154 3511 1276 3536; x_wconf 81' lang='lat' dir='ltr'>dominus</span> <span class='ocrx_word' id='word_1_918' title='bbox 1289 3511 1372 3535; x_wconf 88' lang='lat' dir='ltr'>ceteri.</span> <span class='ocrx_word' id='word_1_919' title='bbox 1385 3524 1404 3530; x_wconf 99' lang='lat'>-</span> <span class='ocrx_word' id='word_1_920' title='bbox 1458 3511 1527 3536; x_wconf 83' lang='lat' dir='ltr'>illius</span> <span class='ocrx_word' id='word_1_921' title='bbox 1546 3511 1665 3536; x_wconf 79' lang='lat' dir='ltr'>occident</span> <span class='ocrx_word' id='word_1_922' title='bbox 1683 3512 1710 3535; x_wconf 86' lang='lat' dir='ltr'>P.</span> 
     </span>
    </p>
   </div>
   <div class='ocr_carea' id='block_1_37' title="bbox 490 3598 1001 3624">
    <p class='ocr_par' dir='ltr' id='par_1_46' title="bbox 490 3598 1001 3624">
     <span class='ocr_line' id='line_1_131' title="bbox 490 3598 1001 3624; baseline -0.004 0"><span class='ocrx_word' id='word_1_923' title='bbox 490 3601 598 3624; x_wconf 71' lang='lat' dir='ltr'>Summa</span> <span class='ocrx_word' id='word_1_924' title='bbox 617 3599 716 3623; x_wconf 72' lang='lat' dir='ltr'>Taaor..</span> <span class='ocrx_word' id='word_1_925' title='bbox 736 3599 768 3623; x_wconf 87' lang='lat' dir='ltr'>D.</span> <span class='ocrx_word' id='word_1_926' title='bbox 780 3599 893 3623; x_wconf 71' lang='lat' dir='ltr'>Tamus</span> <span class='ocrx_word' id='word_1_927' title='bbox 912 3598 944 3623; x_wconf 91' lang='lat' dir='ltr'>T.</span> <span class='ocrx_word' id='word_1_928' title='bbox 964 3598 1001 3622; x_wconf 87' lang='lat'>111.</span> 
     </span>
    </p>
   </div>
   <div class='ocr_carea' id='block_1_38' title="bbox 1510 3546 2276 3580">
    <p class='ocr_par' dir='ltr' id='par_1_47' title="bbox 1510 3546 2276 3580">
     <span class='ocr_line' id='line_1_132' title="bbox 1510 3546 2276 3580; baseline 0.003 -10"><span class='ocrx_word' id='word_1_929' title='bbox 1510 3548 1536 3579; x_wconf 86' lang='grc' dir='ltr'>γ)</span> <span class='ocrx_word' id='word_1_930' title='bbox 1556 3547 1691 3571; x_wconf 82' lang='lat' dir='ltr'>abutatur.</span> <span class='ocrx_word' id='word_1_931' title='bbox 1709 3561 1727 3565; x_wconf 95' lang='lat'>—</span> <span class='ocrx_word' id='word_1_932' title='bbox 1745 3547 1865 3571; x_wconf 82' lang='lat' dir='ltr'>abutitur</span> <span class='ocrx_word' id='word_1_933' title='bbox 1884 3548 1912 3571; x_wconf 86' lang='lat' dir='ltr'>E.</span> <span class='ocrx_word' id='word_1_934' title='bbox 1930 3561 1950 3566; x_wconf 97' lang='lat'><em>-</em></span> <span class='ocrx_word' id='word_1_935' title='bbox 1968 3547 2017 3571; x_wconf 87' lang='lat' dir='ltr'>Pro</span> <span class='ocrx_word' id='word_1_936' title='bbox 2030 3547 2104 3580; x_wconf 78' lang='lat' dir='ltr'>fecit,</span> <span class='ocrx_word' id='word_1_937' title='bbox 2118 3546 2189 3580; x_wconf 79' lang='lat' dir='ltr'>facit</span> <span class='ocrx_word' id='word_1_938' title='bbox 2207 3546 2276 3572; x_wconf 75' lang='lat' dir='ltr'>Pca.</span> 
     </span>
    </p>
   </div>
   <div class='ocr_carea' id='block_1_39' title="bbox 2337 3606 2364 3622">
    <p class='ocr_par' dir='ltr' id='par_1_48' title="bbox 2337 3606 2364 3622">
     <span class='ocr_line' id='line_1_133' title="bbox 2337 3606 2364 3622; baseline 0 0"><span class='ocrx_word' id='word_1_939' title='bbox 2337 3606 2364 3622; x_wconf 78' lang='lat'>21</span> 
     </span>
    </p>
   </div>
   <div class='ocr_carea' id='block_1_40' title="bbox 2545 451 2681 480">
    <p class='ocr_par' dir='ltr' id='par_1_49' title="bbox 2545 451 2681 480">
     <span class='ocr_line' id='line_1_134' title="bbox 2545 451 2681 480; baseline 0.018 -8.495"><span class='ocrx_word' id='word_1_940' title='bbox 2545 451 2638 473; x_wconf 81' lang='lat' dir='ltr'>·Vers.</span> <span class='ocrx_word' id='word_1_941' title='bbox 2652 457 2681 480; x_wconf 81' lang='lat'>¹3.</span> 
     </span>
    </p>
   </div>
  </div>
 </body>
</html>
