2846 4146
107 1154 116 1162 ‘
125 1154 160 1175 De
167 1153 242 1176 Serm.
251 1154 319 1175 Dom.

107 1180 132 1201 in
146 1179 232 1207 Monte,
248 1181 287 1202 lib.
300 1181 317 1207 I,

107 1212 160 1234 cap.
174 1212 205 1228 xv.

104 1421 115 1431 '¹
129 1420 210 1442 Matth.
226 1426 277 1448 cap.
293 1427 316 1447 ν,

105 1452 165 1468 vers.
172 1452 184 1474 3
191 1453 250 1475 sqq.;
259 1448 315 1468 Luc.

105 1479 155 1500 cap.
164 1479 187 1494 vx
196 1490 202 1500 ,
213 1479 271 1495 vers.
286 1480 314 1495 20

105 1505 157 1526 sqq-

106 1579 115 1588 ”
129 1578 180 1599 Art.
196 1579 301 1605 praeced.

349 228 427 273 460

1017 231 1282 277 QUAESTIO
1313 232 1451 278 LXIX,
1480 232 1776 269 ARTICULUS
1806 233 1858 269 IV

1129 365 1445 407 ARTICULUS
1475 366 1746 417 QUARTUS

715 459 869 490 UTRUM
893 459 1083 490 PRAEMIA
1105 458 1437 489 BEATITUDINUM
1461 458 1801 490 CONVENIENTER
1824 461 2153 493 ENUMERENTUR

1171 535 1201 559 111
1222 535 1304 564 Sent„
1325 535 1384 560 dist.
1402 543 1483 567 xxxiv,
1503 543 1548 568 qu.
1567 544 1588 566 ι,
1608 542 1654 561 art.
1672 545 1699 568 4.

391 656 399 663 s
417 644 445 667 ,ι
469 647 537 689 ,Ὗ
561 637 583 661 D
603 636 775 666 QUARTUM
794 637 847 661 sm
867 635 1105 661 PRocEmrUR.
1122 622 1281 659 Videtur
1299 623 1405 672 quod

378 667 405 694 '⁴'
479 667 530 725 {⁴5⁴
560 678 729 726 praemia
771 677 1044 714 beatitudinum
1091 676 1405 712 inconvenienter

366 714 528 786 ιῗπςῃή
561 738 839 767 enumerentur.
862 732 903 766 In
932 742 1048 777 regno
1069 729 1170 765 enim
1197 729 1402 776 caelorum,

405 757 494 810 ἑΨ
516 774 663 830 kquod
684 791 738 819 est
765 783 840 819 vita
860 789 1023 828 aeterna,
1045 783 1146 818 bona
1167 781 1294 817 omnia
1314 794 1402 818 con-

348 833 521 871 tinentur.
542 836 670 872 Posito
692 847 779 883 ergo
810 847 927 882 regno
948 836 1157 882 caelorum,
1183 846 1261 871 non
1290 846 1402 883 opor-

348 887 414 923 tuit
442 887 512 923 alia
540 887 709 936 praemia
735 899 891 936 ponere.

403 951 436 976 2.
458 941 696 986 PRAETEREA,
724 952 881 988 regnum
915 940 1107 976 caelorum
1145 939 1299 988 ponitur
1331 952 1402 988 pro

346 993 518 1040 praemio
548 1000 583 1029 et
615 993 652 1029 in
690 993 813 1041 prima
846 992 1075 1029 beatitudine
1114 1000 1150 1029 et
1182 992 1220 1029 in
1253 999 1401 1029 octava.

347 1046 460 1093 Ergo,
491 1046 626 1082 eadem
656 1045 812 1092 ratione,
842 1045 972 1083 debuit
994 1045 1086 1094 poni
1114 1045 1153 1082 in
1180 1046 1374 1081 omnibus.

402 1100 435 1134 3.
448 1098 678 1145 PRAETEREA,
691 1098 728 1134 in
740 1098 1033 1135 beatitudinibus
1044 1098 1262 1147 proceditur
1272 1110 1402 1134 ascen-

347 1151 484 1197 dendo,
502 1151 596 1188 sicut
614 1152 846 1199 Augustinus
867 1151 955 1188 dicit
968 1151 998 1188 ³³.
1017 1152 1059 1188 In
1078 1151 1259 1199 praemiis
1274 1158 1402 1187 autern

345 1204 495 1241 videtur
513 1204 669 1252 procedi
698 1204 986 1240 descendendo:
1008 1215 1098 1241 nam
1117 1204 1311 1252 possessio
1330 1211 1402 1240 ter-

345 1270 408 1293 rae
439 1265 492 1294 est
511 1257 637 1294 minus
664 1269 780 1305 quam
794 1269 959 1304 regnum
990 1258 1194 1293 caelorum.
1216 1258 1318 1305 Ergo
1347 1257 1402 1294 in-

345 1310 613 1347 convenienter
641 1310 858 1346 huiusmodi
885 1310 1055 1358 praemia
1083 1309 1330 1357 assignantur.

398 1364 471 1400 SED
500 1375 645 1400 CONTRA
664 1374 730 1399 EST
749 1363 951 1399 auctoritas
969 1362 1086 1411 ipsius
1105 1363 1275 1411 Domini,
1294 1374 1403 1412 prae-

344 1416 419 1452 mia
446 1416 666 1453 huiusmodi
694 1416 941 1464 proponentis
959 1415 990 1452 ²³².

397 1470 620 1506 RESPONDEO
654 1480 838 1505 DicENDUM
870 1469 975 1517 quod
1009 1468 1179 1516 praemia
1207 1468 1276 1505 ista
1313 1481 1403 1505 con-

342 1522 625 1559 venientissime
653 1522 899 1569 assignantur,
921 1522 1158 1558 considerata
1186 1521 1402 1558 conditione

343 1575 619 1612 beatitudinum
648 1575 860 1611 secundum
887 1582 962 1611 tres
982 1574 1231 1611 beatitudines
1250 1586 1365 1623 supra
1382 1574 1403 1596 *

343 1629 559 1676 assignatas.
589 1628 686 1664 Tres
715 1627 818 1664 enim
851 1627 997 1676 primae
1026 1627 1278 1664 beatitudines
1306 1627 1402 1664 acci-

342 1681 495 1729 piuntur
522 1693 590 1730 per
618 1680 881 1717 retractionem
912 1681 959 1717 ab
987 1680 1044 1716 his
1072 1680 1111 1716 in
1138 1680 1275 1728 quibus
1292 1681 1402 1717 volu-

342 1742 477 1783 ptuosa
502 1734 694 1770 beatitudo
716 1733 903 1770 consistit:
932 1745 1050 1781 quam
1074 1734 1192 1769 homo
1215 1733 1403 1771 desiderat

343 1799 529 1835 quaerens
557 1787 594 1823 id
615 1787 719 1835 quod
739 1786 955 1823 naturaliter
974 1786 1218 1832 desideratur,
1239 1798 1318 1823 non
1335 1787 1402 1823 ubi

342 1852 524 1889 quaerere
545 1840 668 1885 debet,
690 1839 827 1875 scilicet
849 1839 887 1875 in
906 1840 1009 1886 Deo,
1031 1839 1099 1875 sed
1117 1838 1155 1874 in
1175 1839 1288 1875 rebus
1306 1846 1401 1875 tem-

341 1893 534 1941 poralibus
563 1900 599 1928 et
626 1891 789 1928 caducis.
820 1892 868 1927 Et
895 1891 982 1928 ideo
1004 1891 1177 1940 praemia
1195 1891 1307 1928 trium
1327 1892 1402 1940 pri-

341 1957 490 1982 marum
529 1944 805 1981 beatitudinum
838 1944 1073 1992 accipiuntur
1107 1944 1318 1980 secundum
1357 1956 1402 1981 ea

342 2011 439 2046 quae
455 1998 492 2034 in
508 1997 737 2034 beatitudine
756 2004 906 2033 terrena
924 1997 1036 2045 aliqui
1056 2005 1253 2046 quaerunt.
1275 1998 1403 2044 Quae-

342 2059 427 2088 runt
456 2051 556 2088 enim
585 2050 761 2087 homines
786 2050 824 2086 in
844 2051 957 2086 rebus
987 2050 1244 2097 exterioribus,
1265 2050 1403 2088 scilicet

342 2104 480 2141 divitiis
515 2111 550 2140 et
577 2103 807 2150 honoribus,
845 2103 1104 2140 excellentiam
1142 2103 1337 2151 quandam
1367 2112 1403 2141 et

341 2157 628 2194 abundantiam:
649 2168 813 2205 quorum
829 2163 1033 2205 utrumque
1048 2156 1228 2205 importat
1241 2168 1401 2204 regnum

342 2211 548 2257 caelorum,
577 2222 645 2259 per
673 2210 776 2258 quod
805 2210 924 2246 homo
955 2209 1198 2258 consequitur
1220 2211 1402 2247 excellen-

340 2263 431 2300 tiam
461 2271 496 2300 et
524 2262 793 2299 abundantiam
822 2263 1013 2299 bonorum
1042 2263 1080 2299 in
1109 2264 1206 2300 Deo.
1236 2263 1284 2299 Et
1312 2263 1399 2300 ideo

341 2328 500 2364 regnum
521 2316 714 2352 caelorum
733 2315 924 2352 Dominus
943 2315 1175 2364 pauperibus
1195 2315 1325 2363 spiritu
1345 2328 1401 2352 re-

342 2369 526 2417 promisit.
547 2389 571 2395 -
592 2368 791 2415 Quaerunt
827 2376 954 2404 autem
985 2367 1162 2404 homines
1191 2368 1337 2404 feroces
1366 2376 1401 2406 et

343 2421 508 2458 immites
528 2433 596 2469 per
614 2420 727 2467 litigia
747 2428 783 2456 et
802 2421 900 2457 bella
928 2421 1168 2458 securitatem
1189 2421 1259 2458 sibi
1275 2421 1401 2470 acqui-

343 2485 438 2521 rere,
468 2474 641 2510 inimicos
674 2485 763 2509 suos
797 2473 1039 2511 destruendo.
1069 2474 1180 2511 Unde
1209 2473 1400 2511 Dominus

342 2526 564 2575 repromisitv
590 2525 743 2562 mitibus
778 2538 952 2562 securam
987 2534 1023 2562 et
1054 2526 1223 2575 quietam
1251 2538 1401 2575 posses-

342 2579 489 2616 sionem
521 2587 642 2616 terrae
668 2578 898 2615 viventium:
928 2591 998 2627 per
1025 2591 1141 2627 quam
1172 2580 1401 2627 significatur

343 2632 509 2670 soliditas
544 2640 785 2669 aeternorum
821 2633 1024 2669 bonorum.
1054 2653 1078 2660 -
1108 2633 1307 2679 Quaerunt
1335 2645 1401 2670 au-

340 2693 419 2722 tem
438 2685 615 2722 homines
643 2685 681 2721 in
701 2685 1014 2733 concupiscentiis
1034 2693 1070 2722 et
1089 2685 1401 2724 delectationibus

342 2738 491 2784 mundi,
528 2738 670 2775 habere
698 2738 999 2775 consolationem
1029 2746 1159 2775 contra
1192 2739 1401 2788 praesentis

340 2791 441 2828 vitae
469 2791 630 2827 labores.
662 2792 710 2828 Et
738 2791 824 2828 ideo
850 2791 1038 2828 Dominus
1063 2792 1362 2829 consolationem
1383 2798 1401 2814 ‘²

341 2844 553 2892 lugentibus
582 2844 818 2893 repromittit.

395 2897 500 2933 Aliae
515 2909 608 2934 vero
630 2897 727 2934 duae
743 2896 993 2934 beatitudines
1008 2897 1198 2946 pertinent
1216 2898 1263 2935 ad
1283 2909 1401 2946 opera

343 2950 487 2986 activae
520 2950 779 2996 beatitudinis,
810 2961 909 2997 quae
942 2958 1029 2987 sunt
1066 2962 1183 2999 opera
1217 2951 1400 2987 virtutum

343 3002 598 3039 ordinantium
636 3003 834 3040 hominem
868 3003 916 3039 ad
948 3003 1184 3053 proximum:
1215 3016 1236 3040 a
1264 3004 1401 3053 quibus

342 3055 521 3103 operibus
555 3055 667 3104 aliqui
696 3057 936 3093 retrahuntur
963 3064 1118 3105 propter
1145 3055 1400 3094 inordinatum

342 3120 515 3144 amorem
543 3108 684 3157 proprii
713 3109 814 3145 boni.
845 3109 893 3145 Et
917 3109 1004 3145 ideo
1024 3109 1214 3146 Dominus
1239 3110 1404 3147 attribuit

342 3161 402 3197 illa
429 3161 599 3209 praemia
627 3161 684 3198 his
713 3162 1018 3209 beatitudinibus,
1041 3170 1197 3211 propter
1216 3175 1315 3210 quae
1334 3163 1403 3200 ho-

344 3213 465 3250 mines
489 3214 536 3251 ab
557 3214 609 3250 eis
631 3214 838 3251 discedunt.
869 3214 1078 3252 Discedunt
1098 3216 1199 3252 enim
1221 3215 1334 3264 aliqui
1355 3216 1402 3253 ab

1459 624 1638 672 operibus
1653 625 1825 672 iustitiae,
1842 638 1921 663 non
1940 627 2142 665 reddentes
2162 629 2344 673 debitum,
2365 629 2432 666 sed
2451 642 2522 679 po-

1458 676 1531 713 tius
1559 677 1682 714 aliena
1714 678 1922 727 rapientes,
1952 687 1994 716 ut
2022 680 2133 717 bonis
2164 682 2435 730 temporalibus
2463 695 2521 719 re-

1457 730 1641 777 pleantur.
1667 731 1717 767 Et
1742 730 1830 767 ideo
1850 732 2042 769 Dominus
2060 734 2311 771 esurientibus
2330 735 2518 783 iustitiam,

1458 782 1690 819 saturitatem
1706 784 1962 832 repromisit.—
1979 786 2189 823 Discedunt
2206 787 2321 824 etiam
2336 787 2451 837 aliqui
2470 788 2533 825 ab‘

1458 835 1637 884 operibus
1661 836 1953 885 misericordiae,
1974 850 2022 874 ne
2042 850 2084 875 se
2102 839 2341 877 immisceant
2359 840 2520 878 miseriis

1458 887 1600 925 alienis.
1631 889 1680 925 Et
1712 889 1798 926 ideo
1828 890 2019 927 Dominus
2050 891 2360 930 misericordibus
2393 905 2519 942 repro-

1458 940 1568 977 mittit
1595 941 1906 989 misericordiam,
1934 955 2004 992 per
2031 956 2148 992 quam
2173 945 2222 981 ab
2242 945 2348 982 omni
2367 945 2519 983 miseria

1456 993 1673 1031 liberentur.

1510 1046 1618 1083 Aliae
1645 1059 1739 1083 vero
1769 1047 1868 1084 duae
1886 1048 2041 1099 ultimae
2061 1049 2312 1087 beatitudines
2330 1050 2519 1099 pertinent

1458 1098 1507 1135 ad
1535 1100 1871 1148 contemplativam
1898 1100 2113 1138 felicitatem
2138 1115 2207 1139 seu
2226 1103 2517 1141 beatitudinem:

1458 1159 1495 1188 et
1522 1151 1610 1188 ideo
1639 1153 1852 1190 secundum
1886 1154 2194 1192 convenientiam
2229 1155 2519 1205 dispositionum

1458 1216 1556 1253 quae
1571 1213 1766 1253 ponuntur
1779 1206 1818 1242 in
1833 1206 1981 1254 merito,
1992 1207 2162 1255 praemia
2177 1209 2396 1251 redduntur.
2414 1209 2517 1246 Nam

1458 1258 1643 1295 munditia
1662 1259 1763 1295 oculi
1782 1259 1949 1307 disponit
1966 1260 2017 1296 ad
2035 1260 2135 1297 clare
2153 1257 2387 1299 videndum:
2414 1262 2519 1299 unde

1458 1311 1610 1348 mundis
1630 1312 1745 1348 corde
1766 1311 1895 1349 divina
1913 1312 2011 1349 visio
2026 1313 2314 1362 repromittitur.
2329 1335 2353 1342 -
2371 1314 2519 1352 Consti-

1456 1370 1563 1400 tuere
1589 1375 1685 1401 vero
1713 1376 1850 1413 pacem
1877 1366 1939 1403 vel
1967 1365 2006 1402 in
2033 1366 2160 1415 seipso
2187 1367 2250 1404 vel
2278 1367 2374 1404 inter
2401 1367 2516 1416 alios,

1457 1416 1671 1453 manifestat
1693 1417 1896 1454 hominem
1921 1426 2002 1454 esse
2022 1419 2095 1456 Dei
2117 1419 2356 1467 imitatorem,
2377 1420 2443 1469 qui
2460 1428 2519 1457 est

1457 1470 1562 1506 Deus
1595 1469 1747 1507 unitatis
1782 1478 1820 1507 et
1849 1470 1967 1519 pacis.
1997 1472 2046 1508 Et
2081 1471 2168 1523 ideo
2201 1485 2272 1521 pro
2305 1473 2478 1521 praemio
2500 1471 2518 1503 Ρ

1456 1522 1625 1559 redditur
1653 1522 1687 1559 ei
1715 1523 1834 1571 gloria
1863 1523 2013 1560 divinae
2041 1524 2243 1572 filiationis,
2273 1537 2371 1574 quae
2396 1533 2452 1562 est
2478 1525 2518 1563 in

1454 1576 1620 1623 perfecta
1653 1576 1919 1613 coniunctione
1952 1577 2001 1613 ad
2038 1578 2166 1614 Deum
2194 1589 2263 1626 per
2291 1578 2516 1627 sapientiam

1454 1636 1770 1665 consummatam.

1508 1683 1567 1718 An
1595 1693 1733 1718 1>R1MUM
1760 1693 1859 1717 ERGO
1888 1693 2072 1718 DICENDUM
2096 1682 2212 1729 quod,
2234 1683 2330 1720 sicut
2348 1679 2516 1732 Chryso-

1457 1741 1603 1770 stomus
1619 1733 1705 1770 dicit
1715 1733 1746 1781 *,
1759 1734 1890 1770 omnia
1902 1735 2071 1782 praemia
2085 1734 2155 1771 ista
2169 1747 2290 1773 unum
2306 1736 2446 1773 suntin
2460 1748 2514 1784 re,

1456 1787 1597 1823 scilicet
1611 1786 1805 1823 beatitudo
1816 1792 1831 1814 Ὺ
1847 1794 2015 1833 aeterna;
2027 1799 2143 1836 quam
2159 1787 2367 1826 intellectus
2380 1789 2516 1827 huma-

1455 1852 1526 1876 nus
1555 1851 1633 1876 non
1662 1839 1771 1888 capit.
1792 1840 1842 1876 Et
1859 1839 1947 1876 ideo
1967 1841 2134 1888 oportuit
2151 1842 2258 1890 quod
2276 1854 2346 1891 per
2364 1842 2516 1880 diversa

1455 1893 1559 1928 bona
1578 1892 1689 1929 nobis
1708 1899 1810 1939 nota,
1835 1893 2123 1941 describeretur,
2148 1895 2350 1932 observata
2373 1907 2515 1934 conve-

1455 1945 1596 1982 nientia
1624 1945 1673 1982 ad
1697 1945 1832 1982 merita
1849 1943 1863 1967 ὅ
1892 1946 2030 1995 quibus
2053 1947 2223 1995 praemia
2250 1947 2513 1986 attribuuntur.

1508 2001 1568 2034 AD
1596 2009 1786 2035 SECUNDUM
1810 2010 1994 2036 mcENDUM
2013 2000 2131 2047 quod,
2153 2001 2248 2037 sicut
2271 2009 2408 2038 octava
2427 2002 2516 2039 bea-

1454 2051 1574 2088 titudo
1604 2058 1659 2088 est
1687 2051 1845 2088 firmitas
1881 2052 2073 2100 quaedam
2107 2053 2283 2090 omnium
2317 2054 2517 2092 beatitudi-

1455 2116 1570 2151 num,
1608 2104 1658 2141 ita
1696 2104 1883 2141 debentur
1917 2105 1988 2142 sibi
2025 2106 2199 2143 omnium
2237 2106 2515 2146 beatitudinum

1455 2156 1638 2206 praemia.
1668 2158 1718 2194 Et
1743 2156 1831 2194 ideo
1858 2157 1956 2194 redit
1981 2158 2032 2195 ad
2061 2166 2185 2207 caput,
2207 2167 2248 2196 ut
2265 2159 2516 2209 intelligantur

1456 2210 1527 2247 sibi
1547 2217 1826 2259 consequenter
1839 2215 1852 2231 ⁸
1872 2211 2002 2247 omnia
2016 2211 2187 2260 praemia
2205 2212 2367 2250 attribui.
2388 2234 2412 2243 -
2432 2214 2514 2263 Vei,

1456 2263 1668 2301 secundum
1701 2263 1948 2300 Ambrosium
1971 2263 2006 2311 *,
2040 2265 2271 2314 pauperibus
2299 2266 2431 2315 spiritu
2458 2278 2517 2304 rea

1454 2316 1685 2364 promittitur
1711 2327 1871 2364 regnum
1908 2317 2117 2364 caelorum,
2148 2326 2332 2367 quantum
2358 2319 2409 2357 ad
2437 2321 2516 2368 glo-

1455 2369 1549 2405 riam
1577 2368 1749 2405 animae:
1783 2369 1850 2405 sed
1882 2369 2002 2418 passis
2021 2370 2327 2418 persecutionem
2360 2371 2400 2408 in
2432 2382 2515 2410 cor·

1455 2434 1561 2470 pore,
1591 2428 1775 2470 quantum
1805 2421 1854 2458 ad
1881 2421 2039 2469 gloriam
2069 2423 2250 2472 corporis.

1507 2474 1568 2511 Ad
1596 2485 1756 2511 ‘rent-mm
1784 2485 1968 2511 mei-:Noun
1996 2475 2102 2524 quod
2130 2476 2244 2513 etiarn
2266 2476 2439 2525 praemia
2456 2476 2515 2515 se·

1455 2527 1624 2564 cundum
1652 2526 1886 2563 additionem
1915 2539 1955 2563 se
1974 2528 2118 2564 habent
2134 2529 2184 2566 ad
2202 2529 2380 2566 invicem.
2410 2530 2513 2569 Nam

1454 2580 1538 2628 plus
1566 2586 1623 2616 est
1648 2579 1846 2628 possidere
1873 2587 2011 2616 terram
2039 2581 2145 2628 regni
2170 2582 2377 2629 caelorum,
2398 2593 2515 2631 quam

1454 2632 1673 2681 simpliciter
1708 2632 1871 2669 habere:
1907 2633 2027 2670 multa
2058 2634 2160 2670 enim
2193 2635 2380 2672 habemus
2415 2631 2515 2685 quae

1454 2697 1534 2722 non
1548 2685 1706 2722 firmiter
1722 2693 1758 2722 et
1775 2685 1936 2734 pacifice
1949 2686 2316 2738 possidemus-„Plus
2328 2695 2387 2725 est
2399 2688 2515 2726 etiam

1456 2737 1645 2775 consolari
1674 2738 1711 2774 in
1741 2750 1879 2786 regno,
1910 2750 2025 2787 quam
2062 2740 2204 2776 habere
2232 2748 2271 2777 et
2296 2741 2515 2790 possideret

1455 2792 1573 2828 multa
1611 2791 1714 2828 enirn
1750 2803 1840 2828 cum
1879 2791 2010 2829 dolore
2047 2792 2301 2841 possidemus.
2339 2795 2429 2831 Plus
2458 2790 2518 2832 'est

1454 2844 1570 2887 etiarn
1599 2844 1755 2881 saturari
1787 2857 1904 2894 quam
1933 2845 2151 2894 simpliciter
2185 2846 2396 2884 consolari:
2425 2857 2516 2884 nam

1455 2897 1629 2934 saturitas
1649 2897 1922 2934 abundantiam
1943 2899 2209 2936 consolationis
2228 2899 2417 2948 importat.
2444 2900 2517 2938 Mi—

1455 2950 1658 2988 sericordia
1676 2963 1770 2987 vero
1791 2951 1938 2988 excedit
1965 2951 2218 2989 saturitatem:
2246 2960 2288 2989 ut
2311 2953 2396 3002 plus
2423 2952 2518 2990 scili·

1456 3011 1514 3041 cet
1531 3005 1651 3041 homo
1680 3003 1837 3052 accipiat
1863 3015 1981 3052 quam
2007 3004 2199 3052 meruerit,
2223 3005 2285 3042 vel
2304 3005 2518 3043 desiderare

1455 3056 1630 3106 potuerit.
1661 3057 1798 3094 Adhuc
1826 3065 1953 3094 autem
1982 3057 2106 3095 maius
2134 3064 2191 3095 est
2216 3058 2344 3095 Deum
2363 3058 2517 3096 videre:

1456 3110 1552 3146 sicut
1565 3109 1688 3146 maior
1708 3117 1764 3146 est
1783 3109 1848 3158 qui
1867 3109 1905 3146 in
1925 3110 2028 3147 curia
2047 3110 2143 3158 regis
2162 3123 2241 3148 non
2261 3111 2386 3148 solum
2405 3123 2517 3160 pran-

1457 3164 1530 3210 det,
1548 3162 1616 3199 sed
1631 3163 1745 3199 etiam
1766 3162 1900 3199 faciem
1918 3163 2015 3211 regis
2029 3163 2144 3201 videt.
2167 3164 2370 3201 Summam
2389 3171 2517 3201 autem

1458 3215 1677 3264 dignitatem
1705 3215 1744 3252 in
1773 3215 1891 3253 domo
1921 3215 2022 3264 regia
2050 3216 2149 3254 filius
2178 3216 2274 3265 regis
2302 3217 2428 3254 habet.

398 3327 424 3361 α)
443 3329 658 3354 consolationem.
671 3342 690 3347 -
709 3329 780 3353 vitae
799 3330 895 3353 addunt
915 3330 961 3355 Pa.

398 3362 422 3395 β)
439 3364 569 3395 praemio.
583 3378 602 3382 -
616 3364 746 3395 praemiis
767 3364 811 3389 Ρα.

396 3399 423 3432 γ)
444 3399 587 3425 beatitudo,
600 3414 617 3417 —
637 3399 693 3431 ipsa
713 3399 848 3424 beatitudo
869 3400 979 3425 codices.

556 3468 570 3483 k

1513 3330 1538 3364 δ)
1559 3331 1663 3355 merita.
1676 3345 1695 3349 -
1713 3331 1836 3356 meritum
1856 3331 2091 3363 ACDEGHKLpB.

1514 3365 1536 3400 ε)
1556 3369 1754 3398 consequenter.
1766 3380 1785 3385 -
1803 3366 1989 3391 convenienter
2006 3366 2057 3396 EF,
2076 3374 2129 3391 om.
2150 3367 2181 3393 K.

1060 3503 1113 3505 *a*
1119 3504 1270 3506 n*—
1286 3506 1291 3507 γ
1298 3487 1801 3512 -—000-8-0·oo————-

1419 3511 1441 3522 „-

2542 1745 2644 1795 igar„
2650 1761 2658 1768 .
2671 1745 2717 1768 XV
2729 1747 2754 1768 ἐκ

2635 1809 2654 1835 't

2541 2277 2754 2326 *Super-Luastib.

2532 2303 2576 2333 ¹V,
2606 2309 2622 2326 n
2638 2309 2696 2334 μιν.
2716 2309 2753 2331 vr,

2541 2336 2601 2353 ven.
2616 2335 2711 2359 moqq·
