<?xml version="1.0" encoding="UTF-8"?>
<!DOCTYPE html PUBLIC "-//W3C//DTD XHTML 1.0 Transitional//EN"
    "http://www.w3.org/TR/xhtml1/DTD/xhtml1-transitional.dtd">
<html xmlns="http://www.w3.org/1999/xhtml" xml:lang="en" lang="en">
 <head>
  <title>
</title>
<meta http-equiv="Content-Type" content="text/html;charset=utf-8" />
  <meta name='ocr-system' content='tesseract 3.04.00' />
  <meta name='ocr-capabilities' content='ocr_page ocr_carea ocr_par ocr_line ocrx_word'/>
</head>
<body>
  <div class='ocr_page' id='page_1' title='image "./operaomniaiussui06thom/operaomniaiussui06thom_0300.png"; bbox 0 0 2852 4152; ppageno 0'>
   <div class='ocr_carea' id='block_1_1' title="bbox 129 1735 340 1819">
    <p class='ocr_par' dir='ltr' id='par_1_1' title="bbox 129 1735 340 1819">
     <span class='ocr_line' id='line_1_1' title="bbox 129 1735 340 1783; baseline 0 -1"><span class='ocrx_word' id='word_1_1' title='bbox 129 1735 208 1783; x_wconf 39' lang='lat' dir='ltr'>scil?</span> <span class='ocrx_word' id='word_1_2' title='bbox 223 1740 340 1782; x_wconf 55' lang='grc' dir='ltr'>ιεὲιΪῙὲιῖι.</span> 
     </span>
     <span class='ocr_line' id='line_1_2' title="bbox 131 1791 339 1819; baseline -0.005 -6"><span class='ocrx_word' id='word_1_3' title='bbox 131 1794 139 1801; x_wconf 89' lang='grc'><strong><em>·</em></strong></span> <span class='ocrx_word' id='word_1_4' title='bbox 155 1791 204 1819; x_wconf 88' lang='lat' dir='ltr'>Qu.</span> <span class='ocrx_word' id='word_1_5' title='bbox 215 1798 253 1819; x_wconf 62' lang='lat' dir='ltr'>xz,</span> <span class='ocrx_word' id='word_1_6' title='bbox 269 1794 311 1813; x_wconf 86' lang='lat' dir='ltr'>art.</span> <span class='ocrx_word' id='word_1_7' title='bbox 324 1797 339 1812; x_wconf 89' lang='lat'>1.</span> 
     </span>
    </p>
   </div>
   <div class='ocr_carea' id='block_1_2' title="bbox 127 2473 340 2521">
    <p class='ocr_par' dir='ltr' id='par_1_2' title="bbox 127 2473 340 2521">
     <span class='ocr_line' id='line_1_3' title="bbox 129 2473 340 2521; baseline 0 -27"><span class='ocrx_word' id='word_1_8' title='bbox 129 2473 298 2521; x_wconf 68' lang='lat' dir='ltr'>‘Calp.V111‚n.</span> <span class='ocrx_word' id='word_1_9' title='bbox 333 2488 340 2494; x_wconf 88' lang='lat'>.</span> 
     </span>
     <span class='ocr_line' id='line_1_4' title="bbox 127 2479 337 2521; baseline 0 -1"><span class='ocrx_word' id='word_1_10' title='bbox 127 2510 139 2514; x_wconf 96' lang='lat'>-</span> <span class='ocrx_word' id='word_1_11' title='bbox 194 2479 337 2521; x_wconf 73' lang='lat' dir='ltr'>h.lec&#39;t.vxlr.</span> 
     </span>
    </p>
   </div>
   <div class='ocr_carea' id='block_1_3' title="bbox 127 2582 338 2663">
    <p class='ocr_par' dir='ltr' id='par_1_3' title="bbox 127 2582 338 2663">
     <span class='ocr_line' id='line_1_5' title="bbox 128 2582 338 2610; baseline 0 -7"><span class='ocrx_word' id='word_1_12' title='bbox 128 2584 136 2591; x_wconf 90' lang='grc'>·</span> <span class='ocrx_word' id='word_1_13' title='bbox 143 2582 178 2604; x_wconf 81' lang='lat' dir='ltr'>Cf.</span> <span class='ocrx_word' id='word_1_14' title='bbox 186 2588 224 2610; x_wconf 89' lang='lat' dir='ltr'>qu.</span> <span class='ocrx_word' id='word_1_15' title='bbox 232 2588 289 2608; x_wconf 60' lang='grc' dir='ltr'>χιιι,</span> <span class='ocrx_word' id='word_1_16' title='bbox 296 2586 338 2603; x_wconf 88' lang='lat' dir='ltr'>art.</span> 
     </span>
     <span class='ocr_line' id='line_1_6' title="bbox 127 2612 337 2636; baseline -0.005 -6"><span class='ocrx_word' id='word_1_17' title='bbox 127 2615 151 2635; x_wconf 64' lang='grc' dir='ltr'>ες</span> <span class='ocrx_word' id='word_1_18' title='bbox 168 2614 206 2636; x_wconf 85' lang='lat' dir='ltr'>qu.</span> <span class='ocrx_word' id='word_1_19' title='bbox 217 2615 285 2635; x_wconf 77' lang='lat' dir='ltr'>xxxv,</span> <span class='ocrx_word' id='word_1_20' title='bbox 295 2612 337 2629; x_wconf 79' lang='lat' dir='ltr'>art.</span> 
     </span>
     <span class='ocr_line' id='line_1_7' title="bbox 128 2639 337 2663; baseline 0 -7"><span class='ocrx_word' id='word_1_21' title='bbox 128 2641 148 2661; x_wconf 67' lang='grc' dir='ltr'>ις</span> <span class='ocrx_word' id='word_1_22' title='bbox 165 2641 203 2663; x_wconf 89' lang='lat' dir='ltr'>qu.</span> <span class='ocrx_word' id='word_1_23' title='bbox 213 2641 258 2662; x_wconf 80' lang='grc' dir='ltr'>ιιι-ι,</span> <span class='ocrx_word' id='word_1_24' title='bbox 269 2639 310 2656; x_wconf 87' lang='lat' dir='ltr'>art.</span> <span class='ocrx_word' id='word_1_25' title='bbox 321 2641 337 2656; x_wconf 88' lang='lat'>1.</span> 
     </span>
    </p>
   </div>
   <div class='ocr_carea' id='block_1_4' title="bbox 362 164 437 200">
    <p class='ocr_par' dir='ltr' id='par_1_4' title="bbox 362 164 437 200">
     <span class='ocr_line' id='line_1_8' title="bbox 362 164 437 200; baseline -0.013 0"><span class='ocrx_word' id='word_1_26' title='bbox 362 164 437 200; x_wconf 87' lang='lat'>288</span> 
     </span>
    </p>
   </div>
   <div class='ocr_carea' id='block_1_5' title="bbox 364 243 1428 1247">
    <p class='ocr_par' dir='ltr' id='par_1_5' title="bbox 364 243 1428 1247">
     <span class='ocr_line' id='line_1_9' title="bbox 364 243 1426 285; baseline -0.001 -11"><span class='ocrx_word' id='word_1_27' title='bbox 364 244 462 275; x_wconf 88' lang='lat' dir='ltr'>tionis</span> <span class='ocrx_word' id='word_1_28' title='bbox 479 244 518 274; x_wconf 89' lang='lat' dir='ltr'>ad</span> <span class='ocrx_word' id='word_1_29' title='bbox 542 250 639 274; x_wconf 87' lang='lat' dir='ltr'>artem</span> <span class='ocrx_word' id='word_1_30' title='bbox 656 243 848 280; x_wconf 88' lang='lat' dir='ltr'>aedificandi,</span> <span class='ocrx_word' id='word_1_31' title='bbox 866 251 897 274; x_wconf 91' lang='lat' dir='ltr'>et</span> <span class='ocrx_word' id='word_1_32' title='bbox 920 243 1084 275; x_wconf 86' lang='lat' dir='ltr'>difficultas</span> <span class='ocrx_word' id='word_1_33' title='bbox 1104 245 1242 285; x_wconf 83' lang='lat' dir='ltr'>picturae</span> <span class='ocrx_word' id='word_1_34' title='bbox 1266 245 1304 273; x_wconf 92' lang='lat' dir='ltr'>ad</span> <span class='ocrx_word' id='word_1_35' title='bbox 1329 250 1426 273; x_wconf 88' lang='lat' dir='ltr'>artem</span> 
     </span>
     <span class='ocr_line' id='line_1_10' title="bbox 366 286 1426 330; baseline -0.002 -12"><span class='ocrx_word' id='word_1_36' title='bbox 366 288 517 328; x_wconf 90' lang='lat' dir='ltr'>pingendi</span> <span class='ocrx_word' id='word_1_37' title='bbox 541 286 690 330; x_wconf 86' lang='lat' dir='ltr'>spectat);</span> <span class='ocrx_word' id='word_1_38' title='bbox 715 288 758 318; x_wconf 90' lang='lat' dir='ltr'>ita</span> <span class='ocrx_word' id='word_1_39' title='bbox 786 289 908 318; x_wconf 90' lang='lat' dir='ltr'>bonum</span> <span class='ocrx_word' id='word_1_40' title='bbox 933 288 1056 318; x_wconf 89' lang='lat' dir='ltr'>difficile</span> <span class='ocrx_word' id='word_1_41' title='bbox 1081 298 1117 318; x_wconf 88' lang='lat' dir='ltr'>ex</span> <span class='ocrx_word' id='word_1_42' title='bbox 1150 287 1330 318; x_wconf 88' lang='lat' dir='ltr'>difficultate</span> <span class='ocrx_word' id='word_1_43' title='bbox 1361 296 1426 316; x_wconf 90' lang='lat' dir='ltr'>non</span> 
     </span>
     <span class='ocr_line' id='line_1_11' title="bbox 366 330 1425 370; baseline -0.002 -8"><span class='ocrx_word' id='word_1_44' title='bbox 366 332 463 362; x_wconf 85' lang='lat' dir='ltr'>intrat</span> <span class='ocrx_word' id='word_1_45' title='bbox 491 331 690 362; x_wconf 87' lang='lat' dir='ltr'>latitudinem</span> <span class='ocrx_word' id='word_1_46' title='bbox 714 331 807 370; x_wconf 86' lang='lat' dir='ltr'>mali,</span> <span class='ocrx_word' id='word_1_47' title='bbox 828 332 884 362; x_wconf 90' lang='lat' dir='ltr'>sed</span> <span class='ocrx_word' id='word_1_48' title='bbox 905 331 987 362; x_wconf 88' lang='lat' dir='ltr'>infra</span> <span class='ocrx_word' id='word_1_49' title='bbox 1009 332 1085 362; x_wconf 89' lang='lat' dir='ltr'>boni</span> <span class='ocrx_word' id='word_1_50' title='bbox 1108 331 1307 370; x_wconf 85' lang='lat' dir='ltr'>latitudinem</span> <span class='ocrx_word' id='word_1_51' title='bbox 1330 330 1425 366; x_wconf 89' lang='lat' dir='ltr'>sistit;</span> 
     </span>
     <span class='ocr_line' id='line_1_12' title="bbox 368 373 1427 410; baseline -0.002 -5"><span class='ocrx_word' id='word_1_52' title='bbox 368 382 399 405; x_wconf 93' lang='lat' dir='ltr'>et</span> <span class='ocrx_word' id='word_1_53' title='bbox 422 375 564 406; x_wconf 90' lang='lat' dir='ltr'>similiter</span> <span class='ocrx_word' id='word_1_54' title='bbox 578 376 700 406; x_wconf 88' lang='lat' dir='ltr'>malurn</span> <span class='ocrx_word' id='word_1_55' title='bbox 716 375 839 406; x_wconf 81' lang='lat' dir='ltr'>difficile</span> <span class='ocrx_word' id='word_1_56' title='bbox 856 385 921 405; x_wconf 91' lang='lat' dir='ltr'>non</span> <span class='ocrx_word' id='word_1_57' title='bbox 938 375 999 405; x_wconf 87' lang='lat' dir='ltr'>exit</span> <span class='ocrx_word' id='word_1_58' title='bbox 1022 375 1097 404; x_wconf 88' lang='lat' dir='ltr'>mali</span> <span class='ocrx_word' id='word_1_59' title='bbox 1117 374 1324 405; x_wconf 85' lang='lat' dir='ltr'>latitudinem.</span> <span class='ocrx_word' id='word_1_60' title='bbox 1343 373 1427 410; x_wconf 84' lang='lat' dir='ltr'>Quia</span> 
     </span>
     <span class='ocr_line' id='line_1_13' title="bbox 367 416 1426 457; baseline -0.004 -7"><span class='ocrx_word' id='word_1_61' title='bbox 367 426 472 450; x_wconf 85' lang='lat' dir='ltr'>tamen</span> <span class='ocrx_word' id='word_1_62' title='bbox 488 419 625 450; x_wconf 90' lang='lat' dir='ltr'>arduum</span> <span class='ocrx_word' id='word_1_63' title='bbox 644 429 698 450; x_wconf 90' lang='lat' dir='ltr'>seu</span> <span class='ocrx_word' id='word_1_64' title='bbox 723 419 847 449; x_wconf 87' lang='lat' dir='ltr'>difficile</span> <span class='ocrx_word' id='word_1_65' title='bbox 863 419 896 448; x_wconf 93' lang='lat' dir='ltr'>in</span> <span class='ocrx_word' id='word_1_66' title='bbox 920 425 1062 457; x_wconf 91' lang='lat' dir='ltr'>respectu</span> <span class='ocrx_word' id='word_1_67' title='bbox 1079 418 1191 452; x_wconf 87' lang='lat' dir='ltr'>dicitur</span> <span class='ocrx_word' id='word_1_68' title='bbox 1208 418 1331 447; x_wconf 90' lang='lat' dir='ltr'>bonum</span> <span class='ocrx_word' id='word_1_69' title='bbox 1347 416 1426 446; x_wconf 86' lang='lat' dir='ltr'>diffi-</span> 
     </span>
     <span class='ocr_line' id='line_1_14' title="bbox 367 459 1426 501; baseline -0.003 -8"><span class='ocrx_word' id='word_1_70' title='bbox 367 463 425 493; x_wconf 91' lang='lat' dir='ltr'>cile</span> <span class='ocrx_word' id='word_1_71' title='bbox 449 463 600 494; x_wconf 87' lang='lat' dir='ltr'>excedens</span> <span class='ocrx_word' id='word_1_72' title='bbox 624 473 805 494; x_wconf 90' lang='lat' dir='ltr'>mensuram</span> <span class='ocrx_word' id='word_1_73' title='bbox 828 463 860 492; x_wconf 91' lang='lat' dir='ltr'>in</span> <span class='ocrx_word' id='word_1_74' title='bbox 885 462 997 498; x_wconf 88' lang='lat' dir='ltr'>maius,</span> <span class='ocrx_word' id='word_1_75' title='bbox 1015 472 1052 491; x_wconf 92' lang='lat' dir='ltr'>eo</span> <span class='ocrx_word' id='word_1_76' title='bbox 1070 462 1139 501; x_wconf 93' lang='lat' dir='ltr'>ipso</span> <span class='ocrx_word' id='word_1_77' title='bbox 1156 461 1244 501; x_wconf 93' lang='lat' dir='ltr'>quod</span> <span class='ocrx_word' id='word_1_78' title='bbox 1259 467 1324 491; x_wconf 86' lang='lat' dir='ltr'>tam</span> <span class='ocrx_word' id='word_1_79' title='bbox 1348 459 1426 491; x_wconf 87' lang='lat' dir='ltr'>diffi-</span> 
     </span>
     <span class='ocr_line' id='line_1_15' title="bbox 367 504 1427 543; baseline -0.004 -6"><span class='ocrx_word' id='word_1_80' title='bbox 367 507 424 537; x_wconf 90' lang='lat' dir='ltr'>cile</span> <span class='ocrx_word' id='word_1_81' title='bbox 449 514 503 543; x_wconf 88' lang='lat' dir='ltr'>est,</span> <span class='ocrx_word' id='word_1_82' title='bbox 526 507 620 537; x_wconf 88' lang='lat' dir='ltr'>habet</span> <span class='ocrx_word' id='word_1_83' title='bbox 642 508 726 537; x_wconf 91' lang='lat' dir='ltr'>unde</span> <span class='ocrx_word' id='word_1_84' title='bbox 749 517 767 536; x_wconf 93' lang='lat' dir='ltr'>a</span> <span class='ocrx_word' id='word_1_85' title='bbox 791 516 822 536; x_wconf 93' lang='lat' dir='ltr'>se</span> <span class='ocrx_word' id='word_1_86' title='bbox 845 512 962 535; x_wconf 86' lang='lat' dir='ltr'>avertat</span> <span class='ocrx_word' id='word_1_87' title='bbox 983 505 1075 535; x_wconf 88' lang='lat' dir='ltr'>illum</span> <span class='ocrx_word' id='word_1_88' title='bbox 1095 505 1145 534; x_wconf 93' lang='lat' dir='ltr'>cui</span> <span class='ocrx_word' id='word_1_89' title='bbox 1168 511 1214 535; x_wconf 84' lang='lat' dir='ltr'>est</span> <span class='ocrx_word' id='word_1_90' title='bbox 1232 504 1282 534; x_wconf 87' lang='lat' dir='ltr'>vel</span> <span class='ocrx_word' id='word_1_91' title='bbox 1304 504 1427 534; x_wconf 90' lang='lat' dir='ltr'>videtur</span> 
     </span>
     <span class='ocr_line' id='line_1_16' title="bbox 368 548 1426 581; baseline -0.004 0"><span class='ocrx_word' id='word_1_92' title='bbox 368 550 411 581; x_wconf 91' lang='lat' dir='ltr'>sic</span> <span class='ocrx_word' id='word_1_93' title='bbox 435 551 644 581; x_wconf 86' lang='lat' dir='ltr'>excessivum:</span> <span class='ocrx_word' id='word_1_94' title='bbox 670 557 701 581; x_wconf 92' lang='lat' dir='ltr'>et</span> <span class='ocrx_word' id='word_1_95' title='bbox 715 551 776 580; x_wconf 93' lang='lat' dir='ltr'>hoc</span> <span class='ocrx_word' id='word_1_96' title='bbox 792 550 891 579; x_wconf 90' lang='lat' dir='ltr'>modo</span> <span class='ocrx_word' id='word_1_97' title='bbox 912 549 1035 578; x_wconf 92' lang='lat' dir='ltr'>bonum</span> <span class='ocrx_word' id='word_1_98' title='bbox 1050 549 1187 578; x_wconf 87' lang='lat' dir='ltr'>arduum</span> <span class='ocrx_word' id='word_1_99' title='bbox 1203 554 1249 578; x_wconf 90' lang='lat' dir='ltr'>est</span> <span class='ocrx_word' id='word_1_100' title='bbox 1264 548 1426 578; x_wconf 89' lang='lat' dir='ltr'>obiectum</span> 
     </span>
     <span class='ocr_line' id='line_1_17' title="bbox 368 591 1425 634; baseline -0.003 -10"><span class='ocrx_word' id='word_1_101' title='bbox 368 594 603 634; x_wconf 84' lang='lat' dir='ltr'>desperationis.</span> <span class='ocrx_word' id='word_1_102' title='bbox 615 595 655 624; x_wconf 92' lang='lat' dir='ltr'>Et</span> <span class='ocrx_word' id='word_1_103' title='bbox 670 593 811 624; x_wconf 88' lang='lat' dir='ltr'>similiter</span> <span class='ocrx_word' id='word_1_104' title='bbox 826 593 946 622; x_wconf 88' lang='lat' dir='ltr'>malum</span> <span class='ocrx_word' id='word_1_105' title='bbox 962 591 1084 622; x_wconf 88' lang='lat' dir='ltr'>difficile</span> <span class='ocrx_word' id='word_1_106' title='bbox 1097 601 1162 621; x_wconf 91' lang='lat' dir='ltr'>non</span> <span class='ocrx_word' id='word_1_107' title='bbox 1176 591 1326 621; x_wconf 88' lang='lat' dir='ltr'>excedens</span> <span class='ocrx_word' id='word_1_108' title='bbox 1339 601 1425 622; x_wconf 90' lang='lat' dir='ltr'>men-</span> 
     </span>
     <span class='ocr_line' id='line_1_18' title="bbox 368 635 1426 675; baseline -0.003 -7"><span class='ocrx_word' id='word_1_109' title='bbox 368 648 474 668; x_wconf 89' lang='lat' dir='ltr'>suram</span> <span class='ocrx_word' id='word_1_110' title='bbox 497 638 529 668; x_wconf 91' lang='lat' dir='ltr'>in</span> <span class='ocrx_word' id='word_1_111' title='bbox 554 638 665 674; x_wconf 91' lang='lat' dir='ltr'>maius,</span> <span class='ocrx_word' id='word_1_112' title='bbox 682 637 754 668; x_wconf 92' lang='lat' dir='ltr'>licet</span> <span class='ocrx_word' id='word_1_113' title='bbox 777 646 813 666; x_wconf 85' lang='lat' dir='ltr'>ex</span> <span class='ocrx_word' id='word_1_114' title='bbox 836 646 874 666; x_wconf 88' lang='lat' dir='ltr'>eo</span> <span class='ocrx_word' id='word_1_115' title='bbox 890 636 978 675; x_wconf 93' lang='lat' dir='ltr'>quod</span> <span class='ocrx_word' id='word_1_116' title='bbox 995 642 1040 665; x_wconf 91' lang='lat' dir='ltr'>est</span> <span class='ocrx_word' id='word_1_117' title='bbox 1056 635 1193 671; x_wconf 88' lang='lat' dir='ltr'>malum,</span> <span class='ocrx_word' id='word_1_118' title='bbox 1210 635 1322 666; x_wconf 87' lang='lat' dir='ltr'>habeat</span> <span class='ocrx_word' id='word_1_119' title='bbox 1342 636 1426 665; x_wconf 93' lang='lat' dir='ltr'>unde</span> 
     </span>
     <span class='ocr_line' id='line_1_19' title="bbox 368 679 1427 720; baseline -0.003 -8"><span class='ocrx_word' id='word_1_120' title='bbox 368 688 500 718; x_wconf 82' lang='lat' dir='ltr'>avertat;</span> <span class='ocrx_word' id='word_1_121' title='bbox 526 691 562 711; x_wconf 89' lang='lat' dir='ltr'>ex</span> <span class='ocrx_word' id='word_1_122' title='bbox 586 691 624 711; x_wconf 90' lang='lat' dir='ltr'>eo</span> <span class='ocrx_word' id='word_1_123' title='bbox 648 687 754 711; x_wconf 87' lang='lat' dir='ltr'>tamen</span> <span class='ocrx_word' id='word_1_124' title='bbox 785 680 874 720; x_wconf 92' lang='lat' dir='ltr'>quod</span> <span class='ocrx_word' id='word_1_125' title='bbox 897 685 943 709; x_wconf 91' lang='lat' dir='ltr'>est</span> <span class='ocrx_word' id='word_1_126' title='bbox 970 679 1057 709; x_wconf 90' lang='lat' dir='ltr'>velut</span> <span class='ocrx_word' id='word_1_127' title='bbox 1079 679 1244 719; x_wconf 83' lang='lat' dir='ltr'>quoddam</span> <span class='ocrx_word' id='word_1_128' title='bbox 1274 689 1427 719; x_wconf 83' lang='lat' dir='ltr'>magnum</span> 
     </span>
     <span class='ocr_line' id='line_1_20' title="bbox 368 723 1428 759; baseline -0.001 -4"><span class='ocrx_word' id='word_1_129' title='bbox 368 735 434 755; x_wconf 91' lang='lat' dir='ltr'>non</span> <span class='ocrx_word' id='word_1_130' title='bbox 457 726 606 755; x_wconf 85' lang='lat' dir='ltr'>excedens</span> <span class='ocrx_word' id='word_1_131' title='bbox 629 734 820 759; x_wconf 89' lang='lat' dir='ltr'>mensuram,</span> <span class='ocrx_word' id='word_1_132' title='bbox 838 723 932 753; x_wconf 84' lang='lat' dir='ltr'>habet</span> <span class='ocrx_word' id='word_1_133' title='bbox 948 723 1033 753; x_wconf 93' lang='lat' dir='ltr'>unde</span> <span class='ocrx_word' id='word_1_134' title='bbox 1055 723 1172 753; x_wconf 89' lang='lat' dir='ltr'>trahat:</span> <span class='ocrx_word' id='word_1_135' title='bbox 1198 723 1283 753; x_wconf 90' lang='lat' dir='ltr'>unde</span> <span class='ocrx_word' id='word_1_136' title='bbox 1305 726 1428 754; x_wconf 86' lang='lat' dir='ltr'>Auctor</span> 
     </span>
     <span class='ocr_line' id='line_1_21' title="bbox 369 766 1425 809; baseline -0.001 -10"><span class='ocrx_word' id='word_1_137' title='bbox 369 769 528 809; x_wconf 86' lang='lat' dir='ltr'>superius,</span> <span class='ocrx_word' id='word_1_138' title='bbox 554 769 587 798; x_wconf 88' lang='lat' dir='ltr'>in</span> <span class='ocrx_word' id='word_1_139' title='bbox 610 778 663 808; x_wconf 91' lang='lat' dir='ltr'>qu.</span> <span class='ocrx_word' id='word_1_140' title='bbox 691 778 779 803; x_wconf 67' lang='grc' dir='ltr'>χχιιι,</span> <span class='ocrx_word' id='word_1_141' title='bbox 800 774 854 798; x_wconf 87' lang='lat' dir='ltr'>art.</span> <span class='ocrx_word' id='word_1_142' title='bbox 878 776 908 803; x_wconf 84' lang='lat'>2,</span> <span class='ocrx_word' id='word_1_143' title='bbox 932 766 1008 798; x_wconf 82' lang='lat' dir='ltr'>dixit</span> <span class='ocrx_word' id='word_1_144' title='bbox 1030 767 1119 807; x_wconf 91' lang='lat' dir='ltr'>quod</span> <span class='ocrx_word' id='word_1_145' title='bbox 1142 767 1262 798; x_wconf 90' lang='lat' dir='ltr'>malum</span> <span class='ocrx_word' id='word_1_146' title='bbox 1285 767 1425 798; x_wconf 82' lang='lat' dir='ltr'>arduum</span> 
     </span>
     <span class='ocr_line' id='line_1_22' title="bbox 366 811 1428 851; baseline -0.002 -8"><span class='ocrx_word' id='word_1_147' title='bbox 366 813 459 843; x_wconf 83' lang='lat' dir='ltr'>habet</span> <span class='ocrx_word' id='word_1_148' title='bbox 482 818 516 842; x_wconf 85' lang='lat' dir='ltr'>ut</span> <span class='ocrx_word' id='word_1_149' title='bbox 540 813 570 842; x_wconf 86' lang='lat' dir='ltr'>in</span> <span class='ocrx_word' id='word_1_150' title='bbox 588 813 688 851; x_wconf 84' lang='lat' dir='ltr'>ipsum</span> <span class='ocrx_word' id='word_1_151' title='bbox 713 811 873 848; x_wconf 82' lang='lat' dir='ltr'>tendatur,</span> <span class='ocrx_word' id='word_1_152' title='bbox 889 811 972 841; x_wconf 86' lang='lat' dir='ltr'>sicut</span> <span class='ocrx_word' id='word_1_153' title='bbox 987 812 1019 840; x_wconf 89' lang='lat' dir='ltr'>in</span> <span class='ocrx_word' id='word_1_154' title='bbox 1043 811 1201 851; x_wconf 83' lang='lat' dir='ltr'>quoddam</span> <span class='ocrx_word' id='word_1_155' title='bbox 1221 811 1369 842; x_wconf 88' lang='lat' dir='ltr'>arduum.</span> <span class='ocrx_word' id='word_1_156' title='bbox 1387 812 1428 841; x_wconf 90' lang='lat' dir='ltr'>Et</span> 
     </span>
     <span class='ocr_line' id='line_1_23' title="bbox 367 854 1428 894; baseline -0.001 -8"><span class='ocrx_word' id='word_1_157' title='bbox 367 856 410 886; x_wconf 92' lang='lat' dir='ltr'>sic</span> <span class='ocrx_word' id='word_1_158' title='bbox 425 856 540 886; x_wconf 90' lang='lat' dir='ltr'>modus</span> <span class='ocrx_word' id='word_1_159' title='bbox 555 855 628 885; x_wconf 86' lang='lat' dir='ltr'>mali</span> <span class='ocrx_word' id='word_1_160' title='bbox 644 855 832 894; x_wconf 86' lang='lat' dir='ltr'>importatus</span> <span class='ocrx_word' id='word_1_161' title='bbox 849 864 904 894; x_wconf 91' lang='lat' dir='ltr'>per</span> <span class='ocrx_word' id='word_1_162' title='bbox 918 854 951 894; x_wconf 94' lang='lat' dir='ltr'>ly</span> <span class='ocrx_word' id='word_1_163' title='bbox 966 855 1105 885; x_wconf 82' lang='lat' dir='ltr'>arduum</span> <span class='ocrx_word' id='word_1_164' title='bbox 1125 862 1314 891; x_wconf 86' lang='lat' dir='ltr'>mensurate,</span> <span class='ocrx_word' id='word_1_165' title='bbox 1335 855 1428 886; x_wconf 89' lang='lat' dir='ltr'>habet</span> 
     </span>
     <span class='ocr_line' id='line_1_24' title="bbox 367 898 1427 939; baseline -0.001 -9"><span class='ocrx_word' id='word_1_166' title='bbox 367 900 518 930; x_wconf 86' lang='lat' dir='ltr'>attrahere</span> <span class='ocrx_word' id='word_1_167' title='bbox 535 909 599 929; x_wconf 90' lang='lat' dir='ltr'>non</span> <span class='ocrx_word' id='word_1_168' title='bbox 617 898 904 938; x_wconf 71' lang='lat' dir='ltr'>concupiscibilem,</span> <span class='ocrx_word' id='word_1_169' title='bbox 922 898 1011 928; x_wconf 90' lang='lat' dir='ltr'>cuius</span> <span class='ocrx_word' id='word_1_170' title='bbox 1029 905 1075 929; x_wconf 90' lang='lat' dir='ltr'>est</span> <span class='ocrx_word' id='word_1_171' title='bbox 1090 899 1196 939; x_wconf 89' lang='lat' dir='ltr'>fugere</span> <span class='ocrx_word' id='word_1_172' title='bbox 1209 899 1308 938; x_wconf 84' lang='lat' dir='ltr'>magis</span> <span class='ocrx_word' id='word_1_173' title='bbox 1324 898 1427 929; x_wconf 84' lang='lat' dir='ltr'>maius</span> 
     </span>
     <span class='ocr_line' id='line_1_25' title="bbox 366 942 1427 982; baseline 0 -9"><span class='ocrx_word' id='word_1_174' title='bbox 366 943 487 973; x_wconf 91' lang='lat' dir='ltr'>malum</span> <span class='ocrx_word' id='word_1_175' title='bbox 511 952 608 982; x_wconf 87' lang='lat' dir='ltr'>quam</span> <span class='ocrx_word' id='word_1_176' title='bbox 631 942 753 978; x_wconf 91' lang='lat' dir='ltr'>minus,</span> <span class='ocrx_word' id='word_1_177' title='bbox 775 942 830 972; x_wconf 92' lang='lat' dir='ltr'>sed</span> <span class='ocrx_word' id='word_1_178' title='bbox 852 942 1048 979; x_wconf 85' lang='lat' dir='ltr'>irascibilem,</span> <span class='ocrx_word' id='word_1_179' title='bbox 1067 943 1156 974; x_wconf 90' lang='lat' dir='ltr'>cuius</span> <span class='ocrx_word' id='word_1_180' title='bbox 1181 950 1226 974; x_wconf 90' lang='lat' dir='ltr'>est</span> <span class='ocrx_word' id='word_1_181' title='bbox 1250 950 1314 973; x_wconf 87' lang='lat' dir='ltr'>tam</span> <span class='ocrx_word' id='word_1_182' title='bbox 1342 944 1427 974; x_wconf 92' lang='lat' dir='ltr'>bona</span> 
     </span>
     <span class='ocr_line' id='line_1_26' title="bbox 366 985 1428 1027; baseline 0 -11"><span class='ocrx_word' id='word_1_183' title='bbox 366 997 462 1027; x_wconf 89' lang='lat' dir='ltr'>quam</span> <span class='ocrx_word' id='word_1_184' title='bbox 486 986 568 1016; x_wconf 87' lang='lat' dir='ltr'>mala</span> <span class='ocrx_word' id='word_1_185' title='bbox 587 986 684 1016; x_wconf 89' lang='lat' dir='ltr'>ardua</span> <span class='ocrx_word' id='word_1_186' title='bbox 717 985 866 1027; x_wconf 88' lang='lat' dir='ltr'>prosequi</span> <span class='ocrx_word' id='word_1_187' title='bbox 890 993 925 1016; x_wconf 89' lang='lat' dir='ltr'>ut</span> <span class='ocrx_word' id='word_1_188' title='bbox 949 993 1083 1026; x_wconf 87' lang='lat' dir='ltr'>oportet.</span> <span class='ocrx_word' id='word_1_189' title='bbox 1107 987 1148 1017; x_wconf 86' lang='lat' dir='ltr'>Et</span> <span class='ocrx_word' id='word_1_190' title='bbox 1170 987 1232 1017; x_wconf 90' lang='lat' dir='ltr'>hoc</span> <span class='ocrx_word' id='word_1_191' title='bbox 1247 987 1346 1016; x_wconf 90' lang='lat' dir='ltr'>rnodo</span> <span class='ocrx_word' id='word_1_192' title='bbox 1371 987 1428 1016; x_wconf 84' lang='lat' dir='ltr'>sal-</span> 
     </span>
     <span class='ocr_line' id='line_1_27' title="bbox 365 1030 1428 1071; baseline 0 -11"><span class='ocrx_word' id='word_1_193' title='bbox 365 1037 455 1060; x_wconf 92' lang='lat' dir='ltr'>vatur</span> <span class='ocrx_word' id='word_1_194' title='bbox 478 1030 567 1070; x_wconf 93' lang='lat' dir='ltr'>quod</span> <span class='ocrx_word' id='word_1_195' title='bbox 583 1030 713 1060; x_wconf 91' lang='lat' dir='ltr'>audacia</span> <span class='ocrx_word' id='word_1_196' title='bbox 729 1030 854 1070; x_wconf 88' lang='lat' dir='ltr'>respicit</span> <span class='ocrx_word' id='word_1_197' title='bbox 868 1040 924 1069; x_wconf 91' lang='lat' dir='ltr'>per</span> <span class='ocrx_word' id='word_1_198' title='bbox 947 1040 979 1060; x_wconf 90' lang='lat' dir='ltr'>se</span> <span class='ocrx_word' id='word_1_199' title='bbox 996 1030 1103 1071; x_wconf 91' lang='lat' dir='ltr'>aliquo</span> <span class='ocrx_word' id='word_1_200' title='bbox 1123 1031 1222 1060; x_wconf 90' lang='lat' dir='ltr'>modo</span> <span class='ocrx_word' id='word_1_201' title='bbox 1243 1040 1337 1060; x_wconf 92' lang='lat' dir='ltr'>suum</span> <span class='ocrx_word' id='word_1_202' title='bbox 1354 1041 1428 1071; x_wconf 94' lang='lat' dir='ltr'>pro-</span> 
     </span>
     <span class='ocr_line' id='line_1_28' title="bbox 365 1073 1427 1115; baseline 0 -11"><span class='ocrx_word' id='word_1_203' title='bbox 365 1075 470 1114; x_wconf 90' lang='lat' dir='ltr'>prium</span> <span class='ocrx_word' id='word_1_204' title='bbox 502 1074 678 1104; x_wconf 87' lang='lat' dir='ltr'>obiectum:</span> <span class='ocrx_word' id='word_1_205' title='bbox 703 1084 760 1104; x_wconf 91' lang='lat' dir='ltr'>nec</span> <span class='ocrx_word' id='word_1_206' title='bbox 782 1074 875 1104; x_wconf 84' lang='lat' dir='ltr'>video</span> <span class='ocrx_word' id='word_1_207' title='bbox 902 1073 989 1104; x_wconf 89' lang='lat' dir='ltr'>aliter</span> <span class='ocrx_word' id='word_1_208' title='bbox 1016 1074 1215 1115; x_wconf 87' lang='lat' dir='ltr'>perseitatem</span> <span class='ocrx_word' id='word_1_209' title='bbox 1242 1074 1275 1104; x_wconf 93' lang='lat' dir='ltr'>in</span> <span class='ocrx_word' id='word_1_210' title='bbox 1298 1074 1366 1114; x_wconf 90' lang='lat' dir='ltr'>ipsa</span> <span class='ocrx_word' id='word_1_211' title='bbox 1397 1082 1427 1105; x_wconf 91' lang='lat' dir='ltr'>et</span> 
     </span>
     <span class='ocr_line' id='line_1_29' title="bbox 366 1118 1426 1158; baseline 0.001 -11"><span class='ocrx_word' id='word_1_212' title='bbox 366 1118 582 1158; x_wconf 81' lang='lat' dir='ltr'>desperatione</span> <span class='ocrx_word' id='word_1_213' title='bbox 594 1128 673 1158; x_wconf 91' lang='lat' dir='ltr'>pure</span> <span class='ocrx_word' id='word_1_214' title='bbox 687 1118 832 1158; x_wconf 87' lang='lat' dir='ltr'>sumptis,</span> <span class='ocrx_word' id='word_1_215' title='bbox 846 1124 989 1157; x_wconf 90' lang='lat' dir='ltr'>respectu</span> <span class='ocrx_word' id='word_1_216' title='bbox 1001 1118 1206 1158; x_wconf 86' lang='lat' dir='ltr'>propriorum</span> <span class='ocrx_word' id='word_1_217' title='bbox 1217 1118 1426 1149; x_wconf 88' lang='lat' dir='ltr'>obiectorum.</span> 
     </span>
     <span class='ocr_line' id='line_1_30' title="bbox 366 1161 1425 1199; baseline 0 -7"><span class='ocrx_word' id='word_1_218' title='bbox 366 1162 462 1199; x_wconf 92' lang='lat' dir='ltr'>Quod</span> <span class='ocrx_word' id='word_1_219' title='bbox 486 1162 571 1192; x_wconf 89' lang='lat' dir='ltr'>enim</span> <span class='ocrx_word' id='word_1_220' title='bbox 594 1162 754 1193; x_wconf 90' lang='lat' dir='ltr'>obiectum</span> <span class='ocrx_word' id='word_1_221' title='bbox 778 1162 925 1192; x_wconf 84' lang='lat' dir='ltr'>audaciae</span> <span class='ocrx_word' id='word_1_222' title='bbox 947 1162 986 1192; x_wconf 91' lang='lat' dir='ltr'>sit</span> <span class='ocrx_word' id='word_1_223' title='bbox 1009 1161 1134 1192; x_wconf 87' lang='lat' dir='ltr'>difficile</span> <span class='ocrx_word' id='word_1_224' title='bbox 1165 1161 1305 1198; x_wconf 84' lang='lat' dir='ltr'>malum,</span> <span class='ocrx_word' id='word_1_225' title='bbox 1327 1172 1363 1192; x_wconf 90' lang='lat' dir='ltr'>ex</span> <span class='ocrx_word' id='word_1_226' title='bbox 1387 1172 1425 1192; x_wconf 93' lang='lat' dir='ltr'>eo</span> 
     </span>
     <span class='ocr_line' id='line_1_31' title="bbox 365 1206 1427 1247; baseline 0 -11"><span class='ocrx_word' id='word_1_227' title='bbox 365 1212 449 1246; x_wconf 88' lang='lat' dir='ltr'>patet</span> <span class='ocrx_word' id='word_1_228' title='bbox 464 1206 562 1247; x_wconf 88' lang='lat' dir='ltr'>quod,</span> <span class='ocrx_word' id='word_1_229' title='bbox 588 1206 668 1237; x_wconf 88' lang='lat' dir='ltr'>sicut</span> <span class='ocrx_word' id='word_1_230' title='bbox 690 1206 796 1237; x_wconf 90' lang='lat' dir='ltr'>nullus</span> <span class='ocrx_word' id='word_1_231' title='bbox 827 1207 970 1246; x_wconf 89' lang='lat' dir='ltr'>desperat</span> <span class='ocrx_word' id='word_1_232' title='bbox 985 1206 1044 1236; x_wconf 89' lang='lat' dir='ltr'>nisi</span> <span class='ocrx_word' id='word_1_233' title='bbox 1068 1216 1085 1236; x_wconf 87' lang='lat' dir='ltr'>a</span> <span class='ocrx_word' id='word_1_234' title='bbox 1110 1206 1295 1242; x_wconf 86' lang='lat' dir='ltr'>desiderato,</span> <span class='ocrx_word' id='word_1_235' title='bbox 1313 1216 1348 1236; x_wconf 86' lang='lat' dir='ltr'>ac</span> <span class='ocrx_word' id='word_1_236' title='bbox 1372 1216 1427 1246; x_wconf 92' lang='lat' dir='ltr'>per</span> 
     </span>
    </p>
   </div>
   <div class='ocr_carea' id='block_1_6' title="bbox 1132 1342 1447 1385">
    <p class='ocr_par' dir='ltr' id='par_1_6' title="bbox 1132 1342 1447 1385">
     <span class='ocr_line' id='line_1_32' title="bbox 1132 1342 1447 1385; baseline 0 -1"><span class='ocrx_word' id='word_1_237' title='bbox 1132 1342 1447 1385; x_wconf 85' lang='lat' dir='ltr'>ARTICULUS</span> 
     </span>
    </p>
   </div>
   <div class='ocr_carea' id='block_1_7' title="bbox 1051 166 1852 213">
    <p class='ocr_par' dir='ltr' id='par_1_7' title="bbox 1051 166 1852 213">
     <span class='ocr_line' id='line_1_33' title="bbox 1051 166 1852 213; baseline -0.001 -9"><span class='ocrx_word' id='word_1_238' title='bbox 1051 167 1316 213; x_wconf 88' lang='lat' dir='ltr'>QUAESTIO</span> <span class='ocrx_word' id='word_1_239' title='bbox 1345 166 1467 212; x_wconf 86' lang='lat' dir='ltr'>XLV,</span> <span class='ocrx_word' id='word_1_240' title='bbox 1496 167 1790 204; x_wconf 91' lang='lat' dir='ltr'>ARTICULUS</span> <span class='ocrx_word' id='word_1_241' title='bbox 1821 168 1852 203; x_wconf 90' lang='lat'>11</span> 
     </span>
    </p>
   </div>
   <div class='ocr_carea' id='block_1_8' title="bbox 1479 244 2542 328">
    <p class='ocr_par' dir='ltr' id='par_1_8' title="bbox 1479 244 2542 328">
     <span class='ocr_line' id='line_1_34' title="bbox 1479 244 2542 289; baseline 0.006 -15"><span class='ocrx_word' id='word_1_242' title='bbox 1479 244 1540 274; x_wconf 94' lang='lat' dir='ltr'>hoc</span> <span class='ocrx_word' id='word_1_243' title='bbox 1570 245 1675 280; x_wconf 88' lang='lat' dir='ltr'>bono;</span> <span class='ocrx_word' id='word_1_244' title='bbox 1700 245 1742 275; x_wconf 91' lang='lat' dir='ltr'>ita</span> <span class='ocrx_word' id='word_1_245' title='bbox 1766 245 1873 275; x_wconf 88' lang='lat' dir='ltr'>nullus</span> <span class='ocrx_word' id='word_1_246' title='bbox 1898 247 1993 278; x_wconf 89' lang='lat' dir='ltr'>audet</span> <span class='ocrx_word' id='word_1_247' title='bbox 2015 247 2076 278; x_wconf 89' lang='lat' dir='ltr'>nisi</span> <span class='ocrx_word' id='word_1_248' title='bbox 2100 249 2139 279; x_wconf 87' lang='lat' dir='ltr'>ad</span> <span class='ocrx_word' id='word_1_249' title='bbox 2162 249 2317 285; x_wconf 86' lang='lat' dir='ltr'>timenda,</span> <span class='ocrx_word' id='word_1_250' title='bbox 2338 259 2373 280; x_wconf 90' lang='lat' dir='ltr'>ac</span> <span class='ocrx_word' id='word_1_251' title='bbox 2403 259 2459 289; x_wconf 91' lang='lat' dir='ltr'>per</span> <span class='ocrx_word' id='word_1_252' title='bbox 2481 249 2542 279; x_wconf 88' lang='lat' dir='ltr'>hoc</span> 
     </span>
     <span class='ocr_line' id='line_1_35' title="bbox 1479 288 1876 328; baseline 0.005 -11"><span class='ocrx_word' id='word_1_253' title='bbox 1479 288 1572 318; x_wconf 88' lang='lat' dir='ltr'>mala.</span> <span class='ocrx_word' id='word_1_254' title='bbox 1589 289 1676 318; x_wconf 88' lang='lat' dir='ltr'>Haec</span> <span class='ocrx_word' id='word_1_255' title='bbox 1700 289 1738 318; x_wconf 92' lang='lat' dir='ltr'>de</span> <span class='ocrx_word' id='word_1_256' title='bbox 1762 289 1876 328; x_wconf 89' lang='lat' dir='ltr'>primo.</span> 
     </span>
    </p>
   </div>
   <div class='ocr_carea' id='block_1_9' title="bbox 1533 331 2780 384">
    <p class='ocr_par' dir='ltr' id='par_1_9' title="bbox 1533 331 2780 384">
     <span class='ocr_line' id='line_1_36' title="bbox 1533 331 2780 384; baseline 0.004 -23"><span class='ocrx_word' id='word_1_257' title='bbox 1533 331 1584 362; x_wconf 89' lang='lat'>111.</span> <span class='ocrx_word' id='word_1_258' title='bbox 1599 332 1716 368; x_wconf 80' lang='lat' dir='ltr'>Quoad</span> <span class='ocrx_word' id='word_1_259' title='bbox 1730 332 1942 370; x_wconf 84' lang='lat' dir='ltr'>secundum*‚</span> <span class='ocrx_word' id='word_1_260' title='bbox 1956 333 2048 367; x_wconf 67' lang='lat' dir='ltr'>facile</span> <span class='ocrx_word' id='word_1_261' title='bbox 2059 341 2146 375; x_wconf 73' lang='lat' dir='ltr'>patet</span> <span class='ocrx_word' id='word_1_262' title='bbox 2159 336 2327 378; x_wconf 89' lang='lat' dir='ltr'>quomodo</span> <span class='ocrx_word' id='word_1_263' title='bbox 2343 336 2480 367; x_wconf 87' lang='lat' dir='ltr'>salvatur</span> <span class='ocrx_word' id='word_1_264' title='bbox 2491 336 2541 367; x_wconf 90' lang='lat' dir='ltr'>hic</span> <span class='ocrx_word' id='word_1_265' title='bbox 2570 336 2622 384; x_wconf 54' lang='lat' dir='ltr'>ians</span> <span class='ocrx_word' id='word_1_266' title='bbox 2630 343 2693 359; x_wconf 87' lang='lat' dir='ltr'>num.</span> <span class='ocrx_word' id='word_1_267' title='bbox 2695 343 2780 366; x_wconf 55' lang='lat' dir='ltr'>pmcn</span> 
     </span>
    </p>
   </div>
   <div class='ocr_carea' id='block_1_10' title="bbox 1478 370 2546 1195">
    <p class='ocr_par' dir='ltr' id='par_1_10' title="bbox 1478 370 2546 1194">
     <span class='ocr_line' id='line_1_37' title="bbox 1478 370 2540 420; baseline 0.006 -16"><span class='ocrx_word' id='word_1_268' title='bbox 1478 383 1534 414; x_wconf 91' lang='lat' dir='ltr'>per</span> <span class='ocrx_word' id='word_1_269' title='bbox 1543 384 1579 405; x_wconf 81' lang='lat' dir='ltr'>se</span> <span class='ocrx_word' id='word_1_270' title='bbox 1589 381 1619 405; x_wconf 90' lang='lat' dir='ltr'>et</span> <span class='ocrx_word' id='word_1_271' title='bbox 1631 385 1686 415; x_wconf 89' lang='lat' dir='ltr'>per</span> <span class='ocrx_word' id='word_1_272' title='bbox 1698 375 1851 412; x_wconf 78' lang='lat' dir='ltr'>accidens,</span> <span class='ocrx_word' id='word_1_273' title='bbox 1862 382 1893 406; x_wconf 87' lang='lat' dir='ltr'>et</span> <span class='ocrx_word' id='word_1_274' title='bbox 1904 385 2010 417; x_wconf 74' lang='lat' dir='ltr'>quare.</span> <span class='ocrx_word' id='word_1_275' title='bbox 2019 370 2164 410; x_wconf 68' lang='lat' dir='ltr'>salvatur</span> <span class='ocrx_word' id='word_1_276' title='bbox 2175 379 2332 420; x_wconf 86' lang='lat' dir='ltr'>siquidem</span> <span class='ocrx_word' id='word_1_277' title='bbox 2345 390 2400 420; x_wconf 91' lang='lat' dir='ltr'>per</span> <span class='ocrx_word' id='word_1_278' title='bbox 2413 390 2445 411; x_wconf 87' lang='lat' dir='ltr'>se</span> <span class='ocrx_word' id='word_1_279' title='bbox 2456 381 2540 410; x_wconf 91' lang='lat' dir='ltr'>obie-</span> 
     </span>
     <span class='ocr_line' id='line_1_38' title="bbox 1479 419 2541 463; baseline 0.007 -16"><span class='ocrx_word' id='word_1_280' title='bbox 1479 424 1567 448; x_wconf 93' lang='lat' dir='ltr'>ctum</span> <span class='ocrx_word' id='word_1_281' title='bbox 1583 419 1823 458; x_wconf 88' lang='lat' dir='ltr'>prosecutionis,</span> <span class='ocrx_word' id='word_1_282' title='bbox 1840 419 1920 451; x_wconf 89' lang='lat' dir='ltr'>idest</span> <span class='ocrx_word' id='word_1_283' title='bbox 1935 419 2067 458; x_wconf 87' lang='lat' dir='ltr'>bonum,</span> <span class='ocrx_word' id='word_1_284' title='bbox 2085 429 2116 453; x_wconf 89' lang='lat' dir='ltr'>et</span> <span class='ocrx_word' id='word_1_285' title='bbox 2138 433 2194 463; x_wconf 92' lang='lat' dir='ltr'>per</span> <span class='ocrx_word' id='word_1_286' title='bbox 2217 423 2359 453; x_wconf 88' lang='lat' dir='ltr'>accidens</span> <span class='ocrx_word' id='word_1_287' title='bbox 2380 423 2541 454; x_wconf 87' lang='lat' dir='ltr'>obiectum</span> 
     </span>
     <span class='ocr_line' id='line_1_39' title="bbox 1479 461 2540 506; baseline 0.008 -15"><span class='ocrx_word' id='word_1_288' title='bbox 1479 461 1631 498; x_wconf 88' lang='lat' dir='ltr'>eiusdem,</span> <span class='ocrx_word' id='word_1_289' title='bbox 1647 462 1727 493; x_wconf 90' lang='lat' dir='ltr'>idest</span> <span class='ocrx_word' id='word_1_290' title='bbox 1752 463 1882 499; x_wconf 86' lang='lat' dir='ltr'>malum,</span> <span class='ocrx_word' id='word_1_291' title='bbox 1903 473 1940 494; x_wconf 86' lang='lat' dir='ltr'>ex</span> <span class='ocrx_word' id='word_1_292' title='bbox 1963 475 2002 495; x_wconf 91' lang='lat' dir='ltr'>eo</span> <span class='ocrx_word' id='word_1_293' title='bbox 2026 467 2115 506; x_wconf 93' lang='lat' dir='ltr'>quod</span> <span class='ocrx_word' id='word_1_294' title='bbox 2139 466 2300 498; x_wconf 89' lang='lat' dir='ltr'>obiectum</span> <span class='ocrx_word' id='word_1_295' title='bbox 2323 467 2482 503; x_wconf 82' lang='lat' dir='ltr'>audaciae,</span> <span class='ocrx_word' id='word_1_296' title='bbox 2506 475 2540 499; x_wconf 86' lang='lat' dir='ltr'>ut</span> 
     </span>
     <span class='ocr_line' id='line_1_40' title="bbox 1479 505 2541 550; baseline 0.007 -16"><span class='ocrx_word' id='word_1_297' title='bbox 1479 505 1692 545; x_wconf 86' lang='lat' dir='ltr'>participantis</span> <span class='ocrx_word' id='word_1_298' title='bbox 1709 516 1808 545; x_wconf 89' lang='lat' dir='ltr'>spem,</span> <span class='ocrx_word' id='word_1_299' title='bbox 1825 514 1861 538; x_wconf 92' lang='lat' dir='ltr'>ut</span> <span class='ocrx_word' id='word_1_300' title='bbox 1875 507 1907 537; x_wconf 91' lang='lat' dir='ltr'>in</span> <span class='ocrx_word' id='word_1_301' title='bbox 1923 508 2024 539; x_wconf 87' lang='lat' dir='ltr'>littera</span> <span class='ocrx_word' id='word_1_302' title='bbox 2038 509 2056 528; x_wconf 92' lang='lat'><em>*</em></span> <span class='ocrx_word' id='word_1_303' title='bbox 2072 510 2193 547; x_wconf 91' lang='lat' dir='ltr'>dicitur,</span> <span class='ocrx_word' id='word_1_304' title='bbox 2210 510 2426 550; x_wconf 84' lang='lat' dir='ltr'>compositum</span> <span class='ocrx_word' id='word_1_305' title='bbox 2442 517 2488 542; x_wconf 91' lang='lat' dir='ltr'>est</span> <span class='ocrx_word' id='word_1_306' title='bbox 2504 521 2541 542; x_wconf 87' lang='lat' dir='ltr'>ex</span> 
     </span>
     <span class='ocr_line' id='line_1_41' title="bbox 1479 549 2540 600; baseline 0.007 -22"><span class='ocrx_word' id='word_1_307' title='bbox 1479 549 1570 579; x_wconf 90' lang='lat' dir='ltr'>bono</span> <span class='ocrx_word' id='word_1_308' title='bbox 1583 556 1613 579; x_wconf 92' lang='lat' dir='ltr'>et</span> <span class='ocrx_word' id='word_1_309' title='bbox 1635 549 1738 580; x_wconf 86' lang='lat' dir='ltr'>malo:</span> <span class='ocrx_word' id='word_1_310' title='bbox 1758 550 1800 580; x_wconf 86' lang='lat' dir='ltr'>ita</span> <span class='ocrx_word' id='word_1_311' title='bbox 1817 551 1904 600; x_wconf 87' lang='lat' dir='ltr'>quod</span> <span class='ocrx_word' id='word_1_312' title='bbox 1920 552 2044 583; x_wconf 87' lang='lat' dir='ltr'>bonum</span> <span class='ocrx_word' id='word_1_313' title='bbox 2058 553 2216 590; x_wconf 90' lang='lat' dir='ltr'>victoriae,</span> <span class='ocrx_word' id='word_1_314' title='bbox 2234 565 2290 585; x_wconf 91' lang='lat' dir='ltr'>seu</span> <span class='ocrx_word' id='word_1_315' title='bbox 2310 554 2452 594; x_wconf 84' lang='lat' dir='ltr'>repulsae</span> <span class='ocrx_word' id='word_1_316' title='bbox 2468 555 2540 585; x_wconf 91' lang='lat' dir='ltr'>sub-</span> 
     </span>
     <span class='ocr_line' id='line_1_42' title="bbox 1478 592 2540 646; baseline 0.007 -24"><span class='ocrx_word' id='word_1_317' title='bbox 1478 592 1621 623; x_wconf 90' lang='lat' dir='ltr'>iectionis</span> <span class='ocrx_word' id='word_1_318' title='bbox 1653 593 1867 631; x_wconf 85' lang='lat' dir='ltr'>imminentis,</span> <span class='ocrx_word' id='word_1_319' title='bbox 1893 596 2017 646; x_wconf 88' lang='lat' dir='ltr'>respicit</span> <span class='ocrx_word' id='word_1_320' title='bbox 2039 597 2160 628; x_wconf 88' lang='lat' dir='ltr'>ratione</span> <span class='ocrx_word' id='word_1_321' title='bbox 2183 598 2269 638; x_wconf 90' lang='lat' dir='ltr'>spei,</span> <span class='ocrx_word' id='word_1_322' title='bbox 2294 598 2383 639; x_wconf 92' lang='lat' dir='ltr'>quod</span> <span class='ocrx_word' id='word_1_323' title='bbox 2410 598 2540 639; x_wconf 90' lang='lat' dir='ltr'>perinde</span> 
     </span>
     <span class='ocr_line' id='line_1_43' title="bbox 1480 633 2540 689; baseline 0.007 -23"><span class='ocrx_word' id='word_1_324' title='bbox 1480 633 1526 666; x_wconf 88' lang='lat' dir='ltr'>est</span> <span class='ocrx_word' id='word_1_325' title='bbox 1549 647 1584 667; x_wconf 88' lang='lat' dir='ltr'>ac</span> <span class='ocrx_word' id='word_1_326' title='bbox 1608 636 1709 667; x_wconf 87' lang='lat' dir='ltr'>dicere</span> <span class='ocrx_word' id='word_1_327' title='bbox 1731 637 1820 678; x_wconf 93' lang='lat' dir='ltr'>quod</span> <span class='ocrx_word' id='word_1_328' title='bbox 1842 638 1967 689; x_wconf 82' lang='lat' dir='ltr'>respicit</span> <span class='ocrx_word' id='word_1_329' title='bbox 1990 650 2027 670; x_wconf 88' lang='lat' dir='ltr'>ex</span> <span class='ocrx_word' id='word_1_330' title='bbox 2045 641 2228 683; x_wconf 86' lang='lat' dir='ltr'>participata</span> <span class='ocrx_word' id='word_1_331' title='bbox 2251 651 2320 682; x_wconf 89' lang='lat' dir='ltr'>spe;</span> <span class='ocrx_word' id='word_1_332' title='bbox 2345 642 2468 672; x_wconf 87' lang='lat' dir='ltr'>malum</span> <span class='ocrx_word' id='word_1_333' title='bbox 2487 652 2540 672; x_wconf 85' lang='lat' dir='ltr'>au-</span> 
     </span>
     <span class='ocr_line' id='line_1_44' title="bbox 1479 679 2542 732; baseline 0.008 -23"><span class='ocrx_word' id='word_1_334' title='bbox 1479 687 1544 710; x_wconf 89' lang='lat' dir='ltr'>tem</span> <span class='ocrx_word' id='word_1_335' title='bbox 1567 679 1692 720; x_wconf 88' lang='lat' dir='ltr'>respicit</span> <span class='ocrx_word' id='word_1_336' title='bbox 1714 681 1835 711; x_wconf 89' lang='lat' dir='ltr'>ratione</span> <span class='ocrx_word' id='word_1_337' title='bbox 1857 682 1921 718; x_wconf 87' lang='lat' dir='ltr'>sui,</span> <span class='ocrx_word' id='word_1_338' title='bbox 1943 689 2073 732; x_wconf 83' lang='lat' dir='ltr'>propter</span> <span class='ocrx_word' id='word_1_339' title='bbox 2093 683 2173 715; x_wconf 81' lang='lat' dir='ltr'>illud</span> <span class='ocrx_word' id='word_1_340' title='bbox 2202 691 2308 716; x_wconf 88' lang='lat' dir='ltr'>tamen</span> <span class='ocrx_word' id='word_1_341' title='bbox 2331 686 2469 723; x_wconf 89' lang='lat' dir='ltr'>bonum;</span> <span class='ocrx_word' id='word_1_342' title='bbox 2495 693 2542 718; x_wconf 85' lang='lat' dir='ltr'>est</span> 
     </span>
     <span class='ocr_line' id='line_1_45' title="bbox 1480 724 2546 769; baseline 0.007 -15"><span class='ocrx_word' id='word_1_343' title='bbox 1480 724 1564 754; x_wconf 89' lang='lat' dir='ltr'>enim</span> <span class='ocrx_word' id='word_1_344' title='bbox 1589 725 1737 755; x_wconf 83' lang='lat' dir='ltr'>audaciae</span> <span class='ocrx_word' id='word_1_345' title='bbox 1760 732 1869 756; x_wconf 85' lang='lat' dir='ltr'>motus</span> <span class='ocrx_word' id='word_1_346' title='bbox 1892 726 1960 766; x_wconf 87' lang='lat' dir='ltr'>spei</span> <span class='ocrx_word' id='word_1_347' title='bbox 1983 726 2110 757; x_wconf 67' lang='lat' dir='ltr'>effecum</span> <span class='ocrx_word' id='word_1_348' title='bbox 2131 737 2169 766; x_wconf 74' lang='lat' dir='ltr'>ex</span> <span class='ocrx_word' id='word_1_349' title='bbox 2192 736 2279 769; x_wconf 83' lang='lat' dir='ltr'>parte</span> <span class='ocrx_word' id='word_1_350' title='bbox 2302 730 2427 761; x_wconf 88' lang='lat' dir='ltr'>obiecti.</span> <span class='ocrx_word' id='word_1_351' title='bbox 2447 730 2546 761; x_wconf 59' lang='lat' dir='ltr'>Unde</span> 
     </span>
     <span class='ocr_line' id='line_1_46' title="bbox 1479 768 2540 810; baseline 0.006 -12"><span class='ocrx_word' id='word_1_352' title='bbox 1479 768 1612 808; x_wconf 85' lang='lat' dir='ltr'>provida</span> <span class='ocrx_word' id='word_1_353' title='bbox 1630 775 1750 806; x_wconf 84' lang='lat' dir='ltr'>natura,</span> <span class='ocrx_word' id='word_1_354' title='bbox 1769 779 1843 800; x_wconf 88' lang='lat' dir='ltr'>cum</span> <span class='ocrx_word' id='word_1_355' title='bbox 1859 777 1984 810; x_wconf 80' lang='lat' dir='ltr'>egerent</span> <span class='ocrx_word' id='word_1_356' title='bbox 1998 770 2146 803; x_wconf 70' lang='lat' dir='ltr'>animalia</span> <span class='ocrx_word' id='word_1_357' title='bbox 2159 782 2227 805; x_wconf 84' lang='lat' dir='ltr'>non</span> <span class='ocrx_word' id='word_1_358' title='bbox 2241 774 2348 809; x_wconf 85' lang='lat' dir='ltr'>solum</span> <span class='ocrx_word' id='word_1_359' title='bbox 2363 783 2540 806; x_wconf 80' lang='lat' dir='ltr'>consonan-</span> 
     </span>
     <span class='ocr_line' id='line_1_47' title="bbox 1479 812 2541 855; baseline 0.007 -13"><span class='ocrx_word' id='word_1_360' title='bbox 1479 812 1563 843; x_wconf 91' lang='lat' dir='ltr'>tibus</span> <span class='ocrx_word' id='word_1_361' title='bbox 1587 822 1642 852; x_wconf 91' lang='lat' dir='ltr'>per</span> <span class='ocrx_word' id='word_1_362' title='bbox 1665 823 1697 843; x_wconf 93' lang='lat' dir='ltr'>se</span> <span class='ocrx_word' id='word_1_363' title='bbox 1721 814 1861 844; x_wconf 91' lang='lat' dir='ltr'>motibus</span> <span class='ocrx_word' id='word_1_364' title='bbox 1885 814 1925 844; x_wconf 85' lang='lat' dir='ltr'>ad</span> <span class='ocrx_word' id='word_1_365' title='bbox 1948 814 2071 844; x_wconf 91' lang='lat' dir='ltr'>obiecta</span> <span class='ocrx_word' id='word_1_366' title='bbox 2094 815 2261 855; x_wconf 83' lang='lat' dir='ltr'>appetitus,</span> <span class='ocrx_word' id='word_1_367' title='bbox 2277 818 2401 848; x_wconf 88' lang='lat' dir='ltr'>bonurn</span> <span class='ocrx_word' id='word_1_368' title='bbox 2425 817 2541 849; x_wconf 88' lang='lat' dir='ltr'>scilicet</span> 
     </span>
     <span class='ocr_line' id='line_1_48' title="bbox 1480 857 2540 912; baseline 0.006 -25"><span class='ocrx_word' id='word_1_369' title='bbox 1480 863 1510 887; x_wconf 90' lang='lat' dir='ltr'>et</span> <span class='ocrx_word' id='word_1_370' title='bbox 1532 857 1667 893; x_wconf 87' lang='lat' dir='ltr'>malum;</span> <span class='ocrx_word' id='word_1_371' title='bbox 1693 858 1747 888; x_wconf 92' lang='lat' dir='ltr'>sed</span> <span class='ocrx_word' id='word_1_372' title='bbox 1775 857 1870 888; x_wconf 85' lang='lat' dir='ltr'>etiarn</span> <span class='ocrx_word' id='word_1_373' title='bbox 1901 858 2135 889; x_wconf 80' lang='lat' dir='ltr'>dissonantibus</span> <span class='ocrx_word' id='word_1_374' title='bbox 2159 860 2198 890; x_wconf 93' lang='lat' dir='ltr'>ab</span> <span class='ocrx_word' id='word_1_375' title='bbox 2222 860 2358 898; x_wconf 86' lang='lat' dir='ltr'>eisdem,</span> <span class='ocrx_word' id='word_1_376' title='bbox 2385 862 2540 912; x_wconf 82' lang='lat' dir='ltr'>quoniam</span> 
     </span>
     <span class='ocr_line' id='line_1_49' title="bbox 1479 901 2539 946; baseline 0.007 -16"><span class='ocrx_word' id='word_1_377' title='bbox 1479 901 1673 941; x_wconf 84' lang='lat' dir='ltr'>quandoque</span> <span class='ocrx_word' id='word_1_378' title='bbox 1694 902 1818 941; x_wconf 83' lang='lat' dir='ltr'>expedit</span> <span class='ocrx_word' id='word_1_379' title='bbox 1841 908 1871 932; x_wconf 94' lang='lat' dir='ltr'>et</span> <span class='ocrx_word' id='word_1_380' title='bbox 1895 901 2002 941; x_wconf 88' lang='lat' dir='ltr'>fugere</span> <span class='ocrx_word' id='word_1_381' title='bbox 2026 903 2149 932; x_wconf 91' lang='lat' dir='ltr'>bonum</span> <span class='ocrx_word' id='word_1_382' title='bbox 2173 902 2312 944; x_wconf 84' lang='lat' dir='ltr'>aliquod,</span> <span class='ocrx_word' id='word_1_383' title='bbox 2335 911 2366 936; x_wconf 91' lang='lat' dir='ltr'>et</span> <span class='ocrx_word' id='word_1_384' title='bbox 2389 906 2539 946; x_wconf 87' lang='lat' dir='ltr'>prosequi</span> 
     </span>
     <span class='ocr_line' id='line_1_50' title="bbox 1479 944 2540 986; baseline 0.007 -13"><span class='ocrx_word' id='word_1_385' title='bbox 1479 944 1602 974; x_wconf 82' lang='lat' dir='ltr'>malum</span> <span class='ocrx_word' id='word_1_386' title='bbox 1617 945 1762 985; x_wconf 87' lang='lat' dir='ltr'>aliquod;</span> <span class='ocrx_word' id='word_1_387' title='bbox 1787 955 1844 976; x_wconf 89' lang='lat' dir='ltr'>nec</span> <span class='ocrx_word' id='word_1_388' title='bbox 1860 946 2000 986; x_wconf 91' lang='lat' dir='ltr'>potuerit</span> <span class='ocrx_word' id='word_1_389' title='bbox 2015 945 2082 976; x_wconf 88' lang='lat' dir='ltr'>fieri</span> <span class='ocrx_word' id='word_1_390' title='bbox 2098 953 2134 977; x_wconf 94' lang='lat' dir='ltr'>ut</span> <span class='ocrx_word' id='word_1_391' title='bbox 2149 947 2347 986; x_wconf 90' lang='lat' dir='ltr'>perseitatem</span> <span class='ocrx_word' id='word_1_392' title='bbox 2363 949 2540 980; x_wconf 86' lang='lat' dir='ltr'>secundum</span> 
     </span>
     <span class='ocr_line' id='line_1_51' title="bbox 1479 988 2539 1039; baseline 0.007 -22"><span class='ocrx_word' id='word_1_393' title='bbox 1479 988 1641 1027; x_wconf 89' lang='lat' dir='ltr'>propriam</span> <span class='ocrx_word' id='word_1_394' title='bbox 1658 989 1929 1039; x_wconf 86' lang='lat' dir='ltr'>comparationem</span> <span class='ocrx_word' id='word_1_395' title='bbox 1949 990 2114 1020; x_wconf 89' lang='lat' dir='ltr'>haberent:</span> <span class='ocrx_word' id='word_1_396' title='bbox 2137 990 2236 1022; x_wconf 86' lang='lat' dir='ltr'>effecit</span> <span class='ocrx_word' id='word_1_397' title='bbox 2251 998 2287 1022; x_wconf 90' lang='lat' dir='ltr'>ut</span> <span class='ocrx_word' id='word_1_398' title='bbox 2302 992 2413 1023; x_wconf 83' lang='lat' dir='ltr'>saltem</span> <span class='ocrx_word' id='word_1_399' title='bbox 2435 1003 2539 1034; x_wconf 90' lang='lat' dir='ltr'>respe-</span> 
     </span>
     <span class='ocr_line' id='line_1_52' title="bbox 1480 1033 2541 1073; baseline 0.007 -12"><span class='ocrx_word' id='word_1_400' title='bbox 1480 1037 1531 1061; x_wconf 91' lang='lat' dir='ltr'>ctu</span> <span class='ocrx_word' id='word_1_401' title='bbox 1557 1033 1814 1063; x_wconf 88' lang='lat' dir='ltr'>concurrentium</span> <span class='ocrx_word' id='word_1_402' title='bbox 1837 1033 1876 1063; x_wconf 86' lang='lat' dir='ltr'>ad</span> <span class='ocrx_word' id='word_1_403' title='bbox 1900 1039 2036 1072; x_wconf 86' lang='lat' dir='ltr'>motum,</span> <span class='ocrx_word' id='word_1_404' title='bbox 2061 1034 2209 1073; x_wconf 87' lang='lat' dir='ltr'>perseitas</span> <span class='ocrx_word' id='word_1_405' title='bbox 2233 1035 2417 1072; x_wconf 86' lang='lat' dir='ltr'>salvaretur;</span> <span class='ocrx_word' id='word_1_406' title='bbox 2438 1043 2474 1068; x_wconf 89' lang='lat' dir='ltr'>ut</span> <span class='ocrx_word' id='word_1_407' title='bbox 2497 1037 2541 1068; x_wconf 89' lang='lat' dir='ltr'>sic</span> 
     </span>
     <span class='ocr_line' id='line_1_53' title="bbox 1480 1076 2539 1127; baseline 0.006 -22"><span class='ocrx_word' id='word_1_408' title='bbox 1480 1082 1587 1105; x_wconf 91' lang='lat' dir='ltr'>motus</span> <span class='ocrx_word' id='word_1_409' title='bbox 1604 1076 1709 1106; x_wconf 89' lang='lat' dir='ltr'>omnis</span> <span class='ocrx_word' id='word_1_410' title='bbox 1729 1077 1896 1127; x_wconf 80' lang='lat' dir='ltr'>appetitus,</span> <span class='ocrx_word' id='word_1_411' title='bbox 1913 1077 1969 1108; x_wconf 90' lang='lat' dir='ltr'>etsi</span> <span class='ocrx_word' id='word_1_412' title='bbox 1986 1087 2051 1107; x_wconf 92' lang='lat' dir='ltr'>non</span> <span class='ocrx_word' id='word_1_413' title='bbox 2071 1079 2247 1108; x_wconf 87' lang='lat' dir='ltr'>secundum</span> <span class='ocrx_word' id='word_1_414' title='bbox 2263 1089 2295 1109; x_wconf 94' lang='lat' dir='ltr'>se</span> <span class='ocrx_word' id='word_1_415' title='bbox 2311 1079 2539 1117; x_wconf 87' lang='lat' dir='ltr'>consideratus,</span> 
     </span>
     <span class='ocr_line' id='line_1_54' title="bbox 1479 1121 2540 1172; baseline 0.007 -23"><span class='ocrx_word' id='word_1_416' title='bbox 1479 1126 1514 1149; x_wconf 93' lang='lat' dir='ltr'>ut</span> <span class='ocrx_word' id='word_1_417' title='bbox 1537 1125 1642 1150; x_wconf 89' lang='lat' dir='ltr'>tamen</span> <span class='ocrx_word' id='word_1_418' title='bbox 1667 1121 1818 1152; x_wconf 84' lang='lat' dir='ltr'>exercitus</span> <span class='ocrx_word' id='word_1_419' title='bbox 1841 1131 1915 1152; x_wconf 91' lang='lat' dir='ltr'>cum</span> <span class='ocrx_word' id='word_1_420' title='bbox 1939 1121 2094 1162; x_wconf 90' lang='lat' dir='ltr'>requisitis</span> <span class='ocrx_word' id='word_1_421' title='bbox 2127 1123 2166 1152; x_wconf 87' lang='lat' dir='ltr'>ad</span> <span class='ocrx_word' id='word_1_422' title='bbox 2189 1122 2306 1163; x_wconf 87' lang='lat' dir='ltr'>ipsum,</span> <span class='ocrx_word' id='word_1_423' title='bbox 2324 1133 2382 1164; x_wconf 90' lang='lat' dir='ltr'>per</span> <span class='ocrx_word' id='word_1_424' title='bbox 2405 1133 2437 1155; x_wconf 86' lang='lat' dir='ltr'>se</span> <span class='ocrx_word' id='word_1_425' title='bbox 2455 1124 2540 1172; x_wconf 76' lang='lat' dir='ltr'>obie-</span> 
     </span>
     <span class='ocr_line' id='line_1_55' title="bbox 1479 1164 1745 1195; baseline 0.004 -2"><span class='ocrx_word' id='word_1_426' title='bbox 1479 1169 1566 1194; x_wconf 89' lang='lat' dir='ltr'>ctum</span> <span class='ocrx_word' id='word_1_427' title='bbox 1589 1164 1745 1195; x_wconf 86' lang='lat' dir='ltr'>sortiatur.</span> 
     </span>
    </p>
   </div>
   <div class='ocr_carea' id='block_1_11' title="bbox 1478 1343 1776 1386">
    <p class='ocr_par' dir='ltr' id='par_1_11' title="bbox 1478 1343 1776 1386">
     <span class='ocr_line' id='line_1_56' title="bbox 1478 1343 1776 1386; baseline 0 -1"><span class='ocrx_word' id='word_1_428' title='bbox 1478 1343 1776 1386; x_wconf 87' lang='lat' dir='ltr'>SECUNDUS</span> 
     </span>
    </p>
   </div>
   <div class='ocr_carea' id='block_1_12' title="bbox 1025 1424 1879 1464">
    <p class='ocr_par' dir='ltr' id='par_1_12' title="bbox 1025 1424 1879 1464">
     <span class='ocr_line' id='line_1_57' title="bbox 1025 1424 1879 1464; baseline 0.002 -9"><span class='ocrx_word' id='word_1_429' title='bbox 1025 1424 1180 1455; x_wconf 88' lang='lat' dir='ltr'><strong>UTRUM</strong></span> <span class='ocrx_word' id='word_1_430' title='bbox 1203 1424 1398 1456; x_wconf 85' lang='lat' dir='ltr'><strong>AUDACIA</strong></span> <span class='ocrx_word' id='word_1_431' title='bbox 1422 1425 1747 1464; x_wconf 81' lang='lat' dir='ltr'>CONSEQUATUR</span> <span class='ocrx_word' id='word_1_432' title='bbox 1770 1426 1879 1457; x_wconf 85' lang='lat' dir='ltr'>SPEM</span> 
     </span>
    </p>
   </div>
   <div class='ocr_carea' id='block_1_13' title="bbox 863 1495 2045 1528">
    <p class='ocr_par' dir='ltr' id='par_1_13' title="bbox 863 1495 2045 1528">
     <span class='ocr_line' id='line_1_58' title="bbox 863 1495 2045 1528; baseline 0.003 -9"><span class='ocrx_word' id='word_1_433' title='bbox 863 1495 952 1527; x_wconf 88' lang='lat' dir='ltr'>Supra,</span> <span class='ocrx_word' id='word_1_434' title='bbox 973 1502 1016 1528; x_wconf 87' lang='lat' dir='ltr'>qu.</span> <span class='ocrx_word' id='word_1_435' title='bbox 1036 1503 1092 1524; x_wconf 85' lang='lat' dir='ltr'>xxv,</span> <span class='ocrx_word' id='word_1_436' title='bbox 1113 1500 1158 1525; x_wconf 81' lang='lat' dir='ltr'>art.</span> <span class='ocrx_word' id='word_1_437' title='bbox 1181 1495 1209 1526; x_wconf 83' lang='lat'>33</span> <span class='ocrx_word' id='word_1_438' title='bbox 1230 1495 1270 1520; x_wconf 87' lang='lat' dir='ltr'>De</span> <span class='ocrx_word' id='word_1_439' title='bbox 1293 1495 1382 1525; x_wconf 69' lang='lat' dir='ltr'>Ver-it„</span> <span class='ocrx_word' id='word_1_440' title='bbox 1403 1503 1448 1528; x_wconf 88' lang='lat' dir='ltr'>qu.</span> <span class='ocrx_word' id='word_1_441' title='bbox 1465 1503 1531 1525; x_wconf 77' lang='lat' dir='ltr'>xxvr,</span> <span class='ocrx_word' id='word_1_442' title='bbox 1551 1501 1597 1521; x_wconf 80' lang='lat' dir='ltr'>art.</span> <span class='ocrx_word' id='word_1_443' title='bbox 1617 1496 1640 1526; x_wconf 88' lang='grc'>5,</span> <span class='ocrx_word' id='word_1_444' title='bbox 1660 1497 1691 1521; x_wconf 89' lang='lat' dir='ltr'>ad</span> <span class='ocrx_word' id='word_1_445' title='bbox 1712 1504 1725 1521; x_wconf 88' lang='lat'><em>2</em></span> <span class='ocrx_word' id='word_1_446' title='bbox 1732 1505 1740 1528; x_wconf 86' lang='lat'>;</span> <span class='ocrx_word' id='word_1_447' title='bbox 1760 1496 1790 1521; x_wconf 90' lang='lat'>111</span> <span class='ocrx_word' id='word_1_448' title='bbox 1811 1496 1906 1526; x_wconf 72' lang='lat' dir='ltr'>Ethic„</span> <span class='ocrx_word' id='word_1_449' title='bbox 1926 1497 1986 1522; x_wconf 85' lang='lat' dir='ltr'>lect.</span> <span class='ocrx_word' id='word_1_450' title='bbox 2005 1504 2045 1522; x_wconf 82' lang='lat' dir='ltr'>xV.</span> 
     </span>
    </p>
   </div>
   <div class='ocr_carea' id='block_1_14' title="bbox 365 1567 1428 2091">
    <p class='ocr_par' dir='ltr' id='par_1_14' title="bbox 365 1567 1428 2091">
     <span class='ocr_line' id='line_1_59' title="bbox 400 1567 1427 1618; baseline 0.004 -18"><span class='ocrx_word' id='word_1_451' title='bbox 400 1601 423 1618; x_wconf 32' lang='lat' dir='ltr'>,v</span> <span class='ocrx_word' id='word_1_452' title='bbox 449 1586 457 1600; x_wconf 58' lang='grc' dir='ltr'>ι</span> <span class='ocrx_word' id='word_1_453' title='bbox 547 1589 550 1592; x_wconf 39' lang='lat'><em>⁴</em></span> <span class='ocrx_word' id='word_1_454' title='bbox 578 1578 600 1603; x_wconf 82' lang='lat' dir='ltr'>D</span> <span class='ocrx_word' id='word_1_455' title='bbox 616 1578 805 1604; x_wconf 79' lang='lat' dir='ltr'>SECUNDUM</span> <span class='ocrx_word' id='word_1_456' title='bbox 821 1579 873 1604; x_wconf 77' lang='lat' dir='ltr'>stc</span> <span class='ocrx_word' id='word_1_457' title='bbox 893 1578 1132 1604; x_wconf 80' lang='lat' dir='ltr'>PROCEDITUR.</span> <span class='ocrx_word' id='word_1_458' title='bbox 1149 1567 1308 1604; x_wconf 83' lang='lat' dir='ltr'>Videtur</span> <span class='ocrx_word' id='word_1_459' title='bbox 1321 1567 1427 1616; x_wconf 88' lang='lat' dir='ltr'>quod</span> 
     </span>
     <span class='ocr_line' id='line_1_60' title="bbox 431 1619 1426 1669; baseline 0.001 -13"><span class='ocrx_word' id='word_1_460' title='bbox 431 1619 444 1645; x_wconf 82' lang='lat'>&#39;¹</span> <span class='ocrx_word' id='word_1_461' title='bbox 501 1619 539 1648; x_wconf 61' lang='grc' dir='ltr'><strong>ἓ</strong></span> <span class='ocrx_word' id='word_1_462' title='bbox 548 1647 550 1653; x_wconf 57' lang='lat'>„</span> <span class='ocrx_word' id='word_1_463' title='bbox 578 1620 736 1657; x_wconf 88' lang='lat' dir='ltr'>audacia</span> <span class='ocrx_word' id='word_1_464' title='bbox 751 1632 829 1656; x_wconf 92' lang='lat' dir='ltr'>non</span> <span class='ocrx_word' id='word_1_465' title='bbox 850 1627 1104 1668; x_wconf 87' lang='lat' dir='ltr'>consequatur</span> <span class='ocrx_word' id='word_1_466' title='bbox 1119 1632 1239 1669; x_wconf 88' lang='lat' dir='ltr'>spem.</span> <span class='ocrx_word' id='word_1_467' title='bbox 1256 1620 1426 1658; x_wconf 89' lang='lat' dir='ltr'>Audacia</span> 
     </span>
     <span class='ocr_line' id='line_1_61' title="bbox 400 1670 1427 1723; baseline 0.001 -14"><span class='ocrx_word' id='word_1_468' title='bbox 400 1709 405 1723; x_wconf 36' lang='lat'><strong>¹</strong></span> <span class='ocrx_word' id='word_1_469' title='bbox 427 1714 430 1718; x_wconf 33' lang='lat'><strong><em>¹</em></strong></span> <span class='ocrx_word' id='word_1_470' title='bbox 462 1711 463 1714; x_wconf 58' lang='grc'>,</span> <span class='ocrx_word' id='word_1_471' title='bbox 493 1721 497 1723; x_wconf 15' lang='grc' dir='ltr'><strong>Α</strong></span> <span class='ocrx_word' id='word_1_472' title='bbox 520 1680 525 1684; x_wconf 75' lang='grc'><em>’</em></span> <span class='ocrx_word' id='word_1_473' title='bbox 558 1670 680 1710; x_wconf 87' lang='lat' dir='ltr'>enirn</span> <span class='ocrx_word' id='word_1_474' title='bbox 711 1680 766 1709; x_wconf 90' lang='lat' dir='ltr'>est</span> <span class='ocrx_word' id='word_1_475' title='bbox 785 1680 957 1721; x_wconf 88' lang='lat' dir='ltr'>respectu</span> <span class='ocrx_word' id='word_1_476' title='bbox 985 1674 1174 1710; x_wconf 88' lang='lat' dir='ltr'>malorum</span> <span class='ocrx_word' id='word_1_477' title='bbox 1196 1681 1232 1710; x_wconf 92' lang='lat' dir='ltr'>et</span> <span class='ocrx_word' id='word_1_478' title='bbox 1247 1678 1264 1695; x_wconf 80' lang='lat'>‘¹‘</span> <span class='ocrx_word' id='word_1_479' title='bbox 1283 1673 1427 1710; x_wconf 89' lang='lat' dir='ltr'>terribi-</span> 
     </span>
     <span class='ocr_line' id='line_1_62' title="bbox 422 1720 1427 1774; baseline 0.002 -13"><span class='ocrx_word' id='word_1_480' title='bbox 422 1741 433 1754; x_wconf 48' lang='grc' dir='ltr'>κ</span> <span class='ocrx_word' id='word_1_481' title='bbox 449 1720 518 1761; x_wconf 48' lang='lat'>&#39;&#39;³2&#39;&#39;</span> <span class='ocrx_word' id='word_1_482' title='bbox 553 1726 680 1772; x_wconf 59' lang='lat' dir='ltr'>31ium,</span> <span class='ocrx_word' id='word_1_483' title='bbox 699 1732 742 1762; x_wconf 85' lang='lat' dir='ltr'>ut</span> <span class='ocrx_word' id='word_1_484' title='bbox 761 1725 895 1763; x_wconf 84' lang='lat' dir='ltr'>dicitur</span> <span class='ocrx_word' id='word_1_485' title='bbox 922 1725 961 1762; x_wconf 90' lang='lat' dir='ltr'>in</span> <span class='ocrx_word' id='word_1_486' title='bbox 989 1726 1218 1763; x_wconf 78' lang='lat' dir='ltr'>111Ethic.*</span> <span class='ocrx_word' id='word_1_487' title='bbox 1238 1727 1334 1774; x_wconf 89' lang='lat' dir='ltr'>Spes</span> <span class='ocrx_word' id='word_1_488' title='bbox 1363 1739 1427 1763; x_wconf 92' lang='lat' dir='ltr'>au-</span> 
     </span>
     <span class='ocr_line' id='line_1_63' title="bbox 366 1778 1426 1827; baseline 0 -12"><span class='ocrx_word' id='word_1_489' title='bbox 366 1787 442 1816; x_wconf 84' lang='lat' dir='ltr'>tem</span> <span class='ocrx_word' id='word_1_490' title='bbox 462 1778 609 1827; x_wconf 91' lang='lat' dir='ltr'>respicit</span> <span class='ocrx_word' id='word_1_491' title='bbox 636 1779 795 1825; x_wconf 87' lang='lat' dir='ltr'>bonum,</span> <span class='ocrx_word' id='word_1_492' title='bbox 815 1785 858 1815; x_wconf 90' lang='lat' dir='ltr'>ut</span> <span class='ocrx_word' id='word_1_493' title='bbox 885 1790 999 1827; x_wconf 87' lang='lat' dir='ltr'>supra</span> <span class='ocrx_word' id='word_1_494' title='bbox 1017 1778 1037 1800; x_wconf 74' lang='lat'>’¹‘</span> <span class='ocrx_word' id='word_1_495' title='bbox 1065 1779 1207 1816; x_wconf 90' lang='lat' dir='ltr'>dictum</span> <span class='ocrx_word' id='word_1_496' title='bbox 1237 1786 1302 1816; x_wconf 89' lang='lat' dir='ltr'>est.</span> <span class='ocrx_word' id='word_1_497' title='bbox 1324 1780 1426 1827; x_wconf 88' lang='lat' dir='ltr'>Ergo</span> 
     </span>
     <span class='ocr_line' id='line_1_64' title="bbox 365 1831 1426 1869; baseline 0 -1"><span class='ocrx_word' id='word_1_498' title='bbox 365 1832 508 1869; x_wconf 90' lang='lat' dir='ltr'>habent</span> <span class='ocrx_word' id='word_1_499' title='bbox 535 1831 684 1868; x_wconf 85' lang='lat' dir='ltr'>diversa</span> <span class='ocrx_word' id='word_1_500' title='bbox 712 1831 873 1868; x_wconf 85' lang='lat' dir='ltr'>obiecta.</span> <span class='ocrx_word' id='word_1_501' title='bbox 899 1838 935 1868; x_wconf 91' lang='lat' dir='ltr'>et</span> <span class='ocrx_word' id='word_1_502' title='bbox 962 1843 1041 1868; x_wconf 92' lang='lat' dir='ltr'>non</span> <span class='ocrx_word' id='word_1_503' title='bbox 1070 1839 1156 1869; x_wconf 80' lang='lat' dir='ltr'>sunt</span> <span class='ocrx_word' id='word_1_504' title='bbox 1182 1832 1295 1868; x_wconf 91' lang='lat' dir='ltr'>unius</span> <span class='ocrx_word' id='word_1_505' title='bbox 1324 1832 1426 1869; x_wconf 91' lang='lat' dir='ltr'>ordi-</span> 
     </span>
     <span class='ocr_line' id='line_1_65' title="bbox 366 1884 1273 1933; baseline -0.001 -12"><span class='ocrx_word' id='word_1_506' title='bbox 366 1885 434 1922; x_wconf 89' lang='lat' dir='ltr'>nis.</span> <span class='ocrx_word' id='word_1_507' title='bbox 456 1885 547 1921; x_wconf 91' lang='lat' dir='ltr'>Non</span> <span class='ocrx_word' id='word_1_508' title='bbox 576 1895 667 1931; x_wconf 79' lang='lat' dir='ltr'>ergo</span> <span class='ocrx_word' id='word_1_509' title='bbox 695 1884 854 1921; x_wconf 85' lang='lat' dir='ltr'>audacia</span> <span class='ocrx_word' id='word_1_510' title='bbox 882 1884 1127 1932; x_wconf 88' lang='lat' dir='ltr'>consequitur</span> <span class='ocrx_word' id='word_1_511' title='bbox 1153 1896 1273 1933; x_wconf 90' lang='lat' dir='ltr'>spem.</span> 
     </span>
     <span class='ocr_line' id='line_1_66' title="bbox 421 1937 1426 1985; baseline 0 -11"><span class='ocrx_word' id='word_1_512' title='bbox 421 1949 456 1974; x_wconf 87' lang='lat'>2.</span> <span class='ocrx_word' id='word_1_513' title='bbox 477 1938 711 1983; x_wconf 75' lang='lat' dir='ltr'>PRAETEREA,</span> <span class='ocrx_word' id='word_1_514' title='bbox 732 1937 828 1973; x_wconf 87' lang='lat' dir='ltr'>sicut</span> <span class='ocrx_word' id='word_1_515' title='bbox 842 1937 1001 1973; x_wconf 88' lang='lat' dir='ltr'>audacia</span> <span class='ocrx_word' id='word_1_516' title='bbox 1021 1937 1268 1974; x_wconf 85' lang='lat' dir='ltr'>contrariatur</span> <span class='ocrx_word' id='word_1_517' title='bbox 1287 1937 1426 1985; x_wconf 90' lang='lat' dir='ltr'>timori,</span> 
     </span>
     <span class='ocr_line' id='line_1_67' title="bbox 365 1990 1428 2050; baseline 0.001 -24"><span class='ocrx_word' id='word_1_518' title='bbox 365 1990 415 2027; x_wconf 90' lang='lat' dir='ltr'>ita</span> <span class='ocrx_word' id='word_1_519' title='bbox 431 1990 646 2039; x_wconf 87' lang='lat' dir='ltr'>desperatio</span> <span class='ocrx_word' id='word_1_520' title='bbox 665 1990 755 2050; x_wconf 84' lang='lat' dir='ltr'>spei.</span> <span class='ocrx_word' id='word_1_521' title='bbox 778 1990 856 2027; x_wconf 89' lang='lat' dir='ltr'>Sed</span> <span class='ocrx_word' id='word_1_522' title='bbox 873 1990 988 2027; x_wconf 87' lang='lat' dir='ltr'>timor</span> <span class='ocrx_word' id='word_1_523' title='bbox 1007 2001 1085 2027; x_wconf 88' lang='lat' dir='ltr'>non</span> <span class='ocrx_word' id='word_1_524' title='bbox 1105 1990 1274 2039; x_wconf 89' lang='lat' dir='ltr'>sequitur</span> <span class='ocrx_word' id='word_1_525' title='bbox 1294 1990 1428 2050; x_wconf 79' lang='lat' dir='ltr'>despe-</span> 
     </span>
     <span class='ocr_line' id='line_1_68' title="bbox 366 2043 1427 2091; baseline 0 -11"><span class='ocrx_word' id='word_1_526' title='bbox 366 2044 578 2080; x_wconf 84' lang='lat' dir='ltr'>rationem:</span> <span class='ocrx_word' id='word_1_527' title='bbox 614 2043 828 2091; x_wconf 90' lang='lat' dir='ltr'>quinimmo</span> <span class='ocrx_word' id='word_1_528' title='bbox 867 2043 1079 2091; x_wconf 88' lang='lat' dir='ltr'>desperatio</span> <span class='ocrx_word' id='word_1_529' title='bbox 1118 2043 1280 2080; x_wconf 83' lang='lat' dir='ltr'>excludit</span> <span class='ocrx_word' id='word_1_530' title='bbox 1315 2043 1427 2080; x_wconf 89' lang='lat' dir='ltr'>timo-</span> 
     </span>
    </p>
   </div>
   <div class='ocr_carea' id='block_1_15' title="bbox 365 1575 574 1773">
    <p class='ocr_par' dir='ltr' id='par_1_15' title="bbox 365 1575 574 1773">
     <span class='ocr_line' id='line_1_69' title="bbox 365 1575 574 1773; baseline 0 2379"><span class='ocrx_word' id='word_1_531' title='bbox 365 1575 574 1773; x_wconf 95' lang='lat' dir='ltr'> </span> 
     </span>
    </p>
   </div>
   <div class='ocr_carea' id='block_1_16' title="bbox 334 2096 1426 2145">
    <p class='ocr_par' dir='ltr' id='par_1_16' title="bbox 334 2096 1426 2145">
     <span class='ocr_line' id='line_1_70' title="bbox 334 2096 1426 2145; baseline 0 -11"><span class='ocrx_word' id='word_1_532' title='bbox 334 2123 340 2129; x_wconf 76' lang='lat'><strong>·</strong></span> <span class='ocrx_word' id='word_1_533' title='bbox 366 2109 458 2143; x_wconf 82' lang='lat' dir='ltr'>rem,</span> <span class='ocrx_word' id='word_1_534' title='bbox 479 2104 520 2133; x_wconf 89' lang='lat' dir='ltr'>ut</span> <span class='ocrx_word' id='word_1_535' title='bbox 551 2096 806 2145; x_wconf 89' lang='lat' dir='ltr'>Philosophus</span> <span class='ocrx_word' id='word_1_536' title='bbox 837 2096 934 2143; x_wconf 88' lang='lat' dir='ltr'>dicit,</span> <span class='ocrx_word' id='word_1_537' title='bbox 956 2096 994 2132; x_wconf 93' lang='lat' dir='ltr'>in</span> <span class='ocrx_word' id='word_1_538' title='bbox 1014 2098 1046 2132; x_wconf 93' lang='lat' dir='ltr'>II</span> <span class='ocrx_word' id='word_1_539' title='bbox 1075 2097 1263 2134; x_wconf 71' lang='lat' dir='ltr'>Rhetoric.</span> <span class='ocrx_word' id='word_1_540' title='bbox 1283 2096 1304 2118; x_wconf 75' lang='lat'>’¹‘</span> <span class='ocrx_word' id='word_1_541' title='bbox 1323 2097 1426 2145; x_wconf 86' lang='lat' dir='ltr'>Ergo</span> 
     </span>
    </p>
   </div>
   <div class='ocr_carea' id='block_1_17' title="bbox 318 2147 1426 3365">
    <p class='ocr_par' dir='ltr' id='par_1_17' title="bbox 367 2147 1087 2197">
     <span class='ocr_line' id='line_1_71' title="bbox 367 2147 1087 2197; baseline -0.003 -10"><span class='ocrx_word' id='word_1_542' title='bbox 367 2150 526 2187; x_wconf 86' lang='lat' dir='ltr'>audacia</span> <span class='ocrx_word' id='word_1_543' title='bbox 554 2161 631 2186; x_wconf 93' lang='lat' dir='ltr'>non</span> <span class='ocrx_word' id='word_1_544' title='bbox 661 2149 906 2197; x_wconf 90' lang='lat' dir='ltr'>consequitur</span> <span class='ocrx_word' id='word_1_545' title='bbox 932 2161 1041 2197; x_wconf 89' lang='lat' dir='ltr'>spem</span> <span class='ocrx_word' id='word_1_546' title='bbox 1061 2147 1087 2186; x_wconf 70' lang='grc' dir='ltr'>β.</span> 
     </span>
    </p>

    <p class='ocr_par' dir='ltr' id='par_1_18' title="bbox 364 2201 1425 2409">
     <span class='ocr_line' id='line_1_72' title="bbox 422 2201 1424 2250; baseline 0 -11"><span class='ocrx_word' id='word_1_547' title='bbox 422 2204 455 2239; x_wconf 85' lang='lat'>3.</span> <span class='ocrx_word' id='word_1_548' title='bbox 468 2203 700 2248; x_wconf 58' lang='lat' dir='ltr'>Pam-raam,</span> <span class='ocrx_word' id='word_1_549' title='bbox 713 2201 870 2239; x_wconf 86' lang='lat' dir='ltr'>audacia</span> <span class='ocrx_word' id='word_1_550' title='bbox 885 2201 1044 2239; x_wconf 87' lang='lat' dir='ltr'>intendit</span> <span class='ocrx_word' id='word_1_551' title='bbox 1058 2201 1254 2250; x_wconf 90' lang='lat' dir='ltr'>quoddam</span> <span class='ocrx_word' id='word_1_552' title='bbox 1266 2202 1424 2248; x_wconf 89' lang='lat' dir='ltr'>bonum,</span> 
     </span>
     <span class='ocr_line' id='line_1_73' title="bbox 367 2254 1425 2293; baseline 0 -1"><span class='ocrx_word' id='word_1_553' title='bbox 367 2255 506 2293; x_wconf 89' lang='lat' dir='ltr'>scilicet</span> <span class='ocrx_word' id='word_1_554' title='bbox 524 2255 734 2293; x_wconf 89' lang='lat' dir='ltr'>victoriam.</span> <span class='ocrx_word' id='word_1_555' title='bbox 767 2255 844 2292; x_wconf 91' lang='lat' dir='ltr'>Sed</span> <span class='ocrx_word' id='word_1_556' title='bbox 862 2254 1046 2291; x_wconf 85' lang='lat' dir='ltr'>tendere·</span> <span class='ocrx_word' id='word_1_557' title='bbox 1038 2266 1076 2291; x_wconf 87' lang='grc' dir='ltr'>ιιι</span> <span class='ocrx_word' id='word_1_558' title='bbox 1096 2255 1242 2292; x_wconf 89' lang='lat' dir='ltr'>bonum</span> <span class='ocrx_word' id='word_1_559' title='bbox 1261 2255 1425 2292; x_wconf 82' lang='lat' dir='ltr'>arduum</span> 
     </span>
     <span class='ocr_line' id='line_1_74' title="bbox 364 2307 1423 2383; baseline -0.002 -37"><span class='ocrx_word' id='word_1_560' title='bbox 364 2308 526 2358; x_wconf 83' lang='lat' dir='ltr'>pertinet</span> <span class='ocrx_word' id='word_1_561' title='bbox 554 2309 602 2346; x_wconf 87' lang='lat' dir='ltr'>ad</span> <span class='ocrx_word' id='word_1_562' title='bbox 631 2319 751 2357; x_wconf 89' lang='lat' dir='ltr'>spem.</span> <span class='ocrx_word' id='word_1_563' title='bbox 788 2308 890 2355; x_wconf 87' lang='lat' dir='ltr'>Ergo</span> <span class='ocrx_word' id='word_1_564' title='bbox 919 2307 1078 2344; x_wconf 87' lang='lat' dir='ltr'>audacia</span> <span class='ocrx_word' id='word_1_565' title='bbox 1117 2315 1172 2344; x_wconf 91' lang='lat' dir='ltr'>est</span> <span class='ocrx_word' id='word_1_566' title='bbox 1199 2308 1302 2345; x_wconf 88' lang='lat' dir='ltr'>idem</span> <span class='ocrx_word' id='word_1_567' title='bbox 1331 2308 1423 2383; x_wconf 89' lang='lat' dir='ltr'>spei.</span> 
     </span>
     <span class='ocr_line' id='line_1_75' title="bbox 366 2360 1074 2409; baseline -0.003 -10"><span class='ocrx_word' id='word_1_568' title='bbox 366 2363 458 2399; x_wconf 88' lang='lat' dir='ltr'>Non</span> <span class='ocrx_word' id='word_1_569' title='bbox 487 2373 576 2409; x_wconf 87' lang='lat' dir='ltr'>ergo</span> <span class='ocrx_word' id='word_1_570' title='bbox 605 2360 849 2409; x_wconf 87' lang='lat' dir='ltr'>consequitur</span> <span class='ocrx_word' id='word_1_571' title='bbox 876 2361 924 2397; x_wconf 85' lang='lat' dir='ltr'>ad</span> <span class='ocrx_word' id='word_1_572' title='bbox 953 2372 1074 2409; x_wconf 89' lang='lat' dir='ltr'>spem.</span> 
     </span>
    </p>

    <p class='ocr_par' dir='ltr' id='par_1_19' title="bbox 364 2413 1425 2568">
     <span class='ocr_line' id='line_1_76' title="bbox 419 2413 1424 2473; baseline -0.001 -21"><span class='ocrx_word' id='word_1_573' title='bbox 419 2416 493 2452; x_wconf 78' lang='lat' dir='ltr'>SED</span> <span class='ocrx_word' id='word_1_574' title='bbox 513 2425 659 2452; x_wconf 80' lang='lat' dir='ltr'>CONTRA</span> <span class='ocrx_word' id='word_1_575' title='bbox 682 2425 748 2450; x_wconf 82' lang='lat' dir='ltr'>EST</span> <span class='ocrx_word' id='word_1_576' title='bbox 775 2413 880 2473; x_wconf 81' lang='lat' dir='ltr'>quod</span> <span class='ocrx_word' id='word_1_577' title='bbox 905 2413 1159 2462; x_wconf 89' lang='lat' dir='ltr'>Philosophus</span> <span class='ocrx_word' id='word_1_578' title='bbox 1187 2413 1287 2461; x_wconf 89' lang='lat' dir='ltr'>dicit,</span> <span class='ocrx_word' id='word_1_579' title='bbox 1307 2414 1345 2450; x_wconf 91' lang='lat' dir='ltr'>in</span> <span class='ocrx_word' id='word_1_580' title='bbox 1375 2415 1424 2451; x_wconf 93' lang='lat' dir='ltr'>III</span> 
     </span>
     <span class='ocr_line' id='line_1_77' title="bbox 318 2466 1425 2515; baseline -0.002 -9.913"><span class='ocrx_word' id='word_1_581' title='bbox 318 2469 483 2505; x_wconf 70' lang='lat' dir='ltr'>aEthic.</span> <span class='ocrx_word' id='word_1_582' title='bbox 503 2468 534 2513; x_wconf 72' lang='lat'>²¹⁶,</span> <span class='ocrx_word' id='word_1_583' title='bbox 565 2466 669 2515; x_wconf 91' lang='lat' dir='ltr'>quod</span> <span class='ocrx_word' id='word_1_584' title='bbox 698 2466 752 2502; x_wconf 87' lang='lat' dir='ltr'>illi</span> <span class='ocrx_word' id='word_1_585' title='bbox 778 2466 845 2514; x_wconf 83' lang='lat' dir='ltr'>qui</span> <span class='ocrx_word' id='word_1_586' title='bbox 868 2471 954 2502; x_wconf 87' lang='lat' dir='ltr'>sunt</span> <span class='ocrx_word' id='word_1_587' title='bbox 981 2467 1102 2503; x_wconf 84' lang='lat' dir='ltr'>bonae</span> <span class='ocrx_word' id='word_1_588' title='bbox 1128 2467 1217 2514; x_wconf 84' lang='lat' dir='ltr'>spei,</span> <span class='ocrx_word' id='word_1_589' title='bbox 1245 2472 1334 2503; x_wconf 85' lang='lat' dir='ltr'>sunt</span> <span class='ocrx_word' id='word_1_590' title='bbox 1357 2479 1425 2503; x_wconf 85' lang='lat' dir='ltr'>au-</span> 
     </span>
     <span class='ocr_line' id='line_1_78' title="bbox 365 2519 1338 2568; baseline -0.003 -10"><span class='ocrx_word' id='word_1_591' title='bbox 365 2522 485 2558; x_wconf 82' lang='lat' dir='ltr'>daces.</span> <span class='ocrx_word' id='word_1_592' title='bbox 515 2520 673 2557; x_wconf 91' lang='lat' dir='ltr'>Videtur</span> <span class='ocrx_word' id='word_1_593' title='bbox 700 2531 790 2566; x_wconf 89' lang='lat' dir='ltr'>ergo</span> <span class='ocrx_word' id='word_1_594' title='bbox 819 2519 978 2555; x_wconf 86' lang='lat' dir='ltr'>audacia</span> <span class='ocrx_word' id='word_1_595' title='bbox 1007 2519 1189 2567; x_wconf 89' lang='lat' dir='ltr'>consequi</span> <span class='ocrx_word' id='word_1_596' title='bbox 1218 2531 1338 2568; x_wconf 90' lang='lat' dir='ltr'>spem.</span> 
     </span>
    </p>

    <p class='ocr_par' dir='ltr' id='par_1_20' title="bbox 362 2571 1426 3365">
     <span class='ocr_line' id='line_1_79' title="bbox 419 2571 1425 2620; baseline -0.002 -10"><span class='ocrx_word' id='word_1_597' title='bbox 419 2575 643 2610; x_wconf 77' lang='lat' dir='ltr'>RESPONDEO</span> <span class='ocrx_word' id='word_1_598' title='bbox 671 2583 855 2609; x_wconf 81' lang='lat' dir='ltr'>mor-:NDUM</span> <span class='ocrx_word' id='word_1_599' title='bbox 884 2571 1001 2619; x_wconf 90' lang='lat' dir='ltr'>quod,</span> <span class='ocrx_word' id='word_1_600' title='bbox 1023 2572 1119 2609; x_wconf 90' lang='lat' dir='ltr'>sicut</span> <span class='ocrx_word' id='word_1_601' title='bbox 1146 2572 1221 2608; x_wconf 89' lang='lat' dir='ltr'>iam</span> <span class='ocrx_word' id='word_1_602' title='bbox 1246 2571 1386 2620; x_wconf 91' lang='lat' dir='ltr'>pluries</span> <span class='ocrx_word' id='word_1_603' title='bbox 1404 2572 1425 2594; x_wconf 69' lang='lat'>&#39;¹‘</span> 
     </span>
     <span class='ocr_line' id='line_1_80' title="bbox 366 2624 1423 2674; baseline -0.002 -11"><span class='ocrx_word' id='word_1_604' title='bbox 366 2627 507 2663; x_wconf 90' lang='lat' dir='ltr'>dictum</span> <span class='ocrx_word' id='word_1_605' title='bbox 537 2634 603 2673; x_wconf 91' lang='lat' dir='ltr'>est,</span> <span class='ocrx_word' id='word_1_606' title='bbox 634 2637 769 2662; x_wconf 89' lang='lat' dir='ltr'>omnes</span> <span class='ocrx_word' id='word_1_607' title='bbox 798 2624 1019 2661; x_wconf 91' lang='lat' dir='ltr'>huiusmodi</span> <span class='ocrx_word' id='word_1_608' title='bbox 1047 2625 1244 2674; x_wconf 89' lang='lat' dir='ltr'>passiones</span> <span class='ocrx_word' id='word_1_609' title='bbox 1273 2625 1423 2663; x_wconf 85' lang='lat' dir='ltr'>animae</span> 
     </span>
     <span class='ocr_line' id='line_1_81' title="bbox 365 2677 1425 2728; baseline -0.001 -12"><span class='ocrx_word' id='word_1_610' title='bbox 365 2680 413 2716; x_wconf 90' lang='lat' dir='ltr'>ad</span> <span class='ocrx_word' id='word_1_611' title='bbox 442 2679 687 2728; x_wconf 89' lang='lat' dir='ltr'>appetitivam</span> <span class='ocrx_word' id='word_1_612' title='bbox 715 2677 924 2726; x_wconf 86' lang='lat' dir='ltr'>potentiam</span> <span class='ocrx_word' id='word_1_613' title='bbox 951 2677 1151 2726; x_wconf 90' lang='lat' dir='ltr'>pertinent.</span> <span class='ocrx_word' id='word_1_614' title='bbox 1187 2677 1325 2715; x_wconf 92' lang='lat' dir='ltr'>Omnis</span> <span class='ocrx_word' id='word_1_615' title='bbox 1359 2691 1425 2715; x_wconf 90' lang='lat' dir='ltr'>au-</span> 
     </span>
     <span class='ocr_line' id='line_1_82' title="bbox 364 2730 1426 2780; baseline -0.001 -11"><span class='ocrx_word' id='word_1_616' title='bbox 364 2740 441 2769; x_wconf 88' lang='lat' dir='ltr'>tem</span> <span class='ocrx_word' id='word_1_617' title='bbox 460 2740 587 2770; x_wconf 90' lang='lat' dir='ltr'>motus</span> <span class='ocrx_word' id='word_1_618' title='bbox 607 2731 834 2780; x_wconf 86' lang='lat' dir='ltr'>appetitivae</span> <span class='ocrx_word' id='word_1_619' title='bbox 854 2730 1044 2779; x_wconf 89' lang='lat' dir='ltr'>potentiae</span> <span class='ocrx_word' id='word_1_620' title='bbox 1065 2730 1256 2768; x_wconf 87' lang='lat' dir='ltr'>reducitur</span> <span class='ocrx_word' id='word_1_621' title='bbox 1274 2731 1324 2768; x_wconf 89' lang='lat' dir='ltr'>ad</span> <span class='ocrx_word' id='word_1_622' title='bbox 1337 2743 1426 2780; x_wconf 86' lang='lat' dir='ltr'>pro-</span> 
     </span>
     <span class='ocr_line' id='line_1_83' title="bbox 365 2783 1425 2832; baseline -0.002 -10"><span class='ocrx_word' id='word_1_623' title='bbox 365 2785 598 2822; x_wconf 87' lang='lat' dir='ltr'>secutionem</span> <span class='ocrx_word' id='word_1_624' title='bbox 613 2785 675 2821; x_wconf 79' lang='lat' dir='ltr'>vel</span> <span class='ocrx_word' id='word_1_625' title='bbox 694 2784 834 2832; x_wconf 84' lang='lat' dir='ltr'>fugam.</span> <span class='ocrx_word' id='word_1_626' title='bbox 856 2783 1079 2820; x_wconf 85' lang='lat' dir='ltr'>Prosecutio</span> <span class='ocrx_word' id='word_1_627' title='bbox 1098 2791 1226 2820; x_wconf 87' lang='lat' dir='ltr'>autem</span> <span class='ocrx_word' id='word_1_628' title='bbox 1251 2786 1314 2820; x_wconf 89' lang='lat' dir='ltr'>vel</span> <span class='ocrx_word' id='word_1_629' title='bbox 1338 2784 1425 2832; x_wconf 82' lang='lat' dir='ltr'>fuga</span> 
     </span>
     <span class='ocr_line' id='line_1_84' title="bbox 366 2836 1424 2887; baseline -0.002 -12"><span class='ocrx_word' id='word_1_630' title='bbox 366 2846 421 2876; x_wconf 92' lang='lat' dir='ltr'>est</span> <span class='ocrx_word' id='word_1_631' title='bbox 448 2837 602 2875; x_wconf 88' lang='lat' dir='ltr'>alicuius</span> <span class='ocrx_word' id='word_1_632' title='bbox 632 2845 667 2874; x_wconf 91' lang='lat' dir='ltr'>et</span> <span class='ocrx_word' id='word_1_633' title='bbox 698 2848 767 2887; x_wconf 91' lang='lat' dir='ltr'>per</span> <span class='ocrx_word' id='word_1_634' title='bbox 800 2848 857 2884; x_wconf 86' lang='lat' dir='ltr'>se,</span> <span class='ocrx_word' id='word_1_635' title='bbox 889 2843 926 2873; x_wconf 91' lang='lat' dir='ltr'>et</span> <span class='ocrx_word' id='word_1_636' title='bbox 956 2848 1026 2887; x_wconf 89' lang='lat' dir='ltr'>per</span> <span class='ocrx_word' id='word_1_637' title='bbox 1059 2836 1255 2873; x_wconf 88' lang='lat' dir='ltr'>accidens:</span> <span class='ocrx_word' id='word_1_638' title='bbox 1287 2849 1358 2885; x_wconf 91' lang='lat' dir='ltr'>per</span> <span class='ocrx_word' id='word_1_639' title='bbox 1384 2849 1424 2873; x_wconf 92' lang='lat' dir='ltr'>se</span> 
     </span>
     <span class='ocr_line' id='line_1_85' title="bbox 364 2889 1426 2941; baseline -0.003 -11"><span class='ocrx_word' id='word_1_640' title='bbox 364 2891 520 2941; x_wconf 85' lang='lat' dir='ltr'>quidem</span> <span class='ocrx_word' id='word_1_641' title='bbox 550 2898 606 2928; x_wconf 90' lang='lat' dir='ltr'>est</span> <span class='ocrx_word' id='word_1_642' title='bbox 632 2889 847 2939; x_wconf 87' lang='lat' dir='ltr'>prosecutio</span> <span class='ocrx_word' id='word_1_643' title='bbox 872 2889 976 2936; x_wconf 89' lang='lat' dir='ltr'>boni,</span> <span class='ocrx_word' id='word_1_644' title='bbox 997 2889 1084 2938; x_wconf 88' lang='lat' dir='ltr'>fuga</span> <span class='ocrx_word' id='word_1_645' title='bbox 1103 2901 1197 2927; x_wconf 87' lang='lat' dir='ltr'>vero</span> <span class='ocrx_word' id='word_1_646' title='bbox 1217 2889 1328 2936; x_wconf 89' lang='lat' dir='ltr'>mali;</span> <span class='ocrx_word' id='word_1_647' title='bbox 1356 2902 1426 2938; x_wconf 91' lang='lat' dir='ltr'>per</span> 
     </span>
     <span class='ocr_line' id='line_1_86' title="bbox 364 2941 1424 2992; baseline -0.003 -9"><span class='ocrx_word' id='word_1_648' title='bbox 364 2944 540 2983; x_wconf 85' lang='lat' dir='ltr'>accidens</span> <span class='ocrx_word' id='word_1_649' title='bbox 567 2951 696 2982; x_wconf 85' lang='lat' dir='ltr'>autem</span> <span class='ocrx_word' id='word_1_650' title='bbox 715 2949 840 2991; x_wconf 86' lang='lat' dir='ltr'>potest</span> <span class='ocrx_word' id='word_1_651' title='bbox 866 2941 1084 2991; x_wconf 85' lang='lat' dir='ltr'>prosecutio</span> <span class='ocrx_word' id='word_1_652' title='bbox 1109 2954 1191 2980; x_wconf 87' lang='lat' dir='ltr'>esse</span> <span class='ocrx_word' id='word_1_653' title='bbox 1215 2943 1316 2989; x_wconf 84' lang='lat' dir='ltr'>mali,</span> <span class='ocrx_word' id='word_1_654' title='bbox 1337 2955 1424 2992; x_wconf 88' lang='lat' dir='ltr'>pro-</span> 
     </span>
     <span class='ocr_line' id='line_1_87' title="bbox 362 2995 1425 3049; baseline -0.001 -15"><span class='ocrx_word' id='word_1_655' title='bbox 362 3005 446 3049; x_wconf 81' lang='lat' dir='ltr'>pter</span> <span class='ocrx_word' id='word_1_656' title='bbox 464 2996 619 3044; x_wconf 85' lang='lat' dir='ltr'>aliquod</span> <span class='ocrx_word' id='word_1_657' title='bbox 638 2997 784 3033; x_wconf 90' lang='lat' dir='ltr'>bonum</span> <span class='ocrx_word' id='word_1_658' title='bbox 807 2995 1040 3042; x_wconf 80' lang='lat' dir='ltr'>adiunctum,</span> <span class='ocrx_word' id='word_1_659' title='bbox 1057 3002 1094 3032; x_wconf 87' lang='lat' dir='ltr'>et</span> <span class='ocrx_word' id='word_1_660' title='bbox 1108 2996 1196 3043; x_wconf 85' lang='lat' dir='ltr'>fuga</span> <span class='ocrx_word' id='word_1_661' title='bbox 1214 2996 1318 3043; x_wconf 89' lang='lat' dir='ltr'>boni,</span> <span class='ocrx_word' id='word_1_662' title='bbox 1337 3008 1425 3048; x_wconf 88' lang='lat' dir='ltr'>pro-</span> 
     </span>
     <span class='ocr_line' id='line_1_88' title="bbox 362 3048 1426 3101; baseline -0.002 -14"><span class='ocrx_word' id='word_1_663' title='bbox 362 3057 446 3101; x_wconf 88' lang='lat' dir='ltr'>pter</span> <span class='ocrx_word' id='word_1_664' title='bbox 473 3049 629 3100; x_wconf 83' lang='lat' dir='ltr'>aliquod</span> <span class='ocrx_word' id='word_1_665' title='bbox 656 3050 800 3085; x_wconf 86' lang='lat' dir='ltr'>malum</span> <span class='ocrx_word' id='word_1_666' title='bbox 821 3048 1053 3085; x_wconf 81' lang='lat' dir='ltr'>adiunctum.</span> <span class='ocrx_word' id='word_1_667' title='bbox 1085 3048 1202 3095; x_wconf 89' lang='lat' dir='ltr'>Quod</span> <span class='ocrx_word' id='word_1_668' title='bbox 1221 3056 1348 3086; x_wconf 86' lang='lat' dir='ltr'>autem</span> <span class='ocrx_word' id='word_1_669' title='bbox 1371 3056 1426 3086; x_wconf 88' lang='lat' dir='ltr'>est</span> 
     </span>
     <span class='ocr_line' id='line_1_89' title="bbox 362 3101 1425 3162; baseline 0 -22"><span class='ocrx_word' id='word_1_670' title='bbox 362 3109 432 3162; x_wconf 83' lang='lat' dir='ltr'>per</span> <span class='ocrx_word' id='word_1_671' title='bbox 459 3102 647 3149; x_wconf 82' lang='lat' dir='ltr'>accidens,</span> <span class='ocrx_word' id='word_1_672' title='bbox 678 3101 846 3151; x_wconf 89' lang='lat' dir='ltr'>sequitur</span> <span class='ocrx_word' id='word_1_673' title='bbox 864 3101 913 3138; x_wconf 89' lang='lat' dir='ltr'>ad</span> <span class='ocrx_word' id='word_1_674' title='bbox 931 3101 970 3139; x_wconf 90' lang='lat' dir='ltr'>id</span> <span class='ocrx_word' id='word_1_675' title='bbox 990 3101 1095 3151; x_wconf 92' lang='lat' dir='ltr'>quod</span> <span class='ocrx_word' id='word_1_676' title='bbox 1115 3109 1171 3139; x_wconf 90' lang='lat' dir='ltr'>est</span> <span class='ocrx_word' id='word_1_677' title='bbox 1196 3113 1267 3151; x_wconf 86' lang='lat' dir='ltr'>per</span> <span class='ocrx_word' id='word_1_678' title='bbox 1294 3114 1345 3139; x_wconf 93' lang='lat' dir='ltr'>se.</span> <span class='ocrx_word' id='word_1_679' title='bbox 1375 3101 1425 3140; x_wconf 86' lang='lat' dir='ltr'>Et</span> 
     </span>
     <span class='ocr_line' id='line_1_90' title="bbox 363 3154 1423 3206; baseline -0.001 -13"><span class='ocrx_word' id='word_1_680' title='bbox 363 3154 450 3195; x_wconf 91' lang='lat' dir='ltr'>ideo</span> <span class='ocrx_word' id='word_1_681' title='bbox 465 3155 681 3206; x_wconf 87' lang='lat' dir='ltr'>prosecutio</span> <span class='ocrx_word' id='word_1_682' title='bbox 697 3154 787 3193; x_wconf 84' lang='lat' dir='ltr'>mali</span> <span class='ocrx_word' id='word_1_683' title='bbox 801 3154 970 3202; x_wconf 91' lang='lat' dir='ltr'>sequitur</span> <span class='ocrx_word' id='word_1_684' title='bbox 984 3155 1292 3205; x_wconf 88' lang='lat' dir='ltr'>prosecutionem</span> <span class='ocrx_word' id='word_1_685' title='bbox 1311 3154 1423 3202; x_wconf 89' lang='lat' dir='ltr'>boni;</span> 
     </span>
     <span class='ocr_line' id='line_1_91' title="bbox 363 3207 1424 3256; baseline -0.003 -8"><span class='ocrx_word' id='word_1_686' title='bbox 363 3209 459 3251; x_wconf 83' lang='lat' dir='ltr'>sicut</span> <span class='ocrx_word' id='word_1_687' title='bbox 494 3216 532 3248; x_wconf 85' lang='lat' dir='ltr'>et</span> <span class='ocrx_word' id='word_1_688' title='bbox 565 3209 653 3256; x_wconf 74' lang='lat' dir='ltr'>tuga</span> <span class='ocrx_word' id='word_1_689' title='bbox 690 3207 783 3246; x_wconf 86' lang='lat' dir='ltr'>boni</span> <span class='ocrx_word' id='word_1_690' title='bbox 819 3207 989 3256; x_wconf 88' lang='lat' dir='ltr'>sequitur</span> <span class='ocrx_word' id='word_1_691' title='bbox 1019 3207 1148 3256; x_wconf 82' lang='lat' dir='ltr'>fugam</span> <span class='ocrx_word' id='word_1_692' title='bbox 1181 3208 1282 3247; x_wconf 84' lang='lat' dir='ltr'>mali.</span> <span class='ocrx_word' id='word_1_693' title='bbox 1316 3208 1424 3247; x_wconf 84' lang='lat' dir='ltr'>Haec</span> 
     </span>
     <span class='ocr_line' id='line_1_92' title="bbox 364 3260 1422 3310; baseline -0.001 -11"><span class='ocrx_word' id='word_1_694' title='bbox 364 3270 490 3300; x_wconf 83' lang='lat' dir='ltr'>autem</span> <span class='ocrx_word' id='word_1_695' title='bbox 525 3269 693 3310; x_wconf 68' lang='lat' dir='ltr'>quatuor</span> <span class='ocrx_word' id='word_1_696' title='bbox 720 3260 908 3309; x_wconf 85' lang='lat' dir='ltr'>pertinent</span> <span class='ocrx_word' id='word_1_697' title='bbox 936 3260 985 3297; x_wconf 93' lang='lat' dir='ltr'>ad</span> <span class='ocrx_word' id='word_1_698' title='bbox 1013 3269 1177 3309; x_wconf 85' lang='lat' dir='ltr'>quatuor</span> <span class='ocrx_word' id='word_1_699' title='bbox 1204 3261 1422 3310; x_wconf 81' lang='lat' dir='ltr'>passiones:</span> 
     </span>
     <span class='ocr_line' id='line_1_93' title="bbox 363 3313 1423 3365; baseline -0.001 -13"><span class='ocrx_word' id='word_1_700' title='bbox 363 3326 453 3352; x_wconf 80' lang='lat' dir='ltr'>narn</span> <span class='ocrx_word' id='word_1_701' title='bbox 473 3314 688 3365; x_wconf 83' lang='lat' dir='ltr'>prosecutio</span> <span class='ocrx_word' id='word_1_702' title='bbox 717 3313 808 3350; x_wconf 83' lang='lat' dir='ltr'>boni</span> <span class='ocrx_word' id='word_1_703' title='bbox 828 3313 988 3363; x_wconf 89' lang='lat' dir='ltr'>pertinet</span> <span class='ocrx_word' id='word_1_704' title='bbox 1015 3314 1064 3351; x_wconf 89' lang='lat' dir='ltr'>ad</span> <span class='ocrx_word' id='word_1_705' title='bbox 1085 3325 1206 3363; x_wconf 83' lang='lat' dir='ltr'>spem,</span> <span class='ocrx_word' id='word_1_706' title='bbox 1225 3314 1313 3362; x_wconf 84' lang='lat' dir='ltr'>fuga</span> <span class='ocrx_word' id='word_1_707' title='bbox 1332 3314 1423 3351; x_wconf 84' lang='lat' dir='ltr'>mali</span> 
     </span>
    </p>
   </div>
   <div class='ocr_carea' id='block_1_18' title="bbox 1481 1568 2549 1673">
    <p class='ocr_par' dir='ltr' id='par_1_21' title="bbox 1481 1568 2549 1673">
     <span class='ocr_line' id='line_1_94' title="bbox 1482 1568 2546 1618; baseline 0.004 -14"><span class='ocrx_word' id='word_1_708' title='bbox 1482 1569 1530 1605; x_wconf 86' lang='lat' dir='ltr'>ad</span> <span class='ocrx_word' id='word_1_709' title='bbox 1558 1568 1746 1614; x_wconf 89' lang='lat' dir='ltr'>timorem,</span> <span class='ocrx_word' id='word_1_710' title='bbox 1768 1568 1951 1605; x_wconf 85' lang='lat' dir='ltr'>insecutio</span> <span class='ocrx_word' id='word_1_711' title='bbox 1971 1573 1987 1596; x_wconf 75' lang='grc' dir='ltr'><strong>Υ</strong></span> <span class='ocrx_word' id='word_1_712' title='bbox 2006 1568 2096 1604; x_wconf 90' lang='lat' dir='ltr'>mali</span> <span class='ocrx_word' id='word_1_713' title='bbox 2123 1568 2295 1606; x_wconf 87' lang='lat' dir='ltr'>terribilis</span> <span class='ocrx_word' id='word_1_714' title='bbox 2314 1570 2475 1618; x_wconf 86' lang='lat' dir='ltr'>pertinet</span> <span class='ocrx_word' id='word_1_715' title='bbox 2488 1571 2546 1608; x_wconf 70' lang='lat' dir='ltr'>ad</span> 
     </span>
     <span class='ocr_line' id='line_1_95' title="bbox 1481 1620 2549 1673; baseline 0.004 -16"><span class='ocrx_word' id='word_1_716' title='bbox 1481 1620 1701 1667; x_wconf 79' lang='lat' dir='ltr'>audaciam,</span> <span class='ocrx_word' id='word_1_717' title='bbox 1731 1622 1819 1668; x_wconf 84' lang='lat' dir='ltr'>fuga</span> <span class='ocrx_word' id='word_1_718' title='bbox 1846 1633 1940 1657; x_wconf 88' lang='lat' dir='ltr'>vero</span> <span class='ocrx_word' id='word_1_719' title='bbox 1975 1621 2066 1657; x_wconf 88' lang='lat' dir='ltr'>boni</span> <span class='ocrx_word' id='word_1_720' title='bbox 2099 1621 2262 1669; x_wconf 90' lang='lat' dir='ltr'>pertinet</span> <span class='ocrx_word' id='word_1_721' title='bbox 2290 1622 2339 1659; x_wconf 89' lang='lat' dir='ltr'>ad</span> <span class='ocrx_word' id='word_1_722' title='bbox 2367 1624 2549 1673; x_wconf 70' lang='lat' dir='ltr'>despera-³</span> 
     </span>
    </p>
   </div>
   <div class='ocr_carea' id='block_1_19' title="bbox 2568 509 2765 537">
    <p class='ocr_par' dir='ltr' id='par_1_22' title="bbox 2568 509 2765 537">
     <span class='ocr_line' id='line_1_96' title="bbox 2568 509 2765 537; baseline 0.006 -6.145"><span class='ocrx_word' id='word_1_723' title='bbox 2568 510 2644 532; x_wconf 78' lang='lat' dir='ltr'>⁸.Art</span> <span class='ocrx_word' id='word_1_724' title='bbox 2658 517 2686 537; x_wconf 89' lang='lat'>4,</span> <span class='ocrx_word' id='word_1_725' title='bbox 2701 509 2729 531; x_wconf 87' lang='lat' dir='ltr'>ad</span> <span class='ocrx_word' id='word_1_726' title='bbox 2742 515 2765 532; x_wconf 76' lang='lat'>2.</span> 
     </span>
    </p>
   </div>
   <div class='ocr_carea' id='block_1_20' title="bbox 1480 1674 2601 1726">
    <p class='ocr_par' dir='ltr' id='par_1_23' title="bbox 1480 1674 2601 1726">
     <span class='ocr_line' id='line_1_97' title="bbox 1480 1674 2601 1726; baseline 0.004 -16"><span class='ocrx_word' id='word_1_727' title='bbox 1480 1674 1633 1710; x_wconf 91' lang='lat' dir='ltr'>tionem.</span> <span class='ocrx_word' id='word_1_728' title='bbox 1662 1674 1774 1711; x_wconf 91' lang='lat' dir='ltr'>Unde</span> <span class='ocrx_word' id='word_1_729' title='bbox 1800 1674 1968 1723; x_wconf 91' lang='lat' dir='ltr'>sequitur</span> <span class='ocrx_word' id='word_1_730' title='bbox 1991 1674 2095 1722; x_wconf 89' lang='lat' dir='ltr'>quod</span> <span class='ocrx_word' id='word_1_731' title='bbox 2114 1674 2274 1712; x_wconf 82' lang='lat' dir='ltr'>audacia</span> <span class='ocrx_word' id='word_1_732' title='bbox 2299 1675 2544 1726; x_wconf 82' lang='lat' dir='ltr'>consequitur</span> <span class='ocrx_word' id='word_1_733' title='bbox 2598 1712 2601 1713; x_wconf 14' lang='grc' dir='ltr'><em>γ</em></span> 
     </span>
    </p>
   </div>
   <div class='ocr_carea' id='block_1_21' title="bbox 1480 1726 2546 1987">
    <p class='ocr_par' dir='ltr' id='par_1_24' title="bbox 1480 1726 2546 1987">
     <span class='ocr_line' id='line_1_98' title="bbox 1481 1726 2543 1778; baseline 0.005 -16"><span class='ocrx_word' id='word_1_734' title='bbox 1481 1726 1530 1763; x_wconf 85' lang='lat' dir='ltr'>ad</span> <span class='ocrx_word' id='word_1_735' title='bbox 1549 1739 1680 1775; x_wconf 87' lang='lat' dir='ltr'>spem:</span> <span class='ocrx_word' id='word_1_736' title='bbox 1711 1739 1755 1763; x_wconf 83' lang='lat' dir='ltr'>ex</span> <span class='ocrx_word' id='word_1_737' title='bbox 1773 1727 1849 1764; x_wconf 86' lang='lat' dir='ltr'>hoc</span> <span class='ocrx_word' id='word_1_738' title='bbox 1873 1726 1975 1764; x_wconf 87' lang='lat' dir='ltr'>enim</span> <span class='ocrx_word' id='word_1_739' title='bbox 1996 1727 2102 1775; x_wconf 91' lang='lat' dir='ltr'>quod</span> <span class='ocrx_word' id='word_1_740' title='bbox 2130 1727 2262 1775; x_wconf 86' lang='lat' dir='ltr'>aliquis</span> <span class='ocrx_word' id='word_1_741' title='bbox 2281 1736 2408 1777; x_wconf 81' lang='lat' dir='ltr'>sperat</span> <span class='ocrx_word' id='word_1_742' title='bbox 2431 1736 2543 1778; x_wconf 66' lang='lat' dir='ltr'>supe·</span> 
     </span>
     <span class='ocr_line' id='line_1_99' title="bbox 1482 1779 2546 1831; baseline 0.004 -15"><span class='ocrx_word' id='word_1_743' title='bbox 1482 1790 1563 1816; x_wconf 90' lang='lat' dir='ltr'>rare</span> <span class='ocrx_word' id='word_1_744' title='bbox 1591 1779 1753 1816; x_wconf 88' lang='lat' dir='ltr'>terribile</span> <span class='ocrx_word' id='word_1_745' title='bbox 1777 1779 1990 1826; x_wconf 85' lang='lat' dir='ltr'>imminens,</span> <span class='ocrx_word' id='word_1_746' title='bbox 2012 1791 2057 1816; x_wconf 87' lang='lat' dir='ltr'>ex</span> <span class='ocrx_word' id='word_1_747' title='bbox 2075 1780 2151 1816; x_wconf 86' lang='lat' dir='ltr'>hoc</span> <span class='ocrx_word' id='word_1_748' title='bbox 2173 1781 2353 1818; x_wconf 83' lang='lat' dir='ltr'>audacter</span> <span class='ocrx_word' id='word_1_749' title='bbox 2380 1781 2546 1831; x_wconf 56' lang='lat' dir='ltr'>insequi-</span> 
     </span>
     <span class='ocr_line' id='line_1_100' title="bbox 1481 1832 2543 1884; baseline 0.003 -15"><span class='ocrx_word' id='word_1_750' title='bbox 1481 1839 1541 1869; x_wconf 91' lang='lat' dir='ltr'>tur</span> <span class='ocrx_word' id='word_1_751' title='bbox 1567 1832 1704 1882; x_wconf 86' lang='lat' dir='ltr'>ipsum.</span> <span class='ocrx_word' id='word_1_752' title='bbox 1725 1833 1787 1870; x_wconf 92' lang='lat' dir='ltr'>Ad</span> <span class='ocrx_word' id='word_1_753' title='bbox 1812 1833 1989 1870; x_wconf 89' lang='lat' dir='ltr'>timorem</span> <span class='ocrx_word' id='word_1_754' title='bbox 2009 1845 2104 1870; x_wconf 89' lang='lat' dir='ltr'>vero</span> <span class='ocrx_word' id='word_1_755' title='bbox 2123 1833 2292 1883; x_wconf 78' lang='lat' dir='ltr'>sequitur</span> <span class='ocrx_word' id='word_1_756' title='bbox 2311 1835 2543 1884; x_wconf 74' lang='lat' dir='ltr'>desperatio:</span> 
     </span>
     <span class='ocr_line' id='line_1_101' title="bbox 1480 1884 2545 1935; baseline 0.004 -14"><span class='ocrx_word' id='word_1_757' title='bbox 1480 1884 1568 1922; x_wconf 91' lang='lat' dir='ltr'>ideo</span> <span class='ocrx_word' id='word_1_758' title='bbox 1597 1886 1699 1922; x_wconf 90' lang='lat' dir='ltr'>enim</span> <span class='ocrx_word' id='word_1_759' title='bbox 1728 1886 1860 1935; x_wconf 89' lang='lat' dir='ltr'>aliquis</span> <span class='ocrx_word' id='word_1_760' title='bbox 1889 1886 2075 1935; x_wconf 89' lang='lat' dir='ltr'>desperat,</span> <span class='ocrx_word' id='word_1_761' title='bbox 2097 1886 2186 1934; x_wconf 86' lang='lat' dir='ltr'>quia</span> <span class='ocrx_word' id='word_1_762' title='bbox 2213 1887 2321 1924; x_wconf 86' lang='lat' dir='ltr'>timet</span> <span class='ocrx_word' id='word_1_763' title='bbox 2349 1887 2545 1925; x_wconf 78' lang='lat' dir='ltr'>diffioutta-</span> 
     </span>
     <span class='ocr_line' id='line_1_102' title="bbox 1481 1939 2476 1987; baseline 0.003 -13"><span class='ocrx_word' id='word_1_764' title='bbox 1481 1945 1558 1974; x_wconf 90' lang='lat' dir='ltr'>tem</span> <span class='ocrx_word' id='word_1_765' title='bbox 1587 1949 1686 1986; x_wconf 89' lang='lat' dir='ltr'>quae</span> <span class='ocrx_word' id='word_1_766' title='bbox 1716 1946 1771 1975; x_wconf 89' lang='lat' dir='ltr'>est</span> <span class='ocrx_word' id='word_1_767' title='bbox 1800 1939 1898 1975; x_wconf 88' lang='lat' dir='ltr'>circa</span> <span class='ocrx_word' id='word_1_768' title='bbox 1925 1939 2072 1975; x_wconf 88' lang='lat' dir='ltr'>bonurn</span> <span class='ocrx_word' id='word_1_769' title='bbox 2102 1941 2347 1987; x_wconf 79' lang='lat' dir='ltr'>sperandum.</span> <span class='ocrx_word' id='word_1_770' title='bbox 2474 1955 2476 1957; x_wconf 95' lang='lat'>·</span> 
     </span>
    </p>
   </div>
   <div class='ocr_carea' id='block_1_22' title="bbox 1533 1990 2781 2041">
    <p class='ocr_par' dir='ltr' id='par_1_25' title="bbox 1533 1990 2781 2041">
     <span class='ocr_line' id='line_1_103' title="bbox 1533 1990 2781 2041; baseline 0.003 -14"><span class='ocrx_word' id='word_1_771' title='bbox 1533 1992 1594 2027; x_wconf 83' lang='lat' dir='ltr'>AD</span> <span class='ocrx_word' id='word_1_772' title='bbox 1620 1999 1758 2028; x_wconf 70' lang='lat' dir='ltr'>Paruum</span> <span class='ocrx_word' id='word_1_773' title='bbox 1786 2003 1885 2028; x_wconf 80' lang='lat' dir='ltr'>ERGO</span> <span class='ocrx_word' id='word_1_774' title='bbox 1913 2003 2096 2028; x_wconf 64' lang='lat' dir='ltr'>monimum</span> <span class='ocrx_word' id='word_1_775' title='bbox 2124 1992 2229 2040; x_wconf 88' lang='lat' dir='ltr'>quod</span> <span class='ocrx_word' id='word_1_776' title='bbox 2249 1992 2344 2030; x_wconf 80' lang='lat' dir='ltr'>ratio</span> <span class='ocrx_word' id='word_1_777' title='bbox 2363 1990 2546 2041; x_wconf 48' lang='lat' dir='ltr'>sequere*</span> <span class='ocrx_word' id='word_1_778' title='bbox 2679 2001 2689 2014; x_wconf 75' lang='lat'>⁷</span> <span class='ocrx_word' id='word_1_779' title='bbox 2731 1995 2747 2004; x_wconf 56' lang='lat'><em>²</em></span> <span class='ocrx_word' id='word_1_780' title='bbox 2776 1999 2781 2005; x_wconf 84' lang='grc'><em>’</em></span> 
     </span>
    </p>
   </div>
   <div class='ocr_carea' id='block_1_23' title="bbox 1479 2044 2546 2150">
    <p class='ocr_par' dir='ltr' id='par_1_26' title="bbox 1479 2044 2546 2150">
     <span class='ocr_line' id='line_1_104' title="bbox 1479 2044 2544 2097; baseline 0.003 -17"><span class='ocrx_word' id='word_1_781' title='bbox 1479 2051 1550 2090; x_wconf 89' lang='lat' dir='ltr'>tur,</span> <span class='ocrx_word' id='word_1_782' title='bbox 1566 2044 1596 2080; x_wconf 92' lang='lat' dir='ltr'>si</span> <span class='ocrx_word' id='word_1_783' title='bbox 1615 2044 1763 2081; x_wconf 90' lang='lat' dir='ltr'>bonum</span> <span class='ocrx_word' id='word_1_784' title='bbox 1778 2051 1815 2081; x_wconf 87' lang='lat' dir='ltr'>et</span> <span class='ocrx_word' id='word_1_785' title='bbox 1833 2045 1978 2081; x_wconf 84' lang='lat' dir='ltr'>malum</span> <span class='ocrx_word' id='word_1_786' title='bbox 2000 2051 2125 2082; x_wconf 87' lang='lat' dir='ltr'>essent</span> <span class='ocrx_word' id='word_1_787' title='bbox 2139 2045 2289 2082; x_wconf 79' lang='lat' dir='ltr'>obiecta</span> <span class='ocrx_word' id='word_1_788' title='bbox 2307 2044 2544 2097; x_wconf 51' lang='lat' dir='ltr'>non‘haben-</span> 
     </span>
     <span class='ocr_line' id='line_1_105' title="bbox 1480 2097 2546 2150; baseline 0.004 -17"><span class='ocrx_word' id='word_1_789' title='bbox 1480 2097 1531 2133; x_wconf 90' lang='lat' dir='ltr'>tia</span> <span class='ocrx_word' id='word_1_790' title='bbox 1558 2097 1734 2134; x_wconf 89' lang='lat' dir='ltr'>ordinem</span> <span class='ocrx_word' id='word_1_791' title='bbox 1763 2097 1812 2134; x_wconf 88' lang='lat' dir='ltr'>ad</span> <span class='ocrx_word' id='word_1_792' title='bbox 1840 2097 2016 2134; x_wconf 85' lang='lat' dir='ltr'>invicem.</span> <span class='ocrx_word' id='word_1_793' title='bbox 2039 2097 2118 2134; x_wconf 83' lang='lat' dir='ltr'>Sed</span> <span class='ocrx_word' id='word_1_794' title='bbox 2143 2098 2233 2146; x_wconf 83' lang='lat' dir='ltr'>quia</span> <span class='ocrx_word' id='word_1_795' title='bbox 2255 2099 2400 2136; x_wconf 86' lang='lat' dir='ltr'>malum</span> <span class='ocrx_word' id='word_1_796' title='bbox 2423 2099 2546 2150; x_wconf 65' lang='lat' dir='ltr'>‘habet</span> 
     </span>
    </p>
   </div>
   <div class='ocr_carea' id='block_1_24' title="bbox 1481 2148 2762 2201">
    <p class='ocr_par' dir='ltr' id='par_1_27' title="bbox 1481 2148 2762 2201">
     <span class='ocr_line' id='line_1_106' title="bbox 1481 2148 2762 2201; baseline 0.003 -15"><span class='ocrx_word' id='word_1_797' title='bbox 1481 2149 1646 2198; x_wconf 88' lang='lat' dir='ltr'>aliquem</span> <span class='ocrx_word' id='word_1_798' title='bbox 1675 2150 1850 2188; x_wconf 89' lang='lat' dir='ltr'>ordinem</span> <span class='ocrx_word' id='word_1_799' title='bbox 1878 2151 1926 2187; x_wconf 88' lang='lat' dir='ltr'>ad</span> <span class='ocrx_word' id='word_1_800' title='bbox 1955 2151 2118 2198; x_wconf 89' lang='lat' dir='ltr'>bonum,</span> <span class='ocrx_word' id='word_1_801' title='bbox 2149 2158 2205 2188; x_wconf 92' lang='lat' dir='ltr'>est</span> <span class='ocrx_word' id='word_1_802' title='bbox 2232 2151 2335 2191; x_wconf 76' lang='lat' dir='ltr'>enim</span> <span class='ocrx_word' id='word_1_803' title='bbox 2355 2148 2545 2201; x_wconf 72' lang='lat' dir='ltr'>posterius</span> <span class='ocrx_word' id='word_1_804' title='bbox 2581 2163 2598 2170; x_wconf 83' lang='lat'>··</span> <span class='ocrx_word' id='word_1_805' title='bbox 2627 2166 2631 2171; x_wconf 91' lang='grc'><em>·</em></span> <span class='ocrx_word' id='word_1_806' title='bbox 2690 2153 2724 2199; x_wconf 49' lang='lat' dir='ltr'>“³2‘ss</span> <span class='ocrx_word' id='word_1_807' title='bbox 2742 2159 2762 2184; x_wconf 83' lang='lat'>-&#39;</span> 
     </span>
    </p>
   </div>
   <div class='ocr_carea' id='block_1_25' title="bbox 1477 2202 2546 2623">
    <p class='ocr_par' dir='ltr' id='par_1_28' title="bbox 1479 2202 2546 2345">
     <span class='ocr_line' id='line_1_107' title="bbox 1480 2202 2546 2254; baseline 0.004 -15"><span class='ocrx_word' id='word_1_808' title='bbox 1480 2202 1597 2249; x_wconf 90' lang='lat' dir='ltr'>bono,</span> <span class='ocrx_word' id='word_1_809' title='bbox 1624 2203 1720 2240; x_wconf 90' lang='lat' dir='ltr'>sicut</span> <span class='ocrx_word' id='word_1_810' title='bbox 1746 2203 1905 2251; x_wconf 86' lang='lat' dir='ltr'>privatio</span> <span class='ocrx_word' id='word_1_811' title='bbox 1935 2203 2087 2249; x_wconf 85' lang='lat' dir='ltr'>habitu;</span> <span class='ocrx_word' id='word_1_812' title='bbox 2116 2203 2204 2242; x_wconf 92' lang='lat' dir='ltr'>ideo</span> <span class='ocrx_word' id='word_1_813' title='bbox 2233 2204 2413 2252; x_wconf 75' lang='lat' dir='ltr'>audacia,</span> <span class='ocrx_word' id='word_1_814' title='bbox 2428 2210 2546 2254; x_wconf 61' lang='lat' dir='ltr'>quae</span> 
     </span>
     <span class='ocr_line' id='line_1_108' title="bbox 1479 2255 2544 2330; baseline 0.004 -38"><span class='ocrx_word' id='word_1_815' title='bbox 1479 2255 1689 2303; x_wconf 86' lang='lat' dir='ltr'>insequitur</span> <span class='ocrx_word' id='word_1_816' title='bbox 1717 2257 1873 2303; x_wconf 89' lang='lat' dir='ltr'>malurn,</span> <span class='ocrx_word' id='word_1_817' title='bbox 1896 2263 1951 2293; x_wconf 91' lang='lat' dir='ltr'>est</span> <span class='ocrx_word' id='word_1_818' title='bbox 1968 2263 2056 2304; x_wconf 91' lang='lat' dir='ltr'>post</span> <span class='ocrx_word' id='word_1_819' title='bbox 2075 2268 2195 2305; x_wconf 89' lang='lat' dir='ltr'>spem,</span> <span class='ocrx_word' id='word_1_820' title='bbox 2216 2266 2317 2330; x_wconf 76' lang='lat' dir='ltr'>quae</span> <span class='ocrx_word' id='word_1_821' title='bbox 2334 2257 2544 2323; x_wconf 60' lang='lat' dir='ltr'>insequitut&#39;</span> 
     </span>
     <span class='ocr_line' id='line_1_109' title="bbox 1479 2308 1638 2345; baseline -0.007 0"><span class='ocrx_word' id='word_1_822' title='bbox 1479 2308 1638 2345; x_wconf 89' lang='lat' dir='ltr'>bonum.</span> 
     </span>
    </p>

    <p class='ocr_par' dir='ltr' id='par_1_29' title="bbox 1477 2361 2542 2623">
     <span class='ocr_line' id='line_1_110' title="bbox 1531 2361 2542 2409; baseline 0.003 -12"><span class='ocrx_word' id='word_1_823' title='bbox 1531 2363 1590 2397; x_wconf 82' lang='grc' dir='ltr'>Αι)</span> <span class='ocrx_word' id='word_1_824' title='bbox 1619 2371 1808 2398; x_wconf 75' lang='lat' dir='ltr'><strong>SECUNDUM</strong></span> <span class='ocrx_word' id='word_1_825' title='bbox 1833 2372 2016 2398; x_wconf 77' lang='lat' dir='ltr'>mOENDuM</span> <span class='ocrx_word' id='word_1_826' title='bbox 2044 2361 2161 2409; x_wconf 87' lang='lat' dir='ltr'>quod,</span> <span class='ocrx_word' id='word_1_827' title='bbox 2182 2361 2250 2399; x_wconf 84' lang='lat' dir='ltr'>etsi</span> <span class='ocrx_word' id='word_1_828' title='bbox 2274 2363 2423 2399; x_wconf 79' lang='lat' dir='ltr'>bonum</span> <span class='ocrx_word' id='word_1_829' title='bbox 2448 2362 2542 2400; x_wconf 57' lang='lat' dir='ltr'>sim-⁴</span> 
     </span>
     <span class='ocr_line' id='line_1_111' title="bbox 1477 2413 2542 2465; baseline 0.005 -15"><span class='ocrx_word' id='word_1_830' title='bbox 1477 2413 1621 2462; x_wconf 84' lang='lat' dir='ltr'>pliciter</span> <span class='ocrx_word' id='word_1_831' title='bbox 1655 2414 1700 2450; x_wconf 88' lang='lat' dir='ltr'>sit</span> <span class='ocrx_word' id='word_1_832' title='bbox 1727 2413 1831 2462; x_wconf 88' lang='lat' dir='ltr'>prius</span> <span class='ocrx_word' id='word_1_833' title='bbox 1859 2425 1976 2462; x_wconf 88' lang='lat' dir='ltr'>quam</span> <span class='ocrx_word' id='word_1_834' title='bbox 2005 2415 2171 2462; x_wconf 86' lang='lat' dir='ltr'>malum,</span> <span class='ocrx_word' id='word_1_835' title='bbox 2200 2422 2329 2452; x_wconf 84' lang='lat' dir='ltr'>tamen</span> <span class='ocrx_word' id='word_1_836' title='bbox 2357 2415 2444 2463; x_wconf 80' lang='lat' dir='ltr'>fuga</span> <span class='ocrx_word' id='word_1_837' title='bbox 2471 2426 2542 2465; x_wconf 81' lang='lat' dir='ltr'>pet·</span> 
     </span>
     <span class='ocr_line' id='line_1_112' title="bbox 1477 2467 2542 2515; baseline 0.004 -13"><span class='ocrx_word' id='word_1_838' title='bbox 1477 2467 1581 2514; x_wconf 91' lang='lat' dir='ltr'>prius</span> <span class='ocrx_word' id='word_1_839' title='bbox 1610 2467 1770 2503; x_wconf 90' lang='lat' dir='ltr'>debetur</span> <span class='ocrx_word' id='word_1_840' title='bbox 1797 2467 1899 2502; x_wconf 87' lang='lat' dir='ltr'>malo</span> <span class='ocrx_word' id='word_1_841' title='bbox 1930 2479 2046 2515; x_wconf 88' lang='lat' dir='ltr'>quarn</span> <span class='ocrx_word' id='word_1_842' title='bbox 2079 2467 2204 2504; x_wconf 88' lang='lat' dir='ltr'>bono:</span> <span class='ocrx_word' id='word_1_843' title='bbox 2235 2468 2329 2505; x_wconf 89' lang='lat' dir='ltr'>sicut</span> <span class='ocrx_word' id='word_1_844' title='bbox 2355 2468 2542 2506; x_wconf 61' lang='lat' dir='ltr'>insecutio*</span> 
     </span>
     <span class='ocr_line' id='line_1_113' title="bbox 1477 2519 2540 2568; baseline 0.004 -13"><span class='ocrx_word' id='word_1_845' title='bbox 1477 2532 1547 2568; x_wconf 91' lang='lat' dir='ltr'>per</span> <span class='ocrx_word' id='word_1_846' title='bbox 1563 2519 1668 2568; x_wconf 92' lang='lat' dir='ltr'>prius</span> <span class='ocrx_word' id='word_1_847' title='bbox 1688 2519 1847 2556; x_wconf 91' lang='lat' dir='ltr'>debetur</span> <span class='ocrx_word' id='word_1_848' title='bbox 1865 2519 1969 2555; x_wconf 91' lang='lat' dir='ltr'>bono</span> <span class='ocrx_word' id='word_1_849' title='bbox 1990 2531 2108 2567; x_wconf 91' lang='lat' dir='ltr'>quam</span> <span class='ocrx_word' id='word_1_850' title='bbox 2128 2520 2243 2557; x_wconf 89' lang='lat' dir='ltr'>malo.</span> <span class='ocrx_word' id='word_1_851' title='bbox 2269 2521 2318 2557; x_wconf 88' lang='lat' dir='ltr'>Et</span> <span class='ocrx_word' id='word_1_852' title='bbox 2337 2521 2424 2558; x_wconf 91' lang='lat' dir='ltr'>ideo</span> <span class='ocrx_word' id='word_1_853' title='bbox 2444 2521 2540 2559; x_wconf 91' lang='lat' dir='ltr'>sicut</span> 
     </span>
     <span class='ocr_line' id='line_1_114' title="bbox 1478 2570 2541 2623; baseline 0.003 -15"><span class='ocrx_word' id='word_1_854' title='bbox 1478 2584 1564 2621; x_wconf 92' lang='lat' dir='ltr'>spes</span> <span class='ocrx_word' id='word_1_855' title='bbox 1594 2579 1650 2608; x_wconf 89' lang='lat' dir='ltr'>est</span> <span class='ocrx_word' id='word_1_856' title='bbox 1675 2571 1780 2620; x_wconf 88' lang='lat' dir='ltr'>prior</span> <span class='ocrx_word' id='word_1_857' title='bbox 1807 2570 1924 2620; x_wconf 84' lang='lat' dir='ltr'>quam</span> <span class='ocrx_word' id='word_1_858' title='bbox 1950 2572 2121 2619; x_wconf 84' lang='lat' dir='ltr'>audacia,</span> <span class='ocrx_word' id='word_1_859' title='bbox 2151 2572 2201 2609; x_wconf 87' lang='lat' dir='ltr'>ita</span> <span class='ocrx_word' id='word_1_860' title='bbox 2229 2572 2345 2610; x_wconf 90' lang='lat' dir='ltr'>timor</span> <span class='ocrx_word' id='word_1_861' title='bbox 2364 2581 2419 2610; x_wconf 90' lang='lat' dir='ltr'>est</span> <span class='ocrx_word' id='word_1_862' title='bbox 2438 2573 2541 2623; x_wconf 87' lang='lat' dir='ltr'>prior</span> 
     </span>
    </p>
   </div>
   <div class='ocr_carea' id='block_1_26' title="bbox 1478 2624 2577 2676">
    <p class='ocr_par' dir='ltr' id='par_1_30' title="bbox 1478 2624 2577 2676">
     <span class='ocr_line' id='line_1_115' title="bbox 1478 2624 2577 2676; baseline 0.001 -13"><span class='ocrx_word' id='word_1_863' title='bbox 1478 2637 1595 2674; x_wconf 87' lang='lat' dir='ltr'>quarn</span> <span class='ocrx_word' id='word_1_864' title='bbox 1616 2624 1830 2674; x_wconf 88' lang='lat' dir='ltr'>desperatio</span> <span class='ocrx_word' id='word_1_865' title='bbox 1845 2624 1876 2661; x_wconf 69' lang='lat'>³¹⁸.</span> <span class='ocrx_word' id='word_1_866' title='bbox 1893 2625 1942 2661; x_wconf 92' lang='lat' dir='ltr'>Et</span> <span class='ocrx_word' id='word_1_867' title='bbox 1961 2625 2056 2662; x_wconf 90' lang='lat' dir='ltr'>sicut</span> <span class='ocrx_word' id='word_1_868' title='bbox 2071 2637 2116 2662; x_wconf 85' lang='lat' dir='ltr'>ex</span> <span class='ocrx_word' id='word_1_869' title='bbox 2135 2625 2273 2663; x_wconf 89' lang='lat' dir='ltr'>timore</span> <span class='ocrx_word' id='word_1_870' title='bbox 2289 2639 2368 2663; x_wconf 91' lang='lat' dir='ltr'>non</span> <span class='ocrx_word' id='word_1_871' title='bbox 2387 2638 2540 2676; x_wconf 90' lang='lat' dir='ltr'>semper</span> <span class='ocrx_word' id='word_1_872' title='bbox 2565 2642 2577 2654; x_wconf 76' lang='lat'>⁸</span> 
     </span>
    </p>
   </div>
   <div class='ocr_carea' id='block_1_27' title="bbox 1477 2677 2575 2952">
    <p class='ocr_par' dir='ltr' id='par_1_31' title="bbox 1477 2677 2543 2935">
     <span class='ocr_line' id='line_1_116' title="bbox 1478 2677 2537 2727; baseline 0.002 -12"><span class='ocrx_word' id='word_1_873' title='bbox 1478 2678 1646 2727; x_wconf 91' lang='lat' dir='ltr'>sequitur</span> <span class='ocrx_word' id='word_1_874' title='bbox 1675 2677 1901 2726; x_wconf 83' lang='lat' dir='ltr'>desperatio,</span> <span class='ocrx_word' id='word_1_875' title='bbox 1922 2678 1991 2714; x_wconf 92' lang='lat' dir='ltr'>sed</span> <span class='ocrx_word' id='word_1_876' title='bbox 2010 2679 2165 2727; x_wconf 90' lang='lat' dir='ltr'>quando</span> <span class='ocrx_word' id='word_1_877' title='bbox 2190 2678 2299 2716; x_wconf 88' lang='lat' dir='ltr'>fuerit</span> <span class='ocrx_word' id='word_1_878' title='bbox 2317 2679 2486 2717; x_wconf 91' lang='lat' dir='ltr'>intensus</span> <span class='ocrx_word' id='word_1_879' title='bbox 2500 2679 2537 2726; x_wconf 83' lang='lat'>*;</span> 
     </span>
     <span class='ocr_line' id='line_1_117' title="bbox 1477 2731 2575 2814; baseline 0.003 -47"><span class='ocrx_word' id='word_1_880' title='bbox 1477 2731 1528 2768; x_wconf 80' lang='lat' dir='ltr'>ita</span> <span class='ocrx_word' id='word_1_881' title='bbox 1561 2743 1606 2767; x_wconf 85' lang='lat' dir='ltr'>ex</span> <span class='ocrx_word' id='word_1_882' title='bbox 1640 2743 1707 2779; x_wconf 91' lang='lat' dir='ltr'>spe</span> <span class='ocrx_word' id='word_1_883' title='bbox 1744 2743 1823 2767; x_wconf 91' lang='lat' dir='ltr'>non</span> <span class='ocrx_word' id='word_1_884' title='bbox 1859 2741 2014 2779; x_wconf 86' lang='lat' dir='ltr'>semper</span> <span class='ocrx_word' id='word_1_885' title='bbox 2050 2731 2219 2779; x_wconf 85' lang='lat' dir='ltr'>sequitur</span> <span class='ocrx_word' id='word_1_886' title='bbox 2255 2732 2436 2780; x_wconf 80' lang='lat' dir='ltr'>audacia,</span> <span class='ocrx_word' id='word_1_887' title='bbox 2467 2733 2575 2814; x_wconf 44' lang='lat' dir='ltr'>sec?</span> 
     </span>
     <span class='ocr_line' id='line_1_118' title="bbox 1478 2783 2498 2833; baseline 0.001 -13"><span class='ocrx_word' id='word_1_888' title='bbox 1478 2783 1633 2833; x_wconf 87' lang='lat' dir='ltr'>quando</span> <span class='ocrx_word' id='word_1_889' title='bbox 1662 2783 1772 2820; x_wconf 77' lang='lat' dir='ltr'>fuerit</span> <span class='ocrx_word' id='word_1_890' title='bbox 1797 2784 2010 2821; x_wconf 83' lang='lat' dir='ltr'>vehemens</span> <span class='ocrx_word' id='word_1_891' title='bbox 2028 2783 2059 2820; x_wconf 72' lang='lat'>²⁸.</span> <span class='ocrx_word' id='word_1_892' title='bbox 2464 2800 2465 2803; x_wconf 45' lang='lat'>¹</span> <span class='ocrx_word' id='word_1_893' title='bbox 2487 2787 2498 2809; x_wconf 46' lang='grc' dir='ltr'>ἵν</span> 
     </span>
     <span class='ocr_line' id='line_1_119' title="bbox 1530 2835 2543 2886; baseline 0.003 -13"><span class='ocrx_word' id='word_1_894' title='bbox 1530 2838 1589 2874; x_wconf 85' lang='lat' dir='ltr'>An</span> <span class='ocrx_word' id='word_1_895' title='bbox 1603 2847 1763 2874; x_wconf 72' lang='grc' dir='ltr'>τΕιιτιυΜ</span> <span class='ocrx_word' id='word_1_896' title='bbox 1778 2847 1961 2874; x_wconf 62' lang='lat' dir='ltr'>mensuum</span> <span class='ocrx_word' id='word_1_897' title='bbox 1976 2836 2083 2886; x_wconf 89' lang='lat' dir='ltr'>quod</span> <span class='ocrx_word' id='word_1_898' title='bbox 2098 2836 2268 2886; x_wconf 88' lang='lat' dir='ltr'>audacia,</span> <span class='ocrx_word' id='word_1_899' title='bbox 2279 2837 2365 2874; x_wconf 88' lang='lat' dir='ltr'>licet</span> <span class='ocrx_word' id='word_1_900' title='bbox 2380 2837 2426 2875; x_wconf 86' lang='lat' dir='ltr'>sit</span> <span class='ocrx_word' id='word_1_901' title='bbox 2441 2835 2543 2877; x_wconf 52' lang='lat' dir='ltr'>circ&amp;</span> 
     </span>
     <span class='ocr_line' id='line_1_120' title="bbox 1478 2886 2541 2952; baseline 0.001 -24"><span class='ocrx_word' id='word_1_902' title='bbox 1478 2890 1624 2929; x_wconf 86' lang='lat' dir='ltr'>malum</span> <span class='ocrx_word' id='word_1_903' title='bbox 1653 2889 1712 2927; x_wconf 91' lang='lat' dir='ltr'>cui</span> <span class='ocrx_word' id='word_1_904' title='bbox 1742 2889 1988 2928; x_wconf 89' lang='lat' dir='ltr'>coniunctum</span> <span class='ocrx_word' id='word_1_905' title='bbox 2017 2897 2072 2928; x_wconf 89' lang='lat' dir='ltr'>est</span> <span class='ocrx_word' id='word_1_906' title='bbox 2100 2890 2245 2928; x_wconf 87' lang='lat' dir='ltr'>bonum</span> <span class='ocrx_word' id='word_1_907' title='bbox 2275 2889 2457 2929; x_wconf 85' lang='lat' dir='ltr'>victoriae</span> <span class='ocrx_word' id='word_1_908' title='bbox 2481 2886 2541 2952; x_wconf 58' lang='grc' dir='ltr'>ἐξ·</span> 
     </span>
    </p>
   </div>
   <div class='ocr_carea' id='block_1_28' title="bbox 1479 2937 2612 2994">
    <p class='ocr_par' dir='ltr' id='par_1_32' title="bbox 1479 2937 2612 2994">
     <span class='ocr_line' id='line_1_121' title="bbox 1479 2937 2612 2994; baseline -0.01 -13"><span class='ocrx_word' id='word_1_909' title='bbox 1479 2943 1648 2981; x_wconf 87' lang='lat' dir='ltr'>cundum</span> <span class='ocrx_word' id='word_1_910' title='bbox 1673 2941 1976 2982; x_wconf 84' lang='lat' dir='ltr'>aestimationem</span> <span class='ocrx_word' id='word_1_911' title='bbox 2005 2942 2160 2981; x_wconf 85' lang='lat' dir='ltr'>audacis</span> <span class='ocrx_word' id='word_1_912' title='bbox 2182 2940 2209 2991; x_wconf 62' lang='grc' dir='ltr'>ὃ,</span> <span class='ocrx_word' id='word_1_913' title='bbox 2231 2950 2361 2983; x_wconf 80' lang='lat' dir='ltr'>tamen</span> <span class='ocrx_word' id='word_1_914' title='bbox 2390 2937 2541 2994; x_wconf 52' lang='grc' dir='ltr'>ςρφὶξῇ</span> <span class='ocrx_word' id='word_1_915' title='bbox 2583 2937 2612 2971; x_wconf 69' lang='lat'>3-1&#39;.</span> 
     </span>
    </p>
   </div>
   <div class='ocr_carea' id='block_1_29' title="bbox 1474 2996 2542 3321">
    <p class='ocr_par' dir='ltr' id='par_1_33' title="bbox 1474 2996 2542 3311">
     <span class='ocr_line' id='line_1_122' title="bbox 1478 2996 2542 3046; baseline 0.002 -13"><span class='ocrx_word' id='word_1_916' title='bbox 1478 2996 1644 3033; x_wconf 86' lang='lat' dir='ltr'>malurn:</span> <span class='ocrx_word' id='word_1_917' title='bbox 1674 2996 1820 3033; x_wconf 89' lang='lat' dir='ltr'>bonum</span> <span class='ocrx_word' id='word_1_918' title='bbox 1839 3007 1936 3033; x_wconf 84' lang='lat' dir='ltr'>vero</span> <span class='ocrx_word' id='word_1_919' title='bbox 1959 2996 2181 3034; x_wconf 81' lang='lat' dir='ltr'>adiunctum</span> <span class='ocrx_word' id='word_1_920' title='bbox 2199 2996 2351 3046; x_wconf 86' lang='lat' dir='ltr'>respicit</span> <span class='ocrx_word' id='word_1_921' title='bbox 2369 3009 2473 3046; x_wconf 50' lang='lat' dir='ltr'>spese</span> <span class='ocrx_word' id='word_1_922' title='bbox 2488 2996 2542 3046; x_wconf 66' lang='lat' dir='ltr'>Et.</span> 
     </span>
     <span class='ocr_line' id='line_1_123' title="bbox 1478 3048 2542 3099; baseline 0.002 -13"><span class='ocrx_word' id='word_1_923' title='bbox 1478 3049 1646 3086; x_wconf 89' lang='lat' dir='ltr'>similiter</span> <span class='ocrx_word' id='word_1_924' title='bbox 1673 3048 1889 3098; x_wconf 84' lang='lat' dir='ltr'>desperatio</span> <span class='ocrx_word' id='word_1_925' title='bbox 1907 3049 2058 3098; x_wconf 86' lang='lat' dir='ltr'>respicit</span> <span class='ocrx_word' id='word_1_926' title='bbox 2081 3050 2227 3086; x_wconf 84' lang='lat' dir='ltr'>bonum</span> <span class='ocrx_word' id='word_1_927' title='bbox 2255 3049 2408 3098; x_wconf 85' lang='lat' dir='ltr'>directe,</span> <span class='ocrx_word' id='word_1_928' title='bbox 2432 3049 2542 3099; x_wconf 63' lang='lat' dir='ltr'>quaa</span> 
     </span>
     <span class='ocr_line' id='line_1_124' title="bbox 1477 3102 2535 3156; baseline 0.003 -17"><span class='ocrx_word' id='word_1_929' title='bbox 1477 3102 1631 3151; x_wconf 83' lang='lat' dir='ltr'>refugit:</span> <span class='ocrx_word' id='word_1_930' title='bbox 1665 3102 1810 3139; x_wconf 85' lang='lat' dir='ltr'>malum</span> <span class='ocrx_word' id='word_1_931' title='bbox 1837 3113 1932 3139; x_wconf 87' lang='lat' dir='ltr'>vero</span> <span class='ocrx_word' id='word_1_932' title='bbox 1970 3102 2191 3140; x_wconf 87' lang='lat' dir='ltr'>adiunctum</span> <span class='ocrx_word' id='word_1_933' title='bbox 2226 3102 2378 3151; x_wconf 82' lang='lat' dir='ltr'>respicit</span> <span class='ocrx_word' id='word_1_934' title='bbox 2412 3102 2535 3156; x_wconf 58' lang='lat' dir='ltr'>timor.</span> 
     </span>
     <span class='ocr_line' id='line_1_125' title="bbox 1476 3154 2536 3214; baseline 0.003 -21"><span class='ocrx_word' id='word_1_935' title='bbox 1476 3155 1600 3214; x_wconf 84' lang='lat' dir='ltr'>Unde,</span> <span class='ocrx_word' id='word_1_936' title='bbox 1629 3154 1781 3206; x_wconf 89' lang='lat' dir='ltr'>proprie</span> <span class='ocrx_word' id='word_1_937' title='bbox 1817 3155 2035 3204; x_wconf 89' lang='lat' dir='ltr'>loquendo,</span> <span class='ocrx_word' id='word_1_938' title='bbox 2064 3155 2226 3194; x_wconf 82' lang='lat' dir='ltr'>audacia</span> <span class='ocrx_word' id='word_1_939' title='bbox 2253 3167 2333 3194; x_wconf 91' lang='lat' dir='ltr'>non</span> <span class='ocrx_word' id='word_1_940' title='bbox 2361 3160 2421 3197; x_wconf 88' lang='lat' dir='ltr'>est</span> <span class='ocrx_word' id='word_1_941' title='bbox 2429 3157 2536 3211; x_wconf 50' lang='lat' dir='ltr'>pars</span> 
     </span>
     <span class='ocr_line' id='line_1_126' title="bbox 1477 3199 2539 3258; baseline 0 -12"><span class='ocrx_word' id='word_1_942' title='bbox 1477 3208 1568 3257; x_wconf 89' lang='lat' dir='ltr'>spei,</span> <span class='ocrx_word' id='word_1_943' title='bbox 1598 3207 1667 3247; x_wconf 85' lang='lat' dir='ltr'>sed</span> <span class='ocrx_word' id='word_1_944' title='bbox 1695 3207 1779 3246; x_wconf 84' lang='lat' dir='ltr'>eius</span> <span class='ocrx_word' id='word_1_945' title='bbox 1805 3206 1983 3246; x_wconf 74' lang='lat' dir='ltr'>effectus:</span> <span class='ocrx_word' id='word_1_946' title='bbox 2014 3207 2109 3246; x_wconf 86' lang='lat' dir='ltr'>sieut</span> <span class='ocrx_word' id='word_1_947' title='bbox 2137 3221 2208 3247; x_wconf 89' lang='lat' dir='ltr'>nec</span> <span class='ocrx_word' id='word_1_948' title='bbox 2240 3199 2452 3258; x_wconf 67' lang='lat' dir='ltr'>desperatio</span> <span class='ocrx_word' id='word_1_949' title='bbox 2481 3206 2539 3253; x_wconf 59' lang='lat' dir='ltr'>est</span> 
     </span>
     <span class='ocr_line' id='line_1_127' title="bbox 1474 3260 2537 3321; baseline 0 -23"><span class='ocrx_word' id='word_1_950' title='bbox 1474 3273 1563 3321; x_wconf 80' lang='lat' dir='ltr'>pars</span> <span class='ocrx_word' id='word_1_951' title='bbox 1590 3261 1757 3308; x_wconf 77' lang='lat' dir='ltr'>timoris,</span> <span class='ocrx_word' id='word_1_952' title='bbox 1785 3260 1855 3298; x_wconf 87' lang='lat' dir='ltr'>sed</span> <span class='ocrx_word' id='word_1_953' title='bbox 1883 3261 1964 3298; x_wconf 83' lang='lat' dir='ltr'>eius</span> <span class='ocrx_word' id='word_1_954' title='bbox 2000 3261 2168 3299; x_wconf 82' lang='lat' dir='ltr'>effectus.</span> <span class='ocrx_word' id='word_1_955' title='bbox 2203 3262 2253 3300; x_wconf 83' lang='lat' dir='ltr'>Et</span> <span class='ocrx_word' id='word_1_956' title='bbox 2278 3268 2436 3311; x_wconf 81' lang='lat' dir='ltr'>propter.</span> <span class='ocrx_word' id='word_1_957' title='bbox 2457 3261 2537 3299; x_wconf 77' lang='lat' dir='ltr'>hoc</span> 
     </span>
    </p>
   </div>
   <div class='ocr_carea' id='block_1_30' title="bbox 2591 2642 2748 2672">
    <p class='ocr_par' dir='ltr' id='par_1_34' title="bbox 2591 2642 2748 2672">
     <span class='ocr_line' id='line_1_128' title="bbox 2591 2642 2748 2672; baseline 0 -7"><span class='ocrx_word' id='word_1_958' title='bbox 2591 2642 2621 2665; x_wconf 88' lang='lat' dir='ltr'>D.</span> <span class='ocrx_word' id='word_1_959' title='bbox 2634 2642 2684 2672; x_wconf 73' lang='lat'>25⁶,</span> <span class='ocrx_word' id='word_1_960' title='bbox 2697 2649 2748 2672; x_wconf 76' lang='lat'><strong>⁴5⁵·</strong></span> 
     </span>
    </p>
   </div>
   <div class='ocr_carea' id='block_1_31' title="bbox 2568 2690 2687 2719">
    <p class='ocr_par' dir='ltr' id='par_1_35' title="bbox 2568 2690 2687 2719">
     <span class='ocr_line' id='line_1_129' title="bbox 2568 2690 2687 2719; baseline 0.017 -7"><span class='ocrx_word' id='word_1_961' title='bbox 2568 2692 2577 2702; x_wconf 88' lang='grc'><strong>’</strong></span> <span class='ocrx_word' id='word_1_962' title='bbox 2591 2690 2620 2712; x_wconf 89' lang='lat' dir='ltr'>D.</span> <span class='ocrx_word' id='word_1_963' title='bbox 2635 2691 2687 2719; x_wconf 78' lang='lat'>456.</span> 
     </span>
    </p>
   </div>
   <div class='ocr_carea' id='block_1_32' title="bbox 2565 2797 2679 2826">
    <p class='ocr_par' dir='ltr' id='par_1_36' title="bbox 2565 2797 2679 2826">
     <span class='ocr_line' id='line_1_130' title="bbox 2565 2797 2679 2826; baseline -0.011 -4.733"><span class='ocrx_word' id='word_1_964' title='bbox 2565 2797 2619 2821; x_wconf 79' lang='lat' dir='ltr'>D.</span> <span class='ocrx_word' id='word_1_965' title='bbox 2631 2803 2679 2826; x_wconf 78' lang='lat'><strong>³57·</strong></span> 
     </span>
    </p>
   </div>
   <div class='ocr_carea' id='block_1_33' title="bbox 2596 3278 2776 3332">
    <p class='ocr_par' dir='ltr' id='par_1_37' title="bbox 2596 3278 2776 3332">
     <span class='ocr_line' id='line_1_131' title="bbox 2596 3278 2776 3332; baseline 0.006 -7"><span class='ocrx_word' id='word_1_966' title='bbox 2596 3278 2776 3332; x_wconf 47' lang='lat' dir='ltr'>erclen-xxv,</span> 
     </span>
    </p>
   </div>
   <div class='ocr_carea' id='block_1_34' title="bbox 1477 3303 2761 3364">
    <p class='ocr_par' dir='ltr' id='par_1_38' title="bbox 1477 3303 2761 3364">
     <span class='ocr_line' id='line_1_132' title="bbox 1477 3303 2761 3364; baseline 0.002 -14"><span class='ocrx_word' id='word_1_967' title='bbox 1477 3314 1596 3351; x_wconf 81' lang='lat' dir='ltr'>etiarn</span> <span class='ocrx_word' id='word_1_968' title='bbox 1606 3314 1766 3352; x_wconf 82' lang='lat' dir='ltr'>audacia</span> <span class='ocrx_word' id='word_1_969' title='bbox 1775 3313 1991 3363; x_wconf 80' lang='lat' dir='ltr'>principalis</span> <span class='ocrx_word' id='word_1_970' title='bbox 2010 3315 2136 3364; x_wconf 87' lang='lat' dir='ltr'>passio</span> <span class='ocrx_word' id='word_1_971' title='bbox 2158 3326 2240 3352; x_wconf 86' lang='lat' dir='ltr'>esse</span> <span class='ocrx_word' id='word_1_972' title='bbox 2259 3326 2337 3352; x_wconf 84' lang='lat' dir='ltr'>non</span> <span class='ocrx_word' id='word_1_973' title='bbox 2347 3319 2360 3339; x_wconf 82' lang='lat'>⁸</span> <span class='ocrx_word' id='word_1_974' title='bbox 2369 3314 2533 3363; x_wconf 54' lang='lat' dir='ltr'>potoet‘.</span> <span class='ocrx_word' id='word_1_975' title='bbox 2563 3303 2605 3352; x_wconf 54' lang='lat' dir='ltr'>in.</span> <span class='ocrx_word' id='word_1_976' title='bbox 2619 3318 2643 3358; x_wconf 68' lang='grc' dir='ltr'>ζ,</span> <span class='ocrx_word' id='word_1_977' title='bbox 2657 3329 2686 3352; x_wconf 71' lang='lat' dir='ltr'>aa</span> <span class='ocrx_word' id='word_1_978' title='bbox 2701 3335 2726 3358; x_wconf 77' lang='lat'>2,</span> <span class='ocrx_word' id='word_1_979' title='bbox 2739 3335 2761 3358; x_wconf 77' lang='lat'>³·</span> 
     </span>
    </p>
   </div>
   <div class='ocr_carea' id='block_1_35' title="bbox 1041 3390 1636 3393">
    <p class='ocr_par' dir='ltr' id='par_1_39' title="bbox 1041 3390 1636 3393">
     <span class='ocr_line' id='line_1_133' title="bbox 1041 3390 1636 3393; baseline 0 0"><span class='ocrx_word' id='word_1_980' title='bbox 1041 3390 1636 3393; x_wconf 95' lang='lat' dir='ltr'> </span> 
     </span>
    </p>
   </div>
   <div class='ocr_carea' id='block_1_36' title="bbox 362 3419 1422 3524">
    <p class='ocr_par' dir='ltr' id='par_1_40' title="bbox 362 3419 1422 3524">
     <span class='ocr_line' id='line_1_134' title="bbox 417 3419 781 3453; baseline -0.006 -7"><span class='ocrx_word' id='word_1_981' title='bbox 417 3421 443 3453; x_wconf 84' lang='grc' dir='ltr'>α)</span> <span class='ocrx_word' id='word_1_982' title='bbox 463 3425 497 3446; x_wconf 85' lang='lat' dir='ltr'>et.</span> <span class='ocrx_word' id='word_1_983' title='bbox 516 3435 534 3441; x_wconf 92' lang='lat'>-</span> <span class='ocrx_word' id='word_1_984' title='bbox 554 3420 614 3445; x_wconf 92' lang='lat' dir='ltr'>Om.</span> <span class='ocrx_word' id='word_1_985' title='bbox 634 3419 781 3445; x_wconf 85' lang='lat' dir='ltr'>ADEFGK.</span> 
     </span>
     <span class='ocr_line' id='line_1_135' title="bbox 417 3454 1422 3489; baseline -0.002 -8"><span class='ocrx_word' id='word_1_986' title='bbox 417 3455 441 3489; x_wconf 74' lang='grc' dir='ltr'>β)</span> <span class='ocrx_word' id='word_1_987' title='bbox 462 3463 512 3481; x_wconf 83' lang='lat' dir='ltr'>non</span> <span class='ocrx_word' id='word_1_988' title='bbox 532 3455 702 3488; x_wconf 74' lang='lat' dir='ltr'>consequitur</span> <span class='ocrx_word' id='word_1_989' title='bbox 720 3461 800 3486; x_wconf 84' lang='lat' dir='ltr'>spem.</span> <span class='ocrx_word' id='word_1_990' title='bbox 818 3467 837 3473; x_wconf 89' lang='lat'><em>-</em></span> <span class='ocrx_word' id='word_1_991' title='bbox 855 3462 908 3479; x_wconf 74' lang='lat' dir='ltr'>non</span> <span class='ocrx_word' id='word_1_992' title='bbox 927 3455 1098 3486; x_wconf 68' lang='lat' dir='ltr'>consentitur</span> <span class='ocrx_word' id='word_1_993' title='bbox 1120 3454 1328 3487; x_wconf 75' lang='lat' dir='ltr'>desperationem</span> <span class='ocrx_word' id='word_1_994' title='bbox 1354 3454 1422 3479; x_wconf 81' lang='lat' dir='ltr'>ACD</span> 
     </span>
     <span class='ocr_line' id='line_1_136' title="bbox 362 3469 1040 3524; baseline -0.003 -8"><span class='ocrx_word' id='word_1_995' title='bbox 362 3487 515 3524; x_wconf 81' lang='lat' dir='ltr'>EGleBH,</span> <span class='ocrx_word' id='word_1_996' title='bbox 533 3490 702 3523; x_wconf 80' lang='lat' dir='ltr'>consequitur</span> <span class='ocrx_word' id='word_1_997' title='bbox 720 3490 930 3522; x_wconf 76' lang='lat' dir='ltr'>desperationem</span> <span class='ocrx_word' id='word_1_998' title='bbox 950 3469 1040 3515; x_wconf 76' lang='lat' dir='ltr'>Fxsi3.</span> 
     </span>
    </p>
   </div>
   <div class='ocr_carea' id='block_1_37' title="bbox 1530 3419 2229 3523">
    <p class='ocr_par' dir='ltr' id='par_1_41' title="bbox 1530 3419 2229 3523">
     <span class='ocr_line' id='line_1_137' title="bbox 1530 3419 2229 3452; baseline 0.001 -7"><span class='ocrx_word' id='word_1_999' title='bbox 1530 3421 1556 3452; x_wconf 82' lang='grc' dir='ltr'>γ)</span> <span class='ocrx_word' id='word_1_1000' title='bbox 1577 3421 1713 3445; x_wconf 80' lang='lat' dir='ltr'>insecutio.</span> <span class='ocrx_word' id='word_1_1001' title='bbox 1730 3434 1749 3439; x_wconf 93' lang='lat'>-</span> <span class='ocrx_word' id='word_1_1002' title='bbox 1767 3420 1944 3452; x_wconf 78' lang='lat' dir='ltr'>inprosecutio</span> <span class='ocrx_word' id='word_1_1003' title='bbox 1963 3420 1994 3451; x_wconf 88' lang='lat' dir='ltr'>K,</span> <span class='ocrx_word' id='word_1_1004' title='bbox 2010 3421 2163 3452; x_wconf 80' lang='lat' dir='ltr'>prosecutio</span> <span class='ocrx_word' id='word_1_1005' title='bbox 2182 3419 2229 3446; x_wconf 71' lang='lat' dir='ltr'>Pa.</span> 
     </span>
     <span class='ocr_line' id='line_1_138' title="bbox 1530 3454 1923 3487; baseline 0 -7"><span class='ocrx_word' id='word_1_1006' title='bbox 1530 3454 1555 3487; x_wconf 85' lang='grc' dir='ltr'>δ)</span> <span class='ocrx_word' id='word_1_1007' title='bbox 1574 3456 1693 3480; x_wconf 78' lang='lat' dir='ltr'>audacis.</span> <span class='ocrx_word' id='word_1_1008' title='bbox 1711 3469 1730 3475; x_wconf 90' lang='lat'>·-</span> <span class='ocrx_word' id='word_1_1009' title='bbox 1747 3455 1878 3480; x_wconf 75' lang='lat' dir='ltr'>audaciae</span> <span class='ocrx_word' id='word_1_1010' title='bbox 1896 3455 1923 3479; x_wconf 88' lang='grc' dir='ltr'>Ρ.</span> 
     </span>
     <span class='ocr_line' id='line_1_139' title="bbox 1530 3490 1814 3523; baseline 0.004 -8"><span class='ocrx_word' id='word_1_1011' title='bbox 1530 3491 1552 3523; x_wconf 86' lang='grc' dir='ltr'>ε)</span> <span class='ocrx_word' id='word_1_1012' title='bbox 1572 3498 1632 3516; x_wconf 83' lang='grc' dir='ltr'>ηοη.</span> <span class='ocrx_word' id='word_1_1013' title='bbox 1650 3504 1669 3510; x_wconf 90' lang='grc'>-</span> <span class='ocrx_word' id='word_1_1014' title='bbox 1687 3491 1750 3516; x_wconf 82' lang='grc' dir='ltr'>Οιιι.</span> <span class='ocrx_word' id='word_1_1015' title='bbox 1768 3490 1814 3516; x_wconf 82' lang='lat' dir='ltr'>Pa.</span> 
     </span>
    </p>
   </div>
  </div>
 </body>
</html>
