2846 4146
164 368 174 379 *
185 367 255 389 Num.
270 367 374 394 praeced.

169 452 175 460 ·
186 451 232 478 Qu.
242 456 296 476 nvn,
307 453 348 471 art.
356 456 376 477 5,

168 477 299 498 Commem.
311 482 377 497 num.

167 509 247 550 ιηέιι.
260 508 322 529 ινιιι,
334 506 376 524 art.

166 535 186 557 5.
222 535 286 550 omm
292 532 337 550 ent.
352 535 375 550 n.

165 561 205 576 vn.

162 1686 169 1694 ¹
182 1685 229 1712 Qu.
238 1690 294 1712 uu,
302 1688 343 1707 art.
351 1691 372 1713 3.

158 2003 164 2010 ·
183 1999 239 2027 Cap.
253 2006 292 2021 vu.

156 2526 167 2536 '³
181 2518 247 2548 vers.
261 2532 294 2555 33.

199 2747 257 2763 1'.¹.

401 243 478 289 416

407 323 484 353 dum
507 321 606 363 ipsius
630 324 787 363 appetitus
811 324 1060 365 dispositionem.
1086 324 1202 361 Quoad
1226 323 1355 362 dirigere
1377 332 1462 358 vero,

406 374 441 397 ut
464 367 584 397 dictum
601 374 646 397 est
661 367 687 403 *,
702 367 770 408 ipsa
790 367 1006 398 intellectualis
1030 368 1127 399 virtus
1149 374 1194 398 est
1212 367 1332 407 regula;
1358 372 1388 396 et
1404 375 1461 395 no-

407 417 470 441 stro
495 411 608 440 lumini
628 411 756 441 rationis
780 411 927 442 naturalis
952 419 981 442 et
1007 411 1158 452 appetitui
1179 416 1460 445 commensuratur,

406 461 441 485 ut
465 454 608 494 superius
622 454 639 473 *
655 455 845 486 declaratum
869 455 938 485 fuit.

460 498 581 528 Eadem
604 499 698 529 etiam
714 499 842 534 ratione,
859 498 982 529 virtutis
1001 497 1217 528 intellectualis
1237 497 1412 527 secundum
1429 506 1460 526 se

405 552 561 578 mensura,
579 552 635 573 nec
650 543 803 582 practicae
819 553 876 572 nec
892 541 1101 582 speculativae
1122 548 1168 571 est
1190 540 1319 580 aliquod
1338 539 1459 570 virtutis

404 593 521 626 genus:
546 587 767 626 procederetur
789 586 873 616 enim
890 586 920 616 in
937 585 1106 615 infinitum.
1127 584 1188 614 Sed
1212 584 1366 614 virtutum
1389 593 1458 613 mo-

405 629 519 660 ralium
531 640 677 660 mensura
693 630 766 670 quia
782 637 826 660 est
850 629 1009 659 obiectum
1033 635 1138 658 nostra
1162 628 1211 657 vel
1230 627 1335 657 divina
1352 627 1462 668 regula

406 673 632 709 modificatum,
654 673 725 704 ideo
749 673 834 703 aliud
857 673 1009 703 virtutum
1033 682 1141 712 genus,
1159 671 1198 701 ad
1214 671 1301 711 quod
1325 671 1459 711 pertinet

1071 245 1336 292 QUAESTIO
1367 244 1505 291 LXIV,
1535 244 1829 282 ARTICULUS
1859 245 1910 282 lV

1515 331 1662 352 mensura
1685 322 1748 358 illa,
1766 333 1914 354 mensura
1937 330 1993 354 est.
2016 324 2206 366 Aliquarum
2221 332 2328 356 autem
2351 325 2504 358 virtutum
2527 326 2575 356 in-

1514 365 1756 403 tellectualium,
1782 373 1858 407 puta
1881 367 2065 406 prudentiae
2090 375 2120 399 et
2142 369 2298 406 scientiae,
2323 379 2405 410 quae
2428 370 2467 401 ad
2490 370 2575 410 prin-

1515 409 1595 449 cipia
1618 419 1673 449 per
1692 419 1724 440 se
1748 417 1823 440 nota
1840 410 2066 448 examinantur,
2091 423 2238 443 mensura
2258 423 2388 455 quoque
2405 413 2492 444 aliud
2514 414 2574 444 vir—

1514 459 1620 483 tutum
1643 463 1742 493 genus
1766 454 1942 484 secundum
1966 464 1997 484 se
2021 461 2053 486 et
2074 465 2111 486 ex
2133 464 2220 497 parte
2244 463 2351 487 nostra
2374 463 2430 488 est.
2453 457 2572 488 Prima-

1513 506 1585 526 rum
1609 503 1716 526 autern
1739 497 1892 528 virtutum
1914 497 2183 536 intellectualium,
2206 500 2323 531 scilicet
2344 499 2521 532 intellectus
2544 508 2575 532 et

1514 540 1704 580 synderesis,
1730 550 1878 571 mensura
1901 541 1995 572 etiam
2018 552 2055 573 ex
2077 551 2164 583 parte
2187 544 2287 575 nostri
2309 553 2375 575 non
2399 551 2446 575 est
2468 544 2575 585 aliqua

1512 583 1630 614 virtus:
1655 585 1708 615 sed
1733 585 1838 615 solum
1861 585 2002 617 naturale
2025 586 2134 618 lumen
2157 598 2194 619 ex
2217 595 2303 628 parte
2331 595 2447 625 nostra,
2472 594 2503 619 et
2525 598 2574 619 res

1513 627 1638 701 ccggnita
1661 629 1836 659 secundum
1861 638 1902 659 se.
1926 647 1946 651 -
1969 629 2010 660 Et
2033 630 2076 662 sic
2099 638 2184 671 patet
2206 632 2371 672 responsio
2399 632 2439 662 ad
2466 632 2574 662 omnia

1512 681 1532 701 o
1556 678 1643 702 iecta.

1355 747 1547 755 ΝΜ
1553 749 1618 759 ’Μ

1177 815 1493 857 ARTICULUS
1524 815 1794 867 QUARTUS

858 900 1010 930 UTRUM
1034 899 1250 930 V1RTUTEs
1274 899 1588 930 THEOLOGICAE
1613 899 1883 932 CONstsTANT
1907 902 1949 932 IN
1973 902 2111 933 MEDIO

713 979 743 1002 ΙΙ·
763 978 814 1008 ΙΙ··,
835 986 877 1010 qu.
896 985 955 1007 xvn,
974 983 1021 1002 art.
1042 977 1065 1008 5,
1083 978 1115 1002 ad
1136 985 1164 1008 2;
1185 978 1215 1002 111
1235 978 1316 1005 Sent„
1337 977 1395 1002 dist.
1414 985 1498 1006 xxxm,
1517 985 1562 1010 qu.
1581 986 1599 1008 1,
1618 983 1664 1003 art.
1686 978 1707 1008 3,
1729 980 1776 1011 qu·
1795 987 1826 1010 4;
1847 980 1888 1004 De
1911 980 2015 1009 Vir-tut„
2036 988 2078 1013 qu.
2098 988 2115 1012 1,
2135 986 2181 1006 art.
2205 981 2248 1012 ¹33

965 1021 1008 1045 qu.
1028 1021 1054 1042 11,
1073 1018 1119 1038 art.
1140 1020 1163 1044 2,
1179 1013 1210 1037 ad
1233 1020 1270 1042 10,
1290 1012 1336 1043 13;
1356 1020 1400 1045 qu.
1420 1020 1452 1041 ιν,
1473 1018 1519 1037 art.
1537 1020 1554 1043 1,
1575 1014 1606 1037 ad
1626 1021 1655 1045 75
1675 1014 1762 1041 Rom..
1779 1022 1834 1047 cap.
1852 1022 1895 1045 xn.
1916 1016 1974 1040 lect.
1988 1023 2005 1040 1.

489 1110 497 1123 »
517 1109 561 1132 ⁶12
576 1112 591 1126 -ι
613 1107 634 1131 D
655 1105 826 1136 QUARTUM
846 1105 898 1130 sm
919 1105 1156 1130 PROCEDITUR.
1177 1092 1336 1129 Videtur
1351 1092 1455 1141 quod

611 1147 729 1183 virtus
744 1145 955 1194 theologica
971 1146 1147 1182 consistat
1166 1145 1204 1182 in
1223 1145 1364 1182 medio.
1381 1146 1455 1181 Bo—

406 1200 1220 1299 -·ffi²5313¹¹¹s¹¹3d³23¹51‡2¹1{331²52532
1233 1205 1399 1287 “5533ss
1418 1210 1456 1287 ἒξ

401 1306 566 1343 bonitate
582 1305 671 1342 alias
680 1305 846 1342 virtutes.
860 1306 960 1352 Ergo
976 1304 1095 1341 virtus
1109 1304 1320 1352 theologica
1336 1304 1455 1341 multo

401 1359 519 1407 magis
541 1366 595 1395 est
613 1358 651 1395 in
671 1357 811 1395 medio.

454 1424 488 1450 2.
510 1412 741 1458 PRAETEREA,
762 1410 932 1447 medium
952 1409 1097 1446 virtutis
1117 1409 1306 1458 accipitur,
1330 1421 1455 1446 mora-

400 1465 442 1501 lis
463 1470 479 1486 α
499 1464 654 1512 quidem
679 1463 890 1500 secundum
920 1462 1026 1511 quod
1053 1463 1241 1511 appetitus
1267 1463 1456 1510 regulatur

399 1530 468 1567 per
487 1517 691 1562 rationem;
713 1516 968 1553 intellectualis
987 1528 1081 1552 vero
1111 1515 1321 1553 seeundum
1350 1515 1454 1565 quod

399 1571 606 1608 intellectus
621 1577 748 1606 noster
763 1576 1003 1606 mensuratur
1018 1581 1039 1605 a
1055 1581 1106 1605 re.
1125 1569 1201 1606 Sed
1215 1568 1334 1605 virtus
1348 1569 1453 1605 theo-

399 1623 519 1671 logica
547 1631 583 1660 et
606 1622 752 1672 perficit
776 1621 1017 1668 intellectum,
1039 1630 1075 1658 et
1094 1621 1313 1671 appetitum,
1335 1629 1375 1658 ut
1394 1634 1453 1658 su-

398 1689 467 1726 pra
481 1676 500 1698 '¹‘
521 1676 661 1713 dictum
679 1683 743 1712 est.
760 1676 861 1722 Ergo
878 1674 989 1711 etiam
1004 1674 1124 1711 virtus
1139 1674 1350 1722 theologica
1367 1687 1453 1711 con-

400 1729 491 1766 sistit
510 1729 549 1766 in
568 1727 708 1766 medio.
1288 1771 1293 1776 “

454 1783 487 1819 3.
510 1782 740 1827 PRAETEREA,
767 1792 852 1829 spes
881 1792 978 1827 quae
1004 1787 1057 1816 est
1084 1780 1202 1816 virtus
1231 1780 1452 1828 theologica,

399 1834 569 1871 medium
591 1841 645 1870 est
664 1834 759 1870 inter
784 1832 1084 1881 desperationem
1115 1840 1151 1868 et
1179 1833 1452 1881 praesumptio-

396 1899 497 1924 nem.
516 1886 692 1923 Similiter
713 1886 820 1922 etiam
839 1885 934 1922 fides
954 1885 1091 1922 incedit
1105 1885 1231 1921 media
1250 1885 1346 1921 inter
1365 1898 1453 1922 con-

396 1939 528 1976 trarias
544 1939 730 1985 haereses,
742 1946 782 1974 ut
796 1938 952 1974 Boetius
968 1937 1066 1983 dicit,
1078 1937 1116 1974 in
1131 1938 1286 1974 libro*de
1294 1939 1453 1975 Duabus

395 1992 600 2029 Naturis*:
617 1991 721 2039 quod
742 1990 842 2027 enim
864 1990 1090 2027 confitemur
1109 1990 1146 2026 in
1167 1990 1314 2027 Christo
1335 2003 1452 2028 unam

395 2057 599 2094 personam
628 2053 663 2081 et
684 2044 777 2081 duas
797 2051 961 2090 naturas,
982 2043 1153 2080 medium
1175 2051 1230 2080 est
1249 2044 1344 2080 inter
1362 2044 1450 2081 hae-

395 2098 508 2136 resim
537 2097 713 2144 Nestorii,
744 2096 809 2144 qui
838 2096 925 2133 dicit
953 2097 1048 2134 duas
1080 2108 1264 2145 personas
1294 2105 1329 2134 et
1358 2098 1452 2135 duas

394 2159 566 2196 naturas;
596 2158 632 2187 et
659 2149 845 2187 haeresim
877 2148 1078 2198 Eutychis,
1114 2149 1177 2198 qui
1212 2150 1300 2186 dicit
1333 2163 1450 2189 unam

392 2216 598 2254 personam
626 2211 662 2240 et
693 2215 810 2240 unam
848 2210 1033 2240 naturam.
1063 2203 1165 2250 Ergo
1195 2202 1313 2240 virtus
1345 2204 1450 2241 theo-

393 2257 513 2305 logica
542 2256 708 2293 consistit
735 2256 774 2292 in
803 2255 943 2292 medio.

448 2311 521 2346 SED
542 2321 698 2355 CONTRA,
719 2308 756 2344 in
778 2308 956 2344 omnibus
975 2307 1012 2343 in
1033 2308 1169 2356 quibus
1190 2308 1357 2345 consistit
1375 2309 1449 2346 vir-

393 2370 452 2399 tus
472 2362 509 2399 in
526 2362 665 2408 medio,
683 2361 861 2408 contingit
876 2372 1033 2409 peccare
1048 2373 1116 2409 per
1132 2373 1339 2408 excessum,
1356 2362 1449 2399 sicut

394 2423 429 2452 et
443 2428 510 2463 per
525 2415 724 2452 defectum.
743 2414 819 2450 Sed
835 2413 931 2450 circa
951 2414 1090 2459 Deum,
1107 2413 1171 2461 qui
1187 2422 1242 2450 est
1256 2414 1447 2452 obiectum

391 2468 537 2505 virtutis
556 2467 799 2515 theologicae,
820 2479 898 2503 non
922 2466 1100 2513 contingit
1119 2479 1277 2515 peccare
1299 2480 1369 2516 per
1388 2481 1449 2504 ex-

392 2533 560 2557 cessum:
592 2520 725 2557 dicitur
757 2520 857 2556 enim
879 2519 994 2556 Eccli.
1013 2518 1157 2556 XL111*:
1186 2519 1448 2557 Benedicentes

391 2575 526 2619 Deum,
564 2573 725 2610 exaltate
760 2572 863 2609 illum
901 2577 1081 2620 quantum
1113 2573 1286 2620 potestis.-
1323 2574 1448 2610 maior

391 2627 488 2664 enim
517 2632 571 2663 est
596 2626 700 2663 omni
725 2625 846 2662 laude.
869 2626 970 2672 Ergo
999 2625 1116 2661 virtus
1135 2625 1347 2673 theologica
1366 2638 1444 2664 non

391 2679 556 2717 consistit
582 2679 620 2715 in
649 2678 789 2716 medio.

442 2734 665 2769 RESPONDEO
694 2742 877 2768 memnon
906 2730 1023 2778 quod,
1049 2730 1143 2767 sicut
1172 2731 1311 2768 dictum
1341 2739 1396 2769 est
1413 2732 1444 2778 ²¹²,

389 2785 558 2823 medium
585 2785 731 2822 virtutis
759 2783 938 2832 accipitur
965 2795 1033 2832 per
1066 2784 1369 2821 conformitatem
1397 2785 1444 2822 ad

388 2851 496 2875 suam
532 2839 699 2885 regulam
732 2838 794 2874 vel
821 2849 1059 2884 mensuram,
1093 2837 1304 2874 secundum
1341 2838 1444 2886 quod

388 2891 566 2939 contingit
593 2891 714 2940 ipsam
742 2890 1006 2927 transcendere
1031 2890 1092 2926 vel
1122 2891 1169 2926 ab
1199 2902 1243 2926 ea
1267 2890 1442 2928 deficere.

385 2944 537 2981 Virtutis
565 2952 692 2981 autem
725 2943 960 2990 theologicae
993 2942 1131 2991 duplex
1165 2950 1289 2991 potest
1325 2943 1443 2992 accipi

386 3009 574 3034 mensura.
596 2998 681 3034 Una
700 2997 854 3044 quidem
885 2995 1095 3032 secundum
1116 2995 1237 3044 ipsam
1258 2996 1443 3033 rationem

385 3050 541 3086 virtutis.
562 3051 612 3086 Et
630 3049 682 3086 sic
710 3062 889 3086 mensura
910 3057 946 3085 et
971 3049 1098 3095 regula
1125 3049 1270 3085 virtutis
1298 3049 1442 3086 theolo-

385 3103 488 3151 gicae
519 3110 573 3139 est
601 3103 680 3151 ipse
709 3103 831 3139 Deus:
853 3102 949 3140 fides
979 3101 1079 3138 enim
1099 3109 1226 3138 nostra
1255 3103 1443 3150 regulatur

385 3155 596 3193 secundum
624 3155 822 3192 veritatem
844 3154 1036 3200 divinam,
1067 3154 1198 3191 caritas
1227 3162 1355 3192 autem
1384 3168 1440 3192 se-

386 3209 553 3246 cundum
591 3207 798 3244 bonitatem
829 3208 927 3254 eius,
958 3220 1044 3256 spes
1072 3215 1200 3244 autem
1230 3208 1441 3245 secundum

1509 1093 1808 1141 magnitudinem
1838 1094 2137 1144 omnipotentiae
2167 1103 2203 1133 et
2229 1096 2376 1145 pietatis
2405 1098 2496 1136 eius.
2522 1099 2571 1136 Et

1509 1146 1578 1183 ista
1598 1154 1652 1183 est
1671 1159 1851 1184 mensura
1879 1146 2093 1185 excellens!³
2113 1161 2270 1187 omnem
2289 1150 2499 1189 humanam
2519 1152 2570 1188 fa-

1510 1200 1703 1237 cultatem:
1724 1201 1827 1238 unde
1847 1213 2044 1249 nunquam
2063 1209 2188 1250 potest
2209 1202 2330 1240 homo
2349 1210 2495 1241 tantum
2516 1204 2570 1243 di-

1508 1252 1621 1300 ligere
1655 1254 1781 1291 Deum
1815 1261 2001 1302 quantum
2031 1254 2130 1302 diligi
2162 1255 2294 1302 debet,
2325 1267 2397 1293 nec
2423 1263 2570 1295 tantum

1510 1307 1662 1343 credere
1690 1314 1755 1343 aut
1788 1318 1939 1356 sperare
1968 1307 2006 1344 in
2037 1306 2186 1355 ipsum,
2220 1315 2405 1357 quantum
2442 1307 2567 1348 debet.

1509 1358 1620 1396 Unde
1649 1360 1769 1396 multo
1798 1359 1924 1397 minus
1955 1367 2081 1408 potest
2108 1359 2159 1397 ibi
2189 1372 2270 1398 esse
2299 1373 2486 1399 excessus.
2521 1363 2570 1400 Et

1508 1411 1561 1448 sic
1589 1412 1735 1448 bonum
1763 1411 1844 1449 talis
1871 1412 2018 1450 virtutis
2046 1425 2125 1450 non
2159 1413 2326 1451 consistit
2353 1413 2392 1450 in
2419 1414 2567 1453 medio:

1508 1465 1575 1502 sed
1603 1472 1706 1502 tanto
1737 1472 1792 1501 est
1819 1466 1966 1513 melius,
1988 1473 2130 1515 quanto
2157 1466 2277 1515 magis
2306 1466 2496 1505 acceditur
2519 1467 2568 1506 ad

1509 1530 1718 1555 summum.
2204 1532 2206 1535 ·

1560 1570 1645 1607 Alia
1672 1582 1765 1607 vero
1794 1571 1922 1618 regula
1949 1571 2011 1608 vel
2039 1583 2220 1608 mensura
2249 1571 2395 1610 virtutis
2422 1572 2568 1611 theolo-

1507 1623 1611 1671 gicae
1636 1631 1692 1660 est
1712 1635 1756 1660 ex
1774 1631 1880 1672 parte
1899 1630 2048 1660 nostra:
2070 1624 2160 1671 quia
2180 1623 2247 1660 etsi
2265 1636 2344 1661 non
2362 1637 2568 1673 possumus

1506 1675 1590 1712 ferri
1611 1676 1649 1712 in
1668 1677 1795 1713 Deum
1810 1683 1994 1724 quantum
2015 1675 2213 1722 debemus,
2231 1676 2418 1715 debemus
2437 1685 2567 1716 tamen

1507 1729 1592 1765 ferri
1612 1729 1649 1765 in
1670 1728 1795 1777 ipsum
1816 1728 2020 1775 credendo,
2041 1729 2230 1777 sperando
2251 1736 2288 1765 et
2307 1729 2487 1778 amando,
2508 1743 2566 1768 se-

1508 1782 1675 1818 cundum
1695 1793 1916 1818 mensuram
1936 1788 2087 1818 nostrae
2108 1781 2345 1819 conditionis.
2366 1782 2479 1822 Unde
2498 1795 2567 1833 per

1507 1834 1681 1871 accidens
1712 1841 1837 1882 potest
1865 1833 1902 1870 in
1929 1833 2065 1871 virtute
2094 1834 2303 1882 theologica
2336 1835 2567 1881 considerari

1506 1887 1678 1924 medium
1707 1893 1743 1924 et
1771 1894 1948 1933 extrema,
1979 1899 2025 1924 ex
2052 1895 2159 1936 parte
2187 1895 2328 1926 nostra.

1558 1941 1617 1976 AD
1645 1951 1782 1977 PRlMUM
1809 1951 1907 1976 ERGO
1936 1951 2120 1977 mOENDUM
2149 1939 2255 1988 quod
2282 1940 2430 1978 bonum
2449 1941 2564 1981 virtu-

1505 1999 1585 2028 tum
1614 1991 1921 2029 intellectualium
1942 2000 1977 2029 et
1996 1992 2199 2030 moralium
2225 1993 2392 2030 consistit
2418 1993 2458 2031 in
2485 2006 2565 2035 me-

1506 2045 1568 2082 dio
1587 2058 1657 2094 per
1676 2045 1980 2083 conformitatem
2001 2045 2050 2083 ad
2069 2046 2238 2093 regulam
2261 2046 2324 2083 vel
2343 2057 2564 2087 mensuram

1505 2110 1621 2147 quam
1658 2098 1924 2135 transcendere
1953 2098 2143 2146 contingit.
2175 2098 2291 2146 Quod
2328 2111 2406 2136 non
2439 2107 2494 2138 est
2525 2099 2564 2139 in

1502 2151 1704 2188 virtutibus
1740 2151 1980 2199 theologicis,
2009 2163 2078 2200 per
2114 2164 2154 2189 se
2190 2152 2406 2200 loquendo,
2435 2159 2477 2190 ut
2509 2152 2563 2191 di-

1504 2212 1606 2242 ctum
1637 2212 1692 2242 est
1709 2203 1739 2241 ²¹⁶.

1555 2259 1614 2294 An
1647 2268 1837 2307 sucUNDuM
1869 2269 2053 2294 DICENDUM
2082 2257 2187 2306 quod
2214 2256 2370 2295 virtutes
2398 2259 2563 2306 morales

1503 2318 1539 2347 et
1566 2310 1834 2346 intellectuales
1862 2310 2064 2358 perficiunt
2095 2310 2326 2347 intellectum
2355 2318 2392 2348 et
2419 2311 2562 2360 appeti-

1501 2370 1582 2399 tum
1611 2370 1784 2399 nostrum
1813 2362 1851 2399 in
1876 2362 2009 2399 ordine
2029 2363 2078 2400 ad
2097 2375 2317 2400 mensuram
2339 2371 2375 2400 et
2394 2365 2561 2412 regulam

1503 2422 1688 2452 creatam:
1709 2415 1865 2452 virtutes
1884 2423 2012 2452 autem
2031 2415 2267 2464 theologicae
2293 2416 2331 2452 in
2360 2416 2493 2454 ordine
2511 2418 2560 2454 ad

1502 2480 1720 2505 mensuram
1751 2475 1786 2504 et
1813 2468 1981 2515 regulam
2010 2468 2224 2505 increatam.
2259 2468 2370 2506 Unde
2398 2481 2477 2506 non
2505 2478 2562 2507 est

1501 2521 1629 2557 similis
1657 2520 1764 2557 ratio.

1553 2576 1612 2610 An
1631 2585 1790 2610 TERTHJM
1809 2584 1993 2610 DICENDUM
2013 2573 2119 2621 quod
2139 2585 2225 2622 spes
2245 2581 2300 2610 est
2319 2573 2446 2611 media
2464 2574 2561 2613 inter

1499 2625 1852 2675 praesumptionem
1882 2633 1918 2662 et
1945 2625 2260 2674 desperationem,
2291 2638 2335 2663 ex
2363 2634 2469 2675 parte
2492 2639 2561 2665 no-

1501 2687 1594 2716 stra:
1611 2679 1834 2727 inquantum
1854 2677 1994 2715 scilicet
2012 2678 2144 2727 aliquis
2160 2688 2407 2728 praesumere
2426 2679 2561 2718 dicitur

1501 2745 1546 2769 ex
1575 2744 1620 2769 eo
1651 2731 1755 2779 quod
1784 2738 1910 2780 sperat
1937 2743 1959 2768 a
1987 2732 2071 2768 Deo
2101 2732 2247 2770 bonum
2275 2732 2382 2780 quod
2415 2733 2560 2770 excedit

1500 2797 1609 2822 suam
1639 2784 1914 2830 conditionem3
1942 2784 2005 2821 vel
2033 2797 2111 2821 non
2139 2792 2265 2834 sperat
2292 2785 2397 2834 quod
2425 2797 2559 2823 secun-

1501 2838 1593 2875 dum
1622 2850 1731 2874 suam
1761 2837 2019 2874 conditionem
2047 2849 2198 2887 sperare
2217 2845 2356 2888 posset.
2380 2838 2472 2876 Non
2491 2851 2558 2881 au-

1499 2899 1576 2928 tem
1614 2898 1737 2939 potest
1769 2902 1850 2926 esse
1884 2890 2230 2939 superabundantia
2260 2890 2341 2939 spei
2375 2903 2421 2928 ex
2451 2899 2558 2940 parte

1499 2944 1581 2989 Dei,
1612 2943 1718 2980 cuius
1747 2943 1895 2980 bonitas
1924 2951 1979 2980 est
2010 2943 2166 2981 infinita.
2187 2964 2211 2972 -
2238 2943 2415 2980 Similiter
2443 2943 2557 2986 etiam

1498 2997 1593 3034 fides
1614 3004 1669 3033 est
1696 2996 1823 3033 media
1842 2996 1939 3033 inter
1958 2996 2163 3033 contrarias
2182 2997 2370 3043 haereses,
2391 3008 2470 3034 non
2488 3009 2558 3046 per

1499 3049 1824 3098 comparationem
1852 3049 1900 3086 ad
1929 3049 2133 3096 obiectum,
2154 3049 2259 3098 quod
2279 3057 2335 3086 est
2357 3050 2474 3098 Deus,
2497 3049 2558 3087 cui

1497 3115 1575 3139 non
1603 3110 1728 3150 potest
1755 3101 1888 3150 aliquis
1907 3101 2019 3139 nimis
2040 3101 2213 3140 credere:
2243 3102 2310 3140 sed
2330 3102 2557 3151 inquantum

1496 3155 1576 3204 ipsa
1609 3155 1738 3204 opinio
1776 3155 1944 3192 humana
1973 3162 2028 3192 est
2065 3154 2191 3192 media
2227 3154 2323 3192 inter
2351 3153 2556 3193 contrarias

1497 3208 1709 3256 opiniones,
1737 3215 1780 3244 ut
1807 3219 1852 3244 ex
1881 3207 2103 3256 supradictis
2121 3207 2141 3230 ’¹‘
2168 3215 2282 3256 patet.
2317 3223 2323 3226 ·

437 3317 464 3350 α)
484 3316 620 3348 accipitur,
638 3316 754 3340 moralis.
772 3330 791 3335 —
810 3316 918 3340 moralis
937 3316 1067 3347 accipitur
1087 3317 1180 3341 PEl-la.

1553 3316 1578 3351 β)
1598 3318 1740 3342 excellens.
1757 3331 1775 3336 —
1793 3316 1925 3342 excedens
1943 3317 1972 3341 P.

1059 3385 1388 3419 Commentaria
1409 3386 1657 3419 Gardjnalis
1679 3386 1879 3420 Caietam

387 3475 433 3537 IN
450 3465 579 3495 articulo
596 3471 708 3505 quarto
725 3465 867 3495 eiusdem
883 3465 1220 3505 sexagesimaequartae
1236 3465 1438 3505 quaestionis,

1493 3466 1604 3506 quibus
1628 3467 1730 3498 virtus
1753 3467 1895 3497 consistit
1915 3467 1946 3495 in
1971 3466 2084 3504 medio,
2100 3467 2257 3507 contingit
2275 3474 2482 3505 peccareper
2500 3474 2554 3496 ex-

415 3509 548 3539 dubium
572 3509 707 3540 occurrit
723 3509 761 3538 de
785 3508 837 3539 illa
860 3508 1079 3548 propositione
1095 3509 1262 3540 universali
1277 3517 1439 3549 assumpta
1492 3519 1624 3547 cessum,
1641 3511 1724 3541 sicut
1747 3515 1777 3541 et
1789 3519 1853 3550 per
1867 3510 2037 3551 defectum.
2056 3510 2188 3541 Videtur
2206 3509 2292 3540 enim
2306 3508 2368 3539 hoc
2383 3508 2499 3539 falsum
2515 3509 2554 3539 de

383 3552 416 3583 in
438 3553 548 3589 littera,
574 3553 732 3592 arguendo
756 3553 788 3582 in
812 3552 1007 3592 oppositum,
1032 3553 1162 3583 scilicet:
1187 3553 1226 3583 In
1246 3554 1391 3584 omnibus
1406 3554 1437 3583 in
1491 3553 1625 3584 iustitia:
1650 3564 1725 3584 narn
1748 3553 1891 3584 consistit
1913 3553 1946 3584 in
1966 3553 2084 3590 medio,
2107 3561 2138 3585 et
2161 3563 2226 3584 uon
2250 3552 2403 3592 contingit
2425 3562 2554 3593 peccare

2589 2212 2640 2236 'ln

2655 2218 2766 2242 corpore.

2651 3214 2658 3220 .
2677 3199 2794 3227 μανικὰ,

2842 3661 2846 3700 ....
2822 3563 2846 3651 --.ἀμ
2839 3433 2846 3552 -..,-.‚.‚.
2843 3405 2846 3419 ψ
2845 3367 2846 3370 „
