2852 4152
151 792 162 803 ⁴¹
177 792 227 813 Art.
242 797 259 812 1.

249 826 265 842 α

287 857 362 877 η.7.-

150 852 238 900 'scili’
248 857 303 899 ἰ’έοι.
317 883 338 897 v.

154 961 165 971 ⁴*
179 960 230 982 Art.
244 958 348 986 praeced.

153 1327 161 1335 ·
173 1324 262 1372 Κιῖιιία
270 1323 303 1345 ad
309 1323 361 1344 Mo-

153 1357 197 1373 nac
215 1355 362 1378 .,cap.r.xv1n.

152 1530 160 1537 ¹
176 1528 224 1549 Loc
239 1527 277 1549 cit.

155 1585 166 1595 ⁸
181 1584 231 1606 Art.
246 1583 350 1611 praeced.

392 205 459 230 102

1087 193 1351 239 QUAESTIO
1380 193 1483 238 XIII,
1513 191 1805 228 ARTICULUS
1834 191 1868 226 V

1167 348 1479 390 ARTICULUS
1509 347 1763 399 QUINTUS

1013 449 1166 479 UTRUM
1190 446 1377 477 ELECTIO
1402 446 1467 476 S1T
1491 446 1636 477 SOLUM
1659 444 1922 476 PossissleM

1335 531 1366 556 III
1386 531 1480 560 Ethic.,
1498 532 1556 556 lect.
1573 539 1598 556 ν.

391 638 394 642 ’
427 668 435 677 s
456 653 481 668 a
507 657 574 697 A«
599 644 622 669 ι)
642 643 801 674 QUINTUM
822 643 873 667 sm
893 641 1129 666 PROCEDITUR.
1150 628 1309 665 Videtur
1336 628 1440 677 quod

417 680 424 691 ²
456 685 463 692 ’
517 678 577 729 {²²3
601 683 731 720 electio
761 695 837 719 non
867 682 911 718 sit
939 682 1062 717 solum
1086 681 1334 729 possibilium.
1355 681 1440 717 Ele-

424 774 428 785 1
450 717 568 787 'wiva'
582 737 587 742 “
601 736 673 772 ctio
691 735 790 772 enim
807 742 862 770 est
881 741 984 770 actus
1003 733 1218 780 voluntatis,
1238 741 1280 769 ut
1298 733 1440 770 dictum

442 767 540 825 45¹2)
555 783 655 826 &est
673 787 704 823 ²⁸.
736 787 811 823 Sed
839 786 1010 822 voluntas
1033 792 1086 822 est
1112 786 1390 834 impossibilium
1410 791 1438 831 “,

389 850 430 878 ut
463 842 596 878 dicitur
626 840 664 876 in
692 841 741 875 III
769 839 888 875 Ethic.
908 837 928 859 ‘³‘
947 838 1048 885 Ergo
1077 846 1113 874 et
1141 838 1285 874 electio.

444 895 478 930 2.
498 895 730 937 PRAETEREA,
752 890 883 926 electio
913 897 968 926 est
996 902 1127 926 eorum
1149 902 1247 938 quae
1276 902 1344 939 per
1371 902 1441 926 nos

390 953 559 994 aguntur,
576 945 670 981 sicut
685 943 826 979 dictum
847 950 902 979 est
910 942 941 979 ³¹⁶.
963 942 1066 979 Nihil
1086 954 1174 989 ergo
1189 943 1311 989 refert,
1324 954 1441 990 quan-

389 1006 470 1035 tum
499 997 548 1034 ad
576 995 809 1041 electionem,
843 1002 970 1031 utrum
1000 994 1155 1042 eligatur
1182 994 1220 1031 id
1254 995 1357 1043 quod
1387 1002 1442 1030 est

388 1049 620 1098 impossibile
648 1047 874 1096 simpliciter,
893 1047 955 1084 vel
983 1047 1020 1084 id
1053 1047 1157 1095 quod
1186 1055 1241 1083 est
1267 1047 1441 1094 impossi-

389 1102 463 1139 bile
491 1100 650 1148 eligenti.
681 1100 758 1137 Sed
794 1100 1009 1148 frequenter
1037 1111 1081 1136 ea
1114 1111 1211 1147 quae
1249 1099 1440 1146 eligimus,

388 1155 570 1203 perficere
599 1165 677 1190 non
705 1164 927 1201 possumus:
950 1159 985 1188 et
1013 1151 1065 1188 sic
1089 1159 1174 1187 sunt
1194 1150 1442 1199 impossibilia

390 1207 512 1244 nobis.
533 1207 635 1253 Ergo
666 1204 796 1241 electio
827 1212 882 1241 est
909 1203 1211 1252 impossibilium.

444 1260 478 1296 3.
498 1260 730 1304 PRAETEREA,
752 1257 841 1293 nihil
861 1258 980 1293 homo
1005 1263 1121 1292 tentat
1148 1267 1257 1303 agere
1291 1255 1360 1292 nisi
1380 1255 1442 1293 eli—

389 1311 527 1360 gendo.
567 1310 643 1347 Sed
672 1311 803 1346 beatus
841 1308 1067 1346 Benedictus
1102 1308 1188 1345 dicit
1214 1308 1234 1329 ’¹‘
1262 1309 1382 1356 quod,
1413 1309 1443 1345 si

389 1364 576 1413 praelatus
605 1362 743 1411 aliquid
771 1361 1003 1410 impossibile
1032 1360 1275 1409 praeceperit,
1299 1369 1444 1398 tentan-

392 1417 482 1453 dum
513 1423 577 1452 est.
599 1416 700 1462 Ergo
725 1414 856 1451 electio
885 1421 1010 1463 potest
1028 1425 1110 1450 esse
1139 1413 1441 1462 impossibilium.

444 1469 518 1505 SED
547 1479 691 1505 CONTRA
719 1479 784 1503 EST
800 1467 906 1514 quod
933 1466 1187 1514 Philosophus
1216 1466 1314 1513 dicit,
1335 1466 1374 1503 in
1393 1467 1443 1502 III

389 1522 508 1558 Ethic.
528 1520 559 1568 ²¹⁶,
589 1520 694 1569 quod
722 1519 847 1556 electio
877 1531 950 1556 non
980 1524 1034 1555 est
1059 1519 1350 1566 impossibilium.
1400 1530 1403 1531 ’

444 1575 668 1610 RESPONDEO
698 1584 878 1609 DICENDUM
907 1571 1024 1620 quod,
1045 1571 1139 1607 sicut
1167 1570 1306 1608 dictum
1336 1579 1391 1608 est
1410 1572 1442 1619 *,

392 1627 593 1663 electiones
621 1632 772 1662 nostrae
805 1625 1017 1660 referuntur
1043 1635 1196 1672 semper
1223 1625 1271 1661 ad
1299 1631 1446 1661 nostras

391 1679 569 1715 actiones.
598 1679 656 1714 Ea
684 1685 811 1714 autem
841 1689 937 1724 quae
965 1688 1034 1724 per
1062 1688 1132 1713 nos
1161 1684 1331 1724 aguntur,
1361 1684 1447 1713 sunt

391 1731 503 1768 nobis
536 1730 740 1779 possibilia.
769 1730 880 1766 Unde
918 1741 1073 1765 necesse
1103 1736 1157 1765 est
1185 1729 1306 1766 dicere
1343 1729 1447 1778 quod

393 1783 525 1820 electio
563 1795 641 1820 non
669 1783 714 1819 sit
741 1782 811 1819 nisi
830 1781 1077 1830 possibilium.

445 1832 622 1873 Similiter
636 1835 749 1872 etiam
763 1835 856 1871 ratio
878 1833 1038 1882 eligendi
1057 1833 1199 1882 aliquid
1215 1841 1271 1870 est
1285 1845 1330 1870 ex
1343 1834 1418 1870 hoc
1431 1832 1446 1863 β

391 1889 495 1938 quod
522 1888 623 1925 ducit
641 1888 690 1924 ad
709 1887 838 1924 finem.
867 1887 941 1923 Per
959 1886 998 1922 id
1017 1893 1145 1922 autern
1174 1885 1279 1933 quod
1296 1884 1359 1936 {est
1378 1886 1462 1922 im·-

389 1941 579 1989 possibile,
595 1952 674 1976 non
688 1946 812 1988 potest
830 1938 964 1986 aliquis
980 1937 1162 1985 consequi
1181 1938 1311 1975 finem.
1329 1937 1447 1975 Cuius

391 1994 540 2041 signum
569 1999 623 2029 est
651 1992 750 2040 quia,
781 2003 868 2028 cum
896 1991 934 2027 in
963 1990 1196 2027 consiliando
1222 1989 1448 2039 perveniunt

390 2046 566 2082 homines
584 2046 632 2082 ad
651 2044 691 2081 id
710 2044 815 2092 quod
830 2051 885 2080 est
904 2043 956 2079 eis
976 2041 1221 2091 impossibile,
1239 2042 1445 2090 discedunt,

392 2098 500 2146 quasi
527 2109 605 2134 non
631 2097 800 2134 valentes
827 2095 981 2132 ulterius
1007 2094 1228 2147 procedere.

443 2149 612 2199 Apparet
640 2149 752 2186 etiarn
780 2150 855 2185 hoc
883 2147 1079 2185 manifeste
1109 2157 1153 2184 ex
1181 2159 1363 2196 processu
1391 2160 1448 2185 ra-

390 2203 503 2240 tionis
527 2203 790 2251 praecedente.
817 2201 878 2238 Sic
898 2200 998 2237 enim
1019 2212 1059 2236 se
1078 2200 1194 2236 habet
1210 2200 1249 2236 id
1269 2200 1373 2250 quod
1393 2208 1449 2237 est

392 2256 441 2293 ad
472 2256 612 2302 finem,
646 2255 692 2302 de
721 2266 798 2303 quo
829 2252 959 2290 electio
989 2259 1064 2299 est,
1098 2251 1146 2289 ad
1178 2252 1317 2300 finem,
1353 2251 1448 2289 sicut

392 2307 583 2345 conclusio
612 2306 661 2343 ad
687 2305 924 2355 principium.
955 2304 1198 2342 Manifestum
1233 2312 1288 2341 est
1319 2312 1448 2342 autem

392 2360 498 2409 quod
517 2359 708 2396 conclusio
737 2357 978 2407 impossibilis
1006 2369 1085 2394 non
1103 2357 1271 2406 sequitur
1287 2369 1333 2394 ex
1346 2357 1447 2406 prin-

393 2413 489 2462 cipio
504 2411 685 2461 possibili.
701 2411 812 2448 Unde
832 2422 909 2447 non
928 2417 1053 2459 potest
1073 2421 1155 2446 esse
1175 2409 1280 2459 quod
1298 2410 1385 2447 finis
1404 2410 1448 2447 sit

390 2465 589 2515 possibilis,
605 2464 675 2501 nisi
689 2464 728 2501 id
743 2463 847 2511 quod
862 2469 917 2499 est
932 2463 981 2499 ad
995 2463 1113 2499 finem
1129 2462 1238 2500 fuerit
1255 2462 1446 2511 possibile.
1473 2457 1478 2510 Ι
1503 2461 1705 2512 superioris
1733 2469 1830 2498 stare
1848 2461 1879 2498 ²¹⁶.

447 2588 473 2620 α)
494 2587 700 2619 impossibilium.
718 2600 737 2605 -
751 2586 916 2618 possibilium
936 2588 963 2610 et
983 2584 1179 2618 impossibilium
1199 2586 1244 2618 Pa.

1471 2590 1547 2654 11...

1494 628 1554 664 Ad
1569 628 1607 665 id
1627 635 1752 665 autem
1771 629 1875 678 quod
1891 636 1945 665 est
1959 629 2204 678 impossibile,
2222 631 2344 668 nullus
2360 640 2549 670 movetur.

1495 681 1604 717 Unde
1625 680 1747 717 nullus
1771 680 1943 718 tenderet
1962 681 2000 718 in
2019 682 2151 730 finem,
2176 682 2246 719 nisi
2265 696 2333 732 per
2351 684 2426 721 hoc
2445 685 2562 733 quod·

1495 740 1651 782 apparet
1669 732 1708 769 id
1727 735 1831 781 quod
1851 741 1906 769 est
1926 735 2111 771 adfinem
2127 747 2208 771 esse
2227 736 2418 784 possibile.
2437 737 2549 776 Unde

1495 785 1532 822 id
1553 786 1656 833 quod
1687 792 1740 821 est
1768 785 1999 834 impossibile
2028 787 2098 823 sub
2128 788 2308 825 electione
2337 801 2417 826 non
2440 790 2548 828 cadit.

1548 840 1606 874 AD
1627 849 1763 874 PRIMUM
1782 849 1879 874 ERGO
1905 849 2087 875 mci-:noun
2106 839 2212 887 quod
2229 841 2404 878 voluntas
2423 842 2552 880 media

1495 897 1550 926 est
1577 890 1672 926 inter
1699 890 1930 927 intellectum
1960 898 1995 927 et
2020 890 2547 942 exterioremvoperationem:

1495 954 1584 978 nam
1599 942 1804 979 intellectus
1818 942 1999 991 proponit
2013 943 2196 980 voluntati
2212 956 2324 982 suum
2345 946 2550 994 obiectum,

1497 1002 1533 1030 et
1560 994 1641 1042 ipsa
1661 995 1837 1032 voluntas
1857 1002 1985 1032 causat
2005 995 2241 1038 exteriorem?
2257 997 2458 1046 actionem.
2489 999 2551 1036 Sic

1495 1046 1606 1093 igitur
1637 1046 1863 1094 principium
1901 1054 2027 1084 motus
2058 1047 2553 1095 voluntatis'consideratur

1497 1109 1542 1134 ex
1568 1105 1674 1146 parte
1702 1098 1931 1146 intellectus,
1960 1099 2024 1147 qui
2059 1098 2309 1148 apprehendit
2339 1102 2484 1152 aliquid
2511 1111 2554 1141 ut

1496 1150 1642 1187 bonum
1671 1150 1709 1187 in
1736 1151 1958 1188 universali:
1989 1152 2057 1189 sed
2080 1152 2307 1201 terminatio,
2336 1167 2405 1191 seu
2431 1156 2553 1204 perfe-

1498 1202 1570 1239 ctio
1603 1210 1707 1240 actus
1740 1199 1946 1241 voluntatis
1975 1204 2176 1242 attenditur
2207 1205 2418 1244 secundum
2454 1207 2553 1246 ordi-

1497 1267 1586 1292 nem
1615 1256 1663 1293 ad
1691 1255 1965 1304 operationem,
1985 1268 2054 1304 per
2071 1269 2188 1306 quam
2206 1258 2340 1306 aliquis
2367 1259 2486 1296 tendit
2505 1260 2554 1297 ad

1498 1308 1806 1345 consecutionem
1830 1309 1903 1355 rei;
1933 1321 2024 1346 narn
2051 1317 2179 1347 motus
2206 1311 2410 1348 voluntatis
2430 1319 2485 1349 est
2503 1313 2551 1350 ab

1497 1360 1625 1398 anima
1653 1360 1702 1397 ad
1730 1373 1822 1398 rem.
1853 1362 1902 1398 Et
1919 1361 2006 1398 ideo
2025 1362 2204 1410 perfectio
2225 1370 2331 1400 actus
2348 1365 2555 1402 voluntatis

1498 1413 1699 1450 attenditur
1718 1413 1928 1451 secundum
1942 1415 2029 1461 hoc,
2050 1415 2155 1463 quod
2174 1423 2229 1452 est
2248 1415 2387 1465 aliquid
2405 1417 2554 1454 bonum

1498 1465 1608 1502 alicui
1636 1465 1684 1503 ad
1713 1466 1914 1513 agendum.
1945 1467 2031 1503 Hoc
2059 1474 2186 1504 autem
2212 1475 2268 1505 est
2284 1469 2475 1516 possibile.
2505 1470 2555 1506 Et

1498 1517 1585 1555 ideo
1612 1519 1789 1556 voluntas
1809 1519 1996 1567 completa
2015 1531 2093 1556 non
2113 1527 2168 1556 est
2200 1520 2271 1557 nisi
2297 1521 2344 1557 de
2371 1521 2553 1569 possibili,

1500 1571 1603 1619 quod
1623 1578 1678 1607 est
1697 1571 1842 1607 bonum
1861 1571 2015 1608 volenti.
2042 1572 2119 1608 Sed
2133 1572 2308 1609 voluntas
2326 1572 2556 1622 incompleta

1500 1630 1556 1659 est
1575 1623 1621 1660 de
1641 1623 1882 1672 impossibili:
1912 1635 2010 1671 quae
2039 1624 2250 1661 secundum
2275 1626 2462 1674 quosdam
2481 1625 2556 1663 vel-

1500 1675 1603 1712 leitas
1632 1676 1782 1723 dicitur,
1805 1675 1893 1724 quia
1921 1676 2061 1712 scilicet
2088 1677 2221 1726 aliquis
2248 1678 2362 1715 vellet
2387 1677 2492 1726 illud,
2523 1678 2555 1716 si

1501 1735 1598 1765 esset
1615 1728 1806 1777 possibile.
1836 1728 1981 1767 Electio
2002 1736 2128 1766 autem
2148 1729 2322 1767 nominat
2340 1737 2467 1768 actum
2483 1742 2556 1768 vo·

1500 1781 1650 1818 luntatis
1686 1781 1762 1818 iarn
1791 1780 2084 1819 determinatum
2111 1782 2160 1819 ad
2186 1781 2226 1819 id
2253 1782 2359 1831 quod
2386 1789 2444 1821 est
2455 1782 2571 1822 *huic*

1500 1833 1700 1881 agendum.
1722 1833 1771 1870 Et
1790 1833 1876 1870 ideo
1891 1834 1994 1870 nullo
2011 1833 2130 1871 modo
2151 1842 2206 1872 est
2220 1834 2290 1872 nisi
2307 1832 2556 1885 possibilium.

1553 1888 1612 1922 Ao
1632 1897 1820 1923 SECUNDUM
1840 1888 2022 1923 mOENDuM
2037 1887 2153 1936 quod,
2174 1899 2262 1924 cum
2283 1885 2476 1937 obiectum
2488 1900 2559 1935 vo-

1500 1937 1649 1975 luntatis
1677 1938 1722 1974 sit
1749 1938 1896 1974 bonum
1922 1938 2224 1987 apprehensum,
2244 1937 2328 1977 hoc
2355 1935 2474 1988 ruodo
2502 1940 2584 1986 ine*

1502 1990 1795 2036 dicandum‘est
1828 1991 1874 2026 de
1907 1991 2057 2028 obiecto
2079 1990 2314 2043 >voluntatis,
2347 1992 2586 2040 secunduma

1501 2043 1606 2090 quod
1622 2042 1719 2079 cadit
1738 2042 1808 2078 ‘sub
1828 2042 2142 2092 apprehensione.
2163 2044 2213 2081 Et
2226 2042 2313 2082 ideo
2331 2042 2558 2093 sicutfqpan-

1502 2096 1629 2143 doque
1657 2094 1834 2132 voluntas
1863 2101 1918 2132 est
1945 2094 2101 2133 alicuius
2129 2095 2234 2145 quod
2250 2093 2586 2147 'apprehenditurq

1501 2155 1542 2184 ut
1568 2148 1733 2194 bonum,
1764 2155 1800 2184 et
1831 2154 1962 2184 tamen
1995 2159 2074 2185 non
2107 2155 2163 2185 est
2189 2160 2280 2186 vere
2313 2144 2481 2195 b'onum;
2508 2149 2587 2198 Qu

1501 2200 1732 2249 quandoque
1754 2206 1809 2237 est
1828 2199 1959 2236 electio
1980 2199 2059 2237 eius
2079 2200 2184 2249 quod
2207 2197 2591 2254 apprehenditurkutgvd

1500 2252 1678 2302 possibile
1698 2252 1857 2299 eligenti,
1877 2252 1982 2300 quod
2000 2250 2129 2289 tamen
2148 2265 2227 2290 non
2247 2260 2302 2290 est
2316 2253 2349 2290 ei
2367 2253 2558 2302 possibile.

1554 2307 1612 2342 An
1641 2316 1799 2342 TER‘riuM
1827 2316 2010 2345 memnon
2039 2304 2143 2354 quod
2174 2305 2249 2343 hoc
2272 2305 2377 2346 ideo.
2403 2304 2557 2355 dicitur,

1503 2357 1591 2406 quia
1616 2369 1664 2394 an
1692 2356 1833 2406 aliquid
1861 2356 1907 2393 sit
1933 2356 2124 2406 possibile,
2145 2352 2318 2395 subditus
2348 2370 2428 2395 non
2447 2358 2570 2396 debet>
2590 2397 2593 2400 ,

1502 2421 1572 2447 suo
1597 2409 1738 2447 'iudicio
1768 2409 1945 2455 definire,
1975 2409 2042 2446 sed
2068 2409 2108 2446 in
2135 2421 2387 2460 unoquoque,
2417 2410 2556 2460 iudicio
2590 2449 2629 2484 ,D

2587 2463 2596 2473 ⁶
2632 2477 2638 2484 .
2652 2468 2707 2492 394.

1552 2583 1585 2644 βι)>
1597 2588 1637 2610 est
1654 2591 1693 2609 ex
1711 2585 1759 2610 hoc
1776 2598 1794 2604 -
1813 2588 1852 2610 ese
1871 2587 1900 2610 ut
1923 2591 1960 2609 ex
1983 2584 2033 2610 hoc
2052 2585 2188 2616 possimus
2205 2587 2329 2618 consequi
2343 2586 2443 2619 finem,
2463 2588 2504 2612 vel
2521 2594 2560 2613 ex
2580 2584 2590 2611 Ἰ

1585 2626 1612 2645 α.
2327 2635 2330 2642 ,

1063 2707 1394 2744 Commentario·
1414 2706 1664 2740 cardinalis·
1684 2707 1885 2740 Caietam

422 2808 442 2828 N
465 2796 670 2838 responsione
693 2796 732 2826 ad
748 2795 896 2837 primum
923 2794 1026 2836 quinti
1049 2794 1186 2831 articuli,
1208 2794 1335 2825 adverte
1359 2794 1447 2835 quod

423 2841 579 2872 distinctio
600 2840 642 2870 ibi
665 2839 746 2870 facta
768 2840 807 2870 de
829 2839 994 2870 voluntate
1011 2838 1168 2879 completa
1192 2844 1222 2868 et
1239 2837 1445 2879 incompleta,

392 2895 458 2916 non
481 2885 525 2916 sic
547 2891 593 2915 est
615 2883 803 2924 accipienda,
819 2882 909 2924 quasi
929 2883 1077 2913 voluntas
1099 2881 1293 2922 incompleta
1311 2881 1350 2912 sit
1367 2881 1446 2912 velle

392 2939 458 2960 non
480 2929 695 2964 deliberatum,
716 2934 770 2958 aut
792 2937 859 2957 non
883 2936 980 2967 capax
1002 2926 1105 2957 meriti
1128 2933 1159 2957 et
1181 2925 1334 2956 demeriti.
1354 2926 1445 2963 Quo-

391 2973 478 3003 niam
494 2982 602 3002 sensus
618 2972 674 3002 iste
691 2971 857 3002 estffalsus.
873 2971 981 3001 Potest
1000 2970 1085 3001 enim
1101 2970 1171 3010 quis
1187 2969 1352 3000 deliberate
1365 2969 1445 3000 velle

393 3016 542 3056 expellere
558 3016 662 3046 Deum
684 3015 721 3044 de
737 3024 833 3054 regno
851 3025 919 3050 suo,
937 3015 962 3044 si
977 3021 1093 3054 posset,
1111 3021 1140 3044 et
1157 3013 1281 3049 similia;
1300 3013 1354 3043 ubi
1370 3023 1445 3043 con-

392 3067 451 3090 stat
466 3059 596 3090 inveniri
612 3066 774 3099 peccatum
792 3059 933 3089 mortale.
955 3058 1016 3089 Sed
1038 3058 1209 3099 completio
1226 3064 1257 3088 et
1271 3057 1446 3097 incomple-

1500 2794 1544 2825 tio
1567 2794 1738 2826 voluntatis
1756 2794 1926 2826 attenditur
1939 2795 2116 2826 secundum
2137 2795 2397 2831 modummotus
2411 2794 2565 2828 voiumz
2592 2794 2597 2827 J

1499 2838 1547 2874 tis,
1565 2844 1600 2869 ut
1622 2838 1655 2868 in
1671 2838 1771 2869 littera
1786 2837 1907 2869 dicitur.
1925 2838 1972 2869 Ex
1989 2848 2026 2869 eo
2051 2839 2136 2869 enim
2152 2839 2240 2881 quod
2256 2839 2427 2871 voluntatis
2449 2846 2558 2874 motus
2595 2864 2598 2878 .

1501 2889 1546 2912 est
1561 2882 1600 2912 ad
1623 2891 1690 2918 rem
1709 2879 1813 2912 media
1836 2882 2019 2923 operatione
2034 2879 2433 2924 exterioriassequendam,
2451 2883 2558 2924 dispo·
2599 2900 2601 2902 ·

1500 2926 1646 2962 nendam,
1663 2933 1738 2962 etc.;
1758 2925 1914 2966 perfectus
1930 2936 1996 2956 non
2013 2933 2067 2962 est,
2085 2925 2275 2967 perfectione
2294 2931 2367 2968 apta
2385 2932 2458 2957 nata
2473 2925 2559 2957 inve-

1500 2969 1558 3000 niri
1580 2966 1619 3000 in>
1637 2979 1750 3010 genere
1764 2977 1873 3000 motus
1895 2970 2077 3006 voluntatis,
2093 2970 2154 3000 nisi
2167 2970 2351 3001 terminetur
2373 2971 2413 3000 ad
2434 2970 2558 3001 bonum
2585 2967 2590 2982 ²

1499 3013 1625 3052 agibile;
1651 3013 1794 3054 quamvis
1818 3013 1974 3053 perfectus
1997 3014 2035 3045 sit
2059 3014 2166 3055 quoad
2189 3023 2391 3051 consensum,
2407 3014 2558 3045 delibera-

1498 3057 1686 3094 tionem,'et
1707 3057 1903 3089 huiusmodi.

2554 3136 2603 3145 a...

2521 3141 2614 3193 ,ΓΙ
