2852 4152
205 817 239 837 ιιι,
249 810 287 832 Ιη-

999 246 1264 292 QUAESTIO
1295 246 1398 292 XIV,
1428 247 1722 283 ARTICULUS
1752 248 1764 282 I

2405 253 2471 287 105

847 467 1255 544 QUAESTIO
1299 470 1950 547 DECIMAQUARTA

685 587 768 626 DE
803 587 1099 636 CONSILIO,
1136 588 1307 640 QUOD
1343 588 1733 652 ELECTIONEM
1765 590 2108 634 PRAECEDIT

1151 703 1184 728 IN
1213 703 1277 728 SEX
1304 703 1505 728 ARTICULOS
1533 704 1648 728 DIVISA

397 813 504 838 EINDE
533 801 852 839 considerandum
883 810 937 839 est
965 803 1012 839 de
1042 803 1196 840 consilio
1225 804 1255 840 ²¹².

316 813 447 894 DEt
475 854 572 890 circa
600 855 674 891 hoc
704 863 934 902 quaeruntur
962 868 1037 893 sex.

367 907 515 944 Primo:
544 914 671 943 utrum
702 907 899 944 consilium
927 908 971 944 sit
997 908 1198 957 inquisitio.

369 961 566 997 Secundo:
594 967 721 996 utrum
747 960 944 1007 consilium
973 961 1019 997 sit
1047 961 1095 997 de
1122 961 1211 1007 fine,
1231 961 1294 997 vel
1313 973 1372 997 so-

420 1013 499 1049 lum
527 1012 574 1049 de
602 1012 786 1061 hisquae
815 1020 902 1049 sunt
929 1014 975 1050 ad
1003 1013 1132 1050 finem.

368 1065 518 1102 Tertio:
543 1072 670 1102 utrum
690 1065 889 1102 consilium
910 1065 955 1102 sit
974 1066 1097 1102 solum
1121 1065 1168 1102 de
1188 1065 1244 1102 his
1274 1078 1371 1113 quae

422 1131 444 1154 a
472 1118 582 1154 nobis
610 1125 782 1165 aguntur.

1480 805 1642 850 Quarto:
1672 812 1797 841 utrum
1822 805 2019 843 consilium
2040 806 2085 842 sit
2105 808 2151 843 de
2176 807 2352 844 omnibus
2380 820 2477 856 quae

1532 880 1554 904 a
1582 867 1692 904 nobis
1721 876 1890 915 aguntur.

1480 931 1646 977 Quinto:
1675 939 1802 968 utrum
1832 933 2028 969 consilium
2055 934 2236 982 procedat
2263 934 2394 971 ordine
2423 946 2478 971 re-

1533 994 1726 1031 solutorio.

1481 1058 1615 1094 Sexto:
1654 1065 1781 1095 utrum
1824 1059 2021 1096 consilium
2063 1061 2243 1108 procedat
2283 1061 2321 1098 in
2357 1061 2478 1098 infini-

1531 1126 1625 1155 tum.

1123 1225 1436 1267 ARTICULUS
1468 1226 1671 1268 PRIMUS

1020 1317 1175 1347 UTRUM
1199 1316 1432 1348 CONSILIUM
1456 1318 1521 1354 sir
1545 1319 1778 1356 1NQU1srr10

404 1425 424 1448 ι,
524 1419 714 1446 n‘PmMUM
743 1419 796 1443 src
825 1418 1062 1443 PROCEDITUR.
1091 1406 1250 1444 Videtur
1269 1408 1373 1454 quod

389 1451 423 1498 J.
450 1458 504 1494 j.-
527 1459 729 1497 consilium
757 1471 836 1495 non
856 1460 902 1496 sit
920 1459 1122 1506 inquisitio.
1152 1459 1252 1495 Dicit
1272 1459 1374 1496 enim

527 1514 789 1550 Damascenus
808 1511 828 1533 ’¹‘
855 1512 960 1560 quod
980 1512 1173 1548 consilium
1194 1517 1247 1548 est
1263 1524 1374 1560 appe-

429 1602 432 1603 .
527 1565 622 1602 titus.
651 1564 728 1602 Sed
747 1565 795 1602 ad
815 1564 1030 1613 appetitum
1042 1577 1121 1601 non
1138 1564 1300 1613 pertinet
1319 1565 1374 1602 in-

317 1619 477 1669 quirere.
507 1619 609 1666 Ergo
639 1617 836 1654 consilium
866 1630 943 1654 non
974 1625 1029 1653 est
1056 1617 1257 1666 inquisitio.

371 1684 405 1709 2.
426 1672 658 1717 PRAETEREA,
680 1670 868 1718 inquirere
896 1670 1105 1707 intellectus
1134 1669 1374 1707 discurrentis

317 1731 392 1771 est3
423 1731 459 1761 et
487 1723 540 1761 sic
566 1724 652 1760 Deo
676 1735 755 1760 non
779 1723 967 1769 convenit,
989 1723 1094 1759 cuius
1114 1722 1276 1770 cognitio
1297 1735 1376 1759 non

252 1800 259 1806 -
282 1801 288 1807 -
317 1784 374 1822 est
392 1776 612 1824 discursiva,
627 1783 670 1813 ut
682 1776 720 1812 in
734 1776 866 1813 Primo
880 1776 901 1798 '¹‘
914 1775 1086 1812 habitum
1106 1783 1171 1812 est.
1190 1776 1265 1812 Sed
1286 1788 1374 1812 con—

316 1829 441 1867 silium
464 1830 549 1866 Deo
569 1828 796 1866 attribuitur:
826 1829 960 1866 dicitur
979 1828 1081 1865 enim
1100 1829 1151 1865 ad
1166 1830 1301 1876 Ephes.
1319 1840 1328 1864 1
1343 1828 1374 1876 ²¹⁵,

315 1882 422 1933 quod
450 1888 628 1930 operatur
655 1882 783 1919 omnia
807 1882 1010 1919 secundum
1031 1881 1225 1918 consilium
1244 1881 1375 1918 volun-

316 1936 399 1972 tatis
425 1947 527 1972 suae.
558 1935 660 1983 Ergo
690 1935 889 1972 consilium
917 1946 995 1971 non
1024 1941 1080 1970 est
1106 1934 1307 1982 inquisitio.

372 1988 407 2025 3.
436 1988 674 2034 PRAETEREA,
704 1987 892 2036 inquisitio
927 1994 983 2024 est
1015 1987 1062 2023 de
1095 1987 1209 2023 rebus
1238 1986 1372 2023 dubiis.

318 2039 396 2077 Sed
411 2040 611 2077 consilium
628 2040 737 2077 datur
753 2041 798 2077 de
815 2041 872 2077 his
891 2052 989 2087 quae
1006 2047 1092 2075 sunt
1108 2047 1207 2075 certa
1226 2039 1328 2075 bona
1340 2044 1373 2085 “;

318 2092 530 2130 secundum
558 2093 647 2130 illud
666 2093 851 2141 Apostoli,
873 2094 888 2129 Ι
911 2093 962 2129 ad
984 2093 1070 2128 Cor.
1086 2104 1134 2128 vn
1152 2091 1189 2128 *ε
1216 2093 1276 2128 De
1300 2092 1376 2128 vir-

316 2145 468 2195 ginibus
499 2151 623 2182 autem
655 2151 900 2193 praeceptum
928 2145 1085 2181 Domini
1125 2157 1199 2181 non
1234 2145 1372 2190 haheo,

317 2198 512 2234 consilium
538 2203 663 2234 autem
682 2199 741 2235 do.
771 2199 874 2246 Ergo
904 2197 1102 2234 consilium
1131 2209 1210 2234 non
1239 2204 1294 2233 est
1321 2197 1376 2233 in-

319 2250 480 2298 quisitio.

370 2303 447 2339 SED
478 2314 624 2340 CONTRA
655 2314 721 2340 EST
753 2302 859 2351 quod
892 2301 1095 2349 Gregorius
1129 2302 1329 2349 Nyssenus
1356 2301 1376 2322 ²⁸

281 2356 289 2395 ζ
317 2354 425 2392 dicit:
460 2355 579 2392 Omne
605 2355 753 2403 quidem
787 2355 981 2391 consilium
1010 2354 1175 2402 quaestio
1203 2360 1274 2399 est‚·
1301 2366 1375 2390 non

316 2413 442 2453 autem
471 2408 592 2444 omnis
619 2408 784 2456 quaestio
814 2407 1021 2444 consilium.

370 2461 596 2499 Respounsso
623 2472 808 2498 mcENDUM
827 2460 932 2509 quod
953 2459 1098 2505 electio,
1119 2459 1215 2496 sicut
1234 2459 1375 2496 dictum

283 2542 290 2552 .
319 2520 375 2560 est
387 2512 420 2560 ²⁸,
441 2513 684 2561 consequitur
697 2513 881 2550 iudicium
901 2512 1054 2550 rationis
1075 2512 1122 2549 de
1138 2513 1251 2549 rebus
1267 2524 1378 2560 agen-

319 2565 388 2603 dis.
409 2567 453 2603 In
480 2566 595 2603 rebus
614 2573 743 2603 autem
768 2565 923 2613 agendis
942 2565 1061 2601 multa
1079 2564 1303 2601 incertitudo
1323 2564 1378 2600 in—

317 2618 488 2665 venitur:
518 2618 607 2667 quia
635 2618 804 2656 actiones
832 2625 919 2654 sunt
942 2617 1040 2654 circa
1067 2617 1268 2664 singularia
1288 2629 1376 2653 con-

318 2670 508 2718 tingentia,
538 2683 638 2718 quae
665 2678 821 2719 propter
845 2670 903 2707 sui
929 2669 1217 2706 variabilitatem
1236 2669 1379 2706 incerta

319 2729 417 2760 sunt.
447 2724 490 2760 In
519 2723 632 2761 rebus
661 2730 789 2760 autem
819 2722 943 2760 dubiis
963 2729 999 2758 et
1016 2721 1166 2758 incertis
1186 2721 1279 2758 ratio
1299 2734 1378 2758 non

318 2774 462 2824 profert
479 2775 662 2813 iudicium
681 2776 826 2824 absque
845 2774 1084 2823 inquisitione
1113 2774 1376 2822 praecedente.

319 2828 369 2866 Et
395 2827 483 2864 ideo
504 2827 716 2864 necessaria
745 2835 800 2864 est
826 2827 1017 2876 inquisitio
1042 2827 1194 2864 rationis
1214 2834 1301 2864 ante
1324 2827 1379 2863 iu-

320 2879 462 2918 dicium
482 2879 530 2917 de
550 2879 749 2926 eligendis:
779 2887 816 2917 et
842 2881 938 2917 haec
959 2879 1149 2927 inquisitio
1179 2879 1378 2916 consilium

319 2940 490 2969 vocatur.
517 2933 678 2980 Propter
706 2932 810 2980 quod
838 2932 1093 2980 Philosophus
1127 2932 1230 2978 dicit,
1261 2932 1298 2968 in
1327 2934 1376 2968 III

285 3011 290 3022 ‚
318 2985 439 3023 Ethic.
460 2984 492 3032 ²¹²,
514 2985 619 3032 quod
648 2984 780 3021 electio
805 2992 861 3022 est
887 2985 1067 3032 appetitus
1084 2984 1375 3032 praeconsiliati.

371 3039 430 3075 Ao
459 3049 597 3075 ramum
616 3049 714 3074 ERGO
739 3049 921 3074 DICENDUM
949 3037 1066 3085 quod,
1096 3036 1251 3085 quando
1272 3043 1377 3073 actus

321 3091 484 3128 duarum
511 3090 766 3139 potentiarum
794 3090 844 3127 ad
871 3089 1034 3126 invicem
1069 3089 1308 3135 ordinantur,
1338 3089 1376 3126 in

319 3151 480 3191 utroque
511 3150 566 3180 est
598 3142 740 3191 aliquid
767 3142 872 3190 quod
901 3149 955 3178 est
992 3141 1141 3178 alterius
1165 3141 1375 3189 potentiae:

320 3204 356 3232 et
384 3195 471 3234 ideo
497 3203 659 3244 uterque
688 3203 793 3232 actus
820 3196 868 3231 ab
896 3202 1056 3242 utraque
1075 3193 1244 3242 potentia
1258 3194 1376 3231 deno-

320 3248 455 3287 minari
482 3256 618 3297 potest.
648 3247 894 3285 Manifestum
915 3254 970 3284 est
993 3254 1120 3284 autem
1150 3247 1254 3295 quod
1273 3253 1377 3284 actus

373 3379 495 3411 nycena
514 3378 590 3402 bona.
608 3390 627 3396 ·-
644 3377 716 3402 circa
741 3378 810 3402 bona
833 3377 935 3410 KpFH,
960 3378 1032 3402 circa
1050 3380 1124 3402 certa
1143 3377 1211 3402 bona
1230 3377 1267 3401 sH
1278 3395 1284 3406 ‚
1302 3377 1375 3402 circa

322 3415 391 3440 bona
409 3417 482 3439 certa
502 3414 547 3438 Pa.

373 3447 398 3482 β)
419 3451 445 3474 et
462 3448 552 3473 etiam.
569 3463 587 3467 -
605 3450 631 3472 et
649 3450 688 3472 est
706 3447 752 3471 Pa.

464 3608 573 3632 SUMMAE
592 3607 693 3630 Tin-tm..
712 3606 742 3630 D.
755 3605 870 3629 Tuomst:
889 3605 921 3629 T.
940 3605 978 3629 111.

1427 1408 1581 1445 rationis
1610 1409 1798 1457 dirigentis
1826 1411 1864 1447 in
1892 1411 1950 1448 his
1978 1424 2074 1460 quae
2103 1420 2188 1450 sunt
2215 1413 2264 1450 ad
2292 1414 2423 1462 finem,
2444 1422 2481 1451 et

1427 1467 1531 1497 actus
1550 1462 1752 1499 voluntatis
1777 1463 1987 1500 secundum
2012 1465 2180 1512 regimen
2199 1466 2354 1503 rationis
2376 1466 2416 1503 in
2436 1479 2480 1503 ea

1427 1513 1625 1560 tendentis,
1655 1514 1703 1550 ad
1731 1527 1771 1550 se
1799 1515 1963 1552 invicem
1993 1516 2221 1564 ordinantur.
2252 1519 2362 1556 Unde
2388 1527 2424 1556 et
2442 1519 2481 1556 in

1428 1573 1513 1602 actu
1528 1567 1743 1613 voluntatis,
1761 1579 1857 1616 quae
1874 1575 1929 1604 est
1944 1569 2087 1615 electio,
2100 1578 2256 1618 apparet
2270 1571 2408 1620 aliquid
2424 1584 2481 1608 ra-

1427 1617 1550 1665 tionis,
1572 1618 1711 1655 scilicet
1730 1620 1845 1657 ordo:
1868 1628 1903 1656 et
1921 1621 1958 1657 in
1985 1621 2152 1668 consilio,
2173 1623 2278 1671 quod
2302 1632 2358 1660 est
2377 1632 2481 1661 actus

1429 1671 1593 1718 rationis,
1624 1680 1781 1720 apparet
1799 1672 1938 1720 aliquid
1962 1674 2164 1710 voluntatis
2189 1675 2282 1711 sicut
2308 1677 2480 1724 materia,

1429 1723 1518 1771 quia
1542 1724 1739 1760 consilium
1760 1733 1816 1761 est
1835 1726 1881 1762 de
1906 1725 1962 1761 his
1983 1738 2079 1774 quae
2098 1727 2218 1764 homo
2238 1729 2318 1764 vult
2340 1729 2480 1775 facere3

1429 1783 1466 1812 et
1480 1775 1593 1812 etiam
1610 1774 1624 1805 β
1639 1777 1734 1814 sicut
1752 1777 1956 1825 motivum,
1978 1778 2066 1827 quia
2081 1791 2125 1815 ex
2145 1779 2218 1816 hoc
2238 1780 2343 1828 quod
2362 1781 2480 1818 homo

1427 1829 1509 1866 vult
1526 1829 1657 1876 finem,
1678 1837 1856 1866 movetur
1878 1830 1926 1867 ad
1947 1830 2219 1869 consiliandum
2241 1834 2288 1870 de
2307 1833 2364 1870 his
2384 1846 2481 1883 quae

1429 1889 1516 1918 sunt
1534 1882 1583 1918 ad
1602 1882 1730 1918 finem.
1752 1883 1801 1919 Et
1818 1882 1905 1919 ideo
1926 1883 2020 1920 sicut
2033 1889 2049 1911 Υ
2063 1884 2315 1934 Philosophus
2331 1886 2429 1934 dicit,
2445 1887 2483 1924 in

1428 1935 1478 1971 VI
1494 1935 1613 1971 Ethic.
1630 1934 1660 1982 ²¹⁸,
1690 1935 1794 1983 quod
1814 1935 1940 1972 electio
1960 1942 2014 1972 est
2030 1937 2230 1974 intellectus
2248 1939 2481 1986 appetitivus,

1428 1995 1469 2023 ut
1495 1988 1543 2024 ad
1564 1987 1786 2024 electionem
1815 1995 2018 2036 utrumque
2044 2001 2268 2027 concurrere
2293 1991 2482 2038 ostendat;

1427 2040 1478 2076 ita
1492 2041 1754 2076 Damascenus
1775 2040 1862 2077 dicit
1874 2040 1894 2061 ³¹⁶
1908 2041 2012 2089 quod
2027 2042 2220 2078 consilium
2235 2049 2288 2079 est
2304 2045 2483 2091 appetitus

1429 2092 1670 2140 inquisitivus,
1699 2100 1740 2128 ut
1768 2092 1965 2129 consilium
1998 2093 2124 2142 aliquo
2151 2095 2268 2131 modo
2297 2097 2483 2144 pertinere

1429 2145 1602 2182 ostendat
1631 2153 1667 2181 et
1693 2145 1741 2182 ad
1768 2146 2015 2193 voluntatem,
2037 2147 2133 2183 circa
2152 2160 2268 2195 quam
2288 2156 2324 2185 et
2343 2161 2388 2185 ex
2408 2162 2482 2197 qua

1427 2198 1471 2234 fit
1498 2197 1700 2245 inquisitio,
1731 2204 1766 2233 et
1793 2199 1842 2234 ad
1869 2198 2055 2234 rationem
2083 2199 2345 2248 inquirentem.

1482 2251 1541 2286 AD
1570 2261 1758 2286 SECUNDUM
1787 2262 1970 2287 DICENDUM
1997 2251 2102 2298 quod
2129 2264 2173 2288 ea
2193 2264 2291 2300 quae
2311 2253 2484 2290 dicuntur

1431 2302 1477 2339 de
1510 2303 1615 2348 Deo,
1655 2302 1874 2350 accipienda
1906 2311 1991 2339 sunt
2023 2304 2166 2352 absque
2199 2305 2305 2341 omni
2336 2306 2484 2343 defectu

1431 2355 1496 2403 qui
1515 2354 1705 2392 invenitur
1731 2354 1770 2392 in
1797 2355 1928 2392 nobis:
1958 2355 2053 2393 sicut
2071 2357 2110 2392 in
2128 2357 2238 2393 nobis
2257 2357 2412 2395 scientia
2429 2366 2486 2395 est

1431 2407 1717 2445 conclusionum
1745 2420 1814 2456 per
1838 2407 2048 2446 discursum
2067 2421 2090 2445 a
2108 2409 2231 2446 causis
2251 2410 2290 2446 in
2310 2410 2483 2457 effectus;

1431 2460 1500 2497 sed
1528 2460 1681 2496 scientia
1706 2460 1803 2497 dicta
1832 2460 1879 2497 de
1898 2461 1996 2508 Deo,
2021 2461 2205 2508 significat
2224 2463 2483 2500 certitudinem

1432 2513 1479 2549 de
1508 2513 1687 2550 omnibus
1725 2513 1921 2550 effectibus
1957 2513 1995 2550 in
2021 2513 2146 2565 prima
2182 2527 2311 2562 causa,
2340 2516 2484 2564 absque

1432 2565 1537 2602 omni
1566 2565 1749 2602 discursu.
1779 2566 1828 2602 Et
1855 2565 2023 2603 similiter
2050 2566 2246 2603 consilium
2278 2568 2486 2605 attribuitur

1431 2619 1515 2654 Deo
1545 2625 1727 2665 quantum
1756 2617 1805 2654 ad
1834 2618 2092 2655 certitudinem
2120 2619 2325 2657 sententiae
2347 2621 2410 2658 vel
2428 2621 2483 2658 iu-

1432 2669 1529 2715 dicii,
1550 2682 1648 2717 quae
1675 2670 1714 2706 in
1742 2670 1852 2706 nobis
1879 2671 2055 2718 provenit
2073 2683 2117 2708 ex
2136 2671 2373 2720 inquisitione
2394 2685 2483 2710 con-

1432 2722 1511 2759 silii.
1533 2723 1609 2759 Sed
1635 2722 1856 2759 huiusmodi
1874 2722 2064 2770 inquisitio
2091 2724 2130 2760 in
2153 2725 2238 2761 Deo
2257 2725 2386 2762 locum
2405 2738 2484 2763 non

1431 2775 1561 2811 habet:
1584 2782 1619 2811 et
1646 2774 1733 2812 ideo
1763 2775 1960 2812 consilium
1978 2776 2189 2813 secundum
2208 2778 2282 2814 hoc
2300 2778 2385 2814 Deo
2405 2791 2483 2815 non

1432 2827 1653 2873 attribuitur.
1679 2828 1728 2864 Et
1751 2828 1963 2865 secundum
1982 2829 2057 2865 hoc
2075 2830 2337 2867 Damascenus
2357 2831 2445 2868 dicit
2463 2831 2483 2853 '³‘

1433 2880 1538 2928 quod
1564 2881 1668 2917 Deus
1696 2892 1770 2917 non
1798 2880 2034 2917 consiliatur:
2067 2882 2277 2930 ignorantis
2305 2883 2402 2920 enim
2432 2889 2486 2920 est

1433 2933 1632 2969 consiliari.
2453 2954 2455 2956 ·

1484 2987 1543 3021 AD
1563 2996 1721 3021 TERTluM
1735 2997 1918 3022 memnon
1933 2985 2037 3034 quod
2056 2985 2146 3022 nihil
2165 2987 2342 3034 prohibet
2360 2987 2484 3036 aliqua

1433 3048 1514 3073 esse
1549 3037 1754 3076 certissima
1788 3038 1889 3074 bona
1921 3039 2132 3075 secundum
2165 3039 2390 3076 sententiam
2425 3053 2483 3077 sa-

1431 3089 1602 3137 pientum
1623 3097 1660 3126 et
1678 3089 1923 3138 spiritualium
1941 3090 2125 3137 virorum,
2141 3103 2238 3139 quae
2257 3099 2387 3129 tamen
2405 3105 2484 3130 non

1432 3149 1518 3178 sunt
1546 3149 1645 3178 certa
1669 3142 1771 3178 bona
1799 3142 2010 3180 secundum
2034 3143 2259 3181 sententiam
2274 3142 2287 3166 δ
2305 3145 2482 3193 plurium,

1430 3195 1492 3231 vel
1515 3194 1721 3231 carnalium
1740 3195 1952 3232 hominum.
1974 3196 2023 3232 Et
2049 3195 2136 3233 ideo
2166 3197 2212 3234 de
2238 3197 2374 3234 talibus
2394 3210 2483 3234 con-

1432 3247 1511 3284 silia
1539 3247 1684 3284 dantur.

1482 3378 1508 3410 γ)
1527 3378 1603 3402 sicut.
1621 3391 1639 3396 -
1658 3378 1718 3402 Om.
1738 3378 1783 3402 Pa.

1483 3411 1508 3445 ὃ)
1527 3413 1693 3437 sententiam.
1710 3427 1729 3432 -
1746 3420 1837 3438 sensus
1856 3414 1884 3444 F,
1903 3420 2006 3438 sensum
2027 3415 2111 3439 ceteri.
2123 3427 2143 3433 -
2157 3414 2206 3438 Pro
2225 3415 2266 3439 ve!
2282 3415 2438 3445 carnalium,
2458 3418 2485 3440 et

1431 3448 1578 3472 carnalium
1599 3449 1630 3472 H.

2511 1945 2592 1993 scili:
2605 1951 2701 1993 fzffifi·
2709 1956 2720 1961 '

2509 2055 2520 2066 ⁴*
2531 2054 2588 2076 Loc.
2599 2055 2638 2075 cit.

2513 2840 2521 2849 ”
2535 2839 2594 2861 lbid.
