2852 4152
83 757 96 768 ⁸
110 756 176 779 Vers-
190 761 219 784 ¹⁵·

85 970 96 981 ·
109 969 176 992 Vern-
191 975 208 991 r.

1026 245 1291 292 QUAEsrio
1319 245 1370 291 v,
1400 245 1695 282 ARTmuLUs
1726 245 1776 281 iv
2437 259 2487 294 49

319 339 420 364 unus
446 339 526 363 non
553 333 651 363 esset
679 325 751 362 alio
781 325 936 362 beatior.
968 326 1046 362 Sed
1066 325 1104 362 in
1123 325 1195 361 hac
1212 323 1291 361 vita
1310 325 1378 361 ho-

320 379 442 416 mines
469 386 629 427 possunt
654 378 878 426 participare
907 390 1100 414 summum
1129 378 1288 422 bonum,
1316 390 1377 414 co-

321 431 541 479 gnoscendo
578 438 614 468 et
648 432 815 468 amando
854 431 1000 477 Deum,
1029 431 1114 467 licet
1144 430 1375 478 imperfecte.

321 486 422 532 Ergo
451 484 569 520 homo
599 483 638 520 in
665 485 735 520 hac
763 483 841 520 vita
868 490 992 531 potest
1020 495 1102 520 esse
1127 484 1271 519 beatus.

377 539 410 574 3.
431 538 670 582 PRAETEREA,
700 536 805 585 quod
833 548 855 572 a
883 536 1051 584 pluribus
1079 534 1094 566 β
1122 535 1275 581 dicitur,
1301 547 1380 571 non

320 597 446 639 potest
472 589 632 626 totaliter
654 589 789 625 falsum
820 601 922 625 esse:
951 588 1103 625 videtur
1131 588 1231 624 enim
1261 599 1343 624 esse
1363 592 1378 615 Υ

322 643 490 680 naturale
514 641 618 690 quod
646 641 685 678 in
703 641 873 690 pluribus
894 648 963 686 est;
993 648 1126 678 natura
1154 648 1280 677 autem
1301 652 1379 676 non

321 694 482 732 totaliter
506 694 643 731 deficit.
675 694 752 731 Sed
778 694 905 742 plures
933 701 1080 742 ponunt
1107 693 1378 730 beatitudinem

321 748 361 785 in
395 747 468 784 hac
498 747 596 794 vita,
625 754 667 784 ut
693 754 795 795 patet
822 759 890 795 per
921 746 1012 783 illud
1039 746 1180 782 Psalmi
1212 744 1376 782 CXL111*:

321 802 481 837 Beatum
509 800 688 837 dixerunt
706 800 890 848 populum
915 799 977 835 cui
997 801 1090 836 haec
1116 804 1212 844 sunt,
1241 797 1380 834 scilicet

322 852 530 902 praesentis
558 852 660 889 vitae
695 853 808 889 bona.
847 853 949 900 Ergo
978 851 1111 900 aliquis
1139 851 1177 887 in
1204 851 1275 887 hac
1302 850 1380 887 vita

323 912 447 954 potest
476 916 558 942 esse
587 905 732 942 beatus.

377 958 451 995 SED
477 969 622 994 CONTRA
645 969 711 994 EST
735 957 840 1006 quod
869 956 1002 994 dicitur
1019 957 1089 992 Iob
1107 968 1167 992 xiv
1184 956 1221 992 *ε
1248 956 1379 992 Homo

324 1016 433 1047 natus
460 1010 506 1046 de
533 1010 700 1056 muliere,
730 1010 836 1047 brevi
859 1010 988 1047 vivens
1016 1013 1192 1056 tempore,
1218 1008 1381 1056 repletur

323 1063 447 1100 multis
474 1063 643 1100 miseriis.
674 1063 750 1100 Sed
769 1062 962 1099 beatitudo
983 1061 1145 1098 excludit
1171 1060 1376 1098 miseriam.

324 1115 425 1163 Ergo
454 1116 574 1152 homo
602 1115 638 1152 in
667 1116 739 1152 hac
765 1115 844 1152 vita
871 1127 950 1151 non
977 1121 1102 1162 potest
1130 1126 1211 1150 esse
1232 1114 1377 1150 beatus.

376 1167 602 1205 RESPONDEO
625 1180 808 1205 DICENDUM
827 1167 933 1215 quod
951 1166 1119 1214 aliqualis
1139 1165 1378 1203 beatitudinis

323 1220 558 1269 participatio
591 1220 630 1257 in
663 1221 736 1257 hac
769 1220 847 1257 vita
882 1218 1013 1256 haberi
1039 1226 1183 1266 potest:
1212 1219 1379 1267 perfecta

324 1280 452 1310 autem
477 1281 513 1310 et
539 1285 631 1309 vera
650 1273 843 1310 beatitudo
862 1284 941 1308 non
960 1278 1084 1319 potest
1101 1271 1232 1308 haberi
1251 1271 1289 1308 in
1308 1271 1380 1306 hac

323 1325 411 1362 vita.
442 1326 491 1362 Et
509 1325 583 1361 hoc
602 1325 759 1372 quidem
779 1323 1008 1360 considerari
1027 1330 1152 1370 potest
1171 1323 1378 1371 dupliciter.

324 1376 452 1414 Primo
474 1376 642 1424 quidem,
664 1388 709 1412 ex
737 1376 819 1424 ipsa
847 1375 1044 1412 communi
1067 1375 1304 1412 beatitudinis
1324 1386 1380 1410 ra-

323 1428 438 1467 tione.
468 1429 571 1466 Nam
601 1428 806 1474 beatitudo,
837 1439 922 1464 cum
952 1427 998 1463 sit
1018 1428 1228 1474 perfectum
1247 1433 1284 1463 et
1303 1427 1381 1473 suf-

83 1488 96 1502 ·
154 1480 450 1528 mnam-rfiezen}
477 1482 615 1517 honum
635 1480 667 1527 ³¹²,
688 1492 803 1517 omne
831 1481 975 1517 malum
1004 1479 1175 1526 excludit,
1197 1487 1233 1516 et
1262 1490 1379 1516 omne

37 1838 49 1893 ⁵·
83 1853 98 1867 ⁴
110 1852 167 1882 0¹9-
176 1859 201 1876 π
215 1858 267 1882 ης·

324 1532 553 1570 desiderium
582 1533 724 1582 implet.
755 1534 797 1570 In
823 1533 896 1569 hac
919 1530 1045 1569 autem
1065 1531 1144 1568 vita
1162 1545 1242 1569 non
1255 1538 1381 1581 potest

323 1597 440 1623 omne
468 1586 614 1623 malum
652 1585 810 1622 excludi.
839 1585 967 1622 Multis
996 1584 1098 1620 enim
1131 1585 1239 1621 malis
1271 1597 1381 1633 prae-

322 1649 410 1675 sens
442 1638 519 1676 vita
551 1637 729 1684 subiacet,
758 1650 856 1687 quae
888 1637 998 1674 vitari
1025 1649 1104 1674 non
1130 1645 1311 1686 possunt:
1345 1646 1382 1675 et

320 1690 552 1738 ignorantiae
590 1703 635 1727 ex
671 1698 777 1740 parte
810 1691 1039 1736 intellectuS,
1078 1687 1114 1727 et
1146 1690 1380 1727 inordinatae

322 1742 512 1781 affectioni
532 1755 577 1780 ex
595 1751 702 1792 parte
721 1743 920 1792 appetitus,
941 1750 977 1780 et
1000 1743 1269 1792 multiplicibus
1288 1755 1382 1791 poe-

321 1794 535 1832 nalitatibus
555 1808 600 1832 ex
627 1803 732 1844 parte
758 1796 947 1844 corporis;
977 1803 1018 1832 ut
1044 1796 1275 1844 Augustinus
1304 1796 1382 1833 dili-

321 1855 452 1895 genter
488 1849 727 1897 prosequitur
753 1850 844 1886 XIX
871 1850 916 1885 de
949 1849 1027 1886 Civ.
1052 1849 1128 1886 Dei
1143 1849 1174 1886 ²1⁶.
1205 1849 1383 1886 Similiter

322 1900 436 1940 etiam
474 1901 705 1938 desiderium
742 1902 834 1938 boni
870 1901 910 1938 in
943 1902 1015 1938 hac
1042 1902 1120 1939 vita
1152 1901 1274 1939 satiari
1302 1914 1382 1939 non

320 1960 457 2002 potest.
488 1954 717 1991 Naturaliter
744 1954 846 1991 enirn
874 1955 994 1991 homo
1020 1955 1208 1992 desiderat
1234 1967 1381 2003 perma-

321 2005 488 2045 nentiam
509 2006 588 2044 eius
613 2007 705 2044 boni
733 2007 838 2067 quod
855 2008 980 2044 habet.
1002 2009 1111 2044 Bona
1130 2015 1258 2044 autem
1273 2020 1382 2066 prae-

323 2058 436 2096 sentis
467 2058 569 2096 vitae
603 2060 818 2097 transitoria
855 2068 960 2098 sunt:
997 2073 1086 2096 cum
1118 2068 1154 2097 et
1189 2061 1271 2109 ipsa
1302 2060 1381 2098 vita

376 2188 401 2222 β)
420 2197 438 2214 a
451 2190 584 2222 pluribus.
601 2203 620 2209 -
638 2190 671 2215 ab
690 2190 810 2215 omnibus
829 2191 876 2215 Pa.

1433 331 1614 370 transeat,
1644 335 1760 371 quam
1788 323 2005 360 naturaliter
2034 324 2310 372 desideramus,
2341 333 2376 362 et
2404 338 2488 362 eam

1431 384 1617 425 perpetuo
1654 388 1880 425 permanere
1912 377 2124 423 vellemus,
2154 377 2242 425 quia
2275 378 2490 415 naturaliter

1432 430 1551 466 homo
1572 429 1705 476 refugit
1724 437 1898 465 mortem.
1919 429 2030 466 Unde
2050 429 2282 477 impossibile
2308 439 2361 467 est
2385 431 2490 479 quod

1432 482 1470 518 in
1497 483 1570 518 hac
1590 482 1675 519 vita
1693 494 1784 518 vera
1809 481 2002 519 beatitudo
2021 482 2216 519 habeatur.

1486 535 1676 581 Secundo,
1701 534 1732 571 si
1760 534 2018 571 consideretur
2044 535 2083 571 id
2110 535 2149 571 in
2177 546 2253 583 quo
2282 535 2491 583 specialiter

1433 587 1625 624 beatitudo
1646 587 1824 634 consistit,
1845 587 1983 624 scilicet
2000 587 2097 624 visio
2119 587 2269 624 divinae
2290 588 2488 635 essentiae,

1433 652 1530 688 quae
1559 653 1636 677 non
1664 647 1790 689 potest
1807 640 1954 677 homini
1981 640 2182 688 provenire
2202 640 2241 677 in
2267 641 2339 678 hac
2366 641 2444 678 vita
2457 641 2488 688 ’ἢ

1432 700 1474 729 ut
1492 692 1530 729 in
1549 693 1677 730 Primo
1697 693 1717 714 '¹‘
1736 700 1932 730 ostensum
1952 701 2018 730 est.
2040 694 2098 729 Ex
2126 693 2264 741 quibus
2292 694 2488 731 manifeste

1433 752 1590 793 apparet
1609 745 1712 794 quod
1732 758 1810 782 non
1824 753 1948 794 potest
1966 745 2099 794 aliquis
2118 746 2157 783 in
2175 746 2247 783 hac
2260 746 2338 783 vita
2356 759 2488 795 veram

1433 806 1470 834 et
1497 799 1702 846 perfectam
1731 798 2004 836 beatitudinem
2031 798 2199 847 adipisci.

1485 853 1544 887 An
1573 863 1709 887 PRIMUM
1737 862 1834 887 ERGO
1864 863 2047 888 D1CENDUM
2073 851 2178 898 quod
2197 851 2296 888 beati
2316 851 2490 889 dicuntur

1433 903 1546 951 aliqui
1575 903 1613 939 in
1640 904 1712 939 hac
1739 903 1836 949 vita,
1870 904 1930 940 vel
1960 911 2115 952 propter
2150 916 2259 952 spem
2292 904 2490 941 beatitudi-

1433 956 1489 992 nis
1518 955 1783 1004 adipiscendae
1814 956 1853 992 in
1879 956 2004 993 futura
2030 956 2107 993 vita
2123 986 2132 1004 ,
2162 957 2373 994 secundum
2400 957 2490 994 illud

1433 1010 1545 1045 Rom.
1566 1020 1626 1045 vm
1650 1008 1681 1055 ²⁸,
1711 1009 1783 1056 Spe
1813 1009 1910 1045 salvi
1934 1010 2032 1056 facti
2064 1021 2211 1046 sumus:
2245 1010 2307 1047 vel
2334 1018 2490 1058 propter

1434 1061 1600 1109 aliquam
1634 1061 1959 1110 participationem
1988 1061 2248 1110 beatitudinis,
2278 1063 2489 1100 secundum

1434 1114 1634 1162 aliqualem
1661 1113 1802 1150 summi
1831 1113 1922 1150 boni
1949 1114 2176 1151 fruitionem.

1486 1168 1545 1203 AD
1574 1176 1763 1204 SECUNDUM
1790 1178 1973 1203 DICENDUM
2002 1166 2107 1214 quod
2138 1167 2372 1215 participatio
2401 1169 2489 1205 bea-

1434 1219 1596 1256 titudinis
1633 1226 1758 1267 potest
1795 1231 1876 1255 esse
1904 1219 2124 1267 imperfecta
2161 1219 2366 1267 dupliciter.
2401 1221 2488 1257 Uno

1434 1271 1565 1318 modo,
1587 1283 1632 1308 ex
1658 1279 1765 1320 parte
1793 1271 1910 1320 ipsius
1938 1271 2074 1308 obiecti
2103 1271 2354 1319 beatitudinis,
2384 1274 2488 1321 quod

1434 1324 1590 1372 quidem
1610 1324 1819 1362 secundum
1844 1324 1902 1361 sui
1922 1324 2121 1361 essentiam
2151 1337 2228 1361 non
2255 1325 2415 1362 videtur.
2441 1326 2491 1362 Et

1434 1376 1515 1412 talis
1530 1376 1763 1424 imperfectio
1783 1377 1877 1413 tollit
1896 1376 2081 1414 rationem
2100 1389 2215 1414 verae
2235 1377 2487 1414 beatitudinis.

1434 1428 1519 1464 Alio
1549 1428 1667 1464 modo
1686 1436 1812 1476 potest
1836 1442 1917 1465 esse
1945 1429 2164 1478 imperfecta
2184 1442 2229 1466 ex
2247 1437 2353 1478 parte
2372 1430 2490 1479 ipsius

1434 1480 1700 1528 participantis,
1722 1481 1786 1529 qui
1806 1481 1960 1528 quidem
1980 1482 2028 1518 ad
2046 1482 2172 1530 ipsum
2189 1482 2381 1520 obiectum
2402 1484 2490 1520 bea-

1434 1533 1596 1569 titudinis
1611 1533 1823 1570 secundum
1839 1533 2007 1581 seipsum
2022 1535 2176 1581 attingit,
2197 1535 2336 1572 scilicet
2348 1537 2488 1583 Deum,

1435 1585 1503 1622 sed
1534 1585 1774 1633 imperfecte,
1804 1598 1874 1634 per
1902 1594 2114 1634 respectum
2146 1588 2194 1624 ad
2223 1589 2384 1624 modum
2411 1601 2489 1637 quo

1435 1639 1541 1674 Deus
1561 1637 1686 1686 seipso
1714 1637 1858 1674 fruitur.
1879 1639 1927 1674 Et
1945 1638 2027 1675 talis
2048 1639 2281 1687 imperfectio
2301 1653 2379 1677 non
2398 1641 2492 1677 tollit

1434 1702 1567 1727 veram
1588 1690 1773 1727 rationem
1793 1691 2047 1728 beatitudinis:
2069 1692 2168 1740 quia,
2190 1705 2277 1728 cum
2297 1693 2498 1729 beatitudo⁴

1435 1743 1481 1779 sit
1501 1743 1669 1791 operatio
1699 1743 1901 1791 quaedam,
1926 1751 1967 1780 ut
1986 1756 2098 1792 supra
2112 1744 2132 1766 '¹‘
2152 1745 2293 1782 dictum
2318 1753 2384 1792 est,
2400 1758 2492 1782 vera
2518 1757 2526 1766 ·

1436 1795 1529 1832 ratio
1558 1796 1798 1832 beatitudinis
1827 1796 2084 1833 consideratur
2112 1809 2158 1834 ex
2186 1797 2356 1844 obiecto,
2386 1799 2492 1846 quod

1437 1849 1500 1886 dat
1527 1848 1694 1897 speciem
1723 1849 1837 1895 actui,
1867 1861 1945 1886 non
1973 1857 2100 1886 autem
2130 1862 2175 1886 ex
2203 1850 2384 1887 subiecto.

1488 1903 1547 1938 An
1575 1913 1734 1939 TERTIUM
1762 1913 1946 1939 DICENDUM
1974 1902 2078 1950 quod
2106 1903 2281 1940 homines
2319 1910 2492 1952 reputant

1435 1954 1474 1991 in
1506 1955 1578 1991 hac
1604 1954 1684 1991 vita
1713 1966 1793 1991 esse
1831 1954 1996 2003 aliquam
2025 1955 2307 2002 beatitudinem,
2335 1963 2491 2004 propter

1436 2007 1601 2055 aliquam
1630 2007 1912 2044 similitudinem
1940 2020 2055 2045 verae
2083 2008 2333 2046 beatitudinis.
2362 2010 2411 2045 Et
2438 2008 2491 2045 sic

1436 2073 1514 2096 non
1543 2071 1588 2096 ex
1615 2067 1694 2096 toto
1723 2059 1762 2096 in
1790 2072 1858 2096 sua
1887 2060 2147 2098 aestimatione
2176 2061 2366 2098 deficiunt.

1489 2191 1515 2224 γ)
1536 2198 1599 2216 esse.
1618 2205 1637 2210 -—
1657 2192 1717 2216 Om.
1737 2191 1813 2216 Pa.-
1832 2191 1882 2215 Pro
1901 2194 1998 2219 autem,
2019 2191 2087 2216 enim
2107 2191 2187 2216 FGH.

1099 2350 1416 2391 ARTICULUS
1446 2349 1717 2402 QUARTUS

927 2451 1082 2482 UTRUM
1104 2451 1357 2482 BEATITUDO
1382 2451 1544 2482 HABITA
1567 2451 1713 2482 possm
1737 2451 1890 2482 AMITTI

434 2538 503 2563 Pan.
521 2537 540 2567 1,
559 2545 603 2571 qu.
617 2545 689 2569 mv,
709 2542 755 2562 art.
776 2545 805 2569 23
825 2545 868 2570 qu.
886 2545 960 2569 κων,
979 2543 1027 2562 art.
1045 2545 1066 2568 13
1084 2538 1094 2562 1
1114 2538 1196 2567 Sent„
1217 2538 1274 2563 dist.
1292 2545 1350 2567 vm,
1370 2546 1415 2571 qu.
1433 2545 1470 2569 111,
1490 2542 1535 2562 art.
1557 2545 1587 2568 23
1607 2538 1648 2568 IV,
1667 2538 1725 2563 dist.
1744 2546 1810 2569 xmx,
1829 2547 1873 2571 qu.
1892 2546 1910 2568 1,
1929 2544 1976 2564 art.
1994 2547 2011 2568 ι,
2030 2540 2077 2572 qu·
2095 2547 2126 2571 4;
2145 2540 2176 2564 111
2198 2541 2272 2565 cont.
2295 2542 2380 2571 Gent„

723 2580 779 2605 cap.
796 2573 860 2603 Lim
882 2573 1023 2605 Compend.
1046 2573 1142 2601 Theol„
1162 2578 1226 2606 part.
1246 2573 1263 2603 Ι,
1284 2581 1338 2605 cap.
1357 2580 1445 2604 czxvu
1464 2578 1530 2606 part.
1548 2573 1576 2603 11,
1597 2581 1653 2606 cap.
1671 2581 1708 2603 1x3

356 2686 416 2716 ‘w’
441 2702 471 2717 *l
531 2682 554 2706 D
571 2681 742 2712 QUARTUM
762 2681 814 2706 S1c
834 2681 1073 2707 PROCEDITUR.
1093 2669 1252 2707 Videtur
1271 2670 1377 2718 quod

353 2707 410 2767 ΕΒ
453 2693 514 2824 (ξιξ
533 2722 724 2759 beatitudo
748 2722 867 2771 possit
895 2723 1024 2759 amitti.
1053 2722 1252 2759 Beatitudo
1274 2723 1375 2760 enim

341 2777 383 2822 'ss
476 2766 588 2814 ‘'fest
614 2775 794 2823 perfectio
824 2775 1025 2823 quaedam.
1047 2775 1123 2812 Sed
1151 2775 1276 2812 omnis
1295 2788 1378 2824 per-

343 2822 355 2833 ''
381 2844 390 2854 κ
412 2797 503 2863 1⁶-ss
492 2822 642 2866 &feetio
679 2828 775 2864 inest
805 2828 1025 2876 perfectibili
1053 2827 1265 2865 secundum
1293 2841 1378 2865 mo-

323 2880 415 2917 dum
447 2879 575 2928 ipsius.
607 2880 706 2916 Cum
742 2880 852 2928 igitur
883 2881 1001 2918 homo
1030 2881 1241 2918 secundum
1270 2893 1379 2918 suam

321 2939 496 2970 naturam
515 2933 561 2969 sit
578 2932 777 2980 mutabilis,
793 2933 943 2970 videtur
961 2934 1067 2981 quod
1085 2934 1276 2971 beatitudo
1294 2947 1378 2971 mu-

321 2984 481 3022 tabiliter
514 2985 563 3022 ab
595 2985 751 3022 homine
786 2985 1037 3044 participetur.
1066 2987 1116 3022 Et
1146 2986 1197 3022 ita
1227 2986 1379 3023 videtur

321 3037 427 3087 quod
454 3038 572 3075 homo
601 3037 874 3075 beatitudinem
901 3037 1020 3086 possit
1047 3038 1229 3075 amittere.

376 3102 410 3127 2.
439 3091 673 3137 ΡΒΑΕΤΕΒΕΑ,
698 3091 891 3128 beatitudo
912 3091 1079 3127 consistit
1097 3091 1135 3127 in
1157 3091 1304 3127 actione
1323 3091 1378 3128 in-

321 3143 501 3191 tellectus,
522 3143 620 3192 quia
639 3143 807 3181 subiacet
824 3143 1019 3180 voluntati.
1041 3144 1118 3180 Sed
1144 3144 1319 3181 voluntas
1339 3157 1379 3181 se

320 3196 437 3234 habet
463 3196 511 3233 ad
539 3197 726 3246 opposita.
756 3198 858 3245 Ergo
886 3196 1036 3234 videtur
1053 3197 1158 3245 quod
1177 3196 1295 3245 possit
1315 3197 1379 3234 de-

322 3249 450 3286 sistere
478 3249 526 3285 ab
562 3249 782 3298 operatione
811 3262 886 3298 qua
914 3250 1032 3286 homo
1062 3249 1312 3287 beatificatur:
1345 3257 1380 3286 et

321 3301 372 3338 ita
398 3303 517 3338 homo
548 3302 691 3339 desinet
719 3315 800 3339 esse
829 3303 973 3339 beatus.

378 3355 411 3391 3.
442 3355 683 3402 PRAETEREA,
718 3355 902 3404 principio
937 3354 1139 3404 respondet
1171 3354 1267 3391 finis.
1303 3355 1379 3392 Sed

322 3407 515 3445 beatitudo
544 3407 706 3445 hominis
725 3409 839 3446 habet
857 3408 1101 3457 principium:
1121 3407 1209 3456 quia
1228 3408 1348 3444 homo
1366 3406 1380 3437 β

377 3548 404 3580 α)
423 3548 477 3580 qui.
495 3561 514 3567 —-
532 3555 599 3580 quae
618 3547 818 3577 ABCDEFGIL,
837 3555 880 3572 res
898 3548 948 3580 pH,
969 3551 998 3572 ut
1016 3549 1064 3573 sH.

376 3581 402 3616 β)
421 3583 507 3608 homo.
525 3597 544 3602 -
562 3583 623 3608 Om.
643 3583 753 3607 codices.

463 3636 572 3660 Summam
591 3635 691 3659 Timor..
712 3635 743 3660 D.
756 3634 869 3659 Tnomn
889 3635 921 3660 T.
939 3635 978 3659 111.

1730 2574 1759 2598 In
1779 2573 1861 2603 Ioan„
1882 2582 1936 2606 cap.
1955 2582 1978 2604 x,
1998 2574 2054 2599 lect.
2069 2582 2110 2600 va

1433 2683 1511 2706 non
1539 2682 1691 2719 semper
1719 2670 1786 2707 fuit
1814 2671 1957 2708 beatus.
1986 2672 2089 2719 Ergo
2117 2671 2266 2710 videtur
2293 2675 2397 2722 quod
2425 2675 2490 2710 ha-

1434 2723 1521 2759 beat
1548 2723 1679 2759 finem.

2517 651 2526 659 ·
2541 649 2569 670 D.
2585 650 2636 676 482.

2516 708 2526 719 ⁸¹
2538 707 2584 734 Qu.
2596 714 2636 735 xn,
2650 711 2726 730 art-¹1.

2516 1017 2526 1027 ⁸
2542 1017 2608 1039 Vers.
2623 1023 2659 1044 ²4·

2543 1756 2590 1783 Qu.
2605 1762 2639 1783 ιη,
2654 1759 2696 1778 art.
2706 1762 2727 1778 2.

1488 2777 1562 2813 SED
1591 2787 1736 2812 CONTRA
1763 2788 1829 2813 EST
1857 2777 1960 2825 quod
1994 2777 2125 2814 dicitur
2152 2778 2284 2814 Matth.
2309 2790 2381 2815 xxv
2403 2778 2423 2800 ’¹‘
2443 2780 2489 2816 de
2517 2788 2525 2796 ·
2543 2787 2663 2813 vers-4⁶.

1433 2827 1553 2876 iustis,
1583 2830 1688 2877 quod
1721 2829 1825 2866 ibunt
1858 2830 1916 2866 in
1926 2830 2042 2866 vitam
2070 2836 2283 2874 aeternam,
2311 2843 2420 2879 quae,
2449 2839 2490 2867 ut

1434 2881 1575 2918 dietum
1596 2889 1651 2918 est
1669 2881 1700 2927 ⁹¹⁶,
1722 2889 1778 2918 est
1806 2882 1997 2919 beatitudo
2018 2883 2256 2920 Sanctorum.
2287 2883 2403 2929 Quod
2422 2896 2487 2920 au-
2516 2891 2604 2912 A·¹-r²
2585 2923 2608 2938 ¹

1432 2941 1510 2970 tem
1543 2942 1598 2970 est
1630 2941 1844 2981 aeternum,
1874 2947 1951 2971 non
1989 2935 2125 2972 deficit.
2159 2936 2261 2983 Ergo
2296 2923 2528 2973 beatitudo

1433 2998 1511 3023 non
1539 2994 1664 3035 potest
1691 2987 1820 3023 amitti.

1486 3040 1710 3076 RESPONDEO
1730 3051 1912 3076 D1CENDUM
1932 3040 2047 3088 quod,
2064 3040 2094 3076 si
2109 3040 2313 3089 loquamur
2332 3042 2378 3078 de
2398 3041 2487 3078 bea-

1434 3091 1590 3128 titudine
1618 3092 1848 3140 imperfecta,
1878 3092 1997 3140 qualis
2025 3093 2063 3129 in
2089 3093 2161 3129 hac
2182 3093 2262 3130 vita
2280 3101 2404 3143 potest
2422 3095 2489 3130 ha-

1434 3143 1524 3190 beri,
1555 3144 1607 3180 sic
1634 3151 1758 3192 potest
1785 3144 1902 3181 amitti
1921 3149 1947 3182 Υ.
1978 3145 2027 3182 Et
2048 3146 2123 3182 hoc
2140 3153 2243 3194 patet
2260 3146 2298 3183 in
2317 3146 2487 3183 felicitate

1435 3196 1739 3245 contemplativa,
1755 3209 1852 3246 quae
1874 3197 2054 3235 amittitur
2071 3199 2133 3235 vel
2151 3211 2220 3247 per
2239 3199 2485 3247 oblivionem,

1433 3257 1524 3298 puta
1553 3262 1641 3286 cum
1671 3250 1923 3299 corrumpitur
1949 3251 2104 3288 scientia
2123 3264 2168 3288 ex
2188 3251 2311 3300 aliqua
2331 3252 2488 3299 aegritu-

1436 3302 1543 3348 dine;
1564 3303 1625 3339 vel
1646 3303 1759 3340 etiam
1773 3301 1787 3324 ὅ
1805 3315 1873 3352 per
1891 3303 2034 3352 aliquas
2053 3305 2334 3353 occupationes,
2350 3305 2488 3353 quibus

1434 3355 1594 3392 totaliter
1609 3356 1835 3393 abstrahitur
1849 3356 1980 3406 aliquis
1996 3369 2017 3393 a
2037 3357 2365 3406 contemplatione.
2382 3358 2489 3394 Patet

1436 3408 1548 3445 etiam
1569 3408 1669 3446 idem
1687 3409 1724 3445 in
1749 3409 1919 3446 felicitate
1940 3410 2078 3447 activa:
2103 3411 2277 3447 voluntas
2298 3410 2399 3447 enim
2419 3411 2487 3446 ho-

1487 3549 1513 3582 γ)
1533 3549 1629 3574 amitti.
1648 3563 1666 3568 -
1684 3550 1732 3575 sed
1749 3558 1800 3575 non
1821 3551 1853 3575 de
1865 3550 1945 3584 sacili
1965 3550 2059 3574 addunt
2079 3549 2188 3574 codices.

1487 3583 1511 3616 δ)
1531 3585 1619 3609 etiam.
1638 3599 1656 3604 —
1675 3585 1736 3610 Om.
1755 3586 1800 3610 Pa.

2624 2897 2671 2918 ar.g
2680 2891 2728 2912 Sed
