<?xml version="1.0" encoding="UTF-8"?>
<!DOCTYPE html PUBLIC "-//W3C//DTD XHTML 1.0 Transitional//EN"
    "http://www.w3.org/TR/xhtml1/DTD/xhtml1-transitional.dtd">
<html xmlns="http://www.w3.org/1999/xhtml" xml:lang="en" lang="en">
 <head>
  <title>
</title>
<meta http-equiv="Content-Type" content="text/html;charset=utf-8" />
  <meta name='ocr-system' content='tesseract 3.04.00' />
  <meta name='ocr-capabilities' content='ocr_page ocr_carea ocr_par ocr_line ocrx_word'/>
</head>
<body>
  <div class='ocr_page' id='page_1' title='image "./operaomniaiussui06thom/operaomniaiussui06thom_0303.png"; bbox 0 0 2852 4152; ppageno 0'>
   <div class='ocr_carea' id='block_1_1' title="bbox 0 960 44 3719">
    <p class='ocr_par' dir='ltr' id='par_1_1' title="bbox 0 960 44 3719">
     <span class='ocr_line' id='line_1_1' title="bbox 0 960 44 3719; baseline 0 0"><span class='ocrx_word' id='word_1_1' title='bbox 0 960 44 3719; x_wconf 95' lang='lat' dir='ltr'> </span> 
     </span>
    </p>
   </div>
   <div class='ocr_carea' id='block_1_2' title="bbox 103 2460 267 2487">
    <p class='ocr_par' dir='ltr' id='par_1_2' title="bbox 103 2460 267 2487">
     <span class='ocr_line' id='line_1_2' title="bbox 103 2460 267 2487; baseline -0.006 -6"><span class='ocrx_word' id='word_1_2' title='bbox 103 2467 122 2481; x_wconf 71' lang='grc' dir='ltr'><em>Η</em></span> <span class='ocrx_word' id='word_1_3' title='bbox 144 2468 152 2485; x_wconf 90' lang='grc'>·,</span> <span class='ocrx_word' id='word_1_4' title='bbox 170 2467 177 2470; x_wconf 88' lang='grc'><strong>-</strong></span> <span class='ocrx_word' id='word_1_5' title='bbox 190 2460 242 2487; x_wconf 50' lang='lat' dir='ltr'>(ss.</span> <span class='ocrx_word' id='word_1_6' title='bbox 255 2460 267 2469; x_wconf 85' lang='lat'>·&#39;</span> 
     </span>
    </p>
   </div>
   <div class='ocr_carea' id='block_1_3' title="bbox 999 263 2501 311">
    <p class='ocr_par' dir='ltr' id='par_1_3' title="bbox 999 263 2501 311">
     <span class='ocr_line' id='line_1_3' title="bbox 999 263 2501 311; baseline -0.003 -9"><span class='ocrx_word' id='word_1_7' title='bbox 999 264 1264 311; x_wconf 82' lang='lat' dir='ltr'><strong>QUAESTIO</strong></span> <span class='ocrx_word' id='word_1_8' title='bbox 1294 264 1414 311; x_wconf 87' lang='lat' dir='ltr'>XLV,</span> <span class='ocrx_word' id='word_1_9' title='bbox 1443 263 1738 300; x_wconf 88' lang='lat' dir='ltr'><strong>ARTICULUS</strong></span> <span class='ocrx_word' id='word_1_10' title='bbox 1768 263 1819 300; x_wconf 91' lang='lat' dir='ltr'>IV</span> <span class='ocrx_word' id='word_1_11' title='bbox 2431 274 2501 310; x_wconf 87' lang='lat'>291</span> 
     </span>
    </p>
   </div>
   <div class='ocr_carea' id='block_1_4' title="bbox 335 342 1396 813">
    <p class='ocr_par' dir='ltr' id='par_1_4' title="bbox 335 342 1391 442">
     <span class='ocr_line' id='line_1_4' title="bbox 335 342 1391 382; baseline -0.004 0"><span class='ocrx_word' id='word_1_12' title='bbox 335 345 447 382; x_wconf 88' lang='lat' dir='ltr'>tibus.</span> <span class='ocrx_word' id='word_1_13' title='bbox 469 343 547 380; x_wconf 85' lang='lat' dir='ltr'>Sed</span> <span class='ocrx_word' id='word_1_14' title='bbox 573 343 610 380; x_wconf 93' lang='lat' dir='ltr'>in</span> <span class='ocrx_word' id='word_1_15' title='bbox 639 342 846 380; x_wconf 90' lang='lat' dir='ltr'>audacibus</span> <span class='ocrx_word' id='word_1_16' title='bbox 875 351 1075 380; x_wconf 89' lang='lat' dir='ltr'>revocatur</span> <span class='ocrx_word' id='word_1_17' title='bbox 1103 344 1205 380; x_wconf 89' lang='lat' dir='ltr'>calor</span> <span class='ocrx_word' id='word_1_18' title='bbox 1232 342 1280 379; x_wconf 92' lang='lat' dir='ltr'>ad</span> <span class='ocrx_word' id='word_1_19' title='bbox 1306 354 1391 379; x_wconf 81' lang='lat' dir='ltr'>cor:</span> 
     </span>
     <span class='ocr_line' id='line_1_5' title="bbox 336 395 1091 442; baseline -0.003 -8"><span class='ocrx_word' id='word_1_20' title='bbox 336 397 376 434; x_wconf 90' lang='lat' dir='ltr'>in</span> <span class='ocrx_word' id='word_1_21' title='bbox 402 395 620 434; x_wconf 88' lang='lat' dir='ltr'>timentibus</span> <span class='ocrx_word' id='word_1_22' title='bbox 649 402 797 442; x_wconf 84' lang='lat' dir='ltr'>autem,</span> <span class='ocrx_word' id='word_1_23' title='bbox 828 395 877 432; x_wconf 90' lang='lat' dir='ltr'>ad</span> <span class='ocrx_word' id='word_1_24' title='bbox 904 395 1091 433; x_wconf 88' lang='lat' dir='ltr'>inferiora.</span> 
     </span>
    </p>

    <p class='ocr_par' dir='ltr' id='par_1_5' title="bbox 335 447 1396 813">
     <span class='ocr_line' id='line_1_6' title="bbox 356 447 1394 496; baseline -0.003 -10"><span class='ocrx_word' id='word_1_25' title='bbox 356 491 359 494; x_wconf 64' lang='lat'><em>‚</em></span> <span class='ocrx_word' id='word_1_26' title='bbox 389 451 448 486; x_wconf 83' lang='lat' dir='ltr'>An</span> <span class='ocrx_word' id='word_1_27' title='bbox 477 460 667 485; x_wconf 76' lang='lat' dir='ltr'>SECUNDUM</span> <span class='ocrx_word' id='word_1_28' title='bbox 686 459 870 484; x_wconf 82' lang='lat' dir='ltr'><strong>DICENDUM</strong></span> <span class='ocrx_word' id='word_1_29' title='bbox 897 449 1002 496; x_wconf 89' lang='lat' dir='ltr'>quod</span> <span class='ocrx_word' id='word_1_30' title='bbox 1030 448 1223 486; x_wconf 85' lang='lat' dir='ltr'>obiectum</span> <span class='ocrx_word' id='word_1_31' title='bbox 1251 447 1394 484; x_wconf 87' lang='lat' dir='ltr'>amoris</span> 
     </span>
     <span class='ocr_line' id='line_1_7' title="bbox 337 499 1394 550; baseline -0.002 -12"><span class='ocrx_word' id='word_1_32' title='bbox 337 509 394 539; x_wconf 85' lang='lat' dir='ltr'>est</span> <span class='ocrx_word' id='word_1_33' title='bbox 421 500 638 550; x_wconf 87' lang='lat' dir='ltr'>simpliciter</span> <span class='ocrx_word' id='word_1_34' title='bbox 665 501 832 537; x_wconf 88' lang='lat' dir='ltr'>bonurn:</span> <span class='ocrx_word' id='word_1_35' title='bbox 861 501 964 538; x_wconf 90' lang='lat' dir='ltr'>unde</span> <span class='ocrx_word' id='word_1_36' title='bbox 994 507 1277 549; x_wconf 88' lang='lat' dir='ltr'>augmentatum</span> <span class='ocrx_word' id='word_1_37' title='bbox 1305 499 1394 536; x_wconf 88' lang='lat' dir='ltr'>sim-</span> 
     </span>
     <span class='ocr_line' id='line_1_8' title="bbox 335 553 1396 604; baseline -0.002 -13"><span class='ocrx_word' id='word_1_38' title='bbox 335 553 480 604; x_wconf 85' lang='lat' dir='ltr'>pliciter</span> <span class='ocrx_word' id='word_1_39' title='bbox 507 560 724 600; x_wconf 85' lang='lat' dir='ltr'><strong>augmentat</strong></span> <span class='ocrx_word' id='word_1_40' title='bbox 751 565 936 589; x_wconf 87' lang='lat' dir='ltr'>amorem.</span> <span class='ocrx_word' id='word_1_41' title='bbox 967 554 1043 591; x_wconf 90' lang='lat' dir='ltr'>Sed</span> <span class='ocrx_word' id='word_1_42' title='bbox 1068 553 1260 590; x_wconf 90' lang='lat' dir='ltr'>obiectum</span> <span class='ocrx_word' id='word_1_43' title='bbox 1280 553 1396 589; x_wconf 90' lang='lat' dir='ltr'>auda-</span> 
     </span>
     <span class='ocr_line' id='line_1_9' title="bbox 339 605 1394 654; baseline -0.001 -11"><span class='ocrx_word' id='word_1_44' title='bbox 339 606 417 643; x_wconf 82' lang='lat' dir='ltr'>ciae</span> <span class='ocrx_word' id='word_1_45' title='bbox 445 613 502 643; x_wconf 91' lang='lat' dir='ltr'>est</span> <span class='ocrx_word' id='word_1_46' title='bbox 528 605 785 654; x_wconf 86' lang='lat' dir='ltr'>compositum</span> <span class='ocrx_word' id='word_1_47' title='bbox 811 617 855 642; x_wconf 87' lang='lat' dir='ltr'>ex</span> <span class='ocrx_word' id='word_1_48' title='bbox 875 606 978 642; x_wconf 90' lang='lat' dir='ltr'>bono</span> <span class='ocrx_word' id='word_1_49' title='bbox 1008 613 1044 642; x_wconf 92' lang='lat' dir='ltr'>et</span> <span class='ocrx_word' id='word_1_50' title='bbox 1062 607 1185 651; x_wconf 89' lang='lat' dir='ltr'>malo;</span> <span class='ocrx_word' id='word_1_51' title='bbox 1211 612 1248 642; x_wconf 93' lang='lat' dir='ltr'>et</span> <span class='ocrx_word' id='word_1_52' title='bbox 1265 611 1394 642; x_wconf 88' lang='lat' dir='ltr'>motus</span> 
     </span>
     <span class='ocr_line' id='line_1_10' title="bbox 338 657 1395 707; baseline -0.002 -11"><span class='ocrx_word' id='word_1_53' title='bbox 338 658 519 696; x_wconf 82' lang='lat' dir='ltr'>audaciae</span> <span class='ocrx_word' id='word_1_54' title='bbox 543 658 581 695; x_wconf 90' lang='lat' dir='ltr'>in</span> <span class='ocrx_word' id='word_1_55' title='bbox 609 658 766 706; x_wconf 83' lang='lat' dir='ltr'>malum,</span> <span class='ocrx_word' id='word_1_56' title='bbox 787 658 1058 707; x_wconf 88' lang='lat' dir='ltr'>praesupponit</span> <span class='ocrx_word' id='word_1_57' title='bbox 1085 666 1232 695; x_wconf 88' lang='lat' dir='ltr'>motum</span> <span class='ocrx_word' id='word_1_58' title='bbox 1256 657 1336 706; x_wconf 90' lang='lat' dir='ltr'>spei</span> <span class='ocrx_word' id='word_1_59' title='bbox 1356 658 1395 694; x_wconf 93' lang='lat' dir='ltr'>in</span> 
     </span>
     <span class='ocr_line' id='line_1_11' title="bbox 337 709 1393 748; baseline -0.002 0"><span class='ocrx_word' id='word_1_60' title='bbox 337 712 496 748; x_wconf 89' lang='lat' dir='ltr'>bonum.</span> <span class='ocrx_word' id='word_1_61' title='bbox 521 711 571 747; x_wconf 94' lang='lat' dir='ltr'>Et</span> <span class='ocrx_word' id='word_1_62' title='bbox 595 709 683 747; x_wconf 90' lang='lat' dir='ltr'>ideo</span> <span class='ocrx_word' id='word_1_63' title='bbox 713 710 743 746; x_wconf 90' lang='lat' dir='ltr'>si</span> <span class='ocrx_word' id='word_1_64' title='bbox 770 718 918 747; x_wconf 88' lang='lat' dir='ltr'>tantum</span> <span class='ocrx_word' id='word_1_65' title='bbox 947 711 1107 748; x_wconf 87' lang='lat' dir='ltr'>addatur</span> <span class='ocrx_word' id='word_1_66' title='bbox 1135 711 1182 748; x_wconf 90' lang='lat' dir='ltr'>de</span> <span class='ocrx_word' id='word_1_67' title='bbox 1211 709 1393 747; x_wconf 86' lang='lat' dir='ltr'>arduitate</span> 
     </span>
     <span class='ocr_line' id='line_1_12' title="bbox 339 763 1395 813; baseline -0.001 -13"><span class='ocrx_word' id='word_1_68' title='bbox 339 763 388 800; x_wconf 93' lang='lat' dir='ltr'>ad</span> <span class='ocrx_word' id='word_1_69' title='bbox 414 763 623 812; x_wconf 89' lang='lat' dir='ltr'>periculum</span> <span class='ocrx_word' id='word_1_70' title='bbox 653 763 756 812; x_wconf 91' lang='lat' dir='ltr'>quod</span> <span class='ocrx_word' id='word_1_71' title='bbox 786 763 943 800; x_wconf 85' lang='lat' dir='ltr'>excedat</span> <span class='ocrx_word' id='word_1_72' title='bbox 970 776 1089 813; x_wconf 77' lang='lat' dir='ltr'>spem,</span> <span class='ocrx_word' id='word_1_73' title='bbox 1119 776 1198 800; x_wconf 92' lang='lat' dir='ltr'>non</span> <span class='ocrx_word' id='word_1_74' title='bbox 1218 770 1395 811; x_wconf 89' lang='lat' dir='ltr'>sequetur</span> 
     </span>
    </p>
   </div>
   <div class='ocr_carea' id='block_1_5' title="bbox 1448 340 2508 546">
    <p class='ocr_par' dir='ltr' id='par_1_6' title="bbox 1448 340 2508 495">
     <span class='ocr_line' id='line_1_13' title="bbox 1448 340 2508 390; baseline -0.002 -12"><span class='ocrx_word' id='word_1_75' title='bbox 1448 349 1575 378; x_wconf 90' lang='lat' dir='ltr'>motus</span> <span class='ocrx_word' id='word_1_76' title='bbox 1603 340 1800 388; x_wconf 79' lang='lat' dir='ltr'>audaciae,</span> <span class='ocrx_word' id='word_1_77' title='bbox 1836 340 1904 377; x_wconf 90' lang='lat' dir='ltr'>sed</span> <span class='ocrx_word' id='word_1_78' title='bbox 1933 340 2172 390; x_wconf 85' lang='lat' dir='ltr'>diminuetur.</span> <span class='ocrx_word' id='word_1_79' title='bbox 2193 360 2216 367; x_wconf 92' lang='lat'><em>-</em></span> <span class='ocrx_word' id='word_1_80' title='bbox 2239 340 2278 376; x_wconf 89' lang='lat' dir='ltr'>Si</span> <span class='ocrx_word' id='word_1_81' title='bbox 2306 348 2436 377; x_wconf 87' lang='lat' dir='ltr'>tamen</span> <span class='ocrx_word' id='word_1_82' title='bbox 2464 340 2508 377; x_wconf 88' lang='lat' dir='ltr'>sit</span> 
     </span>
     <span class='ocr_line' id='line_1_14' title="bbox 1449 392 2505 442; baseline -0.002 -11"><span class='ocrx_word' id='word_1_83' title='bbox 1449 401 1577 431; x_wconf 89' lang='lat' dir='ltr'>motus</span> <span class='ocrx_word' id='word_1_84' title='bbox 1592 393 1785 440; x_wconf 86' lang='lat' dir='ltr'>audaciae,</span> <span class='ocrx_word' id='word_1_85' title='bbox 1801 400 1942 442; x_wconf 91' lang='lat' dir='ltr'>quanto</span> <span class='ocrx_word' id='word_1_86' title='bbox 1959 392 2080 429; x_wconf 88' lang='lat' dir='ltr'>maius</span> <span class='ocrx_word' id='word_1_87' title='bbox 2097 400 2152 429; x_wconf 88' lang='lat' dir='ltr'>est</span> <span class='ocrx_word' id='word_1_88' title='bbox 2164 392 2386 440; x_wconf 84' lang='lat' dir='ltr'>periculum,</span> <span class='ocrx_word' id='word_1_89' title='bbox 2402 400 2505 430; x_wconf 90' lang='lat' dir='ltr'>tanto</span> 
     </span>
     <span class='ocr_line' id='line_1_15' title="bbox 1448 445 2207 495; baseline -0.003 -11"><span class='ocrx_word' id='word_1_90' title='bbox 1448 446 1573 484; x_wconf 86' lang='lat' dir='ltr'>maior</span> <span class='ocrx_word' id='word_1_91' title='bbox 1599 445 1760 484; x_wconf 83' lang='lat' dir='ltr'>audacia</span> <span class='ocrx_word' id='word_1_92' title='bbox 1787 452 1992 495; x_wconf 83' lang='lat' dir='ltr'>reputatur.</span> <span class='ocrx_word' id='word_1_93' title='bbox 2205 453 2207 455; x_wconf 78' lang='grc'>’</span> 
     </span>
    </p>

    <p class='ocr_par' dir='ltr' id='par_1_7' title="bbox 1502 496 2507 546">
     <span class='ocr_line' id='line_1_16' title="bbox 1502 496 2507 546; baseline -0.003 -10"><span class='ocrx_word' id='word_1_94' title='bbox 1502 501 1560 536; x_wconf 84' lang='lat' dir='ltr'>An</span> <span class='ocrx_word' id='word_1_95' title='bbox 1591 509 1752 536; x_wconf 69' lang='lat' dir='ltr'>‘manum</span> <span class='ocrx_word' id='word_1_96' title='bbox 1789 509 1972 535; x_wconf 72' lang='lat' dir='ltr'>mei-:unum</span> <span class='ocrx_word' id='word_1_97' title='bbox 2005 498 2110 546; x_wconf 90' lang='lat' dir='ltr'>quod</span> <span class='ocrx_word' id='word_1_98' title='bbox 2148 509 2192 533; x_wconf 88' lang='lat' dir='ltr'>ex</span> <span class='ocrx_word' id='word_1_99' title='bbox 2228 496 2395 534; x_wconf 88' lang='lat' dir='ltr'>laesione</span> <span class='ocrx_word' id='word_1_100' title='bbox 2429 510 2507 534; x_wconf 90' lang='lat' dir='ltr'>non</span> 
     </span>
    </p>
   </div>
   <div class='ocr_carea' id='block_1_6' title="bbox 1450 549 2614 601">
    <p class='ocr_par' dir='ltr' id='par_1_8' title="bbox 1450 549 2614 601">
     <span class='ocr_line' id='line_1_17' title="bbox 1450 549 2614 601; baseline -0.003 -12"><span class='ocrx_word' id='word_1_101' title='bbox 1450 559 1627 589; x_wconf 86' lang='lat' dir='ltr'>causatur</span> <span class='ocrx_word' id='word_1_102' title='bbox 1644 551 1711 599; x_wconf 90' lang='lat' dir='ltr'>ira,</span> <span class='ocrx_word' id='word_1_103' title='bbox 1727 551 1799 588; x_wconf 87' lang='lat' dir='ltr'>nisi</span> <span class='ocrx_word' id='word_1_104' title='bbox 1817 550 2013 600; x_wconf 88' lang='lat' dir='ltr'>supposita</span> <span class='ocrx_word' id='word_1_105' title='bbox 2027 550 2153 599; x_wconf 84' lang='lat' dir='ltr'>aliqua</span> <span class='ocrx_word' id='word_1_106' title='bbox 2172 561 2239 598; x_wconf 89' lang='lat' dir='ltr'>spe</span> <span class='ocrx_word' id='word_1_107' title='bbox 2254 549 2285 596; x_wconf 81' lang='lat'>*‚</span> <span class='ocrx_word' id='word_1_108' title='bbox 2301 557 2342 586; x_wconf 92' lang='lat' dir='ltr'>ut</span> <span class='ocrx_word' id='word_1_109' title='bbox 2359 549 2455 586; x_wconf 88' lang='lat' dir='ltr'>infra</span> <span class='ocrx_word' id='word_1_110' title='bbox 2468 549 2508 571; x_wconf 62' lang='lat'>*²³</span> <span class='ocrx_word' id='word_1_111' title='bbox 2535 555 2557 591; x_wconf 69' lang='grc' dir='ltr'>ζ,</span> <span class='ocrx_word' id='word_1_112' title='bbox 2589 559 2614 601; x_wconf 59' lang='lat'>„²</span> 
     </span>
    </p>
   </div>
   <div class='ocr_carea' id='block_1_7' title="bbox 1448 602 2510 799">
    <p class='ocr_par' dir='ltr' id='par_1_9' title="bbox 1448 602 2510 799">
     <span class='ocr_line' id='line_1_18' title="bbox 1449 602 2508 651; baseline -0.004 -9"><span class='ocrx_word' id='word_1_113' title='bbox 1449 604 1605 642; x_wconf 92' lang='lat' dir='ltr'>dicetur.</span> <span class='ocrx_word' id='word_1_114' title='bbox 1634 605 1684 641; x_wconf 93' lang='lat' dir='ltr'>Et</span> <span class='ocrx_word' id='word_1_115' title='bbox 1709 604 1796 642; x_wconf 89' lang='lat' dir='ltr'>ideo</span> <span class='ocrx_word' id='word_1_116' title='bbox 1816 604 1847 641; x_wconf 90' lang='lat' dir='ltr'>si</span> <span class='ocrx_word' id='word_1_117' title='bbox 1866 604 1975 640; x_wconf 89' lang='lat' dir='ltr'>fuerit</span> <span class='ocrx_word' id='word_1_118' title='bbox 1997 610 2145 640; x_wconf 87' lang='lat' dir='ltr'>tantum</span> <span class='ocrx_word' id='word_1_119' title='bbox 2172 602 2385 651; x_wconf 89' lang='lat' dir='ltr'>periculum</span> <span class='ocrx_word' id='word_1_120' title='bbox 2405 603 2508 651; x_wconf 93' lang='lat' dir='ltr'>quod</span> 
     </span>
     <span class='ocr_line' id='line_1_19' title="bbox 1451 655 2509 706; baseline -0.003 -12"><span class='ocrx_word' id='word_1_121' title='bbox 1451 657 1608 694; x_wconf 86' lang='lat' dir='ltr'>excedat</span> <span class='ocrx_word' id='word_1_122' title='bbox 1639 669 1747 706; x_wconf 88' lang='lat' dir='ltr'>spem</span> <span class='ocrx_word' id='word_1_123' title='bbox 1774 656 1968 703; x_wconf 89' lang='lat' dir='ltr'>victoriae,</span> <span class='ocrx_word' id='word_1_124' title='bbox 1994 668 2074 693; x_wconf 90' lang='lat' dir='ltr'>non</span> <span class='ocrx_word' id='word_1_125' title='bbox 2101 662 2281 703; x_wconf 88' lang='lat' dir='ltr'>sequetur</span> <span class='ocrx_word' id='word_1_126' title='bbox 2300 655 2364 692; x_wconf 88' lang='lat' dir='ltr'>ira.</span> <span class='ocrx_word' id='word_1_127' title='bbox 2386 675 2410 682; x_wconf 93' lang='lat'>—</span> <span class='ocrx_word' id='word_1_128' title='bbox 2432 655 2509 692; x_wconf 92' lang='lat' dir='ltr'>Sed</span> 
     </span>
     <span class='ocr_line' id='line_1_20' title="bbox 1448 707 2510 759; baseline -0.003 -13"><span class='ocrx_word' id='word_1_129' title='bbox 1448 721 1586 746; x_wconf 87' lang='lat' dir='ltr'>verum</span> <span class='ocrx_word' id='word_1_130' title='bbox 1621 717 1676 746; x_wconf 92' lang='lat' dir='ltr'>est</span> <span class='ocrx_word' id='word_1_131' title='bbox 1703 710 1820 759; x_wconf 84' lang='lat' dir='ltr'>quod,</span> <span class='ocrx_word' id='word_1_132' title='bbox 1850 710 1880 746; x_wconf 89' lang='lat' dir='ltr'>si</span> <span class='ocrx_word' id='word_1_133' title='bbox 1908 709 1962 746; x_wconf 88' lang='lat' dir='ltr'>ira</span> <span class='ocrx_word' id='word_1_134' title='bbox 1990 716 2181 757; x_wconf 80' lang='lat' dir='ltr'>sequatur,</span> <span class='ocrx_word' id='word_1_135' title='bbox 2211 707 2370 745; x_wconf 91' lang='lat' dir='ltr'>audacia</span> <span class='ocrx_word' id='word_1_136' title='bbox 2398 719 2510 755; x_wconf 87' lang='lat' dir='ltr'>auge-</span> 
     </span>
     <span class='ocr_line' id='line_1_21' title="bbox 1450 762 1561 799; baseline -0.009 0"><span class='ocrx_word' id='word_1_137' title='bbox 1450 762 1561 799; x_wconf 92' lang='lat' dir='ltr'>bitur.</span> 
     </span>
    </p>
   </div>
   <div class='ocr_carea' id='block_1_8' title="bbox 1178 1847 1666 2457">
    <p class='ocr_par' dir='ltr' id='par_1_10' title="bbox 1178 1847 1666 2457">
     <span class='ocr_line' id='line_1_22' title="bbox 1178 1847 1666 2457; baseline 0 1695"><span class='ocrx_word' id='word_1_138' title='bbox 1178 1847 1666 2457; x_wconf 95' lang='lat' dir='ltr'> </span> 
     </span>
    </p>
   </div>
  </div>
 </body>
</html>
