2846 4146
119 486 131 498 ⁴
145 486 204 507 Part.
215 484 330 513 superiori
345 495 348 498 ⁴

119 511 189 534 huius
197 511 332 534 Commeat.

118 611 222 660 ΣΕἪῩ

224 627 230 638 ,
241 617 265 633 n.
276 611 298 639 6,
309 617 332 639 7.

228 638 279 673 lecg.
299 643 330 659 iv.

120 1984 128 1988 ”“
179 1985 225 1994 --A
254 1988 258 1992 ⁴

121 2006 158 2020 ,ιι-ε
176 2004 223 2020 .'..=
248 2015 251 2019 ,
278 2000 282 2016 ἰ
307 2016 309 2018 .

0 2644 9 2721 ‘'n’‘
0 2587 9 2631 ²-
0 2436 26 2574 vp·-·**‹
11 2411 16 2414 Δ

1030 224 1293 271 QUAESTIO
1323 224 1460 271 LVIII,
1489 224 1782 260 ARTICULUS
1811 224 1845 259 V

356 311 392 335 ut
414 303 525 334 accidit
547 302 692 343 passione
709 312 774 333 non
798 304 1003 342 praevalente,
1021 303 1165 344 quamvis
1181 310 1340 342 surgente;
1357 310 1411 333 aut

347 354 437 378 secte
460 346 585 382 iudicat,
606 353 660 376 aut
683 356 701 375 a
724 353 808 376 recto
825 346 942 377 iudicio
968 357 1033 377 non
1057 347 1190 377 omnino
1215 346 1357 382 declinat,
1375 354 1411 377 ut

357 390 543 431 experientia
565 396 704 421 testatur.

411 435 452 464 Et
475 434 550 474 quia
577 433 743 473 prudentia
767 440 813 464 est
839 434 871 464 in
894 434 1014 464 ratione
1044 441 1080 465 ut
1102 434 1222 464 substat
1243 434 1409 474 appetitui,

358 484 394 509 ut
416 488 510 518 supra
524 477 542 495 ὓ
565 473 742 513 didicimus,
762 477 833 507 ideo
850 478 1007 517 appetitus
1031 477 1152 508 affectio
1171 477 1346 517 corrumpit
1361 487 1410 508 ae-

357 521 572 552 stimationem
595 520 794 560 prudentiae,
820 521 1025 551 redundando
1049 522 1081 551 in
1104 521 1258 551 rationem
1286 528 1321 551 ut
1344 521 1410 551 eius

358 565 550 601 subiectum;
577 571 608 595 et
629 574 695 594 non
719 565 893 604 corrumpit
916 565 1166 596 aestimationem
1194 565 1283 601 artis,
1308 575 1410 605 neque

357 609 557 649 geometriae,
583 614 619 639 ut
641 607 754 638 dicitur
776 608 808 638 in
832 608 874 639 VI
898 609 1000 639 Ethic.
1016 609 1034 628 *
1057 627 1077 632 -
1100 609 1296 639 Praesentata
1318 608 1412 648 igitur

358 662 414 693 per
436 652 631 683 intellectum
654 651 776 682 noviter
798 652 934 682 vindicta
962 652 1130 692 appetitui,
1155 652 1229 692 quia
1252 652 1411 682 rationalis

358 696 498 736 potentia
513 702 559 726 est
575 696 614 725 ad
630 695 827 731 utrumlibet,
845 703 875 726 et
898 696 1121 726 determinatur
1137 707 1154 726 a
1169 696 1334 736 proaeresi,
1358 706 1411 735 ap-

358 739 475 780 petitus
498 749 555 770 sua
569 749 601 769 se
615 739 754 783 libertate
772 739 956 771 determinat
978 740 1017 770 ad
1038 739 1218 776 vindictam,
1238 739 1410 770 affectando

358 783 455 813 illam.
481 783 521 814 Et
544 793 581 813 ex
604 783 664 813 hoc
689 783 856 813 comitatur
879 783 1033 814 iudicium
1063 783 1191 814 rationis
1218 783 1411 823 quandoque

357 826 488 857 falsum:
500 827 629 867 quando
644 826 760 857 scilicet
774 826 895 858 affectio
908 827 1060 857 vindictae
1077 833 1123 857 est
1138 833 1245 857 contra
1258 826 1412 857 rationem

358 877 488 907 rectam,
503 877 534 901 et
544 870 662 902 iudicat
677 871 756 901 ratio
773 871 811 901 ab
831 870 940 902 affectu
959 870 1082 906 infecta,
1097 870 1268 901 vindictam
1286 876 1322 900 ut
1338 880 1412 900 con-

358 914 547 945 venientem.
571 915 612 945 Et
628 914 671 944 sic
687 915 828 955 sequitur
844 914 1005 944 conclusio
1022 913 1218 954 praeceptiva
1241 913 1329 954 quod
1347 912 1411 944 fiat.

417 958 454 989 11.
472 959 563 988 Hanc
585 964 692 988 autem
716 968 843 988 causam
867 968 904 988 ex
925 964 1012 998 parte
1031 957 1159 988 rationis
1183 963 1218 987 ut
1241 963 1286 987 est
1309 957 1412 987 subie-

360 1008 446 1032 ctum
470 1001 664 1042 prudentiae,
682 1002 879 1041 assignatam,
903 1001 1053 1032 adiuvant
1075 1001 1155 1031 duae
1183 1001 1260 1031 aliae
1285 1008 1411 1030 causae:

359 1045 455 1076 altera
479 1055 515 1076 ex
538 1052 624 1086 parte
648 1045 775 1082 obiecti;
800 1045 894 1076 altera
913 1055 951 1076 ex
973 1051 1059 1085 parte
1083 1044 1262 1075 communis
1285 1044 1413 1074 inclina-

360 1089 456 1120 tionis
479 1090 595 1120 virium
617 1089 750 1120 animae.
767 1089 815 1119 Ex
837 1095 925 1129 parte
948 1089 1106 1129 siquidem
1129 1088 1255 1124 obiecti,
1279 1088 1354 1128 quia
1377 1098 1414 1118 ex

359 1133 429 1173 ipsa
450 1134 607 1174 appetitus
629 1133 851 1164 immutatione
866 1132 1066 1164 constituitur
1088 1133 1121 1162 in
1145 1142 1210 1163 esse
1232 1132 1414 1168 verosdurn

359 1177 497 1208 vindicta
519 1185 566 1208 est
587 1187 659 1208 vere
682 1177 872 1208 conveniens
895 1176 1048 1217 appetitui
1072 1176 1115 1206 sic
1142 1175 1268 1206 affecto:
1293 1182 1415 1206 constat

360 1231 499 1262 namque
522 1221 714 1252 intellectum
735 1220 916 1251 naturaliter
930 1220 1071 1250 inclinari
1095 1219 1127 1249 in
1150 1229 1271 1250 verum.
1287 1219 1328 1249 Et
1342 1219 1414 1249 licet

362 1274 398 1295 ex
421 1265 482 1296 hoc
500 1275 566 1296 non
589 1264 644 1296 fiat
666 1264 826 1295 obiectum
848 1264 1036 1294 conveniens
1053 1270 1083 1294 et
1100 1273 1212 1293 verum
1227 1263 1285 1293 nisi
1306 1272 1414 1293 secun-

2441 222 2515 269 379

1466 303 1544 333 dum
1567 302 1660 342 quid;
1685 309 1715 332 et
1731 310 1896 341 propterea
1919 301 2079 341 contingat
2095 311 2193 331 errare
2217 301 2419 336 intellectum,
2436 300 2516 330 iudi-

1466 347 1566 376 cando
1589 345 1759 376 vindictam
1775 345 2012 375 convenientem
2037 345 2225 384 simpliciter,
2243 345 2321 375 idest
2344 344 2409 374 sine
2429 344 2514 374 addi-

1465 390 1568 426 tione,
1593 399 1673 430 quae
1690 395 1794 419 tamen
1811 399 1875 418 non
1892 395 1938 419 est
1953 388 2141 418 conveniens
2158 388 2217 418 nisi
2234 388 2407 418 secundum
2428 387 2515 428 quid,

1466 434 1540 474 quia
1557 433 1708 473 appetitui
1728 433 1771 463 sic
1788 431 1897 462 affecto
1914 439 2052 462 tantum:
2076 432 2267 462 nonnullum
2284 439 2388 462 tamen
2406 441 2516 462 verum

1466 484 1512 508 est
1533 486 1644 509 verum
1671 476 1847 508 secundum
1869 475 1964 516 quid,
1991 475 2246 516 attractivamque
2268 475 2431 515 participat
2452 474 2517 504 vim

1465 521 1640 551 intellectus
1663 520 1703 553 ad
1726 530 1768 550 se.
1785 520 1826 550 Et
1848 519 1891 549 sic
1915 519 2076 549 affectione
2092 519 2249 558 appetitus
2274 519 2313 548 ad
2336 518 2515 553 vindictam,

1466 564 1666 595 constituitur
1689 563 1756 603 ipsa
1778 563 1916 593 vindicta
1944 562 1977 592 in
2001 572 2067 592 esse
2090 572 2160 592 vere
2185 562 2383 592 convenienti
2407 571 2517 591 secun-

1466 608 1544 638 dum
1566 607 1654 648 quid,
1678 614 1708 637 et
1731 613 1915 647 apparenter
1928 605 2125 636 convenienti
2148 605 2341 645 simpliciter:
2366 605 2518 645 quoniam

1466 651 1622 691 appetitus
1646 651 1789 681 animalis
1814 657 1859 680 est
1882 650 1985 690 primo
2010 649 2106 680 totius
2129 649 2294 689 suppositi,
2322 659 2356 678 ac
2380 658 2434 688 per
2457 648 2518 678 hoc

1466 695 1655 725 conveniens
1671 704 1741 724 vere
1757 694 1908 734 appetitui
1926 693 2053 724 offertur
2078 700 2113 724 ut
2128 693 2316 723 conveniens
2339 692 2520 732 simpliciter

1466 738 1525 778 ipsi
1549 738 1717 778 appetenti,
1735 745 1790 768 etc.

1507 783 1570 812 ·Ex
1593 788 1679 821 parte
1701 792 1776 811 vero
1800 781 1979 811 communis
2009 780 2218 811 inclinationis
2241 779 2356 810 virium
2380 778 2518 814 animae,

1467 826 1545 855 dum
1559 835 1610 855 eas
1629 825 1759 864 experiri
1778 825 1922 854 videmur
1933 831 2095 864 promptas
2111 824 2151 854 ad
2169 823 2366 863 operandum
2382 831 2520 852 consone

1467 869 1622 900 affectioni
1634 868 1893 908 praedominanti.
1902 871 2043 908 Apparet
2054 868 2138 898 enirn
2150 867 2183 897 in
2195 866 2326 897 infirmis
2336 865 2519 902 sitientibus,

1466 913 1555 953 quod
1573 919 1843 952 repraesentantur
1859 911 1902 941 eis
1919 921 2029 942 omnes
2054 921 2153 952 aquae
2169 921 2248 952 quas
2270 920 2413 951 unquam
2436 909 2519 939 vide-

1466 963 1555 992 runt;
1573 962 1603 986 et
1618 955 1912 995 concupiscentibus
1928 955 2092 986 simulacra
2104 954 2343 990 delectabilium,
2357 953 2451 984 etiam
2462 953 2522 983 im-

1467 1007 1613 1040 portuna,
1638 1005 1822 1034 occurrunt;
1846 1005 1997 1039 tanquam
2022 1006 2130 1029 natura
2153 998 2289 1028 inditum
2313 998 2351 1028 sit
2374 1003 2411 1027 ut
2433 997 2522 1027 obse-

1467 1044 1581 1084 quium
1593 1042 1844 1083 praedominanti
1859 1042 2014 1073 affectioni
2030 1049 2186 1082 praestent
2200 1041 2322 1072 animae
2334 1041 2427 1077 vires;
2443 1040 2523 1071 inter

1467 1097 1545 1128 quas
1562 1093 1683 1117 constat
1697 1086 1955 1127 apprehensivam
1970 1086 2035 1116 vim
2050 1096 2126 1116 esse.
2140 1086 2175 1116 In
2191 1085 2280 1116 cuius
2295 1085 2431 1124 signum,
2443 1084 2522 1114 irato

1467 1132 1585 1172 absque
1602 1130 1823 1161 deliberatione
1844 1136 2057 1169 praesentatur
2072 1130 2177 1160 statim
2192 1129 2338 1164 vindicta,
2356 1138 2410 1158 seu
2430 1127 2522 1168 puni-

1468 1175 1523 1211 tio,
1540 1182 1692 1214 tanquam
1716 1173 1914 1204 conveniens.
1931 1173 1980 1204 Sic
1997 1183 2071 1213 ergo
2086 1172 2121 1204 fit
2136 1180 2172 1203 ut
2190 1173 2294 1213 qualis
2310 1173 2524 1212 unusquisque

1469 1224 1524 1254 est,
1549 1219 1623 1248 talis
1637 1219 1666 1248 ei
1678 1218 1824 1249 videatur
1835 1217 1927 1257 finis.
1953 1217 1993 1247 Et
2009 1217 2052 1247 sic
2067 1217 2224 1257 appetitus
2242 1216 2415 1256 corrumpit
2436 1214 2524 1245 aesti-

1468 1262 1641 1292 mationem
1665 1261 1857 1302 prudentiae.
