2852 4152
118 1095 129 1106 ⁴*
143 1094 177 1116 cf.
193 1101 255 1116 num.
267 1100 288 1115 u.

119 1228 127 1236 ”
143 1226 212 1247 Num.
227 1232 249 1247 vt
263 1232 313 1254 sqq.

119 1270 127 1279 '¹
143 1269 178 1291 Cf.
195 1275 258 1290 num.
275 1275 300 1290 11.

114 2150 122 2159 ·
133 2148 293 2175 Qu.xv111,art.
300 2154 324 2174 4,

113 2175 246 2197 Commeat.
259 2180 325 2195 num.

115 2722 324 2745 '1bid.Comment.

115 2756 178 2771 num.
195 2755 225 2770 tv.

114 2812 123 2821 ·
139 2811 174 2832 Cf.
189 2816 253 2832 num.
270 2816 294 2831 11.

118 3073 127 3081 ·
142 3070 213 3093 Num.
229 3077 259 3092 tv.

119 3428 128 3437 “
142 3425 212 3447 Num.
228 3431 260 3446 rx.

118 3471 127 3480 '
135 3469 171 3491 Ad
183 3476 201 3495 ις
217 3470 248 3492 cf.
258 3469 329 3491 Com-

118 3500 190 3518 ment.

370 220 438 255 156

361 298 442 334 tatis,
459 298 580 339 aliquid
598 299 801 330 annotatione
818 299 950 340 dignum
966 307 1029 331 est:
1054 311 1119 331 non
1137 300 1179 331 sic
1199 301 1236 331 de
1251 301 1322 338 fine,
1340 312 1420 342 quo-

363 343 450 372 niam
479 342 639 383 liquidum
663 350 717 373 est.

416 386 467 416 Ad
489 386 522 416 id
537 396 612 417 vero
628 387 717 428 quod
740 393 848 417 contra
871 388 1047 418 secundum
1066 388 1246 418 membrum
1263 388 1418 424 obiicitur,

361 429 474 460 dicitur
497 431 595 471 quod,
612 431 683 461 licet
697 438 784 461 actus
801 431 933 462 exterior
948 431 979 461 in
1000 431 1182 461 executione
1202 431 1313 461 habeat
1329 431 1418 461 boni—

361 481 458 504 tatem
477 482 644 515 utramque
661 484 697 504 ex
711 475 884 511 voluntate,
902 482 932 505 et
945 475 1091 505 voluntas
1111 475 1149 504 ab
1174 474 1312 510 obiectis,
1331 475 1418 504 dissi-

360 518 475 548 militer
504 524 610 549 tamen
637 518 699 549 hoc
722 518 766 549 fit.
792 519 875 556 Quia
898 519 1021 548 bonitas
1052 528 1088 547 ex
1111 517 1171 547 fine
1203 518 1364 548 descendit
1385 518 1418 548 in

360 568 467 592 actum
483 562 664 593 interiorem
682 562 852 593 voluntatis
869 572 924 602 per
942 572 974 591 se
994 568 1024 591 et
1047 561 1234 597 formaliter;
1254 561 1287 591 in
1311 568 1417 592 actum

359 616 434 636 vero
459 606 643 637 exteriorem
662 606 694 636 in
711 606 902 641 executione,
921 604 1154 634 denominative
1171 611 1306 635 tantum.
1322 605 1418 636 Boni-

360 657 406 681 tas
429 660 503 680 vero
533 661 570 680 ex
596 660 708 690 genere
733 657 762 680 et
785 648 1016 679 circumstantia
1040 658 1076 678 ex
1107 648 1231 679 obiecto
1261 649 1418 680 derivatur

359 694 392 724 in
420 701 525 724 actum
551 693 732 724 interiorem
755 691 988 723 denominative
1012 698 1145 728 tantum,
1163 699 1193 722 et
1213 703 1268 733 per
1287 703 1361 723 eum
1385 694 1417 724 in

360 744 466 768 actum
499 737 682 768 exteriorem
714 736 909 766 formaliter:
940 735 1021 766 sicut
1051 746 1086 766 ex
1115 746 1192 766 sano
1226 737 1258 766 in
1289 737 1417 767 animali

360 781 582 812 denominatur
606 780 761 811 medicina
784 790 867 815 sana,
892 789 955 819 qua
974 779 1091 809 animal
1113 779 1149 811 fit
1171 791 1284 811 sanum
1301 781 1416 811 forma-

358 825 437 856 liter.
457 825 549 855 Unde
566 835 631 854 non
648 831 694 854 est
717 824 755 853 de
775 830 907 863 utraque
924 823 1062 854 bonitate
1083 824 1193 854 eadem
1212 825 1301 861 ratio,
1323 825 1416 856 etiam

357 869 390 899 in
410 869 602 899 executione.
621 868 661 898 Et
677 868 715 897 ad
731 867 792 897 hoc
808 867 1044 903 insinuandum,
1061 867 1094 898 in
1109 867 1210 898 littera
1226 869 1263 899 de
1280 870 1416 900 secunda

358 913 497 942 bonitate
514 912 625 942 dicitur
645 911 733 951 quod
749 910 905 946 voluntas,
923 911 1096 941 secundum
1113 913 1198 952 quod
1214 914 1246 942 in
1260 914 1415 944 rationem

348 956 475 996 fertur,
491 956 584 985 habet
600 955 680 985 hanc
696 954 882 985 bonitatem:
904 954 994 995 quasi
1009 965 1075 985 non
1093 955 1206 987 habeat
1221 956 1323 996 ipsam
1343 957 1415 987 sim-

356 999 486 1040 pliciter,
504 999 558 1037 sed
572 999 605 1028 in
622 998 731 1028 ordine
748 999 786 1028 ad
803 998 904 1035 aliud;
925 999 1006 1029 sicut
1022 1000 1234 1030 communiter
1250 1001 1360 1031 accidit
1383 1001 1415 1030 in

355 1043 540 1073 huiusmodi
564 1042 886 1074 denominationibus.
912 1043 973 1073 Sed
1003 1049 1079 1074 tunc
1107 1044 1240 1083 insurgit
1272 1044 1415 1085 quaestio

356 1093 444 1117 mota
458 1087 491 1116 in
507 1093 620 1127 quarto
644 1086 742 1117 dubio
762 1086 788 1122 *,
807 1097 903 1127 quare
920 1087 1043 1117 bonitas
1059 1094 1170 1118 vocata
1189 1097 1223 1117 ex
1248 1087 1319 1124 fine,
1336 1088 1416 1118 inest

355 1131 509 1161 voluntati
529 1130 710 1167 formaliter,
729 1137 759 1161 et
781 1137 891 1161 vocata
915 1141 951 1160 ex
975 1131 1114 1167 obiecto,
1141 1140 1222 1161 non:
1247 1131 1414 1172 praecipue

356 1185 430 1205 cum
454 1174 615 1205 obiectum
639 1175 733 1205 etiarn
753 1175 792 1205 sit
814 1174 884 1205 finis
907 1175 1088 1205 voluntatis.
1108 1175 1149 1205 Et
1172 1175 1248 1205 haec
1271 1175 1414 1216 quaestio

355 1220 494 1250 solvetur
522 1218 555 1249 in
587 1219 746 1249 solutione
770 1218 872 1259 quarti
896 1218 982 1248 dubii
1004 1218 1030 1248 *.

409 1264 447 1294 V.
473 1263 524 1293 Ad
546 1263 673 1293 tertium
701 1272 776 1302 ergo
806 1262 939 1292 dubium
955 1262 972 1281 *
995 1261 1108 1292 dicitur
1131 1263 1233 1303 quod,
1259 1263 1285 1293 si
1308 1270 1415 1304 posset

355 1307 489 1348 separari
512 1307 636 1337 bonitas
660 1306 792 1336 alicuius
812 1305 883 1335 finis
903 1312 938 1336 ut
961 1306 1195 1336 circumstantia
1212 1314 1267 1343 est,
1285 1318 1302 1337 a
1322 1308 1414 1338 boni-

354 1359 416 1383 tate
440 1351 581 1382 eiusdem
605 1357 640 1381 ut
663 1349 844 1390 specificans
868 1356 1010 1390 respectu
1036 1349 1178 1380 eiusdem
1197 1357 1300 1389 actus,
1324 1351 1414 1382 facile

355 1397 415 1426 dici
437 1402 553 1435 posset,
572 1394 803 1434 distinguendo,
825 1394 914 1434 quod
936 1393 1007 1424 finis
1031 1401 1067 1424 ut
1083 1394 1323 1432 circumstantia,
1345 1406 1413 1436 spe-

354 1446 416 1471 ctat
439 1439 478 1469 ad
501 1439 676 1469 bonitatem
699 1445 786 1468 actus
810 1438 969 1469 exterioris
986 1447 1023 1468 ex
1038 1448 1151 1478 genere
1165 1445 1196 1469 et
1212 1439 1414 1470 circumstan-

353 1485 419 1520 tiis;
444 1482 514 1513 finis
538 1490 646 1514 autem
669 1489 704 1513 ut
727 1481 918 1522 specificans,
945 1489 1064 1522 spectat
1087 1483 1127 1512 ad
1141 1483 1348 1514 voluntatem.
1374 1484 1414 1514 Et

354 1528 396 1559 sic
425 1537 491 1557 non
515 1534 596 1557 esset
622 1526 796 1567 implicatio
826 1526 926 1557 dicere
957 1527 1046 1566 quod
1076 1527 1200 1557 bonitas
1231 1537 1268 1558 ex
1295 1527 1358 1558 fine
1380 1528 1413 1557 in

353 1579 424 1603 actu
455 1571 612 1607 exteriori,
637 1571 753 1611 pendet
781 1580 817 1600 ex
844 1570 1022 1607 voluntate;
1051 1577 1081 1601 et
1111 1571 1199 1611 quod
1230 1572 1353 1602 bonitas
1377 1582 1414 1602 ex

353 1626 465 1657 genere
489 1622 519 1646 et
542 1614 792 1650 circumstantiis,
819 1614 913 1644 etiam
935 1613 1016 1651 finis,
1034 1625 1099 1645 non
1114 1615 1231 1656 pendet
1247 1625 1284 1646 ex
1299 1616 1412 1646 volun-

353 1667 430 1691 tate:
456 1660 530 1701 quia
553 1659 586 1689 in
609 1659 711 1700 prima
733 1658 953 1698 propositione
979 1665 1059 1689 esset
1082 1669 1186 1689 sermo
1211 1660 1249 1690 de
1273 1660 1413 1691 bonitate

354 1715 390 1735 ex
412 1703 475 1734 fine
499 1702 696 1744 specificante
719 1709 825 1733 actum
841 1703 1026 1733 exteriorem
1042 1703 1215 1734 formaliter
1230 1711 1411 1744 sumptum;

352 1749 385 1779 in
409 1748 546 1779 secunda
568 1757 643 1777 vero
669 1747 707 1777 de
722 1747 862 1777 bonitate
877 1757 914 1777 ex
936 1746 998 1777 fine
1015 1755 1051 1778 ut
1074 1747 1307 1779 circumstantia
1331 1748 1413 1779 eius-

353 1794 427 1824 dem
457 1791 655 1823 materialiter
687 1791 815 1830 sumpti.
850 1791 912 1821 Sed
942 1791 1016 1831 quia
1049 1791 1181 1831 intelligi
1214 1802 1280 1822 non
1308 1799 1413 1833 potest

352 1837 441 1878 quod
464 1837 549 1867 idem
572 1845 706 1865 numero
735 1842 823 1865 actus
846 1835 979 1865 exterior
1008 1835 1136 1866 moralis
1164 1835 1204 1866 sit
1226 1836 1294 1867 talis
1318 1843 1413 1867 mate-

351 1881 467 1912 rialiter
495 1886 641 1919 sumptus
670 1879 841 1919 extaliquo
864 1879 926 1909 fine
960 1885 995 1910 ut
1022 1879 1267 1916 circumstantia,
1293 1887 1324 1911 et
1346 1890 1411 1910 non

351 1925 391 1956 sit
414 1925 483 1956 talis
506 1923 681 1954 formaliter
702 1929 849 1963 sumptus
874 1933 910 1953 ex
935 1923 1049 1953 eodem
1071 1922 1133 1953 fine
1153 1930 1189 1954 ut
1215 1923 1412 1963 specificante

352 1967 440 2011 (non
463 1968 548 1999 enim
572 1967 597 1997 si
625 1967 696 2008 quis
721 1973 789 1997 orat
819 1973 854 1997 ut
881 1966 1014 2003 furetur,
1038 1967 1169 2006 intelligi
1192 1974 1296 2007 potest
1323 1969 1412 2008 quod

352 2013 454 2043 oratio
478 2013 517 2043 sit
540 2011 621 2042 mala
645 2021 682 2042 ex
705 2010 789 2041 furto
814 2011 1061 2046 circumstantia,
1088 2018 1118 2041 et
1140 2011 1241 2042 oratio
1265 2018 1301 2042 ut
1315 2012 1412 2042 volita

351 2057 390 2087 sit
409 2067 475 2087 non
499 2056 581 2086 mala
606 2065 642 2085 ex
665 2055 750 2086 furto
774 2053 1000 2097 specificante);
1025 2062 1055 2086 et
1074 2065 1181 2086 rursus
1201 2055 1276 2096 quia
1289 2055 1361 2086 finis
1377 2062 1413 2086 ut

351 2101 432 2137 finis,
451 2101 523 2131 licet
545 2100 721 2135 adiunctus,
739 2106 785 2130 est
808 2099 1040 2130 circumstantia
1064 2106 1151 2130 actus
1167 2100 1326 2130 exterioris
1342 2110 1412 2130 mo·

351 2146 436 2181 ralis,
461 2152 497 2175 ut
520 2154 556 2174 ex
579 2143 764 2184 supradictis
779 2141 794 2158 *
817 2150 915 2183 patet;
941 2150 971 2174 et
998 2143 1069 2173 finis
1099 2150 1134 2174 ut
1156 2143 1236 2180 finis,
1258 2151 1304 2174 est
1327 2142 1412 2175 obie-

351 2196 439 2220 ctum
461 2188 628 2229 proprium
656 2187 844 2218 voluntatis:
869 2187 941 2217 ideo
971 2187 1142 2218 dicendum
1170 2194 1216 2218 est
1239 2189 1327 2228 quod
1355 2189 1411 2219 bo-

352 2234 432 2264 nitas
463 2243 500 2263 ex
530 2232 593 2263 fine
623 2232 687 2262 sive
718 2232 937 2262 circumstante
967 2231 1031 2261 sive
1061 2231 1275 2271 specificante,
1308 2233 1412 2262 media

350 2278 515 2308 voluntate
543 2277 582 2306 ad
611 2276 796 2306 exteriorem
825 2283 932 2306 actum
960 2275 1108 2315 pertinet;
1137 2275 1179 2306 ita
1207 2276 1296 2317 quod
1324 2283 1412 2306 actus

352 2321 485 2353 exterior
507 2330 573 2351 non
596 2320 690 2350 habet
712 2320 886 2349 bonitatem
906 2329 943 2349 ex
958 2318 1019 2349 fine
1037 2319 1267 2356 circumstante,
1284 2320 1344 2350 nisi
1360 2320 1411 2350 de-

352 2366 509 2406 pendente
524 2375 541 2395 a
556 2365 734 2399 voluntate;
759 2371 790 2394 et
808 2363 931 2394 bonitas
949 2373 985 2393 ex
1003 2362 1066 2394 fine
1081 2363 1239 2395 derivatur
1252 2364 1285 2394 in
1305 2371 1411 2395 actum

352 2410 535 2440 interiorem
557 2408 728 2439 voluntatis
753 2407 961 2447 specificative
985 2414 1015 2438 et
1039 2407 1225 2445 formaliter;
1250 2408 1281 2438 in
1307 2415 1412 2439 actum

351 2463 426 2484 vero
451 2453 635 2484 exteriorem
659 2452 832 2482 formaliter
851 2457 1026 2491 sumptum,
1044 2451 1124 2482 idest
1147 2459 1183 2483 ut
1206 2459 1266 2483 stat
1289 2453 1347 2483 sub
1363 2452 1411 2483 in-

352 2497 473 2533 teriori,
498 2496 704 2537 specificative
733 2505 881 2536 quoque,
907 2496 962 2525 sed
991 2496 1194 2532 secundat-im
1218 2496 1250 2526 in
1274 2497 1412 2526 eundem

352 2548 459 2572 autem
470 2540 669 2571 materialiter
681 2547 856 2580 sumptum,
869 2546 905 2570 ut
916 2539 1060 2570 adiacens
1073 2539 1314 2571 circumstantia.
1327 2540 1413 2571 Cum

352 2595 426 2626 ergo
451 2592 651 2625 comparatur
678 2584 802 2614 bonitas
826 2590 912 2614 actus
928 2583 1086 2614 exterioris
1103 2594 1139 2614 ex
1161 2583 1238 2620 fine,
1259 2584 1298 2614 ad
1321 2585 1412 2615 boni-

351 2636 449 2661 tatem
464 2629 606 2660 eiusdem
622 2638 659 2659 ex
682 2638 794 2668 genere
810 2634 841 2659 et
864 2628 1114 2664 circumstantiis,
1132 2628 1270 2668 intellige
1295 2638 1330 2658 ex
1355 2629 1412 2659 cir-

353 2673 548 2704 cumstantiis
564 2672 765 2703 manentibus
781 2682 859 2712 pure
876 2671 1132 2703 circumstantiis:
1158 2672 1259 2713 qualis
1278 2682 1343 2702 non
1367 2679 1414 2703 est

352 2717 585 2748 circumstantia
601 2716 681 2752 finis,
697 2717 781 2757 quia,
799 2722 835 2746 ut
850 2716 995 2756 superius
1010 2716 1027 2735 *
1043 2723 1089 2746 est
1105 2716 1235 2753 dictum,
1253 2717 1363 2747 transit
1380 2717 1413 2747 in

353 2760 544 2802 specificans,
570 2767 600 2791 et
623 2767 852 2801 consequenter
875 2760 1087 2791 substantiale.

408 2805 460 2837 vl.
486 2806 535 2836 Ad
551 2811 700 2846 quartum
721 2805 856 2835 dubium
871 2804 888 2823 *
912 2811 1083 2845 antequam
1106 2805 1343 2844 respondeatur,
1361 2805 1414 2835 ad-

351 2850 539 2880 vertendum
563 2855 609 2880 est
631 2849 735 2890 quod,
760 2849 835 2890 quia
858 2849 980 2888 quaerit
1003 2849 1041 2878 de
1065 2848 1241 2879 diversitate
1265 2848 1414 2879 bonitatis

352 2894 386 2924 in
409 2894 479 2934 ipso
503 2901 573 2924 actu
593 2893 764 2924 voluntatis
788 2903 825 2923 ex
847 2891 919 2929 fine,
937 2899 968 2923 et
985 2902 1023 2922 ex
1039 2899 1110 2923 actu
1126 2893 1226 2923 volito
1247 2902 1302 2923 seu
1328 2893 1414 2923 obie-

353 2944 419 2974 cto,
444 2945 474 2968 et
497 2945 604 2969 contra
627 2937 708 2968 hanc
733 2937 944 2967 diversitatem
964 2937 1081 2976 arguit;
1102 2944 1132 2967 et
1155 2937 1231 2967 haec
1255 2937 1414 2967 diversitas

354 2982 467 3013 dicitur
490 2982 658 3012 consistere
682 2982 714 3011 in
738 2982 816 3017 hoc,
841 2981 929 3022 quod
952 2981 1076 3011 bonitas
1100 2990 1137 3011 ex
1166 2980 1229 3011 fine
1256 2981 1337 3012 inest
1358 2991 1413 3012 vo-

353 3025 465 3056 luntati
489 3025 677 3061 formaliter,
701 3025 825 3055 bonitas
849 3031 957 3055 autem
980 3035 1016 3055 ex
1040 3031 1111 3056 actu
1135 3025 1234 3055 volito
1258 3025 1339 3056 inest
1354 3025 1414 3065 ipsi

352 3070 508 3100 voluntati
537 3069 787 3106 denominative,
815 3076 945 3109 propter
974 3069 1129 3099 rationem
1153 3069 1363 3109 supradictam
1379 3069 1412 3106 *,

354 3113 470 3144 scilicet
492 3114 567 3154 quia
590 3113 669 3143 inter
692 3120 788 3150 actus,
814 3113 937 3144 bonitas
962 3123 998 3143 ex
1021 3112 1083 3143 fine
1107 3112 1211 3153 primo
1228 3113 1364 3144 salvatur
1382 3114 1415 3144 in

353 3157 525 3188 voluntatis
548 3164 629 3193 actu,
647 3157 738 3187 cuius
753 3157 824 3187 finis
841 3165 886 3188 est
903 3157 1069 3197 proprium
1089 3158 1265 3194 obiectum,
1290 3157 1414 3188 bonitas

354 3208 460 3232 autem
484 3211 520 3232 ex
543 3201 672 3231 materia
696 3209 726 3232 et
749 3201 990 3232 circumstantiis
1010 3202 1114 3242 primo
1142 3202 1279 3232 salvatur
1294 3202 1327 3232 in
1342 3201 1414 3242 ipso

353 3253 426 3276 actu
449 3245 610 3276 exteriori:
636 3245 710 3286 quia
734 3255 808 3285 ergo
832 3245 908 3275 haec
932 3252 1006 3276 sunt
1029 3255 1179 3283 connexa,
1204 3245 1309 3286 primo
1329 3245 1414 3276 vide-

353 3289 438 3320 bitur
460 3299 557 3330 quare
580 3288 651 3319 finis
671 3288 820 3319 bonificat
841 3289 1038 3320 voluntatem
1061 3290 1249 3326 formaliter,
1274 3295 1305 3320 et
1327 3296 1415 3320 actus

353 3333 480 3370 vontus,
505 3333 560 3374 qui
583 3341 630 3365 est
653 3333 747 3364 etiam
769 3332 840 3363 finis
858 3331 945 3375 (quia
962 3334 1123 3364 obiectum
1139 3341 1169 3369 et
1184 3333 1255 3364 finis
1271 3339 1414 3374 respectu

353 3378 524 3408 voluntatis
548 3384 594 3408 est
622 3375 731 3419 idem),
756 3387 822 3407 non
845 3377 996 3408 bonificat
1022 3378 1125 3418 ipsam
1153 3377 1336 3414 formaliter,
1361 3378 1415 3407 sed

355 3421 598 3453 denominative.
617 3423 657 3452 Et
672 3422 716 3452 sic
739 3421 851 3451 deinde
875 3420 1048 3452 formaliter
1064 3421 1192 3453 satisfiet
1211 3421 1354 3462 quaesito
1370 3422 1396 3452 *.

408 3466 475 3496 VII.
499 3466 620 3497 Dicitur
643 3475 718 3506 ergo
741 3465 840 3506 quod,
865 3465 948 3506 quia,
974 3472 1009 3496 ut
1031 3466 1064 3495 in
1088 3466 1219 3497 articulo
1243 3466 1383 3496 secundo
1400 3465 1417 3485 *

355 3510 548 3550 quaestionis
564 3510 777 3549 praecedentis
792 3509 913 3540 dictum
936 3516 990 3546 est,
1014 3509 1157 3540 differens
1181 3509 1305 3540 bonitas
1330 3516 1416 3540 actus

356 3553 510 3584 interioris
526 3554 696 3584 voluntatis
711 3563 748 3584 ex
762 3553 886 3584 obiecto
904 3560 934 3584 et
947 3553 1019 3590 fine,
1031 3564 1086 3594 per
1103 3553 1244 3584 accidens
1260 3553 1418 3584 invenitur

1077 222 1342 268 QUAESTIO
1371 224 1459 270 XX,
1488 225 1783 261 ARTICULUS
1813 225 1844 260 ΙΙ

1475 303 1508 333 in
1528 304 1656 339 eodem;
1672 304 1744 334 ideo
1761 304 1884 334 bonitas
1901 313 1936 334 ex
1953 303 2024 340 fine,
2044 314 2126 344 quae
2142 307 2300 338 concurrit
2315 317 2370 348 per
2393 317 2435 344 se,
2451 307 2532 346 inest

1476 346 1664 383 formaliter;
1689 347 1812 378 bonitas
1836 354 1943 377 autem
1958 357 1995 377 ex
2014 347 2148 384 obiecto,
2166 349 2410 382 denominative.
2427 369 2446 374 -
2472 351 2533 382 Sed

1474 389 1551 420 haec
1577 390 1741 430 responsio
1758 397 1866 430 peccat
1891 391 2067 420 secundum
2091 401 2154 421 non
2178 402 2307 423 causam
2332 400 2367 424 ut
2389 404 2532 426 causam.

1474 432 1521 462 Ex
1543 433 1605 463 hoc
1629 433 1713 463 enim
1729 435 1817 473 quod
1841 433 2010 464 differentia
2039 434 2174 464 duarum
2198 435 2377 467 bonitatum
2405 437 2437 468 in
2461 445 2537 469 actux

1474 475 1613 506 interiori
1645 477 1816 507 voluntatis
1840 483 1886 508 est
1913 487 1969 517 per
1998 477 2158 515 accidens,
2183 488 2248 509 non
2273 480 2415 520 sequitur
2443 483 2532 522 quod

1474 525 1606 559 utraque
1623 520 1799 550 secundum
1813 530 1855 557 se,
1881 528 1936 552 aut
1958 521 2052 552 altera
2067 521 2143 553 insit
2165 523 2399 554 denominative
2419 524 2530 555 eidem:

1473 569 1533 593 stat
1551 562 1637 593 enim
1653 564 1741 603 quod
1761 564 1918 596 distinctio
1940 574 2049 596 earum
2073 574 2238 597 concurrat
2255 577 2312 607 per
2334 567 2477 598 accidens
2499 568 2532 598 in

1474 607 1604 642 eodem,
1630 614 1660 638 et
1689 614 1796 638 tamen
1819 615 1951 649 utraque
1981 610 2156 640 secundum
2189 621 2222 641 se
2251 610 2340 648 insit;
2366 610 2446 642 sicut
2473 617 2533 642 stat

1474 660 1664 680 concursum
1683 651 1843 682 creditoris
1867 659 1897 683 et
1920 652 2068 684 debitoris
2091 652 2124 683 in
2147 655 2279 684 eandem
2307 655 2446 695 plateam
2465 664 2531 685 esse

1472 704 1528 734 per
1543 694 1695 730 accidens,
1714 702 1743 726 et
1758 702 1864 726 tamen
1884 696 1942 726 iter
1957 697 2121 738 utriusque
2141 698 2317 729 secundum
2333 708 2365 729 se
2384 699 2424 729 ad
2439 698 2531 729 illum

1471 738 1579 768 locum
1604 748 1679 769 esse.
2116 761 2119 762 ν

1527 782 1650 812 Dicitur
1673 782 1760 813 aliter
1782 783 1880 823 quod,
1906 783 1980 823 quia
2003 790 2090 814 actus
2114 785 2246 816 exterior
2268 785 2301 816 in
2324 795 2407 817 casu*
2425 786 2530 826 posito

1472 836 1537 856 non
1562 826 1720 857 concurrit
1743 827 1801 857 sub
1825 826 1945 857 ratione
1969 826 2048 863 finis,
2074 828 2127 858 sed
2151 828 2275 866 obiecti,
2295 829 2367 860 licet
2382 830 2422 861 sit
2443 829 2528 866 finis;

1471 869 1572 900 immo
1601 870 1802 910 distinguitur
1830 877 1938 901 contra
1968 870 2078 907 finem,
2104 881 2177 902 cum
2207 873 2319 903 dicitur
2346 874 2470 905 bonitas
2494 884 2530 904 ex

1471 912 1543 950 fine,
1569 921 1598 944 et
1621 914 1745 945 bonitas
1769 925 1805 945 ex
1829 915 1970 951 obiecto;
1996 921 2026 945 et
2049 914 2117 944 sola
2140 915 2265 947 bonitas
2285 926 2321 947 ex
2336 917 2398 948 fine
2414 918 2454 948 sit
2467 918 2529 948 for-

1471 958 1594 988 maliter
1617 958 1650 987 in
1673 959 1854 995 voluntate,
1879 959 1953 999 quia
1977 958 2044 989 sola
2068 965 2115 989 est
2137 969 2174 989 ex
2196 960 2326 1001 proprio
2350 961 2475 992 obiecto
2495 968 2531 992 ut

1471 1000 1530 1031 sic:
1562 1001 1634 1031 ideo
1662 1002 1787 1032 bonitas
1814 1002 1847 1032 in
1875 1009 1946 1033 actu
1974 1002 2114 1033 interiori
2138 1003 2310 1034 voluntatis
2333 1014 2370 1036 ex
2392 1004 2455 1035 fine
2484 1012 2530 1036 est

1470 1043 1657 1081 formaliter‘,
1682 1051 1712 1076 et
1735 1055 1772 1075 ex
1795 1046 1920 1076 obiecto
1948 1052 1995 1077 est
2022 1045 2265 1078 denominative.
2290 1047 2331 1078 Et
2353 1049 2529 1079 secundum

1470 1088 1542 1124 hoc,-
1564 1095 1690 1128 oportet
1713 1089 1813 1119 dicere
1837 1090 1935 1130 quod,
1961 1090 2090 1130 quando
2113 1097 2200 1121 actus
2224 1091 2357 1122 exterior
2379 1098 2426 1123 est
2447 1092 2528 1129 finis,

1469 1132 1523 1162 dat
1546 1132 1721 1164 bonitatem
1744 1133 1826 1164 actui
1850 1133 1991 1164 interiori
2018 1133 2207 1164 formaliter:
2232 1135 2362 1175 quando
2384 1144 2460 1166 vero
2483 1142 2530 1167 est

1470 1176 1630 1206 obiectum
1653 1183 1787 1214 tantum,
1812 1177 1865 1208 dat
1887 1177 2062 1208 bonitatem
2085 1177 2225 1208 interiori
2244 1179 2327 1209 actui
2343 1179 2529 1210 denomina-

1468 1219 1539 1250 tive.
1554 1220 1649 1251 Verbi
1663 1220 1775 1261 gratia,
1800 1221 1825 1252 si
1844 1222 1915 1262 quis
1935 1222 2004 1252 vult
2025 1221 2171 1252 fornicari
2198 1232 2263 1252 non
2283 1229 2412 1263 propter
2427 1223 2530 1254 alium

1467 1264 1655 1301 ,adiunctum
1681 1264 1795 1301 finem,
1820 1272 1907 1296 actus
1923 1265 2067 1296 *interior
2089 1266 2261 1297 voluntatis
2291 1267 2349 1297 erit
2371 1267 2404 1308 in
2427 1267 2529 1308 specie

1469 1307 1684 1339 fornicationis
1712 1309 1900 1346 formaliter,
1929 1309 2003 1350 quia
2031 1309 2176 1340 fornicari
2214 1317 2261 1341 est
2287 1309 2375 1341 finis:
2404 1311 2430 1341 si
2458 1312 2528 1352 quis

1467 1362 1543 1383 vero
1566 1353 1635 1384 vult
1658 1353 1804 1384 fornicari
1824 1361 1955 1394 propter
1977 1353 2086 1390 furari,
2111 1361 2186 1385 tunc
2210 1361 2296 1385 actus
2319 1354 2448 1386 interior
2472 1365 2529 1386 vo-

1467 1396 1596 1427 luntatis
1621 1397 1677 1428 erit
1704 1397 1737 1427 in
1765 1398 1888 1428 duabus
1916 1397 2080 1438 speciebus
2091 1410 2104 1434 ,·
2123 1398 2240 1429 scilicet
2266 1399 2299 1428 in
2328 1398 2528 1439 specievfurti

1467 1441 1650 1477 formaliter,
1667 1441 1699 1471 in
1724 1441 1827 1482 specie
1845 1451 1921 1472 vero
1941 1442 2156 1472 fornicationis
2173 1443 2417 1474 denominative.
2432 1461 2454 1467 -
2467 1443 2528 1474 Sed

1467 1485 1622 1525 quoniam
1643 1485 1788 1525 superius
1799 1485 1817 1504 *
1833 1485 1954 1516 dictum
1969 1492 2015 1516 est
2029 1486 2118 1526 quod
2139 1486 2286 1517 voluntas
2302 1487 2335 1517 in
2350 1487 2528 1528 quodcum-

1467 1538 1530 1569 que
1554 1528 1661 1565 fertur,
1685 1535 1741 1559 aut
1762 1528 1861 1559 fertur
1883 1530 1942 1560 sub
1965 1529 2086 1559 ratione
2100 1529 2181 1566 finis,
2202 1537 2257 1561 aut
2271 1537 2401 1571 propter
2414 1530 2526 1568 finem;

1467 1579 1498 1603 et
1525 1573 1655 1614 quando
1684 1572 1781 1603 fertur
1807 1573 1841 1603 in
1869 1579 1999 1614 propter
2023 1572 2138 1610 finem,
2170 1573 2267 1604 fertur
2294 1573 2469 1606 formaliter
2494 1575 2527 1606 in

1466 1616 1579 1653 finem;
1603 1617 1675 1647 ideo
1699 1626 1765 1647 non
1789 1623 1944 1647 consonat
1971 1616 2072 1647 dicere
2102 1618 2189 1658 quod
2215 1625 2303 1649 actus
2333 1618 2466 1649 exterior
2494 1618 2528 1649 in

1467 1671 1540 1691 casu
1564 1661 1670 1702 posito
1694 1670 1760 1691 non
1785 1667 1831 1692 est
1853 1661 1970 1691 volitus
1994 1667 2030 1691 ut
2052 1660 2132 1697 finis,
2158 1662 2212 1691 sed
2231 1667 2268 1692 ut
2287 1661 2448 1693 obiectum
2463 1669 2530 1693 tan—

1466 1711 1551 1741 tutn;
1577 1711 1703 1745 oportet
1726 1705 1811 1735 enim
1835 1711 1870 1736 ut
1885 1704 1999 1741 finem,
2023 1705 2074 1735 vel
2096 1712 2227 1746 propter
2248 1705 2347 1736 finem
2369 1715 2436 1737 esse
2451 1706 2529 1737 voli-

1465 1756 1545 1780 tum.
1571 1749 1632 1780 Sed
1648 1759 1714 1779 non
1730 1756 1859 1789 propter
1872 1748 1968 1779 finem
1985 1755 2125 1780 tantum:
2150 1749 2224 1790 quia
2240 1749 2335 1780 etiam
2351 1750 2526 1789 secundum

1467 1803 1515 1830 se,
1541 1800 1671 1834 propter
1697 1793 1860 1833 propriam
1888 1792 2079 1830 bonitatem,
2105 1800 2151 1824 est
2173 1793 2301 1824 volitus.
2324 1794 2418 1825 Unde
2441 1801 2472 1825 et
2493 1794 2526 1825 in

1466 1837 1594 1878 propria
1608 1837 1733 1877 reponit
1747 1837 1850 1877 specie
1869 1844 1975 1868 actum
1990 1837 2171 1868 interiorem
2189 1837 2371 1875 voluntatis,
2387 1838 2460 1869 licet
2474 1839 2526 1869 de-

1466 1881 1670 1912 nominative.
1683 1881 1801 1921 Ergo.—
1809 1881 1850 1911 Et
1865 1880 2078 1912 confirmatur.
2092 1881 2177 1918 Quia
2192 1881 2226 1911 in
2241 1882 2381 1912 secundo
2393 1882 2525 1914 articulo

1465 1925 1678 1965 praecedentis
1690 1925 1884 1965 quaestionis
1891 1925 1918 1961 *,
1934 1925 1988 1955 ubi
2003 1925 2115 1956 dicitur
2130 1925 2219 1965 quod
2234 1924 2301 1956 non
2314 1925 2414 1957 differt
2427 1927 2459 1957 in
2469 1937 2526 1957 vo-

1465 1969 1586 2000 luntate
1610 1968 1734 1999 botiitas
1751 1978 1787 1999 ex
1802 1968 1865 1999 fine
1881 1975 1912 1999 et
1927 1969 2061 2005 obiecto,
2082 1978 2223 2008 expresse
2243 1969 2403 2000 obiectum
2419 1970 2526 2011 ipsum

1467 2019 1597 2043 vocatur
1607 2011 1688 2048 finis,
1705 2022 1780 2042 cum
1795 2013 1956 2043 subditur:
1974 2014 2035 2043 nisi
2047 2014 2130 2043 sicut
2132 2013 2216 2053 finis
2231 2014 2384 2053 dependet
2395 2023 2437 2044 ex
2441 2014 2524 2054 fine.

1522 2056 1621 2087 Aliter
1643 2065 1732 2096 ergo,
1764 2056 1986 2096 distinguendo
2014 2057 2051 2087 de
2066 2057 2140 2097 fine
2169 2062 2200 2087 et
2221 2057 2362 2098 sulfine:
2385 2064 2416 2088 et
2437 2057 2526 2098 quod

1467 2101 1597 2141 quando
1628 2100 1699 2141 quis
1726 2100 1794 2131 vult
1821 2100 1968 2131 fornicari
1997 2107 2032 2131 ut
2060 2100 2196 2137 furetur,
2221 2100 2342 2131 furtum
2369 2107 2415 2132 est
2435 2101 2525 2138 finis,

1466 2144 1632 2176 fornicatio
1650 2154 1726 2175 vero
1746 2143 1894 2175 subfinis:
1919 2151 1950 2175 et
1972 2145 2061 2185 quod
2082 2143 2154 2174 finis
2177 2144 2252 2175 facit
2274 2150 2380 2176 actum
2402 2145 2528 2177 interio-

1466 2199 1533 2220 rem
1558 2189 1730 2219 formaliter
1751 2188 1857 2226 talem,
1882 2188 2012 2219 subfinis
2035 2194 2142 2219 autem
2164 2188 2408 2220 denominative.
2425 2207 2446 2213 —
2465 2189 2527 2220 Sed

1467 2234 1543 2263 haec
1559 2233 1724 2273 responsio
1747 2242 1812 2263 non
1832 2232 1989 2263 satisfacit.
2007 2232 2170 2270 Quoniam
2187 2242 2224 2263 ex
2240 2233 2440 2264 distinctione
2454 2234 2527 2264 sub-

1466 2277 1538 2307 finis
1553 2287 1571 2307 a
1586 2276 1648 2307 fine
1672 2276 1750 2306 nihil
1774 2276 1860 2307 aliud
1883 2282 2013 2316 apparet
2036 2277 2135 2317 sequi,
2159 2276 2219 2306 nisi
2234 2277 2324 2317 quod
2345 2276 2417 2308 finis
2442 2277 2526 2318 prin—

1467 2321 1601 2361 cipalem
1616 2321 1726 2351 locum
1741 2326 1834 2356 tenet,
1845 2327 1875 2350 et
1889 2319 2019 2351 subfinis
2036 2320 2265 2351 secundarium.
2283 2322 2330 2351 Ac
2345 2331 2402 2361 per
2416 2321 2489 2359 hoc,
2501 2321 2525 2351 si

1466 2365 1537 2395 finis
1560 2364 1709 2395 bonificat
1731 2364 1905 2394 formaliter
1927 2370 2033 2394 actum
2052 2364 2234 2395 interiorem
2251 2364 2434 2402 voluntatis,
2452 2374 2526 2395 cum

1466 2408 1597 2440 subfinis
1621 2409 1784 2439 claudatur
1806 2407 1886 2438 infra
1909 2407 2108 2439 latitudinem
2130 2407 2211 2444 finis,
2235 2408 2330 2439 etiam
2352 2409 2420 2449 ipse
2435 2409 2526 2439 boni—

1465 2453 1570 2484 ficabit
1593 2453 1731 2483 eundem
1753 2452 1934 2488 formaliter,
1958 2451 2031 2483 licet
2054 2452 2250 2483 secundario.

1522 2497 1604 2528 VIII.
1628 2497 1728 2527 Aliter
1751 2506 1825 2536 ergo
1850 2496 1985 2527 occurrit
2013 2495 2191 2527 dicendum.
2213 2496 2264 2527 Ad
2287 2495 2378 2527 cuius
2401 2496 2526 2527 eviden-

1467 2541 1554 2578 tiam,
1578 2547 1655 2571 nota
1677 2540 1743 2571 tria.
1769 2540 1914 2571 Primum
1937 2547 1983 2570 est
2005 2540 2104 2580 quod,
2129 2539 2209 2571 sicut
2232 2547 2306 2571 sunt
2329 2541 2394 2571 duo
2413 2550 2526 2581 genera

1467 2585 1684 2615 humanorum
1708 2590 1854 2620 actuum,
1879 2583 1995 2614 scilicet
2019 2590 2106 2614 actus
2133 2584 2263 2615 interior
2284 2585 2472 2620 voluntatis,
2496 2590 2527 2615 et

1468 2636 1555 2660 actus
1577 2628 1750 2659 voluntatis
1773 2628 1921 2664 exteri0r;
1946 2628 1989 2658 ita
2012 2628 2126 2658 dantur
2149 2628 2214 2658 duo
2233 2628 2362 2668 propria
2375 2627 2527 2660 bonifica-

1467 2674 1531 2705 tiva
1553 2679 1684 2704 actuum
1707 2671 1894 2708 formaliter,
1919 2671 2036 2703 scilicet
2057 2670 2138 2708 finis,
2163 2678 2194 2702 et
2215 2671 2345 2703 materia
2373 2681 2448 2703 cum
2471 2671 2527 2703 cir—

1469 2717 1674 2749 cumstantiis.
1699 2717 1741 2747 Et
1762 2715 1834 2747 finis
1857 2716 1998 2757 quidem,
2014 2722 2051 2746 ut
2073 2716 2126 2752 sic,
2146 2715 2365 2747 bonificativus
2382 2723 2428 2747 est
2449 2716 2527 2747 intess

1468 2761 1558 2792 rioris
1582 2768 1669 2791 actus
1692 2759 1874 2796 voluntatis,
1898 2760 1941 2791 ita
1965 2760 2054 2801 quod
2076 2760 2144 2800 ipse
2167 2759 2271 2800 primo
2287 2767 2334 2791 est
2355 2759 2528 2791 formaliter

1467 2806 1572 2836 bonus
1595 2814 1632 2835 ex
1654 2804 1735 2835 fine:
1760 2804 1888 2835 materia
1914 2811 2020 2835 autem
2044 2814 2118 2835 cum
2148 2804 2388 2835 circumstantiis
2414 2803 2527 2835 bonifi-

1469 2849 1567 2880 cativa
1591 2856 1637 2879 est
1660 2855 1747 2879 actus
1770 2848 1929 2879 exterioris
1952 2848 2132 2885 voluntarii,
2156 2847 2199 2879 ita
2221 2849 2310 2889 quod
2333 2848 2400 2888 ipse
2423 2849 2527 2889 primo

1469 2900 1515 2924 est
1537 2893 1709 2924 formaliter
1732 2893 1837 2923 bonus
1861 2902 1897 2923 ex
1921 2892 2050 2923 materia
2073 2899 2104 2923 et
2126 2892 2378 2923 circumstantiis.

1525 2937 1708 2968 Secundum
1723 2944 1769 2967 est
1792 2937 1890 2978 quod,
1906 2937 1979 2967 licet
2002 2936 2218 2977 multipliciter
2233 2935 2394 2976 contingat
2408 2936 2529 2968 bonita-

1469 2988 1534 3012 tem
1558 2981 1690 3011 derivari
1714 2990 1751 3011 ex
1774 2986 1840 3011 uno
1863 2980 1896 3011 in
1920 2981 2015 3017 aliud,
2039 2987 2117 3021 puta
2140 2980 2221 3011 sicut
2235 2990 2272 3011 ex
2287 2979 2359 3017 fine,
2374 2981 2424 3011 vel
2438 2979 2527 3011 obie-

1469 3033 1520 3057 cto
1545 3035 1599 3056 seu
1624 3025 1754 3056 materia
1777 3024 1856 3055 circa
1872 3034 1979 3066 quam,
1996 3025 2046 3054 vel
2067 3024 2308 3061 circumstantia,
2325 3024 2375 3055 vel
2389 3024 2527 3061 act-ione:

1469 3070 1502 3100 in
1526 3069 1692 3109 proposito
1721 3068 1886 3109 dupliciter
1910 3068 2063 3108 contingit
2089 3068 2264 3099 bonitatem
2288 3075 2376 3099 actus
2399 3067 2529 3099 derivari

1469 3114 1502 3144 in
1518 3113 1615 3144 alium
1632 3120 1747 3144 actum.
1758 3114 1832 3144 Uno
1844 3113 1955 3151 modo,
1971 3120 2007 3143 ut
2021 3112 2076 3142 sic:
2093 3112 2136 3143 ita
2148 3112 2246 3153 quod,
2259 3112 2334 3154 quia
2346 3112 2416 3143 talis
2431 3118 2526 3148 actua,

1469 3157 1660 3198 inquantum
1683 3164 1780 3193 actus,
1805 3163 1852 3187 est
1874 3157 1988 3193 bonus,
2011 3156 2084 3186 ideo
2106 3156 2159 3201 ille
2183 3156 2263 3187 alius
2282 3162 2380 3194 actus,
2395 3156 2527 3197 inquan-

1469 3209 1539 3233 tum
1563 3208 1660 3238 actuS,
1685 3208 1731 3232 est
1747 3202 1860 3240 bonus.
1885 3201 1958 3231 Alio
1973 3200 2084 3237 modo,
2100 3207 2136 3231 ut
2151 3200 2228 3231 alter
2243 3210 2365 3238 eorum,
2381 3198 2431 3230 vel
2444 3205 2528 3230 uter-

1469 3255 1532 3287 que
1555 3245 1659 3276 induit
1681 3245 1838 3276 rationem
1859 3244 1931 3275 finis
1944 3245 1995 3274 vel
2014 3244 2127 3275 obiecti
2144 3244 2281 3275 cuiusvis
2297 3243 2432 3275 alterius.
2459 3241 2527 3274 Dif-

1469 3290 1598 3320 ferentia
1621 3296 1727 3320 autem
1750 3289 1830 3319 inter
1852 3289 1908 3319 has
1931 3288 2009 3318 duas
2029 3287 2237 3319 derivationes
2259 3294 2305 3319 est
2324 3287 2412 3329 quod
2427 3286 2528 3327 prima

1471 3333 1636 3370 derivatio,
1661 3341 1696 3364 ut
1719 3333 1793 3363 divo
1816 3333 1964 3363 Thomae
1993 3332 2096 3373 placet
2118 3333 2151 3363 in
2171 3332 2254 3363 calce
2277 3330 2434 3372 sequentis
2457 3330 2528 3361 arti-

1471 3377 1533 3408 culi
1547 3375 1572 3414 *,
1591 3385 1637 3408 est
1652 3377 1828 3408 secundum
1845 3376 2139 3407 denominationem
2153 3382 2286 3412 tantum,
2302 3375 2345 3406 ita
2367 3374 2455 3415 quod
2470 3384 2528 3405 nec

1470 3428 1557 3452 actus
1576 3421 1708 3452 exterior
1724 3422 1762 3451 ab
1781 3420 1930 3457 interiori,
1947 3431 2004 3451 nec
2020 3420 2150 3452 interior
2163 3421 2202 3451 ab
2218 3418 2360 3451 exteriori
2373 3417 2408 3449 fit
2423 3418 2527 3449 bonus

1470 3465 1657 3503 formaliter,
1682 3465 1736 3495 sed
1759 3465 1983 3496 denominatur
2005 3464 2077 3495 ideo
2102 3465 2222 3501 bonus,
2247 3462 2320 3504 quia
2344 3469 2390 3493 est
2412 3462 2451 3492 ab
2472 3462 2527 3493 illo

1470 3516 1525 3540 aut
1547 3510 1587 3540 ad
1609 3509 1718 3540 illurn:
1744 3509 1881 3540 secunda
1904 3516 2010 3540 autem
2035 3508 2195 3544 derivatio,
2215 3506 2344 3548 quando
2367 3513 2414 3537 est
2433 3516 2451 3536 a
2467 3505 2527 3537 fine

1471 3553 1560 3596 (quia
1575 3554 1612 3584 de
1629 3553 1696 3583 aliis
1719 3563 1785 3584 non
1810 3560 1855 3584 est
1879 3563 1953 3583 cura
1976 3550 2146 3595 praesens),
2162 3551 2338 3582 seeundum
2361 3549 2527 3581 formalem

2555 1488 2564 1497 '
2576 1487 2623 1515 Qu.
2634 1492 2683 1515 vm,
2693 1491 2764 1510 arta.

2551 1928 2643 1951 ἈΔΒ

2554 3381 2563 3391 ““
2579 3381 2605 3402 ln
2619 3387 2680 3409 resp.
2702 3380 2730 3402 ad
2743 3386 2764 3409 3.
