2846 4146
541 304 733 339 QUAESTIO
756 305 1198 339 QUADRAGESIMATERTIA

696 358 747 388 De
767 366 876 388 causa
895 359 1040 388 timoris.

341 425 505 447 Anrxcums
517 425 529 446 1
588 418 692 446 Utrum
713 425 799 445 causa
819 417 931 446 timoris
953 418 988 446 sit
1008 427 1091 447 amor
1093 439 1220 447 .....
1238 426 1311 457 pag.

422 468 437 484 ν
519 465 543 485 -n
592 457 696 485 Utrum
717 466 803 485 causa
828 457 942 486 timoris
969 458 1004 486 sit
1025 458 1160 486 defectus.
1183 480 1189 486 .
1213 479 1220 486 .
1264 469 1278 483 »

522 513 727 558 *QUAESTIO
750 516 1210 552 QUADRAGESIMAQUARTA

659 569 710 598 De
731 569 908 599 effectibus
932 570 1080 600 amoris.

340 635 504 658 ARTICULUS
517 634 528 656 1
587 627 691 655 Utrum
711 627 799 655 timor
819 627 903 656 faciat
923 627 1160 656 contractionem.
1183 649 1190 656 .
1213 649 1220 656 .

425 679 440 694 »
520 673 544 695 11
592 666 696 694 Utrum
716 666 803 695 timor
823 667 907 695 faciat
928 667 1130 696 consiliativos.
1153 689 1160 696 .
1183 689 1190 696 .
1213 689 1220 696 .

425 718 440 733 »
520 712 555 734 111
593 706 695 734 Utrum
716 706 803 735 timor
822 707 906 735 faciat
933 714 1088 735 tremorem
1092 728 1220 735 .....

425 757 441 772 ›
521 753 554 774 1v
593 745 695 774 Utrum
715 746 803 774 timor
824 746 962 783 impediat
982 746 1189 783 operationem.
1214 768 1220 775 .

540 812 732 847 QUAESTIO
755 812 1175 847 QUADRAGESIMAQUINT
1176 812 1202 840 A

758 867 808 898 De
828 865 984 896 audacia.

342 926 506 948 nummis
519 926 531 946 1
590 918 694 946 Utrum
707 917 828 946 audacia
842 917 878 945 sit
898 916 1043 945 contraria
1055 916 1161 945 timori.
1185 938 1191 944 .
1215 938 1221 945 .

425 969 440 984 »
521 965 543 986 11
592 958 696 986 Utrum
716 957 836 986 audacia
855 963 1049 994 consequatur
1070 965 1160 994 spem.
1185 977 1192 984 .

426 1009 440 1024 s
521 1005 555 1026 111
593 997 696 1042 Utrum
722 996 848 1025 defectus
877 996 981 1033 aliquis
1002 996 1038 1024 sit
1059 1005 1145 1024 causa
1171 1005 1222 1024 au·

425 1089 440 1104 „
521 1084 552 1106 Ν
591 1037 860 1105 υέἒξῗῑιιιεὲς·
880 1057 950 1104 ιιι·
966 1057 1162 1112 ...saraa
1185 1058 1224 1104 a

621 1115 763 1153 principio
785 1125 873 1154 quam
898 1115 929 1143 in
953 1114 1022 1152 ipsis
1050 1115 1192 1152 periculis.
1215 1137 1222 1143 .

551 1182 746 1218 QUAESTIO
770 1181 1196 1217 QUADRAGESIMASEXTA

671 1237 721 1265 De
741 1236 794 1265 ira
815 1234 1001 1266 secundum
1022 1243 1072 1265 se.

343 1297 507 1322 nummus
520 1297 532 1318 1
591 1289 696 1317 Utrum
715 1287 758 1316 ira
778 1287 814 1315 sit
841 1286 971 1323 specialis
995 1286 1093 1323 passio
1095 1307 1223 1315 .....

427 1341 442 1357 »
523 1336 545 1360 11
594 1328 698 1356 Utrum
719 1326 865 1355 obiectum
891 1326 950 1354 irae
971 1325 1008 1354 sit
1028 1327 1138 1355 bonum
1151 1347 1159 1361 ‚
1180 1326 1225 1354 vel

620 1367 734 1398 ‚malum
737 1387 1222 1395 .................

427 1420 443 1435 »
523 1415 558 1435 m
587 1404 699 1434 *Utrum
724 1405 767 1433 ira
793 1405 830 1433 sit
850 1405 880 1432 in
909 1404 1132 1441 concupiscibili.
1156 1425 1163 1432 .
1187 1426 1193 1432 .
1217 1426 1223 1433 .

428 1459 443 1474 »
474 1467 478 1473 .
523 1449 556 1475 xv
595 1446 698 1473 Utrum
713 1445 756 1473 ira
767 1444 805 1472 sit
817 1453 885 1472 cum
898 1443 1010 1472 ratione
1013 1464 1225 1472 ........

427 1498 442 1514 ι
523 1493 544 1514 v
593 1485 698 1513 Utrum
717 1484 760 1512 ira
781 1483 816 1512 sit
829 1483 988 1512 naturalior
1009 1492 1097 1520 quarn
1118 1492 1225 1511 concu-

624 1523 764 1569 piscentia
766 1544 1224 1551 ................

426 1578 442 1594 »
522 1566 557 1594 Ἦ
594 1564 697 1592 Utrum
718 1563 761 1593 ira
781 1563 818 1591 sit
835 1562 951 1600 gravior
971 1571 1059 1600 quam
1085 1561 1225 1591 odium..

426 1618 442 1633 ›
523 1612 566 1633 vu
594 1603 699 1632 Utrum
720 1603 762 1632 ira
783 1602 819 1631 sit
837 1603 876 1631 ad
895 1601 961 1631 illos
975 1601 1071 1631 solum
1092 1602 1130 1630 ad
1152 1611 1227 1639 quos

552 1647 555 1649 ’
624 1650 667 1676 est
686 1642 793 1671 iustitia
796 1662 1224 1671 ...............

427 1697 442 1712 »
523 1691 576 1714 vm
594 1684 699 1712 Utrum
726 1681 930 1712 convenienter
957 1681 1137 1719 assignentur
1161 1691 1226 1719 spe-

624 1723 681 1752 cies
706 1723 765 1752 irae
768 1743 1017 1751 .........
1028 1748 1031 1750 ,
1039 1742 1226 1750 .......

523 1765 726 1825 ’ῥΠΑΕΞΤΙΟ
754 1789 1222 1824 QUADRAGESIMASEPTIMA

437 1844 488 1874 De
508 1843 618 1880 causa
639 1843 797 1874 effectiva
814 1843 906 1879 irae,
928 1846 963 1874 et
984 1843 1025 1874 de
1045 1843 1206 1875 remediis
1226 1845 1312 1877 eius.

345 1915 509 1939 amemus
522 1917 533 1938 1
554 1924 557 1926 -
584 1909 695 1937 Utrum
708 1918 823 1945 semper
835 1908 977 1937 motivum
991 1909 1050 1938 irae
1068 1909 1104 1937 sit
1118 1909 1228 1946 aliquid

1268 1653 1283 1667 )>

1270 1732 1285 1747 2>

623 1948 732 1977 factum
752 1954 854 1978 contra
867 1958 935 1978 eum
956 1949 1006 1985 qui
1026 1949 1167 1978 irascitur.
1190 1971 1196 1978 .
1220 1971 1227 1978 .
1271 1962 1285 1976 »

429 2000 445 2015 ³>
526 1996 549 2017 11
598 1989 702 2017 Utrum
723 1989 786 2017 sola
811 1988 994 2034 parvipensio
1015 1989 1061 2017 vel
1081 1989 1226 2026 despectio

627 2036 663 2057 sit
683 2035 825 2058 motivum
845 2037 904 2057 irae
917 2050 1225 2058 ...........
1271 2041 1285 2056 »

428 2081 443 2097 a»
524 2077 558 2098 m
596 2069 700 2098 Utrum
720 2067 886 2098 excellentia
912 2068 1059 2097 irascentis
1084 2069 1121 2097 sit
1140 2077 1228 2098 causa

625 2107 686 2137 irae
706 2129 1227 2138 ..................
1271 2121 1286 2135 »

430 2162 445 2176 ιι
527 2157 558 2177 1v
597 2150 699 2177 Utrum
729 2149 855 2177 defectus
883 2148 1002 2177 alicuius
1030 2148 1066 2176 sit
1091 2158 1177 2177 causa
1197 2155 1229 2177 ut

626 2195 727 2218 sonu-a
746 2197 814 2217 eum
834 2188 945 2217 facilius
969 2188 1135 2217 irascamur.
1158 2210 1164 2217 .
1189 2211 1196 2217 .
1219 2211 1226 2218 .
1271 2201 1284 2215 »

540 2255 732 2291 QUAESTIO
754 2254 1217 2289 QUADRAGESLMAOCTAVA

699 2309 750 2338 De
770 2308 949 2339 effectibus
969 2309 1053 2339 irae.

347 2364 511 2398 uincimus
524 2375 536 2396 1
595 2366 699 2396 Utrum
720 2366 762 2396 ira
781 2373 881 2396 causet
900 2367 1166 2396 delectationem..
1220 2389 1227 2397 .

430 2419 446 2434 2»
526 2415 549 2435 11
597 2406 703 2434 Utrum
730 2405 773 2434 ira
800 2405 925 2435 maxime
957 2413 1056 2436 causet
1084 2406 1227 2436 fervorem

627 2446 658 2475 in
678 2446 766 2475 corde
769 2467 1225 2477 ................

430 2499 444 2514 s
526 2494 560 2515 m
597 2485 730 2515 Utrum·
723 2495 766 2515 ira
790 2485 914 2514 maxime
942 2486 1080 2524 impediat
1108 2486 1228 2515 rationis

626 2534 712 2553 usum
715 2545 1228 2556 ..................

432 2578 447 2592 »
528 2573 560 2594 1v
599 2564 703 2592 Utrum
729 2564 771 2592 ira
798 2563 922 2593 maxime
953 2572 1051 2593 causet
1080 2565 1228 2594 taciturni-

625 2611 715 2633 tatem
737 2625 1227 2634 .................

567 2670 759 2707 QUAESTIO
786 2668 1195 2705 QUADRAGESIMANONA

507 2725 557 2757 D'e
575 2724 753 2755 habitibus
772 2724 809 2753 in
828 2725 993 2760 generali,
1015 2724 1130 2762 quoad
1150 2733 1269 2756 eorum

1272 2538 1287 2553 1>

1271 2617 1286 2632 D

757 2764 1000 2793 substantiam.

349 2826 514 2851 sanemus
527 2826 540 2846 1
599 2817 702 2846 Utrum
728 2815 842 2845 habitus
870 2815 907 2844 sit
934 2815 1055 2853 qualitas
1070 2837 1228 2845 ......
1273 2830 1287 2844 »

433 2870 448 2885 s
528 2866 552 2887 11
600 2857 705 2885 Utrum
725 2855 838 2885 habitus
859 2855 895 2884 sit
913 2855 1102 2885 determinata
1121 2856 1230 2894 species

630 2895 774 2933 qualitatis
778 2917 1235 2925 ................
1280 2909 1294 2923 »

433 2949 448 2964 a>
529 2945 563 2971 m
602 2936 706 2965 Utrum
732 2935 846 2964 habitus
867 2935 1004 2972 importet
1031 2934 1164 2965 ordinem
1194 2937 1232 2965 ad

630 2982 727 3004 actum
736 2996 1228 3004 .................

600 3015 704 3044 Utrum
725 3015 760 3043 sit
787 3013 979 3043 necessarium
1001 3023 1063 3043 esse
1090 3015 1229 3044 habitum.

622 3075 814 3111 QUAESTIO
837 3074 1152 3111 QUINQUAGESIMA

665 3128 714 3158 De
735 3128 891 3158 subiecto
910 3128 1098 3158 habituum.

598 3181 702 3209 Utrum
722 3179 752 3208 in
774 3188 895 3218 corpore
921 3179 956 3208 sit
984 3179 1087 3216 aliquis
1108 3179 1231 3208 habitus.

602 3220 706 3248 Utrum
736 3219 834 3248 anima
862 3219 898 3248 sit
917 3219 1088 3253 ,subiectum
1118 3219 1232 3248 habitus

631 3260 792 3288 secundum
813 3269 895 3288 suam
910 3259 1072 3294 essentiam,
1086 3259 1132 3287 vel
1149 3268 1232 3288 suam

631 3299 800 3336 potentiam.
829 3319 1231 3327 ..............

605 3340 709 3368 Utrum
738 3338 768 3367 in
795 3338 932 3376 potentiis
963 3338 1113 3368 sensitivae
1143 3338 1233 3375 panis

433 3028 448 3044 »
530 3024 561 3044 1v

350 3190 514 3212 ARTICU'LUS
528 3190 539 3210 1

435 3233 450 3249 ιν
531 3229 554 3250 Π

436 3352 451 3367 2

435 3431 450 3446 D

600 3419 705 3447 Utrum
735 3418 766 3447 in
796 3418 860 3455 ipso
891 3417 1035 3447 intellectu
1065 3418 1101 3447 sit
1130 3417 1233 3455 aliquis

436 3510 452 3525 2

436 3549 451 3564 ὓ

601 3498 704 3525 Utrum
726 3498 756 3526 in
775 3498 922 3526 voluntate
936 3497 972 3526 sit
992 3497 1095 3534 aliquis
1108 3497 1231 3525 habitus.

531 3348 566 3566 5423

632 3378 724 3415 possit
745 3387 808 3407 esse
829 3378 931 3416 aliquis
952 3378 1066 3407 habitus
1069 3399 1231 3407 ......
1276 3390 1290 3404 »

633 3458 747 3486 habitus
774 3479 1230 3487 ................
1275 3469 1289 3483 n

1275 3509 1290 3523 »

603 3538 706 3566 Utrum
727 3537 757 3565 in
785 3537 893 3574 angelis
921 3537 957 3566 sit
977 3537 1080 3575 aliquis
1108 3536 1230 3565 habitus.
1275 3548 1289 3562 »

1339 226 1504 264 INDEX

1340 419 1393 446 281

1341 458 1397 486 282

1342 629 1397 656 283

1342 668 1400 703 284

1342 707 1397 735 285

1343 917 1400 954 287

1343 957 1400 985 288

1343 1036 1400 1072 289

1345 1293 1401 1323 292

1345 1365 1400 1401 293

1346 1411 1404 1440 ²94

1347 1522 1402 1557 295

1347 1562 1404 1597 296

1347 1647 1404 1677 297

1348 1721 1405 1757 298

1350 1950 1406 1979 300

1350 2030 1401 2058 301

1350 2110 1406 2138 302

1368 2189 1406 2218 ib.

1351 2369 1408 2404 304

1367 2448 1405 2476 ib.

1351 2527 1405 2554 305

1352 2606 1407 2634 306

1353 2819 1408 2855 309

1353 2898 1409 2926 310

1353 2977 1409 3004 312

1354 3016 1407 3044 315

1355 3180 1409 3218 317
1464 3171 1467 3174 .

1355 3299 1410 3327 318

1355 3378 1410 3414 319

1355 3457 1410 3485 320

1355 3497 1410 3542 322

1651 306 1842 341 QUAESTIO
1872 306 2303 342 QUINQUAGESIMAPRIMA

1531 353 1580 382 De
1597 360 1706 383 causa
1725 352 1902 383 habituum
1923 354 2085 389 quantum
2105 353 2150 383 ad
2171 352 2426 389 generationem

1896 393 2060 429 ipsorum.

2371 617 2385 632 δ

2427 227 2505 275 469

2449 528 2504 564 327

2450 606 2504 633 328

1452 458 1615 480 ARTtCULUS
1629 459 1640 479 1
1700 452 1803 479 Utrum
1823 451 1926 488 aliquis
1947 451 2060 480 habitus
2089 451 2125 480 sit
2145 460 2163 479 a
2182 457 2293 479 natura.
2315 471 2323 478 .
2341 458 2415 488 pag.
2448 449 2502 477 325

1535 502 1550 517 »
1631 499 1653 519 11
1702 491 1805 519 Utrum
1836 491 1938 528 aliquis
1976 491 2090 520 habitus
2128 497 2259 519 causetur
2293 498 2327 518 ex

1730 530 1840 558 actibus
1843 550 2325 559 .................
2370 539 2384 553 »

1535 581 1549 596 »
1630 578 1663 598 111
1702 570 1804 598 Utrum
1825 579 1877 606 per
1895 579 1988 598 unum
2008 576 2104 598 actum
2124 569 2216 606 possit
2241 577 2327 605 gene-

1731 609 1787 637 rari
1814 609 1928 638 habitus
1931 628 2326 638 ..............

1536 659 1550 674 »
1631 656 1662 676 1v
1701 648 1804 676 Utrum
1834 648 1922 686 aliqui
1943 648 2056 677 habitus
2084 647 2140 677 sint
2160 646 2326 676 hominibus

1731 688 1815 716 infusi
1843 697 1860 716 a
1889 689 1953 716 Deo
1956 707 2326 716 .............
2370 696 2384 710 »

1627 747 1819 781 QUAESTIO
1841 745 2332 782 QUINQUAGESIMASECUNDA

1749 794 1800 823 De
1820 795 2004 830 augmento
2024 794 2209 824 habituum.

1453 859 1616 880 ARTICULUS
1630 860 1641 880 1
1700 852 1803 880 Utrum
1833 852 1946 880 habitus
1976 858 2133 889 augeantur
2135 871 2328 880 .......

2373 861 2387 876 ὓ

1632 900 1654 925 11
1702 892 1805 919 Utrum
1815 891 1928 919 habitus
1938 898 2075 928 augeatur
2082 900 2132 928 per
2141 890 2328 919 additionem.
2373 901 2387 915 »

1631 939 1664 959 m
1703 931 1807 959 Utrum
1827 930 1946 967 quilibet
1967 937 2046 959 actus
2067 937 2169 967 augeat
2189 930 2328 958 habitum.

1655 990 1846 1024 QUAESTIO
1873 989 2329 1024 QUINQUAGESIMATERTIA

2373 940 2387 955 1>

1586 1037 1637 1066 De
1657 1038 1874 1073 corruptione
1895 1038 1930 1066 et
1951 1036 2168 1066 diminutione
2187 1036 2374 1065 habituum.

1455 1097 1618 1118 AR'r1cULus
1631 1097 1643 1117 1
1702 1089 1805 1117 Utrum
1826 1088 1939 1116 habitus
1961 1088 2106 1125 corrumpi
2136 1088 2234 1124 possit.
2259 1109 2266 1116 .
2290 1109 2296 1115 .
2321 1108 2327 1115 .

1537 1140 1552 1154 »
1632 1137 1655 1156 11
1704 1129 1808 1156 Utrum
1828 1128 1942 1156 habitus
1963 1128 2053 1164 possit
2081 1127 2201 1156 diminui
2205 1148 2329 1155 .....

1537 1179 1552 1194 »
1633 1176 1666 1196 111
1705 1168 1807 1196 Utrum
1828 1167 1941 1196 habitus
1962 1173 2163 1204 corrumpatur
2182 1167 2227 1195 vel
2247 1166 2331 1195 dimi-

1731 1213 1836 1235 nuatur
1866 1216 1917 1243 per
1947 1207 2038 1235 solam
2076 1206 2264 1235 cessationem
2295 1206 2331 1234 ab

2371 1099 2386 1113 Ὠ

2373 1138 2388 1153 ²)

1733 1255 1820 1283 opere
1841 1266 2329 1275 .................
2374 1256 2388 1270 2>

1636 1305 1827 1340 QUAESTIO
1857 1304 2331 1340 QUINQUAGESIMAQUARTA

1733 1352 1783 1381 De
1805 1351 2023 1383 distinctione
2043 1352 2230 1382 habituum.

1705 1410 1807 1437 Utrum
1835 1410 1917 1438 multi
1942 1410 2054 1439 habitus
2082 1409 2194 1446 possint
2214 1419 2275 1438 esse
2302 1409 2332 1438 in

1735 1458 1795 1477 una
1814 1450 1943 1485 potentia
1945 1470 2332 1478 ..............

1707 1488 1810 1555 Ότι-ξφ
1825 1489 1937 1517 habitus
1951 1489 2162 1526 distinguantur
2175 1489 2333 1517 secundum

1737 1536 1755 1555 ο
1777 1534 1850 1556 tecta
1870 1549 2332 1557 ................

1636 1574 1669 1595 111
1708 1566 1811 1594 Utrum
1826 1567 1939 1596 habitus
1953 1567 2162 1605 distinguantur
2175 1569 2334 1596 secundum

1457 1416 1621 1437 mucimus
1634 1417 1645 1437 1

1539 1498 1554 1513 θ
1636 1496 1658 1516 11

1738 1606 1849 1634 bonum
1871 1613 1899 1635 et
1913 1608 2021 1635 malum
2024 1628 2332 1635 ...........
2377 1618 2391 1632 »

1708 1645 1811 1673 Utrum
1831 1655 1907 1674 unus
1935 1646 2048 1674 habitus
2069 1656 2103 1675 ex
2130 1647 2227 1675 multis
2254 1646 2334 1674 habi-

1737 1684 1813 1712 tibus
1834 1686 2024 1714 constituatur
2027 1707 2333 1714 ...........

1651 1745 1843 1779 QUAESTIO
1864 1746 2325 1782 QUINQUAGESIMAQUINTA

1541 1655 1556 1670 >>
1637 1653 1668 1674 IV

2378 1696 2392 1711 Σ)

1572 1794 1622 1822 De
1641 1793 1836 1828 virtutibus,
1858 1793 2020 1829 quantum
2041 1792 2086 1822 ad
2107 1801 2192 1823 suas
2214 1794 2400 1823 essentias.

1458 1859 1622 1880 ARTmums
1636 1859 1647 1878 1
1706 1851 1809 1879 Utrum
1829 1851 1918 1880 virtus
1943 1852 2070 1880 humana
2091 1851 2127 1880 sit
2154 1852 2275 1881 habitus.
2299 1874 2305 1879 .
2328 1874 2335 1880 .

1636 1899 1659 1918 11
1708 1891 1811 1919 Utrum
1825 1890 1914 1920 virtus
1934 1892 2063 1920 humana
2076 1891 2112 1920 sit
2131 1892 2244 1920 habitus
2266 1901 2338 1928 ope-

2379 1863 2394 1878 >⁹

1739 1930 1846 1959 rativus
1849 1952 2335 1960 .................
2379 1943 2393 1957 ›>

1542 1982 1557 1996 »
1638 1978 1671 1998 111
1710 1970 1814 1998 Utrum
1825 1970 1912 1999 virtus
1923 1971 2051 1999 humana
2061 1970 2096 1999 sit
2106 1971 2219 1999 habitus
2232 1972 2335 1999 bonus.

1543 2021 1558 2036 »
1639 2018 1670 2039 1v
1709 2009 1812 2038 Utrum
1833 2010 1922 2039 virtus
1951 2010 2154 2039 convenienter
2174 2010 2334 2039 definiatur.

1640 2088 1642 2091 ψ
1661 2068 1853 2103 QUAESTIO
1876 2069 2317 2103 QUINQUAGESIMASEXTA

1787 2115 1838 2144 De
1859 2116 2014 2146 subiecto
2034 2115 2184 2145 virtutis.

1459 2181 1622 2202 ARTtCULus
1635 2181 1647 2200 1
1706 2172 1810 2200 Utrum
1829 2172 1918 2201 virtus
1947 2171 2034 2200 sitin
2064 2173 2195 2210 potentia
2224 2174 2337 2203 animae

2380 1982 2394 1997 Ὶ)

2379 2022 2393 2037 »

1741 2212 1814 2240 sicut
1828 2212 1859 2240 in
1871 2211 1999 2240 subiecto
2003 2234 2336 2243 ............
2381 2225 2395 2239 »

1640 2260 1662 2279 n
1710 2252 1814 2280 Utrum
1833 2261 1893 2280 una
1913 2251 2001 2280 virtus
2030 2252 2122 2289 possit
2141 2262 2203 2282 esse
2223 2253 2254 2282 in
2274 2255 2337 2291 plu-

1739 2292 1818 2320 ribus
1838 2292 1974 2328 potentiis
2001 2312 2336 2322 ............

1711 2332 1815 2359 Utrum
1829 2330 1986 2360 intellectus
1999 2331 2091 2387 possit
2104 2341 2165 2360 esse
2178 2332 2338 2361 subiectum

1740 2370 1851 2399 virtutis
1854 2393 2336 2401 .................

1709 2411 1812 2439 Utrum
1831 2410 1979 2439 irascibilis
2000 2418 2028 2439 et
2041 2411 2269 2448 concupiscibilis
2283 2412 2340 2441 sint

1740 2450 1900 2479 subiectum
1914 2450 2024 2479 virtutis
2027 2472 2336 2480 ...........

1710 2490 1813 2518 Utrum
1838 2490 1912 2518 vires
1937 2490 2161 2527 apprehensivae
2188 2490 2338 2520 sensitivae

1741 2529 1798 2557 sint
1821 2529 1982 2558 subiectum
2008 2530 2118 2575 virtutis
2121 2551 2338 2559 ........

1640 2339 1673 2359 m

1543 2422 1558 2437 »
1640 2418 1671 2439 1v

1641 2497 1660 2517 v

1640 2575 1671 2597 Vt
1710 2569 1812 2597 Utrum
1833 2569 1965 2598 voluntas
1986 2570 2077 2606 possit
2097 2579 2158 2598 esse
2179 2568 2339 2599 subiectum

1740 2608 1852 2636 Virtutis
1872 2630 2337 2639 ................
2383 2621 2396 2635 ὃ)

1646 2668 1838 2703 0οΑε5τιο
1860 2669 2341 2704 QUINQUAGESIMASEPTIMA

1600 2718 1650 2746 De
1671 2716 1888 2747 distinctione
1907 2717 2072 2747 virtutum
2094 2717 2379 2747 intellectualium·

1461 2784 1624 2806 antimus
1638 2785 1649 2805 1
1709 2776 1812 2804 Utrum
1830 2775 1943 2804 habitus
1958 2776 2160 2804 intellectuales
2175 2775 2340 2813 speculativi

1741 2815 1798 2844 sint
1822 2816 1939 2844 virtutes
1941 2836 2336 2844 ..............
2381 2826 2395 2840 »

1713 2856 1815 2883 Utrum
1837 2856 1894 2884 sint
1913 2861 2026 2883 tantum
2046 2861 2103 2883 tres
2124 2855 2237 2883 habitus
2257 2855 2340 2883 intel-

1742 2895 1876 2923 lectuales
1890 2894 2065 2932 speculativi,
2075 2894 2182 2923 scilicet
2191 2895 2339 2931 sapientia,

1742 2935 1860 2963 scientia
1881 2941 1908 2963 et
1928 2934 2087 2963 intellectus
2090 2955 2338 2963 .........

1715 2975 1818 3003 Utrum
1847 2974 1961 3003 habitus
1991 2974 2188 3002 intellectualis
2218 2974 2268 3011 qui
2298 2980 2340 3002 est

1513 2872 1517 2879 ι
1545 2867 1560 2882 »
1642 2864 1664 2884 11

1547 2987 1562 3001 »

1714 3054 1816 3082 Utrum
1846 3053 1998 3090 prudentia
2027 3053 2064 3081 sit
2090 3053 2178 3081 virtus
2209 3053 2342 3081 distincta

1743 3094 1780 3122 ab
1801 3099 1861 3123 arte
1881 3114 2339 3122 ................

1714 3132 1817 3160 Utrum
1838 3132 1989 3169 prudentia
2010 3131 2046 3160 sit
2071 3132 2160 3160 virtus
2181 3132 2341 3160 necessaria

1634 2983 1675 3239 ε<ἓει

1714 3212 1817 3239 Utrum
1838 3211 1960 3247 eubulia,
1981 3211 2091 3248 synesis
2112 3218 2139 3239 et
2159 3221 2266 3248 gnome
2286 3210 2342 3239 sint

1744 3250 1863 3279 virtutes
1889 3251 2040 3280 adiunctae
2067 3250 2244 3287 prudentiae.
2274 3272 2280 3278 .
2304 3272 2311 3278 .
2334 3270 2341 3278 .

1651 3311 1846 3346 QUAESTIO
1868 3311 2342 3346 QUINQUAGESIMAOCTAVA

1654 3360 1705 3389 De
1726 3359 1944 3389 distinctione
1963 3360 2128 3389 virtutum
2148 3359 2328 3388 moralium

1814 3400 1858 3428 ab
1879 3399 2172 3429 intellectualibus.

2383 2944 2398 2958 »

1742 3023 1798 3049 ars,
1820 3014 1856 3042 sit
1881 3013 1969 3042 virtus
1971 3034 2340 3042 .............
2384 3024 2398 3038 »

1745 3171 1856 3200 homini
1859 3192 2339 3200 .................
2384 3181 2398 3195 »

1466 3465 1628 3486 Ακτιεσιυε
1642 3465 1653 3484 1
1713 3457 1815 3484 Utrum
1837 3456 1932 3485 omnis
1953 3455 2041 3484 virtus
2062 3455 2098 3484 sit
2122 3455 2248 3484 moralis.
2273 3476 2280 3483 .
2304 3477 2310 3483 .
2334 3477 2341 3483 .
2386 3467 2400 3481 »

1643 3505 1666 3524 11
1715 3497 1819 3524 Utrum
1839 3496 1927 3524 virtus
1949 3494 2065 3524 moralis
2094 3494 2286 3532 distinguatur
2306 3495 2342 3523 ab

1747 3535 1928 3564 intellectuali
1951 3555 2348 3563 ..............

2392 3545 2407 3560 t

2450 684 2505 719 329

2451 850 2507 877 330

2452 889 2505 916 333

2453 929 2507 956 336

2460 2214 2513 2242 355

2460 2293 2515 2321 356

2477 2371 2516 2400 ib.

2462 2451 2516 2487 359

2462 2530 2517 2557 360

2462 2609 2513 2636 361

2463 2934 2516 2962 365

2463 3012 2518 3040 366

2463 3091 2518 3127 367

2464 3169 2518 3196 368

2464 3247 2520 3284 370

2465 3455 2519 3490 372

2465 3532 2518 3568 373
