2852 4152
125 1007 134 1015 ·
150 1006 166 1027 S
176 1005 221 1027 Th.
238 1005 289 1026 lect.
305 1011 336 1026 lv.

126 1032 197 1084 ilbi}
204 1032 243 1079 Ilib-
250 1031 278 1058 V,
286 1037 335 1058 cap.

130 1897 140 1906 '
154 1896 179 1918 S.
189 1896 234 1918 Th.
244 1896 295 1918 lect.
306 1902 338 1917 ιν.

124 2218 133 2226 ·
150 2216 198 2264 Qdu.
213 2222 278 2242 xcvi,
294 2219 336 2237 art.

124 2249 140 2269 1,
151 2249 164 2264 a
188 2249 209 2268 r;
236 2249 259 2264 u.
270 2248 335 2269 cvm,

123 2273 166 2291 art.
181 2275 201 2295 2.
212 2275 225 2290 a
255 2275 278 2296 33
293 2272 335 2290 art.

124 2296 145 2322 8,
162 2295 190 2317 ad
200 2301 224 2322 23
236 2301 274 2323 qu.
289 2301 335 2322 cxx,

123 2325 165 2344 art.
180 2327 197 2343 ι.

221 2357 238 2374 α

222 2413 236 2447 β

123 2580 208 2629 scii:
216 2586 280 2629 ¹1¹4AE
289 2586 333 2628 ,²55

123 3263 135 3274 ⁸
148 3262 205 3291 Cap.
218 3269 281 3285 xxvi.

362 194 414 229 24

363 262 429 299 lari,
444 263 498 292 sed
509 262 542 292 in
553 261 719 293 universali
725 270 733 298 ;
749 262 791 293 ita
808 261 967 292 obiectum
975 261 1146 292 voluntatis
1161 268 1206 291 est
1218 261 1340 291 bonum
1355 270 1420 291 non

363 306 396 336 in
420 306 481 336 hoc
500 305 687 346 particulari,
705 306 758 336 sed
773 305 806 335 in
831 305 1007 336 universali.
1032 305 1093 335 Sed
1110 315 1145 335 ex
1168 304 1229 334 hoc
1245 314 1338 334 sensu
1355 314 1420 334 non

365 349 520 390 sequitur:
538 350 622 390 Ergo
639 349 799 380 obiectum
813 349 984 380 voluntatis
1000 355 1045 379 est
1061 349 1183 378 bonum
1199 347 1372 378 universale
1387 347 1421 376 in

365 394 507 430 essendo,
525 394 613 434 quod
629 399 675 423 est
689 393 786 423 Deus.
802 411 822 416 -
839 392 870 423 Si
887 392 990 432 primo
1008 392 1116 428 modo,
1137 398 1211 421 tunc
1228 400 1293 420 non
1308 391 1421 430 proba-

364 444 416 468 tur
430 447 486 477 per
500 437 561 468 hoc
576 437 664 477 quod
678 437 841 467 obiectum
858 436 1033 466 intellectus
1050 442 1095 465 est
1109 444 1219 464 verum
1236 434 1418 464 universale.

365 481 528 518 Quoniam
542 481 604 511 hoc
618 479 793 510 verificatur
808 481 847 509 de
870 489 943 509 vero
961 478 1127 509 universali
1146 478 1177 507 in
1194 477 1419 517 praedicando;

365 531 395 555 et
407 535 472 555 non
490 525 528 555 de
544 524 633 554 omni
643 534 727 560 vero,
745 533 802 554 nec
817 523 884 563 ipsa
895 522 1021 552 veritate
1038 521 1152 557 divina,
1168 531 1248 561 quae
1265 527 1311 551 est
1325 531 1420 551 omne

363 578 484 599 verum.
510 567 671 605 Quoniam
695 577 752 597 nec
781 567 842 596 hoc
864 576 989 601 verum,
1013 566 1102 595 Deus
1125 570 1171 595 est
1194 566 1314 601 trinus,
1340 564 1422 595 cadit

365 613 423 642 sub
445 611 569 642 obiecto
586 611 779 646 intellectus3
804 620 860 640 nec
877 619 912 639 ea
926 618 1008 649 quae
1024 618 1086 638 non
1103 609 1174 638 licet
1187 609 1306 638 homini
1322 609 1418 649 loqui,

364 662 395 686 et
418 656 450 685 in
474 665 531 686 cor
551 655 687 685 hominis
710 663 774 684 non
799 653 984 689 ascendunt,
1010 661 1067 682 nec
1090 652 1255 682 ascendere
1278 659 1419 692 possent.

420 699 457 729 11.
474 699 525 729 Ad
541 699 602 728 hoc
618 698 730 728 dicitur
746 697 843 737 quod,
861 695 987 736 proprie
1002 695 1175 736 loquendo,
1192 702 1304 726 neutro
1321 696 1419 726 modo

363 742 545 782 intelligitur
568 741 811 772 fundamentum
833 740 921 770 illud.
945 739 1008 770 Sed
1030 747 1140 770 sensus
1161 746 1207 770 est
1225 740 1323 779 quod,
1341 740 1421 770 sicut

364 785 524 816 obiectum
546 785 721 815 intellectus
746 790 791 814 est
813 793 924 813 verum
943 782 1134 820 universale⁷
1158 783 1237 813 idest
1256 793 1321 813 non
1346 793 1419 814 con-

363 835 497 860 tractum
521 829 560 859 ad
584 829 644 859 tale
662 828 712 858 vel
727 828 787 858 tale
803 837 923 863 verum,
942 827 996 856 sed
1011 827 1171 863 absolute;
1195 827 1238 857 ita
1261 827 1421 858 obiectum

363 873 534 903 voluntatis
565 879 610 903 est
636 872 760 902 bonurn
794 870 983 906 universale,
1011 871 1092 901 idest
1125 881 1191 901 non
1224 877 1420 901 contractum

364 917 402 946 ad
425 916 486 947 tale
507 916 557 946 vel
587 916 648 946 tale
678 916 816 954 bonum,
846 915 900 944 sed
928 914 1080 945 absolute.
1110 915 1149 945 Et
1172 914 1198 944 si
1226 915 1299 945 huic
1328 914 1422 945 fuerit

364 960 510 990 adiuncta
534 959 749 989 subintellecta
772 958 943 988 differentia
957 958 1037 989 inter
1059 959 1182 989 bonum
1202 965 1232 989 et
1246 968 1367 994 verum,
1385 968 1421 989 ex

363 1004 405 1034 VI
428 1004 610 1043 Metaphys.
631 1002 665 1038 ³⁶,
689 1002 807 1033 scilicet
828 1002 917 1043 quod
945 1012 1056 1033 verum
1080 1008 1110 1034 et
1130 1002 1260 1043 falsum
1289 1007 1364 1033 sunt
1387 1003 1418 1031 in

363 1048 482 1084 anima,
507 1047 621 1077 bonum
645 1051 752 1076 autem
777 1051 807 1076 et
830 1047 950 1077 malum
975 1047 1006 1076 in
1030 1047 1125 1077 rebus
1133 1054 1145 1084 ;
1168 1046 1310 1086 sequitur
1332 1045 1420 1085 quod

361 1090 394 1120 in
417 1090 471 1120 illa
499 1100 532 1120 re
556 1088 623 1121 sola
646 1090 703 1120 erit
734 1090 897 1121 beatitudo
928 1097 1051 1127 nostra,
1076 1100 1157 1130 quae
1187 1096 1232 1120 est
1261 1089 1420 1119 obiectum

361 1134 532 1165 voluntatis
559 1134 734 1171 humanae,
759 1134 792 1164 in
815 1144 879 1174 qua
902 1141 948 1164 est
970 1135 1093 1164 bonum
1123 1133 1276 1163 absolute.
1296 1134 1342 1162 Ac
1365 1141 1421 1171 per

362 1178 423 1209 hoc
445 1178 477 1208 in
501 1178 571 1208 solo
594 1178 663 1208 Deo
686 1185 750 1209 est:
775 1178 850 1218 quia
872 1178 904 1207 in
929 1178 1036 1208 ceteris
1059 1187 1125 1206 non
1149 1182 1195 1206 est
1217 1176 1342 1205 bonum
1361 1175 1420 1205 nisi

363 1228 570 1253 contractum.
594 1223 634 1253 Et
656 1222 733 1252 haec
756 1229 802 1252 est
824 1221 989 1252 manifesta
1012 1220 1144 1250 intentio
1167 1220 1297 1251 litterae.

1053 183 1316 230 QUAESTIO
1347 184 1398 230 ll,
1427 183 1721 220 ARTICULUS
1749 183 1835 218 VIII

1531 261 1581 292 111.
1612 261 1702 297 Quae
1734 266 1843 290 contra
1870 260 2031 292 obiectum
2061 261 2236 292 intellectus
2269 261 2459 292 obiiciuntur
2492 262 2530 292 de

1473 304 1659 335 limitatione
1682 304 1765 340 veri,
1790 303 1937 334 facillime
1966 305 2145 341 solvuntur,
2171 305 2304 336 dicendo
2328 306 2426 346 quod,
2450 306 2531 336 sicut

1475 348 1598 378 nullum
1624 355 1670 378 est
1692 358 1746 377 ens
1770 347 1808 376 ad
1831 348 1919 387 quod
1949 358 2014 378 non
2037 348 2138 388 possit
2166 355 2252 379 actus
2276 349 2450 380 intellectus
2471 357 2530 380 ter-

1474 392 1588 421 minari
1618 391 1726 431 aliquo
1750 391 1867 427 m0d0,
1891 391 1934 422 ita
1957 391 2082 422 nullum
2106 399 2152 423 est
2173 402 2284 423 verum
2312 393 2400 434 quod
2423 393 2531 433 ipsum

1475 435 1608 466 omnino
1638 434 1859 473 subterfugiat:
1883 434 1989 465 Deum
2019 445 2157 476 namque
2186 443 2216 467 et
2244 437 2352 467 omnia
2381 437 2530 476 attingere

1474 484 1588 517 potest.
1622 479 1683 508 Sed
1707 478 1781 518 quia
1805 487 1870 508 non
1893 485 1997 518 potest
2024 486 2130 509 noster
2156 480 2331 511 intellectus
2354 480 2407 511 tali
2431 481 2530 510 modo

1474 522 1580 551 Deum
1603 531 1806 560 cognoscere,
1831 528 1905 558 etc.,
1929 522 2001 552 ideo
2025 523 2233 554 committitur
2255 523 2375 555 fallacia
2398 524 2531 563 Figurae

1475 565 1629 601 dictionis,
1653 565 1807 595 mutando
1831 566 1908 606 quid
1929 565 1961 596 in
1980 567 2145 607 quomodo.
2170 568 2216 597 Ex
2231 567 2419 608 impotentia
2435 567 2531 608 siqui-

1475 609 1547 638 dem
1571 608 1659 638 modi
1683 609 1894 648 cognoscendi
1916 610 2061 650 provenit
2083 611 2172 651 quod
2195 618 2322 651 oportet
2346 611 2465 652 aliquid
2487 611 2531 641 la-

1474 659 1537 682 tere
1568 653 1699 682 omnem
1727 652 1923 684 intellectum
1952 661 2108 685 creatum:
2140 661 2170 685 et
2193 665 2259 685 non
2283 665 2320 685 ex
2343 655 2530 686 limitatione

1474 695 1538 726 veri
1562 695 1676 726 obiecti
1698 695 1884 733 intellectus,
1908 697 1999 737 quasi
2022 698 2082 728 tale
2097 708 2209 729 verum
2229 699 2340 730 debeat
2362 709 2428 730 esse
2445 698 2532 729 obie-

1476 746 1572 770 ctum.
1605 739 1707 770 Cuius
1734 739 1862 779 signum
1886 740 2051 782 'infallibile
2081 749 2127 772 est
2155 742 2248 783 quia,
2275 743 2531 783 quibuscumque

1474 783 1553 814 veris
1577 783 1689 814 oblatis
1713 783 1894 820 intellectui,
1919 784 2021 815 adhuc
2040 792 2147 824 posset
2169 786 2345 817 intellectus
2369 787 2455 817 aliud
2471 796 2530 816 no-

1473 837 1552 858 vum
1583 837 1693 857 verum
1722 827 1865 858 oblatum
1896 837 2084 867 cognoscere
2111 829 2161 859 vel
2193 830 2332 860 credere:
2356 830 2531 861 intellectus

1475 871 1559 901 enim
1583 881 1648 901 non
1671 870 1706 901 fit
1729 871 1835 901 minor
1858 881 1894 901 ex
1918 870 2098 911 cognitione
2120 873 2384 912 praecedentium,
2405 880 2441 905 ut
2457 874 2532 904 dici-

1474 921 1526 945 tur
1548 915 1588 945 111
1612 915 1650 945 de
1672 916 1789 945 Anima
1804 914 1831 945 *.
1857 915 1954 952 Quod
1977 915 2174 954 impossibile
2197 923 2286 953 essetv,
2311 917 2337 947 si
2359 927 2472 949 verum
2495 917 2532 959 li—
2560 921 2568 930 ”
2584 920 2617 942 ea
2635 924 2773 947 ·N›¹¹·5·-

1474 958 1622 989 mitatum
1645 965 1726 989 esset
1747 959 1960 999 adaequatum
1983 958 2144 989 obiectum
2166 958 2353 992 intellectus.

1531 1002 1582 1032 1V.
1607 1002 1642 1031 In
1665 1002 1871 1041 responsione
1887 1003 1928 1032 ad
1943 1002 2083 1042 primum
2102 1002 2135 1032 in
2157 1003 2290 1034 articulo
2306 1011 2430 1041 octavo,
2449 1004 2531 1042 vide,

1474 1045 1610 1080 novitie,
1638 1045 1786 1075 Auctoris
1814 1045 1974 1076 intentum
2002 1046 2040 1076 de
2069 1046 2122 1076 illa
2152 1047 2389 1087 propositione,
2416 1048 2533 1089 Supre-

1475 1098 1560 1118 mum
1585 1088 1687 1126 infimi
1718 1090 1849 1129 attingit
1871 1089 2013 1130 infimum
2047 1091 2209 1130 supremi:
2231 1092 2320 1132 quod
2351 1091 2534 1132 intelligitur

1474 1132 1512 1162 de
1529 1131 1711 1162 attinctione
1735 1132 1911 1163 secundum
1926 1132 2160 1173 proximitatem
2183 1140 2321 1171 naturae,
2339 1145 2420 1175 quae
2443 1135 2475 1165 in
2495 1135 2534 1165 si-

1474 1175 1652 1206 militudine
1676 1185 1784 1206 earum
1807 1176 1987 1217 propinqua
2006 1177 2161 1214 consistit;
2183 1184 2214 1208 et
2241 1188 2308 1208 non
2331 1179 2369 1208 de
2400 1178 2535 1209 ordinati

1473 1219 1507 1249 in
1529 1218 1627 1250 finem
1649 1219 1832 1251 attinctione
1854 1221 1895 1250 ad
1917 1220 2014 1251 finem
2037 1221 2198 1252 ultimum.

1139 1398 1456 1441 ARTICULUS
1486 1399 1758 1441 OCTAVUS

703 1500 859 1531 UTRUM
882 1499 1136 1531 BEATITUDO
1161 1499 1342 1531 HOMlNlS
1365 1500 1606 1531 CONSISTAT
1631 1499 1674 1531 IN
1696 1500 1861 1537 ALIQUO
1885 1500 2003 1532 BONO
2028 1501 2205 1532 CREATo

650 1594 721 1621 Part.
744 1595 762 1625 1,
782 1603 826 1627 qu.
845 1602 893 1626 ΧΠ,
913 1599 960 1620 art.
982 1601 1009 1624 1;
1028 1594 1062 1619 IV
1084 1595 1159 1619 Cont.
1181 1595 1268 1623 Gent„
1288 1602 1345 1627 cap.
1362 1602 1418 1626 L1v3
1441 1594 1575 1626 Conpend.
1598 1593 1694 1624 Theol„
1713 1599 1779 1627 part.
1798 1595 1816 1625 Ι,
1835 1602 1890 1627 cap.
1910 1601 1987 1625 cvm;
2006 1600 2071 1627 part.
2090 1596 2118 1626 ΙΙ,
2138 1603 2194 1628 cap.
2210 1603 2250 1627 1¹3

1035 1629 1077 1654 De
1095 1630 1200 1663 Regim.
1219 1629 1345 1662 Princip„
1365 1630 1409 1656 lib.
1428 1630 1446 1660 1,
1466 1638 1522 1662 cap.
1539 1637 1586 1654 vm
1593 1637 1600 1660 ;
1621 1630 1651 1654 Ia
1670 1630 1770 1655 Psalm.
1787 1637 1864 1655 xxm.

389 1740 460 1776 >ff
481 1744 538 1774 μὲ
576 1740 599 1765 D
615 1739 786 1764 ocTAvum
805 1739 858 1764 src
878 1739 1116 1764 PROCEDITUR.
1137 1727 1296 1765 Videtur
1319 1727 1424 1776 quod

390 1748 557 1841 '53⁵5th
578 1780 769 1817 beatitudo
806 1780 973 1817 hominis
1012 1780 1190 1818 consistat
1222 1780 1260 1817 in
1296 1780 1423 1828 aliquo

382 1833 432 1893 '42'
442 1848 505 1875 vi
520 1828 553 1876 ‘sf-
562 1830 569 1837 ”
578 1834 681 1870 bono
694 1840 830 1870 creato.
839 1832 938 1870 Dicit
949 1832 1050 1869 enim
1058 1832 1275 1881 Dionysius,
1285 1845 1423 1881 vncap.

384 1861 514 1924 [fissit
536 1879 622 1923 &de
644 1886 735 1923 Diu.
761 1886 878 1923 Nom.
899 1886 933 1934 ⁸,
954 1887 1058 1934 quod
1087 1885 1214 1923 divina
1242 1885 1424 1934 sapientia

364 1938 560 1986 coniungit
574 1940 676 1986 fines
697 1938 914 1986 primorum
936 1939 1133 1986 principiis
1150 1939 1423 1975 secundorum:

365 2003 407 2027 ex
442 2002 519 2038 quo
549 1998 673 2039 potest
709 1990 828 2039 accipi
865 1991 971 2038 quod
1007 2003 1204 2028 summum
1238 1990 1424 2027 inferioris

363 2050 520 2080 naturae
548 2043 594 2080 sit
620 2043 801 2091 attingere
829 2043 1007 2080 infimum
1026 2050 1182 2080 naturae
1208 2043 1423 2091 superioris.

364 2095 439 2133 Sed
459 2107 656 2133 summum
675 2095 842 2133 hominis
862 2096 1008 2133 bonum
1029 2103 1084 2132 est
1098 2095 1304 2133 beatitudo.
1322 2096 1423 2132 Cum

364 2161 452 2197 ergo
481 2150 637 2198 angelus
665 2155 822 2186 naturae
851 2148 983 2186 ordine
1012 2148 1058 2185 sit
1081 2160 1194 2197 supra
1212 2148 1422 2196 hominem,

361 2210 403 2239 ut
430 2201 469 2238 in
497 2201 626 2249 Primo
645 2201 666 2223 ²¹²
693 2201 865 2239 habitum
895 2209 965 2247 est;
994 2201 1145 2238 videtur
1173 2201 1279 2248 quod
1307 2201 1423 2238 beati-

363 2255 455 2291 tudo
482 2254 650 2297 vhominis
678 2254 857 2291 consistat
879 2253 916 2291 in
935 2254 1011 2291 hoc
1030 2254 1136 2302 quod
1155 2254 1282 2302 aliquo
1303 2254 1422 2291 modo

363 2306 506 2355 attingit
526 2312 543 2328 α
571 2307 620 2344 ad
648 2308 838 2355 angelum.

417 2372 451 2396 2.
480 2360 721 2407 PRAETEREA,
750 2359 905 2396 ultimus
942 2359 1028 2396 finis
1060 2358 1260 2396 cuiuslibet
1288 2359 1341 2395 rei
1368 2366 1424 2396 est

360 2413 400 2449 in
428 2425 497 2449 suo
529 2413 697 2461 perfecto
718 2411 750 2449 βε
779 2412 881 2450 unde
909 2424 997 2461 pars
1025 2419 1080 2448 est
1106 2419 1261 2461 propter
1287 2419 1422 2460 totum,

361 2465 455 2502 sicut
478 2473 633 2514 propter
660 2466 790 2502 finem.
817 2465 894 2502 Sed
921 2472 1000 2502 tota
1026 2464 1252 2502 universitas
1280 2473 1424 2502 creatu-

360 2530 506 2564 rarum,
536 2530 634 2567 quae
662 2518 796 2556 dicitur
823 2518 948 2555 maior
974 2518 1151 2563 mundus,
1182 2525 1424 2566 comparatur

360 2571 407 2609 ad
435 2571 645 2618 homine-m,
677 2571 742 2620 qui
761 2570 799 2607 in
817 2571 904 2607 VIII
924 2571 1073 2619 Physic.
1093 2570 1113 2592 ’¹‘
1142 2570 1275 2607 dicitur
1298 2571 1423 2607 minor

359 2625 538 2670 mundus,
567 2624 660 2661 sicut
692 2624 903 2673 perfectum
936 2625 985 2661 ad
1012 2623 1288 2671 imperfectum.
1319 2624 1421 2671 Ergo

359 2677 553 2715 beatitudo
591 2677 757 2714 hominis
789 2676 957 2713 consistit
988 2675 1028 2713 in
1064 2683 1143 2713 tota
1178 2675 1420 2726 universitate

361 2737 627 2767 creaturarum.

415 2783 449 2820 3.
479 2784 710 2829 PRAETEREA,
740 2794 809 2830 per
836 2783 910 2819 hoc
937 2782 1057 2818 homo
1088 2781 1248 2818 efficitur
1274 2781 1419 2828 beatus,

361 2836 464 2884 quod
503 2835 582 2872 eius
625 2835 791 2872 naturale
831 2828 1061 2872 desiderium
1098 2834 1240 2883 quietat
1272 2839 1299 2871 Υ.
1344 2834 1419 2871 Sed

360 2889 528 2926 naturale
564 2888 794 2925 desiderium
822 2887 990 2925 hominis
1017 2898 1097 2924 non
1130 2886 1340 2924 extenditur
1368 2886 1417 2923 ad

361 2941 483 2978 maius
511 2942 658 2978 bonum
688 2953 804 2990 quam
834 2941 939 2989 quod
966 2937 980 2962 ὅ
1009 2940 1089 2988 ipse
1119 2952 1254 2988 capere
1282 2946 1417 2988 potest.

363 2994 462 3030 Cum
484 3006 572 3040 ergo
591 2994 712 3031 homo
733 3006 811 3030 non
831 2994 876 3030 sit
894 3005 1014 3042 capax
1037 2992 1129 3030 boni
1148 2992 1254 3040 quod
1274 2991 1421 3030 excedit

363 3046 499 3083 limites
527 3046 641 3083 totius
663 3054 866 3093 creaturae,
885 3046 1037 3083 videtur
1056 3045 1161 3094 quod
1180 3058 1248 3094 per
1266 3044 1420 3094 aliquod

362 3100 508 3136 bonum
530 3106 696 3136 creatum
725 3100 843 3135 homo
873 3099 1005 3136 beatus
1034 3098 1115 3135 fieri
1142 3098 1272 3147 possit.
1294 3099 1343 3135 Et
1369 3098 1419 3135 ita

361 3151 555 3193 beatitudo
575 3151 741 3188 hominis
761 3152 798 3188 in
817 3151 944 3200 aliquo
964 3152 1068 3188 bono
1094 3159 1220 3188 creato
1241 3151 1418 3188 consistit.

416 3205 490 3241 SED
511 3216 655 3241 CONTRA
675 3216 740 3240 EST
759 3204 864 3253 quod
887 3203 1119 3251 Augustinus
1148 3204 1244 3250 dicit,
1266 3205 1354 3240 XIX
1375 3204 1421 3240 de

368 3256 446 3294 Civ.
467 3258 542 3294 Dei
558 3257 598 3293 *ε
633 3258 682 3294 Ut
702 3257 778 3294 vita
808 3257 932 3294 carnis
965 3257 1093 3293 anima
1122 3262 1193 3302 est,
1227 3257 1277 3293 ita
1310 3257 1418 3293 beata

415 3395 441 3426 α)
461 3394 580 3427 attingit.
594 3407 613 3414 -·
630 3394 762 3427 contingit
780 3395 830 3427 EF,
849 3394 968 3428 attingat
986 3395 1003 3426 Ι,
1023 3395 1163 3428 contingat
1182 3396 1266 3420 ceteri.

416 3428 440 3461 β)
456 3430 583 3463 perfecto.
601 3443 620 3449 -
637 3435 716 3461 opere
729 3430 850 3463 perfecto
870 3429 897 3454 Ρ.

415 3466 441 3497 γ)
460 3465 569 3496 quietat.
585 3477 604 3484 -
621 3465 757 3497 quietatur
775 3462 853 3489 PsBD
867 3469 928 3494 eta,
949 3465 1080 3496 quietatur
1095 3465 1125 3490 K.
1143 3479 1161 3484 —
1180 3466 1247 3490 Ante
1261 3465 1419 3490 desiderium

362 3500 484 3525 omittunt
501 3500 624 3525 naturale
636 3498 693 3529 Ῥα;
711 3499 812 3532 qm’etat
823 3514 859 3525 ι..
873 3500 1034 3525 desiderium
1051 3506 1106 3525 om.
1119 3501 1148 3525 L.

1475 1727 1552 1764 vita
1571 1727 1732 1764 hominis
1758 1729 1863 1764 Deus
1891 1733 1966 1773 est,·
1989 1728 2034 1765 de
2053 1740 2126 1776 quo
2146 1729 2292 1775 dicitur,
2311 1730 2451 1767 Beatus
2467 1741 2538 1778 po·

1470 1780 1586 1829 pulus
1613 1781 1718 1817 cuius
1745 1780 1931 1817 Dominus
1958 1782 2062 1817 Deus
2090 1781 2179 1819 eius.

1532 1834 1756 1870 RESPONDEO
1784 1845 1967 1870 mel-:Noun
1996 1834 2103 1881 quod
2121 1833 2356 1883 impossibile
2375 1842 2431 1872 est
2449 1835 2539 1872 bea-

1477 1885 1676 1923 titudinem
1710 1885 1876 1923 hominis
1914 1898 1995 1930 esse
2032 1886 2071 1923 in
2103 1886 2230 1935 aliquo
2263 1888 2367 1925 bono
2397 1895 2536 1926 creato.

1477 1938 1678 1976 Beatitudo
1706 1938 1807 1975 enim
1837 1946 1893 1975 est
1920 1939 2067 1976 bonum
2095 1940 2318 1988 perfectum,
2348 1940 2453 1989 quod
2481 1947 2538 1978 to·

1477 1991 1598 2027 taliter
1625 1991 1767 2038 quietat
1785 1991 2015 2039 appetitum:
2044 1991 2214 2040 alioquin
2234 2005 2312 2030 non
2333 2001 2431 2030 esset
2457 1993 2538 2031 ulti·

1477 2055 1564 2079 mus
1582 2043 1681 2090 finis,
1702 2043 1732 2080 si
1751 2048 1763 2064 ²
1783 2043 1909 2080 adhuc
1930 2051 2086 2081 restaret
2104 2044 2245 2093 aliquid
2262 2046 2536 2094 appetendum.

1478 2095 1681 2133 Obiectum
1699 2103 1826 2132 autern
1841 2096 2058 2144 voluntatis,
2075 2109 2173 2144 quae
2194 2104 2249 2135 est
2263 2098 2450 2147 appetitus
2467 2099 2538 2136 hu»-

1477 2161 1630 2195 manus,
1646 2155 1716 2186 ‘est
1742 2148 1956 2186 universale
1985 2150 2133 2186 bonum
2156 2150 2192 2196 *3
2221 2150 2317 2188 sicut
2345 2151 2536 2189 obiectum

1477 2201 1684 2238 intellectus
1713 2209 1768 2238 est
1795 2201 2008 2239 universale
2035 2214 2173 2240 verum
2192 2202 2223 2239 *.
2253 2203 2312 2240 Ex
2331 2215 2411 2252 quo
2434 2211 2538 2253 patet

1477 2254 1583 2303 quod
1610 2253 1701 2290 nihil
1728 2261 1852 2303 potest
1886 2254 2054 2302 quietare
2082 2255 2318 2293 voluntatem
2351 2256 2536 2306 hominis,

1477 2306 1547 2343 nisi
1581 2306 1726 2343 bonum
1759 2306 1983 2344 universale.
2014 2307 2131 2354 Quod
2168 2320 2247 2345 non
2279 2308 2470 2346 invenitur
2496 2309 2535 2348 in

1477 2359 1602 2408 aliquo
1632 2366 1769 2406 creato,
1799 2360 1866 2397 sed
1895 2360 2020 2396 solum
2048 2360 2086 2397 in
2114 2361 2200 2398 Deo
2225 2361 2264 2398 *z
2293 2361 2382 2409 quia
2411 2362 2535 2400 omnis

1477 2419 1646 2449 creatura
1682 2412 1797 2448 habet
1833 2412 2042 2449 bonitatem
2078 2413 2338 2462 participatam
2348 2406 2392 2452 ‘*.
2422 2415 2534 2453 Unde

1476 2465 1580 2502 solus
1607 2465 1713 2501 Deus
1740 2465 1975 2502 voluntatem
2002 2465 2169 2503 hominis
2201 2466 2362 2515 implere
2388 2475 2533 2516 potest;

1477 2517 1687 2554 secundum
1709 2517 1814 2565 quod
1833 2517 1966 2555 dicitur
1983 2517 2022 2554 in
2037 2519 2191 2556 Psalmo
2212 2531 2258 2556 cu
2273 2519 2307 2556 *z
2333 2520 2408 2562 Qui
2419 2521 2536 2569 replet
2561 2530 2571 2542 ·

1476 2571 1513 2607 in
1532 2570 1638 2608 bonis
1657 2570 1880 2607 desiderium
1900 2576 2016 2607 tuum.
2047 2572 2090 2608 In
2109 2572 2191 2608 solo
2211 2571 2321 2620 igitur
2339 2573 2425 2610 Deo
2444 2573 2535 2611 bea—

1475 2623 1594 2660 titudo
1623 2622 1789 2659 hominis
1816 2622 1995 2660 consistit.

1528 2677 1587 2713 An
1615 2687 1752 2712 PRIMUM
1780 2687 1878 2713 ERGO
1898 2687 2082 2713 DICENDUM
2100 2675 2120 2698 ’¹‘
2142 2676 2248 2725 quod
2267 2677 2438 2726 superius
2464 2679 2535 2716 ho·-

1475 2728 1587 2766 minis
1607 2727 1778 2776 attingitt
1797 2727 1952 2777 quidem
1970 2728 2148 2766 infimum
2168 2729 2359 2777 angelicae
2378 2738 2537 2769 nan-{rae

1475 2794 1543 2830 per
1571 2782 1765 2830 quandam
1794 2781 2095 2828 similitudinem3
2121 2794 2201 2819 non
2220 2789 2349 2820 tamen
2371 2783 2423 2820 ibi
2441 2784 2535 2822 sistit

1475 2834 1568 2871 sicut
1594 2834 1634 2871 in
1656 2834 1790 2871 ultimo
1810 2834 1900 2882 fine,
1921 2834 1989 2872 sed
2008 2835 2179 2882 procedit
2196 2847 2318 2884 usque
2337 2836 2387 2873 ad
2407 2836 2533 2885 ipsum

1474 2886 1729 2924 universalem
1749 2887 1894 2924 fontem
1914 2886 2019 2934 boni,
2038 2887 2103 2936 qui
2124 2895 2179 2925 est
2196 2888 2408 2926 universale
2429 2889 2533 2926 obie—

1475 2947 1577 2976 ctum
1601 2945 1619 2967 η
1639 2939 1878 2976 beatitudinis
1907 2940 2081 2978 omnium
2110 2941 2321 2988 beatorum,
2350 2948 2532 2990 tanquam

1473 2992 1663 3029 infinitum
1692 2999 1728 3029 et
1755 2992 1966 3041 perfectum
1994 2993 2141 3030 bonum
2168 2993 2342 3030 existens.

1526 3047 1584 3082 An
1612 3057 1802 3083 SECUNDUM
1830 3056 2014 3083 memnon
2037 3045 2153 3094 quod,
2175 3045 2206 3082 si
2227 3053 2350 3083 totum
2375 3046 2530 3096 aliquod

1473 3110 1552 3135 non
1571 3097 1616 3135 sit
1634 3097 1788 3135 ultimus
1811 3098 1909 3145 finis,
1930 3098 1997 3135 sed
2017 3098 2212 3135 ordinetur
2231 3099 2279 3135 ad
2298 3099 2417 3136 finem
2437 3100 2532 3136 ulte—

1473 3150 1625 3198 riorem,
1645 3151 1800 3188 ultimus
1818 3150 1903 3188 finis
1931 3150 2046 3199 partis
2064 3163 2144 3188 non
2168 3159 2223 3188 est
2249 3151 2375 3200 ipsum
2395 3159 2531 3200 totum,

1473 3203 1541 3240 sed
1565 3203 1704 3252 aliquid
1724 3203 1836 3240 aliud.
1858 3203 2091 3240 Universitas
2112 3211 2239 3240 autem
2261 3211 2529 3252 creaturarum,

1474 3256 1523 3293 ad
1552 3268 1667 3305 quam
1700 3263 1942 3305 comparatur
1969 3256 2089 3293 homo
2121 3264 2163 3293 ut
2189 3269 2276 3306 pars
2310 3257 2359 3294 ad
2386 3264 2530 3306 totum,

1527 3394 1551 3428 ὃ)
1570 3396 1650 3428 quod.
1668 3410 1688 3415 -
1706 3396 1766 3420 Om.
1785 3396 1832 3420 Pa.

1527 3431 1548 3462 ε)
1568 3431 1599 3456 si.
1617 3445 1636 3450 —
1655 3431 1702 3456 sed
1720 3429 1832 3455 ABHIK.

1527 3465 1552 3498 ζ)
1571 3466 1690 3499 attingit.
1707 3479 1727 3484 -
1744 3465 1876 3498 contingit
1893 3465 2138 3499 ABCEFGHleD.

1528 3502 1555 3533 η)
1575 3502 1711 3527 obiectum.
1729 3514 1749 3519 -
1766 3500 1910 3525 subiectum
1929 3501 1975 3525 Pa.

2559 947 2584 969 S.
2595 946 2616 968 T
2635 961 2642 968 .
2656 946 2709 968 lect.
2718 951 2757 967 vu.

2563 2161 2779 2216 kffitffiffiss

2562 2214 2623 2263 3⁸3?
2630 2217 2703 2269 ἔξω.
2710 2219 2729 2237 ι.

2562 2371 2573 2383 “
2586 2371 2616 2394 D.
2630 2371 2678 2400 ²85·

2561 2426 2571 2436 ·
2585 2424 2614 2447 D.
2628 2430 2679 2453 ²9³·

2586 2530 2654 2552 ven.
2663 2536 2684 2558 5.

2561 2692 2571 2702 ⁹
2577 2690 2614 2715 ef.
2620 2690 2694 2722 eplet-
2701 2691 2774 2714 Com-

2561 2720 2658 2740 ment-m
2663 2721 2776 2746 empne·

2561 2743 2620 2772 ced„
2630 2749 2696 2767 num.
2705 2750 2738 2766 ιν.

2656 2771 2672 2802 t
