2852 4152
331 212 377 246 26

1043 211 1307 257 QUAESTIO
1339 212 1404 256 111,
1434 211 1728 248 ARTICULUS
1759 211 1772 246 Ι

973 417 1448 494 QUAESTIO
1496 418 1854 473 TERTIA

1075 543 1223 595 QUID
1258 542 1351 583 SIT
1384 543 1738 583 BEATITUDO

1142 657 1176 681 ΙΝ
1206 657 1303 682 OCTO
1332 657 1532 682 ARTICULOS
1561 657 1677 681 DIVISA

82 768 145 816 Lugg-
161 775 199 796 qu.
215 774 243 795 n,
258 769 295 790 In-

325 773 511 854 DssiNDE
532 760 850 798 considerandum
872 766 926 795 est
951 758 1042 806 quid
1067 758 1112 794 sit
1134 757 1327 795 beatitudo
1343 757 1379 804 *;

86 824 95 831 ·
111 821 158 848 Qu.
174 827 203 842 w.

406 824 442 852 et
470 827 568 863 quae
598 813 831 862 requirantur
859 811 907 847 ad
936 811 1057 859 ipsam
1076 810 1107 847 ²⁸.

323 869 432 906 Circa
459 868 627 916 primurn
656 871 888 914 quaeruntur
916 871 1015 900 octo.

375 921 520 958 Primo:
549 927 675 956 utrum
705 917 896 955 beatitudo
917 916 963 953 sit
990 915 1131 964 aliquid
1159 917 1378 952 increatum.

376 973 574 1011 Secundo:
609 971 639 1007 si
668 978 723 1007 est
758 969 898 1017 aliquid
936 977 1129 1015 creatum,
1169 977 1296 1005 utrum
1335 968 1381 1005 sit

427 1025 608 1074 operatio.

374 1078 520 1115 Tertio:
550 1085 677 1113 utrum
707 1075 752 1112 sit
772 1074 941 1123 operatio
963 1073 1161 1110 sensitivae
1185 1073 1311 1122 partis,
1333 1085 1380 1109 an

426 1130 673 1167 intellectivae
701 1136 858 1165 tanturn.

375 1184 541 1230 Quarto:
576 1182 606 1219 si
644 1189 698 1218 est
739 1180 908 1229 operatio
951 1178 1197 1215 intellectivae
1239 1176 1379 1225 partis,

425 1244 551 1272 utrum
581 1235 626 1272 sit
654 1233 821 1283 operatio
851 1233 1069 1277 intellectus,
1096 1243 1143 1266 an
1162 1229 1378 1266 voluntatis.

1492 757 1651 805 Quinto:
1682 758 1711 794 si
1739 766 1795 794 est
1827 759 1997 807 operatio
2030 759 2256 807 intellectus,
2290 767 2418 797 utrum
2451 761 2498 797 sit

1545 810 1714 859 operatio
1748 810 1957 848 intellectus
1990 812 2210 860 speculativi
2244 818 2280 860 α,
2316 820 2381 850 aut
2410 826 2496 862 pra-

1544 872 1637 900 ct1c1.

1491 917 1628 953 Sexto:
1657 916 1687 952 si
1716 923 1771 952 est
1808 915 1979 964 operatio
2016 916 2224 954 intellectus
2252 917 2495 966 speculativi,

1542 976 1670 1004 utrum
1699 968 1877 1005 consistat
1904 968 1942 1004 in
1971 968 2227 1016 speculatione
2256 970 2495 1007 scientiarum

1544 1021 1875 1068 speculativarum.

1492 1073 1686 1121 Septimo:
1715 1079 1843 1109 utrum
1873 1073 2052 1109 consistat
2074 1073 2111 1109 in
2131 1074 2389 1121 speculatione
2409 1075 2497 1111 sub-

1544 1123 1765 1161 stantiarum
1794 1132 2066 1173 separatarum,
2097 1125 2234 1162 scilicet
2261 1127 2495 1174 angelorum.

1492 1177 1663 1214 Octavo:
1691 1185 1820 1214 utrum
1849 1177 1886 1214 in
1915 1178 1995 1214 sola
2030 1178 2287 1227 speculatione
2320 1179 2393 1216 Dei
2422 1191 2498 1227 qua

1543 1242 1611 1278 per
1640 1230 1841 1267 essentiam
1870 1230 2032 1267 videtur.

1134 1346 1450 1388 ARTICULUS
1481 1346 1686 1388 PRIMUS

790 1459 972 1490 UTRUM
1004 1457 1317 1499 BEATITUDQ
1352 1457 1431 1488 SlT
1462 1457 1681 1494 ALlQUID
1713 1457 2027 1489 INCREATUM

903 1555 971 1579 Part.
991 1555 1008 1583 Ι,
1029 1562 1073 1586 qu.
1091 1561 1156 1583 xxvr.
1177 1559 1222 1578 art.
1244 1553 1272 1584 33
1293 1554 1326 1577 IV
1346 1553 1427 1582 Sent„
1448 1553 1507 1577 dist.
1526 1560 1591 1583 xmx,
1611 1561 1655 1585 qu.
1675 1560 1692 1583 1,
1712 1558 1758 1577 art.
1779 1560 1802 1583 2,
1823 1554 1869 1585 qu·
1893 1561 1915 1578 1.

438 1694 443 1704 „
532 1668 553 1692 D
581 1666 718 1691 PRIMUM
747 1665 799 1689 Slc
828 1663 1065 1688 paoeem’rua.
1095 1650 1255 1687 Videtur
1274 1650 1380 1697 quod

373 1700 381 1707 '
446 1701 448 1709 ’
532 1707 724 1744 beatitudo
737 1707 782 1743 sit
793 1705 930 1753 aliquid
943 1703 1267 1741 increatumDicit
1278 1702 1379 1739 enim

85 1773 93 1782 '
108 1772 178 1794 Prosa
192 1778 215 1792 ¹·
369 1761 459 1809 sara
478 1759 704 1807 (Boetius,
730 1759 767 1795 in
788 1759 837 1795 ΙΙΙ
859 1758 904 1794 de
923 1757 1070 1794 Consol.
1090 1757 1124 1793 *z
1152 1758 1276 1793 Deum
1304 1767 1382 1792 esse

377 1790 474 1851 ἐξ)
509 1815 650 1862 ipsam
671 1811 932 1849 beatitudinem
959 1821 1105 1847 necesse
1128 1815 1182 1846 est
1198 1809 1378 1856 confiteri.

375 1880 411 1905 2.
438 1868 669 1912 PRAETEREA,
692 1864 885 1902 beatitudo
913 1871 969 1900 est
996 1874 1192 1900 summum
1220 1863 1379 1898 bonum.

322 1921 399 1958 Sed
428 1933 509 1957 esse
539 1931 736 1956 summum
771 1918 916 1954 bonurn
947 1915 1126 1953 convenit
1152 1916 1249 1952 Deo.
1280 1914 1380 1951 Cum

322 1986 409 2022 ergo
439 1986 517 2010 non
546 1973 618 2009 sint
646 1972 754 2020 plura
782 1982 934 2007 summa
963 1969 1077 2015 bona,
1097 1967 1249 2005 videtur
1276 1967 1381 2015 quod

321 2026 514 2064 beatitudo
544 2025 590 2062 sit
616 2025 718 2061 idem
748 2023 852 2072 quod
881 2023 996 2058 Deus.

376 2081 409 2116 3.
439 2080 680 2124 PRAETEREA,
711 2075 903 2113 beatitudo
940 2082 994 2111 est
1021 2073 1174 2110 ultimus
1207 2072 1313 2119 finis,
1343 2071 1382 2109 in

181 2136 195 2170 β
322 2145 436 2181 quem
467 2131 682 2168 naturaliter
709 2130 877 2166 humana
908 2128 1086 2164 voluntas
1114 2124 1129 2155 β
1152 2125 1281 2163 tendit.
1305 2124 1380 2161 Sed

321 2186 359 2222 in
384 2185 528 2222 nullum
558 2184 659 2221 aliud
677 2183 854 2220 voluntas
882 2188 1064 2228 tanquam
1093 2179 1131 2215 in
1158 2179 1276 2215 finem
1303 2185 1383 2214 ten-

323 2239 411 2275 dere
432 2237 545 2274 debet
564 2237 634 2273 nisi
655 2235 692 2272 in
712 2237 857 2279 Deum3
887 2245 964 2282 quo
985 2233 1066 2269 solo
1087 2231 1290 2268 fruendum
1315 2237 1381 2276 est,

241 2302 294 2323 ris·
321 2299 362 2328 ut
389 2290 620 2338 Augustinus
654 2288 741 2325 dicit
775 2289 806 2324 ²¹⁸.
837 2287 938 2334 Ergo
968 2284 1161 2322 beatitudo
1197 2290 1252 2320 est
1279 2283 1382 2320 idem

208 2334 292 2356 ”⁸¹¹³
322 2344 426 2392 quod
454 2345 570 2380 Deus.

377 2398 450 2433 SED
480 2407 636 2441 CONTRA,
657 2394 802 2430 nullum
823 2391 964 2430 facturn
986 2398 1041 2427 est
1064 2390 1284 2427 increatum.
1308 2388 1383 2425 Sed

322 2449 515 2486 beatitudo
535 2447 701 2485 hominis
726 2454 781 2483 est
804 2444 945 2494 aliquid
965 2444 1120 2481 facturn:
1142 2442 1230 2491 quia
1250 2454 1383 2478 secun-

84 2515 95 2525 ·
110 2513 158 2541 Cap
323 2503 415 2540 dum
440 2501 707 2550 Augustinum,
728 2501 742 2536 I
763 2500 808 2536 de
827 2500 956 2537 Doctr.
978 2497 1111 2534 Christ.
1131 2495 1162 2542 ²¹²,
1183 2495 1253 2531 illis
1274 2495 1384 2531 rebus

309 2555 523 2604 fruendum
543 2560 605 2600 est,
627 2565 723 2601 quae
750 2564 818 2589 nos
846 2553 971 2588 beatos
978 2550 1143 2598 faciunt.
1165 2549 1266 2596 Ergo
1295 2548 1382 2584 bea-

322 2608 442 2645 titudo
471 2620 549 2644 non
578 2614 633 2643 est
661 2605 801 2654 aliquid
829 2604 1051 2641 increatum.

85 2673 158 2727 glthfl-
205 2676 251 2726 ,καί
266 2672 292 2698 8;
375 2662 600 2698 RESPONDEO
619 2670 802 2696 DICENDUM
823 2657 939 2706 quod,
957 2656 1052 2693 sicut
1071 2667 1185 2703 supra
1203 2654 1223 2675 ⁵¹²
1241 2653 1383 2690 dictum

324 2722 393 2761 est,
422 2714 509 2750 finis
539 2712 672 2750 dicitur
701 2710 907 2760 dupliciter.
937 2710 1024 2747 Uno
1054 2708 1185 2754 modo,
1215 2706 1296 2755 ipsa
1325 2718 1383 2742 res

323 2779 439 2815 quam
470 2765 643 2814 cupimus
673 2763 845 2813 adipisci:
877 2763 970 2800 sicut
997 2774 1115 2799 avaro
1140 2768 1195 2796 est
1213 2759 1299 2796 finis
1319 2771 1384 2808 pe-

324 2820 444 2856 cunia.
470 2819 555 2856 Alio
585 2817 716 2864 modo,
738 2817 818 2866 ipsa
840 2815 990 2864 adeptio
1010 2815 1071 2851 vel
1091 2812 1294 2863 possessio,
1316 2824 1384 2848 seu

323 2885 413 2909 usus
443 2879 506 2909 aut
534 2871 657 2908 fruitio
688 2870 766 2906 eius
795 2869 846 2906 rei
879 2881 977 2918 quae
1007 2867 1260 2904 desideratur:
1291 2865 1386 2901 sicut

324 2926 353 2961 si
373 2925 514 2962 dicatur
533 2924 638 2972 quod
662 2923 852 2972 possessio
874 2921 1059 2971 pecuniae
1089 2927 1143 2956 est
1161 2918 1247 2956 finis
1267 2917 1383 2964 avari,

325 2985 361 3014 et
388 2978 458 3014 frui
479 2990 518 3014 re
537 2978 766 3026 voluptuosa
795 2983 850 3012 est
877 2975 964 3012 finis
984 2971 1233 3022 intemperati.
1254 2971 1384 3007 Primo

1436 1661 1525 1697 ergo
1554 1649 1686 1696 modo,
1715 1649 1870 1685 ultimus
1897 1649 2063 1686 hominis
2091 1650 2178 1687 finis
2203 1659 2258 1688 est
2277 1652 2424 1689 bonurn
2444 1652 2497 1690 in-

1437 1710 1616 1749 creatum,
1647 1701 1785 1738 scilicet
1812 1703 1929 1749 Deus,
1960 1702 2024 1751 qui
2053 1703 2155 1740 solus
2180 1716 2248 1740 sua
2267 1704 2412 1742 infinita
2431 1706 2499 1742 bo-

1437 1755 1548 1792 nitate
1564 1762 1688 1804 potest
1700 1756 1937 1792 voluntatem
1957 1755 2124 1792 hominis
2142 1757 2308 1805 perfecte
2327 1757 2497 1806 implere.

1438 1809 1616 1845 Secundo
1646 1815 1773 1844 autem
1802 1808 1934 1855 modo,
1963 1808 2117 1845 ultimus
2146 1809 2232 1846 finis
2257 1811 2424 1848 hominis
2444 1819 2501 1848 est

1437 1861 1579 1909 aliquid
1608 1868 1775 1898 creatum
1805 1861 1843 1897 in
1871 1861 1955 1910 ipso
1984 1861 2160 1908 existens,
2191 1863 2295 1911 quod
2324 1863 2414 1900 nihil
2445 1872 2500 1902 est

1437 1913 1539 1950 aliud
1567 1925 1684 1962 quam
1713 1914 1864 1962 adeptio
1897 1915 1959 1950 vel
1979 1914 2103 1951 fruitio
2132 1915 2218 1952 finis
2246 1915 2377 1953 ultimi.
2407 1917 2496 1954 Ulti-

1437 1978 1524 2003 mus
1552 1974 1680 2003 autem
1710 1966 1796 2003 finis
1823 1974 1984 2003 vocatur
2004 1967 2209 2005 beatitudo.
2241 1968 2281 2005 Si
2300 1981 2390 2017 ergo
2410 1971 2500 2007 bea·

1436 2018 1557 2055 titudo
1578 2019 1742 2055 hominis
1772 2019 2030 2056 consideretur
2058 2028 2244 2067 quantum
2273 2022 2323 2058 ad
2342 2034 2498 2060 causam

1437 2071 1499 2108 vel
1528 2071 1731 2118 obiectum,
1753 2072 1806 2108 sic
1826 2079 1882 2108 est
1901 2072 2042 2121 aliquid
2060 2073 2291 2110 increatum:
2321 2075 2351 2111 si
2371 2083 2499 2112 autem

1439 2124 1698 2161 consideretur
1726 2132 1912 2172 quantum
1940 2126 1989 2162 ad
2017 2125 2140 2173 ipsam
2162 2126 2365 2164 essentiam
2383 2128 2501 2165 beati-

1437 2177 1589 2224 tudinis,
1619 2177 1672 2214 sic
1701 2185 1755 2214 est
1783 2177 1924 2226 ahquid
1952 2186 2131 2215 creatum.

1491 2231 1550 2266 AD
1578 2241 1719 2267 PR1MUM
1747 2242 1845 2267 ERGO
1874 2242 2058 2268 DICENDUM
2078 2231 2184 2279 quod
2212 2232 2317 2268 Deus
2337 2240 2393 2269 est
2411 2233 2500 2270 bea-

1438 2282 1559 2318 titudo
1586 2295 1655 2330 per
1683 2283 1884 2320 essentiam
1913 2295 2046 2320 suam:
2077 2296 2155 2320 non
2185 2284 2287 2321 enim
2315 2294 2394 2334 per*
2411 2287 2500 2323 ade-

1438 2335 1609 2384 ptionem
1630 2342 1694 2371 aut
1712 2335 2038 2384 participationem
2067 2336 2222 2374 alicuius
2241 2337 2391 2375 alterius
2410 2338 2499 2376 bea-

1438 2395 1497 2424 tus
1527 2395 1601 2435 est,
1631 2388 1699 2424 sed
1722 2400 1790 2437 per
1824 2389 2024 2425 essentiam
2057 2401 2178 2426 suam.
2212 2390 2402 2428 Homines
2435 2403 2500 2428 au-

1438 2448 1516 2477 tem
1545 2448 1632 2477 sunt
1661 2441 1784 2488 beati,
1811 2441 1905 2478 sicut
1932 2441 2075 2479 ibidem
2109 2442 2196 2479 dicit
2227 2443 2402 2491 Boetius,
2430 2456 2502 2493 per

1439 2493 1781 2542 participationem;
1812 2494 1906 2531 sicut
1935 2502 1970 2531 et
1997 2495 2050 2532 dii
2075 2507 2144 2543 per
2170 2495 2498 2545 participationem

1440 2547 1623 2584 dicuntur.
1673 2547 1758 2595 Ipsa
1803 2555 1932 2584 autem
1977 2547 2212 2597 participatio
2260 2549 2500 2587 beatitudinis

1439 2599 1650 2636 secundum
1688 2611 1804 2648 quam
1840 2601 1960 2637 horno
1990 2599 2133 2638 ‘dicitur
2165 2602 2321 2650 beatus,
2360 2602 2501 2652 aliquid

1440 2660 1608 2689 creatum
1638 2660 1703 2689 est.

1492 2707 1550 2742 An
1579 2717 1769 2742 SECUNDUM
1796 2717 1980 2743 memnon
2009 2706 2113 2755 quod
2146 2707 2339 2744 beatitudo
2367 2707 2502 2745 dicitur

1441 2770 1521 2795 esse
1542 2770 1739 2795 summum
1763 2758 1929 2795 hominis
1949 2760 2096 2796 bonurn
2113 2761 2145 2808 *,
2162 2759 2251 2809 quia
2271 2768 2327 2797 est
2344 2761 2496 2810 adeptio

1439 2812 1502 2848 vel
1530 2811 1654 2848 fruitio
1683 2811 1824 2848 summi
1851 2811 1954 2849 boni.

1493 2866 1551 2900 Ao
1583 2875 1742 2902 TERTIUM
1776 2876 1959 2902 memnon
1997 2865 2101 2913 quod
2136 2866 2330 2903 beatitudo
2369 2866 2503 2904 dicitur

1439 2916 1595 2953 ultimus
1624 2917 1720 2965 finis,
1741 2929 1810 2966 per
1837 2918 1998 2955 modum
2018 2930 2095 2967 quo
2116 2919 2268 2968 adeptio
2296 2918 2383 2955 finis
2413 2919 2501 2956 dici-

1440 2977 1499 3006 tur
1526 2970 1624 3006 finis.

378 3107 404 3137 α)
425 3106 584 3133 intellectus,
605 3109 752 3129 utrum....

325 3142 365 3174 pD
386 3147 409 3165 et
428 3148 453 3165 a.

777 3105 941 3136 speculativi.
959 3118 977 3123 —
1001 3105 1157 3136 speculativi
1181 3104 1326 3128 intellectus
1346 3102 1387 3125 PE

1497 3101 1521 3134 β)
1543 3103 1672 3127 voluntas.
1691 3117 1708 3121 —
1728 3106 1853 3135 tanquam
1874 3103 1900 3127 in
1913 3103 1998 3135 finem
2018 3102 2076 3127 add.
2094 3102 2141 3128 Pa.

2528 2772 2538 2782 ·
2552 2771 2582 2793 D.
2595 2770 2648 2799 ²87·
