2852 4152
89 531 115 550 x.
126 531 152 547 ιι.
166 531 188 551 2,
201 531 222 553 3.

92 984 116 1000 ιι.
130 985 154 1005 4.

90 1065 244 1082 ‚murrina-,1:-
264 1061 298 1076 Μ’

36 1943 159 1985 '1⁹7⁰‘

157 2411 184 2436 S.
254 2402 300 2435 hiet

59 2358 311 2435 ,iwani-“fulibi

196 2821 213 2856 β

192 2923 212 2958 r,

84 2981 191 3006 ⁴ch-
204 2989 229 3012 9·

89 473 102 484 ⁸
111 472 186 494 s.·rh.
197 472 248 494 lect.
258 478 300 493 ιιι.

89 498 301 526 -Did.1ib.1x‚cnp.

92 953 103 963 ·
117 951 174 974 tm.
188 951 238 979 eit„
250 951 304 973 nid.

1043 255 1308 303 QUAESTIO
1338 255 1390 301 V,
1419 254 1714 291 ARTicuLus
1742 254 1777 290 v

326 343 360 368 et
382 337 423 366 de
445 334 652 376 perpetuitate
675 341 914 375 consequenter,
930 336 968 365 de
987 334 1194 375 perpetuitate
1215 333 1388 363 formaliter
1414 360 1416 376 A

325 379 450 420 accipit.
475 379 634 415 Secundo,
658 378 732 419 quia
756 388 823 408 esse
846 378 1100 409 immobilitatem
1124 378 1163 408 de
1182 377 1303 408 ratione
1320 378 1389 407 bea-

329 422 487 459 titudinis,
511 421 695 462 intelligitur
717 422 891 452 formaliter
919 430 972 453 aut
1003 421 1191 454 virtualiter:
1216 420 1387 461 quoniam,

329 473 369 498 ut‘
381 466 494 497 dicitur
508 466 538 497 X
553 466 736 506 Metaphys.
752 466 779 502 *,
804 467 1008 507 corruptibile
1030 471 1061 497 et
1079 465 1317 505 incorruptibile
1333 470 1390 495 aut

329 515 404 542 sunt
415 510 604 547 substantia,
625 515 682 540 aut
697 511 730 540 in
746 510 931 541 substantia.
949 511 990 541 Et
1008 517 1114 540 tamen
1134 510 1201 549 ipse
1218 508 1390 540 formaliter
1415 514 1417 520 ’

329 554 449 594 accepit
471 554 510 584 de
533 553 752 594 perpetuitate.

384 598 438 630 m.
454 598 540 628 Scito
555 598 658 633 tertio,
674 598 764 638 quod
782 598 920 628 secunda
938 598 1018 628 ratio
1041 598 1162 628 litterae
1177 596 1284 627 efficax
1299 596 1389 626 valde

331 649 377 673 est
398 642 485 682 apud
506 651 579 672 vere
601 641 822 683 philosophos,
838 642 893 682 qui
912 652 978 672 non
997 642 1030 671 in
1046 651 1115 672 aere
1131 642 1317 682 loquuntur,
1335 640 1389 670 sed

330 684 527 723 voluntatem
554 685 587 716 in
616 686 739 717 bonurn
768 691 910 722 tantum,
936 693 966 716 et
988 686 1186 716 voluntatem
1214 691 1330 715 rectam
1357 684 1389 714 in

328 726 406 760 'vere
424 729 548 759 bonum
571 734 695 760 tautum
719 729 790 760 ferri
813 739 908 769 posse
931 736 1098 760 noverunt.

328 780 337 782 ’
388 769 440 803 IV.
455 772 500 813 ‘In
524 772 730 813 responsione
745 773 785 803 ad
807 774 948 815 primum
975 772 1116 804 eiusdem
1140 772 1269 808 articuli,
1294 771 1390 802 habes

330 817 401 847 'duo‘
426 817 576 847 notanda.
600 816 725 853 Primo,
748 818 837 857 quod
860 817 1022 848 beatitudo
1053 823 1100 847 est
1121 815 1337 851 immutabilis,
1361 821 1391 845 et

331 867 560 901 consequenter
583 861 845 901 incorruptibilis:
870 872 905 892 ac
924 871 979 901 per
994 861 1066 897 hoc,
1084 860 1183 890 differt
1205 860 1277 899 plus
1293 869 1391 900 quam

331 913 444 945 genere
467 905 505 934 ab
521 905 589 934 aliis
606 905 725 935 actibus
745 905 1010 946 corruptibilibus,
1030 906 1115 935 iuxta
1131 904 1307 934 doctrinam
1322 903 1391 933 Ari-

331 948 452 979 stotelis
474 949 504 979 X
526 949 709 989 Metaphys.
732 948 750 967 ³
769 967 791 972 -
815 950 973 985 Secundo,
999 958 1106 984 causas
1129 946 1391 978 immutabilitatis

331 991 412 1023 eius:
436 991 604 1022 formalem
631 993 764 1029 scilicet,
788 994 863 1034 quia
893 1000 939 1023 est
970 991 1120 1032 perfectio
1153 997 1390 1026 consummata;

362 1035 506 1086 effutiam
524 1046 610 1072 νει-ο,
634 1037 773 1068 divinam
795 1037 962 1073 virtutem;
986 1035 1180 1067 materialem
1200 1042 1317 1071 autem,
1333 1034 1391 1065 ho-

275 1097 278 1105 ι
295 1093 298 1105 τ
330 1075 452 1111 minem
469 1079 649 1111 elevatum'
640 1091 672 1110 1n
692 1080 965 1121 participationem
982 1079 1182 1111 aeternitatis.
1199 1079 1240 1110 Et
1255 1078 1316 1109 hoc
1332 1084 1391 1109 ter-

330 1122 422 1160 tium,
439 1134 498 1164 pro
513 1130 634 1165 quanto
649 1124 782 1155 includit
793 1124 881 1166 quod
896 1123 1057 1155 beatitudo
1072 1123 1213 1154 formalis
1230 1131 1391 1152 mensura-

2454 252 2493 287 51

1443 339 1494 363 tur
1509 332 1687 363 aeternitate
1702 331 1894 371 participata,
1912 338 1942 361 et
1957 340 2023 360 non
2039 340 2126 365 aevo,
2143 329 2347 369 impugnatur
2362 339 2379 358 a
2395 329 2500 365 Semo,

1442 376 1476 406 in
1501 377 1574 407 loco
1600 376 1732 416 allegato
1757 375 1788 405 *z
1814 375 1889 415 quia
1919 381 2025 405 tamen
2051 373 2258 404 satisfecimus
2283 373 2310 403 ei
2328 373 2360 403 in
2379 374 2389 403 1
2410 373 2500 409 libro,

1444 431 1497 461 qu.
1511 420 1567 456 x*,
1583 430 1648 450 non
1672 419 1888 459 replicandum
1909 428 2032 449 censeo.
2050 418 2091 448 Et
2114 417 2160 447 his
2180 417 2205 447 si
2229 417 2361 446 addatur
2379 417 2539 447 bonitas

1444 474 1499 504 per
1516 463 1691 499 essentiam,
1709 463 1798 494 cuius
1815 462 1942 502 adeptio
1962 469 2008 492 est
2026 461 2198 496 beatitudo,
2215 460 2371 491 videbitur
2390 468 2419 491 et
2435 461 2502 490 reli-

1444 518 1507 549 qua
1530 518 1632 544 causa,
1658 507 1774 537 scilicet
1796 506 1908 542 finalis,
1933 505 2032 546 ipsius
2055 504 2265 535 beatitudinis.

1500 552 1548 582 Ex
1570 552 1675 591 primo
1699 551 1816 581 horum
1830 551 1925 580 habes
1941 550 2029 590 quod
2044 549 2206 579 beatitudo
2223 549 2299 578 haec
2320 558 2385 578 non
2401 558 2434 577 se
2449 548 2503 578 ha-

1443 597 1496 626 bet
1517 596 1557 626 ad
1581 595 1832 636 perpetuitatem,
1857 595 1938 625 sicut
1960 593 2072 624 albedo
2088 603 2121 623 se
2136 593 2263 623 haberet
2285 593 2324 622 ad
2349 602 2428 628 eam,
2446 592 2470 621 si
2487 602 2504 621 a

1442 640 1512 670 Deo
1536 646 1691 679 perpetuo
1715 646 1961 669 conservaretur.
1987 637 2150 675 Quoniam
2173 637 2286 667 albedo
2306 635 2358 666 illa
2378 643 2457 666 esset
2472 636 2504 665 in

1444 693 1476 714 se
1500 682 1719 723 corruptibilis,
1745 690 1775 713 et
1793 693 1849 722 per
1868 682 2011 713 accidens
2026 688 2193 722 perpetua:
2218 680 2379 710 beatitudo
2399 686 2505 710 autem

1443 726 1588 768 perfecta,
1606 727 1644 757 de
1663 737 1727 767 qua
1741 726 1915 767 loquimur,
1940 733 1986 756 est
2007 725 2182 755 secundum
2199 734 2232 754 se
2247 723 2504 763 incorruptibilis,

1444 778 1475 801 et
1497 781 1553 811 per
1576 781 1608 801 se
1632 770 1689 800 sibi
1712 770 1849 801 vindicat
1865 769 2102 810 perennitatem.
2124 769 2166 799 Et
2183 775 2348 808 propterea
2365 777 2397 798 se
2413 767 2506 798 habet

1444 815 1484 845 ad
1498 814 1738 855 perpetuitatem
1762 814 1843 845 sicut
1862 813 1962 854 figura
1981 813 2129 844 caelestis.
2146 830 2167 835 -
2182 813 2231 842 Ex
2244 812 2383 842 secundo
2400 818 2506 842 autem

1443 859 1560 888 horum
1583 858 1679 888 habes
1703 858 1838 888 modum
1861 868 1928 898 quo
1952 857 2115 888 beatitudo
2138 857 2215 887 haec
2231 855 2432 887 constituitur
2447 855 2505 885 im-

1445 902 1614 937 mutabilis,
1639 902 1754 932 scilicet
1778 902 1930 932 elevando
1946 901 2124 932 subiectum
2141 910 2235 941 supra
2251 899 2503 931 mutabilitatem.

1444 947 1491 976 Ex
1515 946 1576 976 hoc
1599 946 1684 976 enim
1707 946 1796 986 quod
1819 956 1910 976 mens
1933 946 2072 976 humana
2101 945 2240 975 elevatur
2262 944 2294 974 in
2318 943 2506 974 aeternitatis

1445 989 1604 1024 ordinem,
1622 997 1748 1029 oportet
1771 990 1859 1029 quod
1882 990 2096 1029 praeelevetur
2109 989 2142 1026 in
2159 988 2302 1019 ordinem
2325 987 2507 1020 immutabi-

1443 1034 1538 1064 lium:
1563 1033 1716 1074 quoniam
1736 1033 1899 1064 aeternitas
1918 1033 2207 1068 immutabilitatem
2226 1031 2376 1073 sequitur.
2394 1031 2506 1062 Omni-

1445 1078 1504 1108 bus
1528 1084 1635 1109 autem
1657 1077 1858 1108 beatitudinis
1882 1077 1983 1108 causis
1999 1087 2094 1117 supra
2117 1076 2359 1108 mutabilitatem
2376 1075 2506 1106 existen-

1444 1119 1540 1159 tibus,
1560 1131 1685 1151 necesse
1709 1120 1762 1151 est*
1777 1121 2004 1151 beatitudinem
2026 1121 2129 1160 ipsam
2152 1119 2383 1150 immutabilem
2407 1129 2483 1149 esse.

1122 1267 1437 1325 ARTICULUS
1468 1282 1724 1334 QUINTUS

583 1438 603 1441 m
627 1385 789 1415 UTRUM-
807 1360 936 1415 Homo
959 1383 1043 1413 PER
1065 1383 1147 1415 SUA
1170 1383 1425 1414 NATURALIA
1446 1382 1594 1414 POSSIT
1617 1370 1867 1419 ACQUIRERE
1891 1381 2220 1413 BEATITUDINEM

363 1623 388 1656 ζ,
385 1626 422 1663 ,ᾖ
447 1622 511 1666 ξι,
543 1618 566 1644 n
585 1616 756 1659 Quintum
777 1578 831 1642 ’5ιό
849 1614 1088 1641 noemmin.
1107 1602 1268 1640 Videtur
1288 1601 1393 1651 quod

363 1662 390 1702 ‘i
395 1664 447 1707 γ»
467 1659 537 1719 ἐξ
532 1656 680 1696 homo
687 1655 756 1707 per
783 1668 851 1694 sua
878 1656 1063 1695 naturalia
1089 1655 1208 1714 possit
1235 1655 1393 1692 beatitu-

480 1697 509 1751 't
525 1710 530 1713 “
545 1708 679 1763 dinem
704 1709 898 1770 consequi.
927 1710 1075 1746 Natura
1100 1708 1201 1746 enim
1222 1719 1301 1744 non
1330 1707 1393 1744 de-

312 1800 320 1803 .
341 1747 437 1801 ’155
439 1756 531 1799 ‘⁸²2ss
544 1764 627 1802 ficit
647 1760 686 1801 in
706 1762 936 1800 necessariis.
967 1762 1044 1799 Sed
1063 1756 1154 1798 nihil
1173 1769 1230 1798 est
1247 1761 1394 1797 homini

328 1814 410 1856 tam
440 1817 696 1855 necessarium
730 1828 846 1865 quam
874 1815 912 1853 id
939 1827 1008 1864 per
1031 1813 1137 1863 quod
1164 1812 1283 1851 finem
1311 1814 1394 1850 ulti-

327 1878 442 1910 mm
471 1868 725 1921 consequitur.
745 1870 862 1928 Ergo
897 1868 974 1905 hoc
1010 1875 1167 1904 naturae
1200 1868 1393 1904 humanae

329 1918 433 1962 utin
432 1920 556 1965 deest.
578 1917 716 1963 Poterat
742 1917 854 1970 igitur
878 1922 999 1973 horno
1027 1932 1097 1970 per
1124 1931 1193 1956 sua
1212 1920 1395 1958 naturalia

331 1972 628 2018 mumdinettr·
636 1972 830 2027 consequi.

327 2031 441 2068 ῙΜΞΠ
450 2023 694 2079 Pmmfitzlt,
710 2028 850 2074 homo,
870 2036 958 2063 cum
987 2026 1033 2063 sit
1060 2025 1223 2062 nobilior
1250 2025 1394 2062 irratio—

331 2078 498 2120 uatibus
510 2081 708 2127 creaturis,
734 2076 889 2118 «ridetur
916 2088 999 2116 esse
1026 2078 1286 2115 sufficientior
1318 2078 1394 2115 Sed

332 2133 574 2172 irrationales
606 2140 798 2173 creaturae
827 2143 913 2181 per
923 2143 992 2168 sua
1020 2131 1202 2168 naturalia
1234 2138 1396 2179 possunt

332 2187 520 2240 eonsequi
538 2198 639 2225 suos
646 2187 756 2237 fines.
786 2186 888 2236 Ergo
907 2185 1028 2222 multo
1048 2183 1168 2231 magis
1187 2184 1307 2220 homo
1326 2196 1396 2232 per

335 2248 420 2278 sua·
430 2236 616 2278 naturalia
642 2245 768 2288 potest
795 2233 1067 2275 beatitudinem
1096 2236 1290 2285 consequi.

334 2300 352 2321 s
353 2299 381 2322 ¹
383 2288 688 2339 3.PRAE·1·'EREA,
717 2291 911 2329 beatitudo
941 2297 996 2327 est
1023 2290 1190 2338 operatio
1211 2289 1394 2338 perfecta,

331 2339 548 2384 seeundum
570 2344 895 2393 Philosophum.
916 2342 1101 2380 Eiusdem
1121 2348 1247 2379 autem
1267 2349 1323 2378 est
1340 2341 1395 2378 in—

331 2389 461 2449 bipere
481 2404 576 2444 rem,
605 2404 643 2434 et
661 2397 853 2446 perficere
880 2396 1016 2444 ipsam.
1046 2395 1148 2431 Cum
1175 2394 1286 2454 igitur
1304 2407 1396 2444 ope-

330 2450 445 2488 ratio
455 2449 703 2500 imperfecta,
733 2461 832 2498 quae
865 2456 920 2486 est
955 2448 1064 2499 quasi
1100 2447 1328 2497 principium
1357 2448 1395 2484 in

335 2503 620 2554 operationibus
640 2502 830 2550 humanis,
850 2501 1034 2539 subdatur
1053 2500 1210 2538 naturali
1228 2500 1395 2538 hominis

331 2556 531 2607 potestati,
560 2564 651 2604 qua
663 2567 821 2593 suorum
850 2561 1003 2591 actuum
1034 2561 1088 2590 est
1116 2553 1312 2600 dominus;
1340 2553 1396 2591 vi-

332 2609 453 2660 detur
460 2607 568 2658 quod
595 2620 664 2658 per
684 2608 893 2646 naturalem
912 2606 1123 2656 potentiam
1141 2606 1261 2655 possit
1275 2612 1293 2628 ‘²
1311 2619 1395 2655 per-

333 2654 477 2752 affici-e
506 2661 555 2699 ad
583 2661 846 2711 operationem
873 2661 1100 2709 perfectam,
1113 2671 1212 2708 quae
1233 2666 1288 2696 est
1307 2660 1396 2696 bea-

333 2714 361 2752 Ε
429 2725 462 2751 0

389 2767 464 2804 San
488 2776 659 2813 coum,
687 2767 806 2804 homo
836 2773 892 2802 est
927 2764 1152 2813 principium
1181 2765 1396 2802 naturaliter

336 2826 492 2857 actuum
520 2830 678 2856 suorum
697 2817 713 2848 9
734 2831 804 2868 per
822 2818 1051 2855 intellectum
1081 2825 1118 2854 et
1142 2818 1392 2855 voluntatem.

280 2889 284 2893 ·
337 2872 416 2910 Sed
442 2871 575 2909 ultima
601 2871 795 2909 beatitudo
825 2871 971 2908 Sanctis
994 2877 1229 2919 praeparata,
1252 2871 1397 2908 excedit

334 2925 566 2963 intellectum
592 2923 758 2961 hominis
781 2929 798 2952 Υ
826 2931 863 2960 et
888 2924 1146 2960 voluntatem·
1177 2922 1266 2960 dicit
1293 2924 1395 2960 enim

332 2972 555 3038 Apostolus,
572 2978 586 3014 1
601 2978 652 3016 ad
670 2977 756 3014 Cor.
777 2988 800 3013 ιι
816 2978 852 2997 “·
845 2976 1010 3013 .Oculus
1029 2987 1103 3025 non
1122 2976 1224 3022 vidit,
1244 2981 1281 3012 et
1292 2977 1397 3013 auris

332 3033 412 3068 'non
431 3029 584 3078 audivit,
604 3036 641 3067 et
665 3030 702 3066 in
731 3041 799 3066 cor
825 3029 985 3066 hominis
1004 3040 1077 3065 non
1106 3029 1280 3074 ascendit,
1301 3040 1398 3077 quae

330 3076 581 3132 praeparavit
604 3084 708 3120 Deus
727 3081 964 3132 diligentibus
981 3091 1031 3118 se.
1061 3081 1163 3128 Ergo
1191 3081 1310 3117 horno
1325 3093 1394 3130 per

337 3141 407 3174 sua
435 3136 617 3173 naturalia
645 3148 723 3173 non
751 3142 876 3184 potest
903 3133 1173 3171 beatitudinem
1202 3133 1394 3182 consequi.

391 3190 616 3226 Rasrounfio
643 3200 829 3226 mci-:unum
857 3187 962 3235 quod
994 3186 1186 3223 beatitudo
1221 3185 1396 3235 imperfe-

338 3249 397 3290 cta
431 3253 530 3291 quae
559 3241 597 3278 in
623 3241 696 3279 hac
721 3241 800 3279 vita
827 3239 957 3278 haberi
985 3246 1129 3287 potest,
1157 3246 1282 3287 potest
1305 3237 1320 3261 ⁶
1348 3240 1395 3276 ab

332 3294 494 3332 homine
518 3294 659 3344 acquiri
686 3306 755 3344 per
782 3306 851 3331 sua
879 3292 1072 3337 naturalia,
1094 3304 1140 3328 eo
1170 3291 1288 3329 modo
1317 3304 1394 3341 quo

336 3355 375 3385 et
401 3348 532 3395 virtus,
561 3346 600 3384 in
628 3347 736 3383 cuius
767 3345 989 3396 operatione
1026 3344 1211 3381 consistit:
1242 3344 1289 3381 de
1317 3357 1394 3394 quo

390 3471 417 3503 α)
434 3470 564 3502 possit-
546 3469 685 3501 -possint
703 3469 960 3501 ABCDEGHKLpF.

390 3505 416 3539 β)
434 3509 541 3531 actuum
561 3512 625 3530 suoi
627 3512 679 3529 um
698 3518 715 3523 -
735 3506 795 3529 Om.
815 3505 846 3533 H,
866 3505 980 3529 aliorum
1000 3504 1084 3528 ceteri.

389 3542 416 3574 γ)
435 3541 557 3566 hominis.
576 3555 594 3558 —
613 3540 673 3565 Om.
693 3539 740 3564 Pa.

389 3575 414 3608 δ)
429 3579 527 3608 potest.
545 3589 563 3594 -
581 3578 608 3600 et
622 3577 711 3606 potest
723 3574 927 3606 ABCFGHlpD,
941 3577 967 3598 et
979 3574 1042 3598 E.-
1056 3574 1105 3598 Pro
1124 3581 1175 3605 quo
1193 3576 1219 3597 et
1238 3572 1329 3601 virtus,
1344 3580 1395 3605 quo

692 1473 914 1506 Parabquan,
929 1477 1020 1503 art.;4
1040 1479 1086 1504 qu.
1103 1478 1163 1501 un,
1182 1477 1229 1496 art.
1248 1479 1275 1502 1;
1295 1471 1369 1501 infra,
1389 1478 1434 1503 qu.
1448 1477 1508 1501 un,
1527 1475 1616 1500 art-13
1636 1470 1763 1499 nisena,
1778 1471 1836 1495 dist.
1857 1478 1933 1502 xxvu,
1953 1479 1997 1503 qu.
2010 1479 2036 1500 11,
2055 1476 2146 1500 art.2;

642 1509 645 1522 ²
960 1507 1010 1537 IV,-
1023 1507 1159 1535 disnxux,
1178 1514 1223 1538 qu.
1241 1510 1337 1536 mart.
1355 1504 1385 1537 6;
1405 1506 1436 1530 111
1462 1506 1540 1530 Cone.
1555 1506 1642 1534 Gent„
1662 1513 1718 1537 cap.
1732 1513 1775 1536 ιιι,
1790 1512 1884 1530 mvn.

1448 1601 1543 1638 infra
1563 1601 1583 1621 *
1613 1600 1768 1637 dicetur.
1804 1600 1881 1637 Sed
1909 1601 2101 1637 beatitudo
2129 1601 2293 1638 hominis
2320 1603 2506 1652 perfecta,

1448 1653 1544 1691 sicut
1571 1665 1686 1702 supra
1703 1653 1724 1675 '¹‘
1751 1653 1896 1690 dictum
1925 1661 1996 1700 est,
2026 1653 2193 1690 consistit
2221 1653 2259 1690 in
2285 1654 2433 1691 visione
2456 1655 2508 1692 di-

1446 1706 1560 1746 vinae
1591 1706 1785 1743 essentiae.
1814 1705 1967 1743 Videre*
1981 1713 2110 1743 autem
2139 1708 2266 1743 Deum
2295 1719 2363 1755 per
2382 1707 2509 1744 essen-

1447 1759 1539 1796 tiam
1570 1767 1626 1795 est
1650 1770 1766 1807 supra
1794 1766 1968 1796 naturam
1994 1771 2074 1795 non
2098 1759 2222 1795 solum
2241 1759 2420 1806 hominis,
2441 1760 2509 1797 sed

1449 1812 1563 1849 etiam
1592 1812 1717 1849 omnis
1746 1819 1953 1859 creaturae,
1981 1819 2024 1848 ut
2050 1812 2089 1848 in
2116 1812 2247 1848 Primo
2266 1811 2289 1833 ³²
2314 1819 2509 1849 ostensum

1442 1874 1514 1910 est.
1545 1864 1737 1902 Naturalis
1766 1865 1869 1902 enim
1899 1864 2062 1912 cognitio
2092 1864 2288 1902 cuiuslibet
2317 1874 2509 1902 creaturae

1449 1927 1506 1956 est
1532 1918 1744 1955 secundum
1773 1918 1935 1955 modum
1963 1918 2195 1954 substantiae
2223 1917 2320 1954 eius:
2351 1918 2446 1955 sicut
2463 1920 2510 1956 de

1449 1971 1695 2019 Intelligentia
1715 1970 1850 2008 dicitur
1870 1971 1909 2008 in
1934 1971 2030 2007 libro
2046 1971 2092 2007 de
2115 1971 2247 2008 Causis
2264 1970 2296 2018 ²⁸,
2320 1972 2430 2019 >quod
2450 1983 2511 2008 co-

1448 2025 1597 2074 gnoscit
1620 2036 1666 2061 ea
1694 2034 1792 2072 quae
1821 2030 1910 2060 sunt
1938 2034 2054 2072 supra
2081 2035 2136 2069 se,
2165 2029 2203 2060 et
2227 2035 2273 2060 ea
2301 2034 2398 2072 quae
2422 2031 2514 2061 sunt

1449 2078 1552 2125 infra
1565 2088 1616 2123 se,
1626 2074 1830 2113 secu'ndum
1846 2077 2000 2114 modum
2014 2075 2358 2114 substantiae'suae.
2374 2077 2511 2114 Omnis

1450 2137 1578 2167 autem
1604 2129 1770 2178 cognitio
1791 2136 1889 2178 quae
1918 2136 1975 2166 est
2002 2129 2213 2166 secundum
2234 2129 2396 2167 modum
2424 2131 2512 2167 sub-

1450 2183 1608 2220 stantiae
1624 2189 1783 2229 creatae,
1800 2182 1928 2220 deficit
1940 2194 1964 2219 a
1977 2182 2125 2219 visione
2145 2182 2295 2219 divinae
2311 2183 2507 2230 essentiae,

1451 2248 1549 2284 quae
1585 2236 1624 2272 in
1661 2235 1849 2272 infinitum
1889 2235 2036 2272 excedit
2072 2247 2229 2272 omnem
2263 2236 2511 2272 substantiam

1450 2296 1626 2325 creatam.
1657 2288 1769 2325 Unde
1797 2299 1868 2324 nec
1895 2289 2034 2335 homo,
2063 2300 2135 2325 nec
2161 2287 2286 2337 aliqua
2319 2296 2509 2336 creatura,

1449 2349 1575 2390 potest
1611 2340 1793 2389 consequi
1830 2341 2103 2378 beatitudinem
2125 2340 2314 2377 ‘ultimam
2346 2354 2417 2390 per
2443 2354 2512 2378 sua

1450 2394 1644 2431 naturalia.

1503 2449 1562 2484 AD
1590 2459 1728 2484 Palmum
1761 2457 1859 2483 ERGO
1892 2443 2077 2483 morannum
2104 2446 2221 2506 quod,
2255 2445 2351 2483 sicut
2378 2453 2511 2484 natura

1450 2512 1530 2537 non
1558 2499 1685 2536 deficit
1720 2498 1866 2536 homini
1894 2499 1932 2536 in
1960 2499 2198 2546 necessariis,
2227 2499 2406 2547 quamvis
2433 2511 2511 2536 non

1451 2553 1595 2590 dederit
1614 2552 1684 2589 sibi
1713 2564 1819 2590 arma
1839 2559 1875 2589 et
1893 2559 2112 2611 tegumenta
2130 2552 2223 2588 sicut
2242 2552 2322 2588 aliis
2341 2552 2511 2589 animali-

1450 2607 1533 2652 bus,
1554 2605 1643 2653 quia
1663 2605 1765 2643 dedit
1785 2605 1818 2642 ei
1837 2605 2024 2642 rationem
2044 2612 2080 2641 et
2099 2617 2247 2652 manus,
2267 2604 2406 2653 quibus
2423 2618 2511 2654 pos-

1451 2658 1496 2695 sit
1522 2659 1618 2695 haec
1646 2658 1715 2695 sibi
1744 2658 1966 2707 conquirere
1985 2662 2014 2703 ἢ
2034 2657 2084 2694 ita
2112 2669 2183 2694 nec
2208 2656 2335 2695 deficit
2362 2658 2510 2695 homini

1450 2711 1488 2748 in
1517 2710 1759 2757 necessariis,
1789 2710 1964 2759 quamvis
2000 2722 2079 2747 non
2112 2710 2218 2747 daret
2254 2710 2325 2747 sibi
2357 2710 2511 2759 aliquod

1450 2763 1678 2813 principium
1694 2776 1771 2813 quo
1790 2770 1920 2812 posset
1934 2763 2204 2800 beatitudinem
2219 2763 2416 2812 consequi3
2437 2765 2512 2800 hoc

1451 2816 1552 2853 enim
1575 2823 1653 2853 erat
1679 2816 1923 2865 impossibile.
1954 2816 2032 2853 Sed
2052 2816 2155 2854 dedit
2183 2816 2217 2852 ei
2235 2816 2394 2853 liberum
2415 2817 2511 2853 arbi-

1450 2869 1577 2917 trium,
1598 2881 1676 2918 quo
1704 2869 1824 2918 possit
1847 2869 2017 2906 converti
2040 2869 2089 2906 ad
2107 2870 2248 2916 Deum,
2269 2869 2333 2918 qui
2351 2881 2438 2905 eum
2457 2870 2510 2906 fa-

1452 2930 1552 2959 ceret
1584 2922 1750 2959 beatum.
1777 2923 1881 2964 Quae
1908 2922 2007 2958 enim
2028 2933 2102 2970 per
2128 2922 2271 2958 amicos
2291 2933 2509 2970 possumus,

1446 2987 1518 3024 per
1545 2987 1613 3012 nos
1645 2975 1857 3023 aliqualiter
1877 2986 2098 3023 possumus,
2127 2981 2169 3011 ut
2196 2974 2329 3011 dicitur
2353 2973 2365 2999 ζ
2392 2974 2429 3011 in
2459 2976 2508 3011 III

1449 3028 1569 3064 Ethic.
1589 3027 1610 3049 ²¹²

1503 3082 1563 3116 Αι)
1591 3091 1781 3117 SECUNDUM
1809 3091 1992 3117 DICENDUM
2020 3079 2125 3128 quod
2153 3079 2345 3116 nobilioris
2381 3080 2510 3117 condi-

1449 3131 1561 3169 tionis
1590 3140 1647 3169 est
1666 3139 1799 3169 natura
1823 3144 1922 3181 quae
1948 3139 2074 3181 potest
2098 3133 2280 3180 consequi
2298 3133 2508 3182 perfectum

1450 3186 1616 3231 bonum,
1646 3185 1731 3221 licet
1766 3184 1930 3233 indigeat
1966 3185 2139 3222 exteriori
2176 3185 2314 3222 auxilio
2349 3186 2397 3223 ad
2434 3187 2509 3222 hoc

1450 3237 1787 3285 consequendum,
1816 3249 1932 3287 quam
1965 3245 2099 3275 natura
2135 3250 2234 3287 quae
2271 3251 2350 3275 non
2386 3245 2510 3287 potest

1449 3291 1631 3339 consequi
1645 3291 1855 3340 perfectum
1871 3291 2030 3338 bonum,
2047 3291 2115 3328 sed
2131 3292 2374 3340 consequitur
2388 3291 2509 3340 quod-

1450 3344 1538 3381 dam
1560 3345 1707 3380 bonum
1730 3343 2005 3392 imperfectum,
2025 3344 2110 3381 licet
2128 3345 2178 3382 ad
2198 3344 2508 3381 consecutionem

1449 3467 1534 3492 virtus
1558 3467 1826 3499 ACEGHtKLstB‚
1846 3467 1918 3500 quod
1944 3468 2030 3492 virtus
2053 3467 2120 3499 FpB.
2139 3480 2158 3486 -
2175 3466 2225 3491 Pro
2245 3467 2270 3491 in
2294 3467 2386 3496 cuius,
2407 3467 2433 3491 in
2453 3468 2508 3492 eius

1449 3502 1534 3531 GHK,
1554 3503 1594 3526 vel
1613 3502 1638 3526 in
1658 3502 1713 3527 eius
1730 3503 1805 3527 cuius
1823 3504 1854 3531 Α,
1874 3503 1899 3527 in
1920 3503 1960 3527 vel
1978 3504 2033 3527 eius
2051 3503 2125 3527 cuius
2144 3503 2219 3534 pBD3
2240 3503 2279 3527 vel
2298 3503 2353 3527 eius
2371 3510 2460 3534 margo
2479 3503 2507 3527 C.

1502 3537 1525 3568 ε)
1544 3537 1707 3569 conquirere.
1726 3551 1744 3556 -
1762 3538 1899 3570 acquirere
1919 3538 2014 3562 PHKa.

1502 3572 1527 3604 ζ)
1547 3573 1654 3598 dicitur.
1672 3587 1691 3591 -
1709 3573 1807 3598 dictum
1827 3576 1867 3597 est
1885 3573 2100 3597 ABCDEFGHL.

2533 378 2594 400 'Cf-
2608 384 2672 400 num.
2686 384 2711 400 ιι.

2558 420 2609 442 Art.
2624 426 2647 448 5
2668 420 2738 442 com-

2530 453 2582 467 men
2568 451 2601 468 nt.
2623 453 2686 468 num.
2709 453 2738 468 xv

2530 479 2580 500 ⁸·qq

2535 1615 2544 1624 ·
2560 1613 2608 1640 Qu.
2623 1618 2687 1634 ιιιιι.

2535 1663 2545 1671 ·
2561 1661 2609 1688 Qu.
2621 1666 2656 1686 ιιι,
2671 1664 2713 1682 art.
2724 1661 2746 1682 8.

2535 1820 2547 1831 ‘¹
2558 1819 2605 1847 Qu.
2616 1824 2659 1846 ιιι,
2671 1822 2713 1840 art.
2723 1826 2747 1845 4.

2540 1982 2642 2030 {aa

2642 2012 2685 2029 ecl.
2700 2013 2748 2029 vm.

2634 2975 2649 3003 ζ

2622 3035 2657 3054 ιιι,
2669 3035 2691 3051 ιι.
2700 3035 2728 3050 12.
2737 3040 2747 3045 -

2630 3056 2681 3077 lect.
2697 3061 2747 3077 vni.

2537 3029 2615 3078 §.eliz
