2852 4152
121 1457 131 1466 ’
143 1456 199 1483 Cap.
207 1461 256 1482 vm,
267 1461 290 1477 n.
298 1461 330 1482 22,

120 1488 153 1510 23.

121 1617 132 1628 *¹
141 1616 311 1638 S.Th.1ect.v
320 1627 330 1632 -

121 1642 268 1668 Did.1ib.1x
280 1649 321 1670 cap

119 1675 148 1696 ιν,
164 1675 186 1691 n.
201 1676 224 1696 4.

120 2038 129 2046 ‘
145 2037 203 2058 Ibid.
215 2048 225 2052 -
236 2036 288 2058 Did.
307 2042 331 2058 n.

120 2069 136 2090 1,
150 2069 170 2091 5.

122 2198 217 2226 ·.Phys
226 2198 265 2220 lib.
270 2198 331 2224 vn1,

119 2231 264 2272 ξῗὲῄῖῗέέι
269 2230 332 2272 ¹¹va3

120 2277 223 2305 '‘hm''
239 2277 278 2298 ¹¹¹³
291 2277 332 2331 ῙΧΞ
358 2293 581 2341 impediunt,
609 2300 650 2328 ut
678 2291 813 2328 dicitur
839 2290 878 2327 in
901 2291 937 2326 X
955 2290 1074 2327 Ethzssc
1094 2290 1114 2312 ’¹‘
1142 2291 1243 2338 Ergo
1269 2291 1416 2338 aliquae

197 2310 228 2330 lv,
257 2309 280 2324 n.

119 2310 186 2352 cazh

197 2320 237 2351 lib.
245 2329 273 2356 X,
280 2309 332 2351 leet.

120 2382 206 2431 sciit
212 2388 277 2430 Ἴεὲί.
288 2388 334 2430 ’ἱὶιῖ

119 2466 129 2476 “
118 2465 192 2517 4.Qu
208 2471 274 2491 xxm
289 2467 331 2485 art.

150 2491 205 2512 -Cf.
212 2495 254 2512 art.
267 2497 332 2518 prae-

118 2498 177 2544 ced„
193 2523 240 2545 arg.
255 2524 271 2538 ι.

144 2653 176 2675 ca

119 2679 143 2701 S.
154 2679 174 2700 T
193 2695 198 2700 .
213 2679 265 2701 lect.
279 2685 303 2700 x.

195 2653 330 2674 .v1.n.8.-

356 206 430 232 222

356 282 414 312 est
441 274 610 312 naturale
638 276 744 323 quod
773 275 973 312 calefaciat.
1005 277 1058 312 Ita
1091 275 1200 323 igitur
1235 273 1415 320 contingit

359 327 463 376 quod
490 327 530 364 id
558 328 663 375 quod
693 335 747 365 est
780 335 910 365 contra
938 335 1111 364 naturam
1139 326 1322 372 hominis,
1352 326 1413 361 vel

358 387 543 429 quantum
572 380 621 417 ad
649 380 846 427 rationem,
875 381 937 417 vel
965 387 1149 427 quantum
1178 379 1226 415 ad
1246 377 1414 425 corporis

359 433 701 480 conservationem,
717 434 784 470 fiat
797 433 885 470 huic
898 433 1042 469 homini
1058 430 1312 476 connaturale,
1328 442 1415 478 pro-

358 493 442 535 pter
461 486 628 535 aliquam
657 486 937 534 corruptionem
958 492 1112 521 naturae
1132 483 1170 519 in
1190 495 1236 519 eo
1258 482 1413 518 existen-

359 546 447 576 tem.
479 540 589 585 Quae
617 538 770 587 quidem
801 537 990 586 corruptio
1019 543 1143 583 potest
1171 547 1253 571 esse
1277 535 1340 571 vel
1370 547 1414 571 ex

358 598 465 640 parte
495 591 674 640 corporis,
704 591 782 627 sive
803 596 815 611 ε
844 602 889 627 ex
918 588 1162 635 aegritudine,
1183 587 1277 624 sicut
1304 587 1414 624 febri-

361 643 559 681 citantibus
588 643 709 681 dulcia
736 643 913 680 videntur
941 652 1070 677 amara
1099 648 1135 676 et
1163 652 1183 676 e
1209 651 1413 685 converso;

1005 197 1270 243 QUAESTIO
1299 198 1440 242 XXXI,
1470 195 1762 232 ARTICULUS
1792 195 1876 231 VIII

1468 273 1547 310 sive
1575 279 1730 320 propter
1762 273 1903 308 malam
1938 273 2256 321 complexionem,
2286 275 2381 311 sicut
2407 273 2522 321 aliqui

1469 325 1700 361 delectantur
1727 324 1765 361 in
1794 324 2026 362 comestione
2054 333 2173 362 terrae
2201 327 2263 364 vel
2292 327 2519 373 carbonum,

1466 377 1528 413 vel
1548 377 1761 424 aliquorum
1780 376 2018 414 huiusmodi:
2042 378 2104 414 vel
2124 377 2236 414 etiam
2257 390 2302 415 ex
2320 387 2425 427 parte
2445 378 2523 416 ani-

1467 441 1565 475 mae,
1583 429 1677 465 sicut
1696 436 1850 477 propter
1870 429 2183 467 consuetudinem
2203 429 2317 478 aliqui
2337 431 2522 469 delectan-

1468 481 1579 518 turin
1595 482 1836 518 comedendo
1855 481 2042 529 homines,
2053 483 2119 520 ·vel
2138 482 2176 519 in
2197 482 2298 519 coitu
2317 483 2523 520 bestiarum

1468 542 1532 571 aut
1559 535 1838 581 masculorum,
1868 542 1932 571 aut
1959 535 2119 572 aliorum
2147 535 2388 582 huiusmodi,
2426 547 2523 583 quae

1468 599 1546 623 non
1574 594 1660 624 sunt
1687 588 1898 624 secundum
1926 595 2102 625 naturam
2129 589 2350 625 humanam.

1521 640 1570 676 Et
1597 651 1665 687 per
1693 640 1767 676 hoc
1793 647 1896 688 patet
1923 641 2119 689 responsio
2149 641 2197 678 ad
2225 640 2384 678 obiecta.

412 757 434 791 ε)
454 758 516 782 sive.
534 770 553 776 —-
571 757 639 782 sicut
657 756 727 780 PKa.
744 768 764 774 —
781 756 830 779 Pro
839 754 1065 786 febricitantibus,
1079 753 1253 784 febrientibus
1271 753 1415 783 ABCDFG,
1429 753 1629 787 febricientibus
1647 753 1680 777 H.

1131 898 1446 941 ARTICULUS
1476 898 1748 942 OCTAVUS

755 992 910 1023 UTRUM
934 991 1213 1023 DELECTATIO
1238 966 1383 1022 POSSIT
1406 978 1854 1021 ESSE'DELECTATIONI
1879 991 2132 1022 CONTRARIA

409 1108 438 1154 :⁸
478 1115 493 1129 ,ff
571 1091 593 1117 o
613 1091 783 1116 OCTAVUM
803 1091 855 1115 sm
875 1090 1116 1116 PROCEDITUR.
1137 1077 1294 1114 Videtur
1312 1077 1417 1125 quod

398 1127 403 1134 ¹
428 1131 435 1140 '
503 1135 550 1183 {fs
571 1132 808 1169 delectationi
836 1144 915 1168 non
934 1131 980 1168 sit
1000 1130 1196 1168 delectatio
1218 1129 1413 1166 contraria.

545 1184 770 1223 Passiones
794 1184 894 1221 enirn
915 1184 1064 1220 animae
1085 1183 1250 1231 speciem
1272 1188 1309 1218 et
1328 1194 1416 1218 con-

550 1238 795 1274 trarietatem
834 1236 1018 1284 recipiunt
1059 1235 1271 1272 secundum
1314 1234 1417 1271 obie-

360 1298 418 1327 cta
442 1295 470 1326 α.
502 1290 705 1327 Obiectum
732 1296 861 1326 autem
889 1288 1145 1326 delectationis
1174 1295 1229 1325 est
1256 1288 1414 1324 bonum.

360 1343 460 1380 Cum
489 1343 598 1390 igitur
625 1343 772 1379 bonurn
798 1354 877 1378 non
896 1341 942 1378 sit
961 1341 1192 1379 contrarium
1212 1341 1328 1386 bono,
1349 1341 1416 1376 sed

359 1397 498 1432 bonum
525 1395 625 1432 malo
654 1395 914 1440 contrarietur,
938 1400 974 1431 et
997 1395 1139 1431 malum
1163 1395 1276 1439 malo,
1296 1400 1338 1429 ut
1363 1393 1416 1430 di-

359 1449 452 1485 citur
470 1448 508 1484 in
526 1448 842 1485 Praedicamentis
859 1447 899 1494 *ς
926 1448 1077 1484 videtur
1095 1447 1200 1496 quod
1221 1446 1415 1483 delectatio

358 1513 436 1538 non
465 1500 510 1537 sit
538 1500 723 1538 contraria
752 1500 1001 1538 delectationi.

413 1566 447 1590 2.
482 1555 720 1600 PRAETEREA,
749 1553 816 1590 uni
849 1565 971 1590 unum
1006 1561 1061 1590 est
1099 1552 1347 1598 contrarium,
1377 1558 1416 1587 ut

324 1607 539 1666 probatur
567 1607 605 1643 in
625 1608 661 1643 X
679 1607 894 1654 Metaphys.
916 1606 935 1627 ³²
964 1606 1041 1643 Sed
1070 1605 1308 1642 delectationi
1328 1616 1416 1640 con-

324 1658 470 1697 traria
491 1667 546 1696 est
568 1659 722 1696 tristitia.
753 1660 844 1696 Non
865 1671 953 1706 ergo
976 1658 1212 1696 delectationi
1232 1656 1417 1694 contraria

358 1721 414 1750 est
442 1712 650 1750 delectatio.

414 1766 447 1802 3.
479 1767 710 1811 PRAETEREA,
741 1764 770 1800 si
800 1763 1037 1800 delectationi
1066 1763 1251 1800 contraria
1278 1769 1333 1809 est
1353 1761 1416 1798 de-

357 1818 518 1865 lectatio,
548 1818 622 1854 hoc
650 1829 728 1854 non
758 1823 812 1853 est
839 1816 909 1852 nisi
937 1823 1091 1864 propter
1116 1815 1416 1852 contrarietatem

360 1883 494 1907 eorum
508 1870 546 1907 in
563 1870 700 1918 quibus
719 1869 852 1916 aliquis
873 1869 1087 1906 delectatur.
1110 1869 1185 1905 Sed
1200 1869 1295 1905 haec
1310 1866 1414 1904 diffe-

359 1924 476 1960 rentia
506 1930 560 1959 est
579 1922 800 1959 materialis:
827 1921 1070 1958 contrarietas
1090 1929 1215 1958 autem
1235 1928 1291 1957 est
1310 1920 1416 1957 diffe-

358 1976 477 2013 rentia
505 1975 715 2012 secundum
745 1975 921 2021 formam,
950 1982 992 2010 ut
1021 1974 1154 2011 dicitur
1180 1975 1219 2010 in
1239 1975 1273 2010 X
1292 1974 1417 2009 Meta-

351 2030 463 2078 phys.
484 2028 504 2049 '¹‘
532 2029 633 2076 Ergo
659 2027 901 2064 contrarietas
921 2039 999 2064 non
1020 2034 1075 2063 est
1094 2026 1350 2064 delectationis
1369 2026 1417 2062 ad

359 2081 658 2119 delectationem.

413 2136 487 2171 SED
516 2146 672 2180 CONTRA,
694 2145 740 2169 ea
767 2145 864 2181 quae
893 2144 934 2169 se
962 2132 1185 2180 impediunt,
1210 2132 1248 2169 in
1278 2133 1415 2170 eodem

358 2199 496 2235 genere
525 2186 729 2233 existentia,
750 2185 962 2222 secundum
982 2185 1310 2234 Philosophum,
1279 2185 1299 2207 ’¹‘
1331 2194 1418 2222 sunt

360 2239 556 2277 contraria.
579 2239 656 2276 Sed
681 2239 872 2286 quaedam
894 2238 1160 2274 delectationes
1189 2250 1228 2274 se
1253 2238 1417 2275 invicem

360 2345 627 2383 delectationes
656 2351 743 2381 sunt
771 2343 990 2380 contrariae.

413 2400 637 2435 RESPONDEO
657 2408 840 2434 DlCENDuM
855 2396 962 2444 quod
977 2395 1201 2433 delectatio'
1193 2408 1232 2432 ln
1251 2395 1418 2432 affectio-

358 2452 468 2489 nibus
497 2451 656 2496 animae,
686 2449 782 2486 sicut
810 2449 951 2485 dictum
977 2456 1032 2485 est
1049 2448 1080 2496 ²⁸,
1097 2448 1418 2497 ·prop0rtionatur

359 2504 474 2553 quieti
501 2504 539 2540 in
570 2502 792 2551 corporibus
810 2501 1055 2538 naturalibus.
1084 2501 1270 2538 Dicuntur
1289 2509 1414 2538 autem

359 2558 455 2595 duae
485 2556 629 2605 quietes
658 2567 740 2592 esse
770 2554 989 2601 contrariae,
1019 2566 1117 2601 quae
1146 2561 1234 2590 sunt
1260 2553 1300 2590 in
1327 2566 1415 2590 con—

356 2610 474 2648 trariis
500 2607 686 2654 terminis;
716 2608 811 2644 sicut
842 2608 944 2655 quies
980 2618 1077 2654 quae
1104 2612 1158 2654 est
1181 2618 1352 2652 sursum,
1382 2607 1418 2643 ei

357 2675 453 2712 quae
481 2668 534 2699 est
559 2662 744 2707 deorsum,
764 2667 806 2697 ut
824 2659 958 2697 dicitur
976 2659 1011 2696 V
1029 2659 1177 2707 Physic.
1199 2659 1219 2679 ”⁸
1247 2660 1358 2696 Unde
1379 2667 1414 2696 et

1471 1075 1650 1123 contingit
1678 1075 1716 1112 in
1744 1076 1940 1114 affectibus
1969 1078 2118 1115 animae
2145 1080 2239 1117 duas
2260 1080 2527 1120 delectationes

1471 1139 1554 1164 esse
1582 1135 1795 1166 contrarias.

1523 1182 1582 1216 AD
1615 1193 1751 1218 PRIMUM
1783 1194 1881 1219 ERGO
1905 1195 2088 1220 mcENDUM
2116 1186 2220 1233 quod
2247 1186 2409 1224 verbum
2437 1186 2527 1224 illud

1470 1233 1690 1282 Philosophi
1719 1242 1774 1271 est
1792 1234 2075 1283 intelligendum
2100 1237 2310 1275 secundum
2337 1239 2442 1287 quod
2460 1240 2529 1276 bo-

1471 1298 1564 1322 num
1594 1293 1629 1322 et
1656 1288 1802 1325 malum
1835 1288 2015 1337 accipitur
2050 1290 2088 1326 in
2115 1290 2315 1327 virtutibus
2344 1294 2380 1328 et
2405 1291 2526 1330 vitiis:

1470 1351 1560 1375 nam
1588 1339 1832 1377 inveniuntur
1860 1342 1936 1378 duo
1966 1343 2152 1379 contraria
2170 1343 2271 1390 vitia,
2301 1356 2381 1381 non
2399 1352 2527 1383 autem

1470 1392 1659 1429 invenitur
1685 1393 1804 1430 virtus
1838 1394 2022 1431 contraria
2048 1395 2187 1432 virtuti.
2223 1397 2264 1432 In
2292 1396 2373 1433 aliis
2401 1404 2527 1434 autem

1470 1444 1519 1481 nil
1546 1445 1723 1493 prohibet
1742 1447 1818 1483 duo
1844 1447 1945 1483 bona
1965 1460 2047 1484 esse
2068 1448 2114 1485 ad
2134 1448 2300 1486 invicem
2321 1450 2525 1487 contraria:

1471 1497 1566 1534 sicut
1594 1494 1757 1535 calidum
1788 1507 1824 1535 et
1842 1499 2028 1547 frigidum,
2058 1513 2222 1549 quorum
2241 1514 2363 1538 unum
2384 1510 2439 1539 est
2458 1503 2527 1540 bo-

1470 1562 1563 1587 num
1591 1550 1683 1599 igni,
1713 1552 1873 1588 alterum
1902 1564 2035 1600 aquae.
2066 1554 2115 1589 Et
2141 1565 2209 1601 per
2235 1554 2338 1590 hunc
2364 1555 2527 1592 modum

1470 1603 1666 1640 delectatio
1693 1611 1819 1651 potest
1847 1616 1928 1641 esse
1958 1605 2194 1642 delectationi
2223 1607 2419 1644 contraria.
2450 1608 2528 1644 Sed

1470 1656 1545 1692 hoc
1564 1655 1602 1691 in
1621 1656 1725 1692 bono
1745 1656 1891 1693 virtutis
1911 1669 1992 1693 esse
2011 1669 2090 1694 non
2108 1665 2253 1706 potest:
2273 1659 2362 1707 quia
2380 1658 2527 1697 bonurn

1469 1708 1614 1744 virtutis
1642 1720 1720 1745 non
1749 1708 1928 1757 accipitur
1954 1709 2025 1746 nisi
2053 1722 2121 1758 per
2149 1711 2454 1749 convenientiam
2479 1713 2527 1750 ad

1470 1760 1610 1808 aliquid
1637 1773 1777 1808 unum,
1797 1761 1947 1798 'scilicet
1974 1762 2171 1800 rationem.

1523 1815 1581 1850 AD
1601 1826 1791 1851 SECUNDUM
1809 1826 1993 1852 mci-:Naum
2013 1816 2118 1863 quod
2138 1816 2334 1853 delectatio
2354 1829 2394 1854 se
2412 1817 2528 1854 habet

1470 1866 1508 1903 in
1537 1867 1733 1904 affectibus
1762 1868 1922 1915 animae,
1953 1868 2048 1906 sicut
2066 1869 2172 1917 quies
2192 1869 2369 1907 naturalis
2388 1870 2427 1907 in
2447 1881 2528 1906 cor-

1469 1919 1647 1968 poribus:
1679 1927 1734 1956 est
1761 1921 1862 1957 enim
1886 1921 1925 1958 in
1949 1921 2075 1969 aliquo
2097 1922 2337 1959 convenienti
2365 1929 2401 1958 et
2419 1922 2527 1971 quasi

1471 1973 1716 2010 connaturali.
1747 1973 1912 2010 Tristitia
1940 1982 2068 2011 autem
2097 1987 2136 2011 se
2164 1975 2279 2011 habet
2306 1975 2400 2011 sicut
2420 1975 2527 2024 quies

1469 2025 1657 2062 violenta:
1686 2026 1864 2063 tristabile
1894 2027 1995 2063 enim
2029 2035 2212 2075 repugnat
2240 2028 2421 2076 appetitui
2449 2028 2528 2065 ani-

1472 2078 1571 2125 mali,
1601 2079 1696 2115 sicut
1722 2079 1828 2115 locus
1857 2079 1992 2128 quietis
2011 2079 2201 2117 violentae
2223 2080 2403 2129 appetitui
2422 2088 2528 2118 natu-

1471 2131 1548 2167 rali.
1572 2131 1699 2178 Quieti
1719 2140 1847 2169 autem
1867 2133 2024 2169 naturali
2043 2133 2248 2182 opponitur
2267 2141 2303 2170 et
2321 2133 2428 2182 quies
2445 2133 2528 2171 vio-

1470 2185 1570 2221 lenta
1590 2185 1761 2221 eiusdem
1783 2185 1964 2234 corporis,
1986 2193 2022 2222 et
2041 2186 2147 2234 quies
2166 2186 2344 2223 naturalis
2364 2186 2526 2234 alterius,

1470 2245 1511 2275 ut
1539 2237 1671 2273 dicitur
1694 2237 1732 2274 in
1751 2238 1786 2274 V
1803 2238 1952 2286 Physic.
1972 2238 1992 2259 '³‘
2020 2239 2131 2276 Unde
2151 2239 2388 2276 delectationi
2407 2251 2528 2288 oppo-

1471 2291 1570 2327 nitur
1599 2297 1635 2326 et
1662 2290 1859 2327 delectatio
1889 2298 1925 2327 et
1951 2291 2105 2328 tristitia.

1523 2344 1582 2379 An
1610 2354 1768 2379 TERTIUM
1796 2354 1980 2380 morannum
2008 2343 2113 2392 quod
2139 2355 2184 2380 ea
2211 2344 2249 2380 in
2269 2344 2406 2392 quibus
2427 2345 2527 2382 dele-

1471 2403 1627 2442 ctamur,
1649 2407 1737 2431 cum
1756 2394 1828 2432 sint
1852 2395 2000 2432 obiecta
2020 2395 2288 2444 delectationis,
2304 2409 2383 2434 non
2401 2398 2528 2435 solum

1470 2448 1611 2485 faciunt
1643 2447 1895 2485 differentiam
1927 2448 2181 2496 materialem,
2211 2449 2278 2486 sed
2311 2450 2426 2487 etiam
2454 2450 2528 2487 for-

1470 2502 1623 2547 malem,
1645 2501 1676 2537 si
1694 2500 1740 2537 sit
1759 2500 1907 2537 diversa
1926 2501 2019 2537 ratio
2041 2501 2344 2539 delectabilitatis.
2365 2503 2528 2540 Diversa

1471 2553 1572 2590 enim
1599 2553 1693 2590 ratio
1722 2553 1859 2589 obiecti
1888 2553 2115 2590 diversificat
2142 2554 2309 2602 speciem
2337 2562 2442 2592 actus
2463 2556 2527 2593 vel

1471 2605 1666 2655 passionis,
1695 2613 1737 2642 ut
1765 2617 1810 2642 ex
1838 2605 2060 2654 supradictis
2079 2606 2099 2628 ‘¹‘
2125 2613 2238 2655 patet.

410 2776 436 2809 α)
456 2776 565 2801 obiecta.
583 2789 603 2793 -
621 2775 748 2799 obiectum
769 2774 815 2798 Pa.

1029 2842 1360 2875 Commentaria
1382 2842 1630 2874 Oardjnalis
1651 2842 1851 2875 Caietani

420 2935 551 2956 Rrrcuro
574 2921 715 2964 septimo¹
731 2923 860 2959 omisso,
878 2922 958 2953 circa
977 2928 1135 2958 octavum,
1160 2921 1192 2951 in
1208 2922 1412 2962 responsione

358 2938 460 3000 Aad
482 2968 618 3004 tertium,
641 2967 774 2998 dubium
791 2966 942 2997 occurrit:
964 2966 1039 3007 quia
1054 2965 1207 3006 superius,
1225 2966 1258 2996 in
1275 2976 1327 3006 qu.
1343 2976 1411 3001 xxx,

357 3020 412 3044 art.
437 3023 465 3049 2,
491 3013 610 3043 dictum
626 3018 672 3042 est
694 3011 783 3051 quod
802 3010 973 3041 differentia
987 3010 1101 3040 obiecti
1125 3010 1300 3040 secundum
1323 3017 1413 3040 natu-

356 3067 434 3093 ram,
448 3056 522 3087 facit
535 3055 728 3086 materialem
744 3055 953 3085 diversitatem
965 3055 1166 3094 passionum;
1184 3054 1234 3084 hic
1250 3063 1324 3087 vero
1339 3054 1413 3084 dici-

357 3108 408 3132 tur
435 3101 523 3142 quod
553 3099 674 3130 obiecta
707 3099 951 3130 delectationum
974 3098 1181 3128 diversificant
1213 3108 1278 3128 non
1308 3098 1414 3128 solum

356 3144 564 3180 materialiter,
581 3144 636 3174 sed
659 3142 845 3179 formaliter,
871 3142 1121 3174 delectationem.

412 3188 448 3219 II.
466 3188 517 3219 Ad
531 3187 593 3218 hoc
610 3187 722 3218 dicitur
736 3187 868 3217 breviter
891 3187 979 3227 quod
998 3186 1157 3217 doctrinae
1174 3185 1328 3226 superiori
1348 3195 1413 3215 non

357 3239 511 3274 repugnat
541 3241 696 3272 praesens.
722 3231 885 3268 Quoniam
912 3231 956 3260 ibi
980 3230 1113 3261 dicimus
1137 3230 1225 3271 quod
1254 3229 1413 3260 diversitas

358 3276 472 3307 obiecti
495 3275 671 3306 secundum
687 3275 844 3311 virtutem,
863 3281 969 3305 causat
988 3274 1198 3305 diversitatem
1217 3273 1412 3314 passionum,

358 3331 424 3351 non
447 3327 554 3351 autem
570 3319 730 3350 diversitas
754 3319 929 3349 secundum
944 3325 1097 3349 naturam.
1115 3318 1156 3348 Et
1181 3325 1353 3358 utrumque
1369 3324 1415 3348 est

357 3375 478 3401 verum,
495 3363 710 3395 universaliter
732 3363 942 3394 intellectum:
967 3372 1033 3392 non
1055 3362 1141 3392 enim
1160 3362 1264 3392 omnis
1289 3361 1414 3392 diversi-

1466 2928 1513 2952 tas
1529 2927 1658 2952 naturae
1682 2921 1795 2952 obiecti
1811 2920 1995 2952 diversificat
2011 2921 2148 2962 speciem
2163 2922 2328 2962 passionis.
2345 2923 2438 2954 Nunc
2452 2933 2528 2955 vero

1467 2965 1601 2996 dicimus
1620 2966 1709 3006 quod
1732 2965 1838 3006 aliqua
1861 2965 2020 2996 diversitas
2043 2971 2173 2996 naturae
2187 2965 2311 3002 obiecti,
2335 2966 2389 2997 ina
2412 2967 2528 2999 scilicet

1467 3019 1548 3050 quae
1571 3009 1726 3040 redundat
1744 3009 1776 3039 in
1801 3009 1955 3040 diversam
1975 3009 2129 3040 rationem
2153 3009 2353 3046 delectabilis,
2379 3010 2528 3042 diversifi-

1468 3060 1516 3084 cat
1535 3054 1672 3094 speciem
1688 3053 1853 3094 passionis.
1871 3053 2005 3084 Constat
2021 3060 2126 3084 autem
2142 3053 2218 3084 haec
2233 3053 2291 3084 sibi
2307 3054 2443 3085 invicem
2459 3064 2525 3086 non

1468 3098 1631 3128 adversari.
1655 3115 1676 3120 —-
1700 3098 1765 3128 Nec
1791 3097 1852 3128 hoc
1882 3104 1928 3128 est
1957 3097 2113 3137 singulare
2140 3097 2173 3128 in
2204 3098 2426 3130 delectatione:
2451 3108 2526 3130 nam

1467 3141 1552 3172 idem
1564 3148 1610 3172 est
1620 3142 1658 3172 de
1673 3141 1927 3182 concupiscentia
1934 3141 2098 3172 iudicium.
2110 3141 2196 3172 Cum
2206 3141 2292 3173 enim
2304 3142 2526 3183 concupiscen-

1467 3185 1510 3216 tia
1524 3186 1563 3216 sit
1586 3185 1743 3226 appetitus
1763 3184 1962 3221 delectabilis,
1978 3185 2018 3215 ad
2042 3185 2346 3227 delectationemque
2363 3196 2396 3217 se
2411 3186 2525 3217 habeat

1468 3235 1503 3260 ut
1518 3236 1625 3260 motus
1648 3230 1688 3259 ad
1711 3229 1850 3270 quietem
1872 3228 1979 3269 ipsum
1996 3229 2233 3266 terminantem;
2260 3239 2455 3271 consequens
2478 3235 2525 3260 est

1467 3274 1570 3314 quod,
1589 3273 1821 3304 delectabilibus
1845 3272 2046 3304 existentibus
2070 3273 2241 3310 contrariis,
2259 3284 2294 3305 ac
2316 3283 2372 3314 per
2393 3273 2455 3304 hoc
2478 3273 2523 3303 di-

1468 3318 1586 3348 stinctis
1611 3317 1722 3357 specie,
1740 3326 1866 3348 necesse
1889 3317 1928 3347 sit
1950 3323 1981 3347 et
2004 3317 2226 3348 delectationes
2247 3324 2278 3348 et
2300 3316 2526 3358 concupiscen-

1467 3361 1524 3392 tias
1548 3371 1614 3392 esse
1638 3360 1816 3397 contrarias,
1831 3370 1866 3391 ac
1889 3371 1945 3401 per
1967 3361 2029 3392 hoc
2052 3361 2194 3402 specifice
2218 3361 2386 3394 distinctas.

1364 3456 1520 3481 ⁴4-

2555 2251 2564 2262 ·
2578 2251 2637 2275 Ibid-
2651 2257 2675 2274 n.
2689 2251 2711 2279 8,
2725 2256 2760 2274 12-
