2852 4152
96 314 106 324 ‘
121 313 177 341 Cup.
191 319 234 335 xu.

95 529 106 540 '⁵
119 518 183 559 'Deus
203 527 307 550 Creator

96 560 204 577 omarum.

94 686 106 697 ⁴
114 685 162 713 Qu.
170 691 257 713 xxxvn,
265 689 306 707 art.

95 719 120 739 4.

335 229 410 265 260

971 228 1238 275 QUAESTIO
1267 228 1479 273 XXXVIII,
1509 228 1804 264 ARTICULUS
1833 228 1868 264 V

328 308 417 354 sess.
433 306 470 343 *ε
494 307 701 344 Audieram
721 306 846 344 balnei
867 318 1003 344 nomen
1023 307 1108 343 inde
1126 306 1275 350 dictum,
1296 306 1397 354 quod
1450 305 1547 351 facit,
1568 312 1610 342 ut
1628 317 1742 364 supra
1759 306 1779 326 *
1798 305 1942 343 dictum
1962 313 2028 345 est.
2045 307 2168 355 Unde,
2190 320 2279 345 cum
2299 307 2425 345 omnis
2445 309 2549 346 de·
2564 313 2613 341 Qu
2627 320 2690 342 xxxx,
2707 319 2750 337 art

334 359 562 396 anxietatem
584 360 703 408 pellat
728 371 778 396 ex
804 360 944 396 animo.
975 360 1023 396 Et
1050 358 1167 395 infra:
1195 358 1392 403 Dormivi,

333 418 370 448 et
395 412 584 462 evigilavi,
614 418 650 449 et
675 416 750 449 non
768 423 895 461 parva
915 424 964 448 ex
977 417 1088 459 parte
1107 411 1319 469 mitigatum
1339 410 1393 446 in-

333 466 421 502 veni
446 465 614 502 dolorem
641 477 778 502 meum.
810 465 857 502 Et
885 464 1028 501 inducit
1055 463 1163 510 quod
1189 462 1229 498 in
1247 463 1393 509 hymno

334 518 526 555 Ambrosii
540 518 560 540 *
575 517 718 564 dicitur,
740 517 846 564 quod
866 517 968 565 quies
991 521 1096 553 artus
1118 515 1257 551 solutos
1277 515 1398 552 reddit

335 570 473 608 laboris
502 571 602 616 usui,
632 575 844 618 mentesque
864 570 991 617 fessas
1018 568 1174 613 allevat,
1203 566 1395 615 luctusque

333 623 443 660 solvit
467 624 614 661 anxios.

388 678 612 714 Responnsso
631 686 814 712 mceuouu
835 673 951 721 quod,
973 672 1068 710 sicut
1087 684 1201 720 supra
1216 672 1236 694 ’¹‘
1251 672 1393 709 dictum

336 736 410 776 est,
439 728 584 765 tristitia
618 727 831 765 secundum
864 738 974 763 suam
1011 724 1180 773 speciem
1213 732 1397 773 repugnat

333 782 436 819 vitali
465 781 625 818 motioni
660 779 840 828 corporis.
871 779 919 815 Et
947 778 1033 815 ideo
1062 778 1123 814 illa
1151 790 1250 826 quae
1280 778 1396 815 refor-

334 842 441 871 mant
469 841 641 870 naturam
672 831 908 880 corporalem
935 831 973 867 in
994 830 1164 867 debitum
1185 838 1322 867 statum
1341 830 1396 867 vi-

335 887 416 923 talis
445 886 636 928 motionis,
659 892 869 932 repugnant
892 883 1071 930 tristitiae,
1093 890 1129 919 et
1148 883 1269 932 ipsam
1299 883 1395 920 miti-

334 947 433 986 gant.
457 960 480 966 -
500 939 573 974 Per
601 939 674 973 hoc
704 937 817 973 etiam
838 936 944 984 quod
972 936 1192 973 huiusmodi
1217 936 1395 973 remediis

334 991 525 1028 reducitur
552 997 686 1026 natura
715 990 763 1026 ad
794 989 964 1026 debitum
986 996 1135 1036 statum,
1158 997 1332 1025 causatur
1351 1001 1394 1025 ex

333 1044 390 1080 his
419 1043 638 1080 delectatio:
667 1044 741 1079 hoc
772 1042 872 1078 enim
901 1050 957 1079 est
981 1043 1086 1091 quod
1106 1041 1395 1079 delectationem

1447 357 1596 396 lectatio
1625 357 1807 395 tristitiam
1837 358 1988 406 mitiget,
2008 371 2077 409 per
2095 359 2316 399 huiusmodi
2340 346 2546 398 remedia

1448 410 1659 459 corporalia
1687 410 1830 447 tristitia
1858 410 2060 459 mitigatur.

1501 464 1560 499 An
1580 474 1718 500 Palmum
1736 474 1834 500 ERGO
1852 472 2037 502 meeumm
2057 465 2188 514 quod'
2180 476 2262 514 1psa
2281 465 2409 502 debita
2429 477 2511 503 cor-

1448 514 1552 563 poris
1568 514 1776 562 dispositio,
1793 515 2018 565 inquantum
2034 517 2202 565 sentitur,
2219 517 2510 559 delectationem

1449 573 1589 613 causat,
1621 574 1657 604 et
1682 579 1752 615 per
1780 579 2017 617 consequens
2044 570 2228 608 tristitiam
2258 569 2411 617 mitigat.

1502 621 1560 657 An
1579 631 1768 659 SECUNDUM
1788 632 1971 660 DICENDUM
1997 623 2104 670 quod
2122 623 2414 661 delectationum
2432 633 2510 659 una

1449 672 1562 710 aliam
1591 672 1766 720 impedit,
1794 680 1836 714 ut
1862 685 1977 732 supra
1995 673 2016 696 *
2038 675 2185 716 dictum
2213 683 2288 713 est:
2319 682 2355 713 et
2382 681 2547 712 tamen·

1451 724 1576 762 omnis
1605 724 1802 765 delectatio
1831 725 2031 767 tristitiam
2043 727 2196 786 mitigat.
2226 728 2338 767 Unde
2357 740 2436 767 non
2456 735 2512 765 est

1449 777 1724 817 inconveniens
1757 778 1864 825 quod
1892 790 1938 816 ex
1973 779 2094 821 causis
2123 792 2164 818 se
2196 780 2361 822 invicem
2389 779 2510 829 impe-

1450 830 1639 868 dientibus
1667 830 1811 868 tristitia
1839 830 2059 879 mitigetur..

1502 885 1561 920 Αι)
1581 895 1741 921 τΕιῑτιυΜ
1759 895 1944 920 οιεΕΝουΜ
1968 883 2074 932 quod
2102 884 2227 921 omnis
2255 856 2358 922 bona
2387 885 2511 934 dispo-

1451 936 1534 973 sitio
1556 936 1725 996 corporis
1745 936 1933 973 redundat
1947 936 2240 984 quodammodo
2255 938 2304 974 ad
2323 950 2401 986 cor,
2418 937 2512 974 sicut

1451 989 1499 1025 ad
1527 989 1755 1038 principium
1785 996 1820 1025 et
1847 989 1966 1026 finem
1996 989 2252 1038 corporalium
2281 990 2509 1038 motionum,

1449 1049 1491 1077 ut
1520 1041 1653 1078 dicitur
1679 1042 1719 1078 in
1746 1041 1842 1078 libro
1871 1042 1916 1078 de
1939 1043 2064 1079 Causa
2082 1043 2214 1078 Motus
2232 1043 2464 1080 Animalium
2478 1042 2510 1080 ¹⁸.

1009 1115 1343 1173 Commentaria
1363 1136 1613 1171 Cardinalis
1630 1119 1834 1172 'Caietam

336 1238 382 1300 IN
405 1227 590 1268 quaestione
617 1225 887 1266 trigesimaoctava
911 1226 975 1256 duo
1001 1232 1125 1256 tantum
1147 1232 1316 1256 occurrunt
1339 1235 1396 1255 no-

1451 1224 1576 1255 riorem.
1589 1225 1670 1256 Sunt
1682 1225 1766 1256 enim
1778 1225 1811 1256 in
1828 1226 2095 1266 contemplatione
2111 1226 2192 1256 duo:
2210 1226 2382 1265 obiectum,
2393 1233 2423 1257 et
2439 1236 2513 1257 con-

363 1271 465 1302 tanda.
490 1270 633 1301 Primum
650 1277 696 1300 est
711 1270 743 1300 in
760 1271 900 1300 secundo
920 1269 1061 1306 articulo,
1082 1269 1114 1299 in
1136 1269 1395 1310 responsionibus
1450 1269 1617 1309 templatio
1631 1269 1708 1301 eius.
1728 1270 1770 1300 Et
1784 1280 1820 1300 ex
1834 1270 2021 1310 supradictis
2034 1270 2052 1290 ’⁸‘
2070 1276 2156 1310 patet
2176 1270 2264 1311 quod
2286 1269 2512 1311 contemplatio

332 1316 372 1346 ad
384 1315 524 1355 primum
537 1321 566 1345 et
581 1315 720 1350 tertium,
732 1314 821 1354 quod
835 1314 868 1344 in
880 1314 974 1344 flente
989 1320 1064 1344 sunt
1078 1313 1149 1344 tria:
1166 1314 1233 1354 ipse
1245 1313 1394 1350 tristatus,

332 1360 494 1390 obiectum
510 1359 707 1394 contristans,
722 1365 753 1389 et
769 1358 896 1389 effectus
913 1358 1064 1395 tristitiae,
1079 1365 1156 1398 puta
1172 1358 1255 1388 fiere.
1271 1358 1312 1389 Et
1323 1364 1398 1388 sunt

333 1404 413 1434 duae
430 1403 602 1434 contrariae
621 1402 821 1433 habitudines
840 1402 921 1433 inter
935 1402 1094 1433 tristatum
1108 1408 1139 1432 et
1154 1402 1350 1438 contristans,
1366 1408 1396 1432 et

331 1448 412 1478 inter
431 1447 587 1478 tristatum
608 1453 638 1477 et
654 1446 817 1477 effectum:
843 1457 917 1476 nam
933 1445 1013 1477 inter
1034 1446 1087 1477 illa
1102 1453 1147 1477 est
1162 1446 1316 1477 habitudo
1334 1445 1395 1476 dis-

332 1491 578 1527 convenientiam,
595 1490 675 1522 inter
693 1491 751 1522 ista
766 1490 1014 1523 convenientiae.
1031 1491 1073 1522 Et
1088 1497 1254 1531 propterea
1269 1490 1395 1521 effectus

331 1536 408 1576 ipse,
422 1542 499 1576 puta
516 1535 617 1572 fletus,
635 1535 753 1566 habens
771 1535 804 1565 in
821 1545 854 1565 se
871 1542 1052 1576 utrumque,
1068 1535 1143 1576 quia
1158 1541 1189 1565 et
1207 1541 1253 1565 est
1269 1534 1395 1566 effectus

333 1589 493 1610 consonus
517 1579 605 1616 tristi,
623 1586 654 1610 et
677 1586 853 1620 praesentat
877 1579 1038 1610 obiectum
1058 1579 1244 1610 contristans
1267 1585 1311 1609 ut'
1327 1588 1397 1609 cau-

332 1632 415 1660 sam;
440 1624 512 1655 licet
527 1624 648 1654 ratione
674 1623 787 1654 obiecti
815 1624 972 1655 tristitiam
997 1631 1124 1663 augeat,
1150 1630 1280 1663 propter
1305 1623 1394 1663 quod

333 1675 363 1699 et
385 1668 477 1698 fletus
501 1668 719 1705 continuatur;
744 1668 865 1698 ratione
884 1675 989 1698 tamen
1014 1668 1073 1704 sui,
1096 1668 1229 1698 delectat
1252 1674 1282 1698 et
1304 1667 1396 1698 tristi-

332 1712 409 1742 tiam
433 1712 557 1743 minuit.
582 1712 623 1743 Et
646 1712 721 1752 quia
741 1723 788 1742 res
813 1712 912 1752 magis
935 1712 1056 1742 ratione
1079 1712 1128 1742 sui
1152 1721 1249 1752 quam
1269 1711 1395 1742 alterius

331 1756 505 1793 iudicatur,
529 1756 601 1786 ideo
626 1756 808 1796 simpliciter
837 1757 1020 1787 conceditur
1047 1756 1135 1797 quod
1159 1756 1251 1786 fletus
1274 1755 1397 1795 mitigat

331 1800 499 1831 tristitiam.

385 1845 422 1875 ΙΙ.
439 1844 622 1875 Secundum
637 1851 684 1875 est
697 1844 729 1874 in
746 1844 879 1875 articulo
896 1851 1020 1884 quarto,
1038 1844 1077 1874 ad
1094 1844 1290 1874 secundum:
1313 1852 1394 1884 quo-

331 1888 431 1919 modo
455 1888 630 1919 intellectus
650 1888 861 1928 speculativus
877 1895 985 1919 movet
1002 1888 1188 1928 appetitum,
1206 1887 1301 1919 etiam
1317 1887 1394 1918 infe-

1450 1313 1544 1344 habet
1559 1323 1591 1344 se
1610 1321 1647 1344 ut
1669 1314 1852 1345 constitutio
1875 1314 2051 1345 intellectus
2069 1314 2103 1345 in
2122 1314 2284 1346 obiectum
2298 1313 2511 1346 connaturale.

1449 1357 1491 1388 Et
1512 1364 1688 1398 propterea,
1713 1358 1785 1389 licet
1803 1359 2022 1398 contemplans
2038 1358 2233 1398 triangulum
2251 1358 2365 1389 habere
2380 1364 2442 1391 tres
2458 1363 2513 1390 an-

1449 1401 1552 1441 gulos,
1578 1412 1615 1432 ex
1636 1409 1724 1442 parte
1742 1402 1788 1434 rei
1806 1403 2037 1442 contemplatae
2057 1402 2136 1433 nihil
2151 1402 2234 1433 dicat
2254 1402 2339 1433 unde
2354 1401 2513 1443 appetitus

1450 1452 1631 1482 moveatur;
1655 1445 1731 1487 quia
1753 1452 1859 1477 tamen
1878 1446 1947 1487 ipsa
1972 1446 2200 1487 contemplau‘o
2217 1446 2382 1486 coniungit
2398 1454 2514 1477 conua-

1448 1489 1542 1520 turali
1561 1491 1648 1520 bono
1671 1490 1856 1527 intellectus,
1873 1491 1962 1531 quod
1986 1497 2031 1522 est
2049 1500 2170 1527 verum,
2189 1500 2226 1521 ex
2241 1490 2299 1521 hac
2314 1496 2403 1530 parte
2418 1490 2512 1521 habet

1450 1534 1536 1564 unde
1558 1541 1685 1565 moveat
1707 1534 1894 1575 appetitum,
1919 1534 2000 1565 sicut
2023 1535 2182 1575 quaelibet
2203 1534 2264 1565 alia
2279 1534 2463 1565 constitutio
2478 1534 2512 1565 in

1450 1578 1654 1610 connaturale
1678 1578 1810 1609 bonum.
1835 1579 1876 1609 Et
1898 1578 1972 1609 inde
1995 1585 2042 1609 est
2064 1579 2154 1619 quod
2175 1578 2209 1609 in
2233 1587 2439 1618 quocumque
2462 1587 2513 1618 ge-

1449 1632 1523 1652 nere
1547 1622 1618 1663 quis
1641 1622 1856 1663 apprehendat
1878 1632 1911 1653 se
1935 1632 2141 1662 cognoscere,
2166 1622 2337 1655 delectatur
2358 1621 2460 1662 magis
2483 1627 2514 1652 et

1450 1666 1574 1703 minus,
1598 1667 1774 1697 secundum
1797 1667 1887 1707 quod
1911 1666 2038 1697 affectus
2062 1672 2108 1696 est
2131 1665 2287 1697 scientiae.
2312 1665 2354 1696 Et
2376 1665 2434 1696 hac
2457 1665 2513 1696 do-

1451 1710 1547 1740 ctn'na
1566 1717 1653 1741 utere
1672 1710 1852 1751 superius*,
1869 1720 1944 1741 cum
1960 1710 1999 1740 de
2015 1709 2220 1740 delectatione
2235 1708 2551 1750 contemplationis·

1450 1754 1601 1794 disputas.

1503 1799 1680 1836 Quomodo
1701 1805 1807 1829 autem
1823 1797 1980 1839 appetitus
1995 1797 2125 1828 inferior
2142 1803 2218 1837 post
2240 1803 2421 1834 moveatur,
2445 1796 2513 1837 pla-

1450 1852 1529 1872 num
1554 1849 1600 1873 est
1623 1853 1660 1873 ex
1687 1842 1788 1873 littera
1811 1842 1901 1883 quod
1924 1852 1962 1873 ex
1988 1841 2174 1873 redundatia
2196 1840 2250 1879 fit,
2269 1848 2306 1872 ut
2328 1841 2362 1872 in
2383 1850 2514 1882 respon—

1450 1885 1540 1916 sione
1563 1887 1602 1916 ad
1625 1887 1754 1919 tertium
1775 1886 1898 1918 dicitur.

2564 680 2612 708 Qu.
2626 686 2690 708 xxxx,
2705 684 2749 703 art.

2538 998 2550 1010 ⁸
2559 999 2596 1019 Al.
2609 998 2639 1020 de
2647 997 2741 1020 Anima-

2539 1025 2595 1046 lium
2618 1024 2740 1052 Matiane,

2538 1057 2589 1078 cap.
2604 1057 2636 1072 x1.

2539 1273 2551 1285 ⁸
2566 1273 2614 1300 Qu.
2628 1278 2694 1300 xxxx,
2707 1276 2749 1296 m.

2540 1305 2560 1326 ις
2571 1305 2697 1328 quamv,
2707 1302 2750 1322 nrt.

2538 1329 2751 1382 }‚³3‹'1¹·.=.¹¹¹'’f‘?

2540 1743 2561 1765 5
2566 1710 2694 1739 Qun-mv,
2699 1692 2752 1734 ιἸη.
