<?xml version="1.0" encoding="UTF-8"?>
<!DOCTYPE html PUBLIC "-//W3C//DTD XHTML 1.0 Transitional//EN"
    "http://www.w3.org/TR/xhtml1/DTD/xhtml1-transitional.dtd">
<html xmlns="http://www.w3.org/1999/xhtml" xml:lang="en" lang="en">
 <head>
  <title>
</title>
<meta http-equiv="Content-Type" content="text/html;charset=utf-8" />
  <meta name='ocr-system' content='tesseract 3.04.00' />
  <meta name='ocr-capabilities' content='ocr_page ocr_carea ocr_par ocr_line ocrx_word'/>
</head>
<body>
  <div class='ocr_page' id='page_1' title='image "./operaomniaiussui06thom/operaomniaiussui06thom_0102.png"; bbox 0 0 2852 4152; ppageno 0'>
   <div class='ocr_carea' id='block_1_1' title="bbox 121 692 266 740">
    <p class='ocr_par' dir='ltr' id='par_1_1' title="bbox 121 692 266 740">
     <span class='ocr_line' id='line_1_1' title="bbox 121 692 266 720; baseline 0.007 -7"><span class='ocrx_word' id='word_1_1' title='bbox 121 693 130 702; x_wconf 84' lang='grc'><em>·</em></span> <span class='ocrx_word' id='word_1_2' title='bbox 142 692 177 714; x_wconf 80' lang='lat' dir='ltr'><strong>ef.</strong></span> <span class='ocrx_word' id='word_1_3' title='bbox 187 698 226 720; x_wconf 89' lang='lat' dir='ltr'><strong>qu.</strong></span> <span class='ocrx_word' id='word_1_4' title='bbox 235 699 266 714; x_wconf 86' lang='lat' dir='ltr'><strong>vu</strong></span> 
     </span>
     <span class='ocr_line' id='line_1_2' title="bbox 121 722 156 740; baseline 0 0"><span class='ocrx_word' id='word_1_5' title='bbox 121 722 156 740; x_wconf 83' lang='lat' dir='ltr'><strong>tro</strong></span> 
     </span>
    </p>
   </div>
   <div class='ocr_carea' id='block_1_2' title="bbox 160 719 181 741">
    <p class='ocr_par' dir='ltr' id='par_1_2' title="bbox 160 719 181 741">
     <span class='ocr_line' id='line_1_3' title="bbox 160 719 181 741; baseline 0.048 -1"><span class='ocrx_word' id='word_1_6' title='bbox 160 719 181 741; x_wconf 92' lang='lat' dir='ltr'><strong>d.</strong></span> 
     </span>
    </p>
   </div>
   <div class='ocr_carea' id='block_1_3' title="bbox 270 693 334 720">
    <p class='ocr_par' dir='ltr' id='par_1_3' title="bbox 270 693 334 720">
     <span class='ocr_line' id='line_1_4' title="bbox 270 693 334 720; baseline 0 -6"><span class='ocrx_word' id='word_1_7' title='bbox 270 699 284 720; x_wconf 70' lang='lat'><strong>1,</strong></span> <span class='ocrx_word' id='word_1_8' title='bbox 296 693 334 714; x_wconf 84' lang='lat' dir='ltr'><strong>ln-</strong></span> 
     </span>
    </p>
   </div>
   <div class='ocr_carea' id='block_1_4' title="bbox 366 197 415 231">
    <p class='ocr_par' dir='ltr' id='par_1_4' title="bbox 366 197 415 231">
     <span class='ocr_line' id='line_1_5' title="bbox 366 197 415 231; baseline 0 -11"><span class='ocrx_word' id='word_1_9' title='bbox 366 197 415 231; x_wconf 80' lang='grc'><strong>90</strong></span> 
     </span>
    </p>
   </div>
   <div class='ocr_carea' id='block_1_5' title="bbox 1080 186 1813 234">
    <p class='ocr_par' dir='ltr' id='par_1_5' title="bbox 1080 186 1813 234">
     <span class='ocr_line' id='line_1_6' title="bbox 1080 186 1813 234; baseline 0.001 -11"><span class='ocrx_word' id='word_1_10' title='bbox 1080 186 1346 233; x_wconf 77' lang='lat' dir='ltr'><strong>QUAEsrio</strong></span> <span class='ocrx_word' id='word_1_11' title='bbox 1377 189 1445 234; x_wconf 81' lang='lat' dir='ltr'><strong>XI,</strong></span> <span class='ocrx_word' id='word_1_12' title='bbox 1475 189 1770 225; x_wconf 82' lang='lat' dir='ltr'><strong>ARTICULUS</strong></span> <span class='ocrx_word' id='word_1_13' title='bbox 1801 190 1813 224; x_wconf 91' lang='lat'><em>1</em></span> 
     </span>
    </p>
   </div>
   <div class='ocr_carea' id='block_1_6' title="bbox 703 358 2178 531">
    <p class='ocr_par' dir='ltr' id='par_1_6' title="bbox 703 358 2178 531">
     <span class='ocr_line' id='line_1_7' title="bbox 1008 358 1890 430; baseline 0 -17"><span class='ocrx_word' id='word_1_14' title='bbox 1008 358 1422 430; x_wconf 85' lang='lat' dir='ltr'><strong>QUAESTIO</strong></span> <span class='ocrx_word' id='word_1_15' title='bbox 1464 359 1890 414; x_wconf 89' lang='lat' dir='ltr'><strong>UNDECIMA</strong></span> 
     </span>
     <span class='ocr_line' id='line_1_8' title="bbox 703 479 2178 531; baseline 0.002 -9"><span class='ocrx_word' id='word_1_16' title='bbox 703 483 786 522; x_wconf 85' lang='lat' dir='ltr'><strong>DE</strong></span> <span class='ocrx_word' id='word_1_17' title='bbox 819 481 1163 527; x_wconf 84' lang='lat' dir='ltr'><strong>FRUITIONE‚</strong></span> <span class='ocrx_word' id='word_1_18' title='bbox 1201 480 1370 531; x_wconf 73' lang='lat' dir='ltr'><strong>QUAE</strong></span> <span class='ocrx_word' id='word_1_19' title='bbox 1403 479 1517 520; x_wconf 84' lang='lat' dir='ltr'><strong>EST</strong></span> <span class='ocrx_word' id='word_1_20' title='bbox 1551 481 1752 522; x_wconf 84' lang='lat' dir='ltr'><strong>ACTUS</strong></span> <span class='ocrx_word' id='word_1_21' title='bbox 1786 481 2178 525; x_wconf 75' lang='lat' dir='ltr'><strong>VOLUNTAris</strong></span> 
     </span>
    </p>
   </div>
   <div class='ocr_carea' id='block_1_7' title="bbox 1143 589 1754 619">
    <p class='ocr_par' dir='ltr' id='par_1_7' title="bbox 1143 589 1754 619">
     <span class='ocr_line' id='line_1_9' title="bbox 1143 589 1754 619; baseline 0.005 -6"><span class='ocrx_word' id='word_1_22' title='bbox 1143 589 1176 613; x_wconf 86' lang='grc' dir='ltr'><strong>ΙΝ</strong></span> <span class='ocrx_word' id='word_1_23' title='bbox 1209 589 1382 619; x_wconf 85' lang='lat' dir='ltr'><strong>QUATUOR</strong></span> <span class='ocrx_word' id='word_1_24' title='bbox 1409 590 1610 615; x_wconf 82' lang='lat' dir='ltr'>ART1CULOS</span> <span class='ocrx_word' id='word_1_25' title='bbox 1638 591 1754 616; x_wconf 83' lang='lat' dir='ltr'><strong>DIVISA</strong></span> 
     </span>
    </p>
   </div>
   <div class='ocr_carea' id='block_1_8' title="bbox 363 682 1418 881">
    <p class='ocr_par' dir='ltr' id='par_1_8' title="bbox 363 682 1418 881">
     <span class='ocr_line' id='line_1_10' title="bbox 444 682 1308 723; baseline -0.005 0"><span class='ocrx_word' id='word_1_26' title='bbox 444 698 550 723; x_wconf 78' lang='lat' dir='ltr'>EINDE</span> <span class='ocrx_word' id='word_1_27' title='bbox 579 684 897 722; x_wconf 89' lang='lat' dir='ltr'><strong>considerandum</strong></span> <span class='ocrx_word' id='word_1_28' title='bbox 926 690 981 719; x_wconf 91' lang='lat' dir='ltr'><strong>est</strong></span> <span class='ocrx_word' id='word_1_29' title='bbox 1010 682 1056 719; x_wconf 89' lang='lat' dir='ltr'><strong>de</strong></span> <span class='ocrx_word' id='word_1_30' title='bbox 1085 682 1258 720; x_wconf 85' lang='lat' dir='ltr'>fruitione</span> <span class='ocrx_word' id='word_1_31' title='bbox 1278 682 1308 719; x_wconf 61' lang='lat'><strong>³⁸.</strong></span> 
     </span>
     <span class='ocr_line' id='line_1_11' title="bbox 363 696 1232 784; baseline -0.006 -8"><span class='ocrx_word' id='word_1_32' title='bbox 363 696 439 782; x_wconf 85' lang='lat' dir='ltr'>D</span> <span class='ocrx_word' id='word_1_33' title='bbox 497 740 545 775; x_wconf 85' lang='lat' dir='ltr'><strong>Et</strong></span> <span class='ocrx_word' id='word_1_34' title='bbox 574 738 671 775; x_wconf 89' lang='lat' dir='ltr'><strong>circa</strong></span> <span class='ocrx_word' id='word_1_35' title='bbox 698 738 772 774; x_wconf 90' lang='lat' dir='ltr'><strong>hoc</strong></span> <span class='ocrx_word' id='word_1_36' title='bbox 800 742 1030 784; x_wconf 90' lang='lat' dir='ltr'><strong>quaeruntur</strong></span> <span class='ocrx_word' id='word_1_37' title='bbox 1059 743 1232 784; x_wconf 88' lang='lat' dir='ltr'><strong>quatuor.</strong></span> 
     </span>
     <span class='ocr_line' id='line_1_12' title="bbox 413 788 1418 837; baseline -0.003 -9"><span class='ocrx_word' id='word_1_38' title='bbox 413 791 559 828; x_wconf 88' lang='lat' dir='ltr'><strong>Primo:</strong></span> <span class='ocrx_word' id='word_1_39' title='bbox 590 798 715 827; x_wconf 91' lang='lat' dir='ltr'><strong>utrum</strong></span> <span class='ocrx_word' id='word_1_40' title='bbox 748 789 818 826; x_wconf 90' lang='lat' dir='ltr'><strong>frui</strong></span> <span class='ocrx_word' id='word_1_41' title='bbox 851 788 896 824; x_wconf 92' lang='lat' dir='ltr'><strong>sit</strong></span> <span class='ocrx_word' id='word_1_42' title='bbox 915 795 1020 824; x_wconf 93' lang='lat' dir='ltr'><strong>actus</strong></span> <span class='ocrx_word' id='word_1_43' title='bbox 1040 788 1265 837; x_wconf 86' lang='lat' dir='ltr'><strong>appetitivae</strong></span> <span class='ocrx_word' id='word_1_44' title='bbox 1285 796 1418 837; x_wconf 89' lang='lat' dir='ltr'><strong>poten-</strong></span> 
     </span>
     <span class='ocr_line' id='line_1_13' title="bbox 465 851 549 881; baseline 0.012 -1"><span class='ocrx_word' id='word_1_45' title='bbox 465 851 549 881; x_wconf 86' lang='lat' dir='ltr'><strong>tiae.</strong></span> 
     </span>
    </p>
   </div>
   <div class='ocr_carea' id='block_1_9' title="bbox 1526 685 2532 888">
    <p class='ocr_par' dir='ltr' id='par_1_9' title="bbox 1526 685 2532 784">
     <span class='ocr_line' id='line_1_14' title="bbox 1526 685 2532 731; baseline 0.012 -12"><span class='ocrx_word' id='word_1_46' title='bbox 1526 685 1721 721; x_wconf 87' lang='lat' dir='ltr'><strong>Secundo:</strong></span> <span class='ocrx_word' id='word_1_47' title='bbox 1742 692 1869 722; x_wconf 88' lang='lat' dir='ltr'><strong>utrum</strong></span> <span class='ocrx_word' id='word_1_48' title='bbox 1889 686 1958 722; x_wconf 90' lang='lat' dir='ltr'><strong>soli</strong></span> <span class='ocrx_word' id='word_1_49' title='bbox 1983 687 2152 725; x_wconf 89' lang='lat' dir='ltr'>rationali</span> <span class='ocrx_word' id='word_1_50' title='bbox 2179 698 2371 728; x_wconf 88' lang='lat' dir='ltr'><strong>creaturae</strong></span> <span class='ocrx_word' id='word_1_51' title='bbox 2392 705 2532 731; x_wconf 91' lang='lat' dir='ltr'><strong>conve-</strong></span> 
     </span>
     <span class='ocr_line' id='line_1_15' title="bbox 1577 737 2298 784; baseline 0.011 -12"><span class='ocrx_word' id='word_1_52' title='bbox 1577 737 1666 784; x_wconf 89' lang='lat' dir='ltr'><strong>niat,</strong></span> <span class='ocrx_word' id='word_1_53' title='bbox 1697 749 1745 774; x_wconf 88' lang='lat' dir='ltr'><strong>an</strong></span> <span class='ocrx_word' id='word_1_54' title='bbox 1773 738 1887 775; x_wconf 91' lang='lat' dir='ltr'><strong>etiam</strong></span> <span class='ocrx_word' id='word_1_55' title='bbox 1917 739 2142 778; x_wconf 82' lang='lat' dir='ltr'>animalibus</span> <span class='ocrx_word' id='word_1_56' title='bbox 2171 742 2298 780; x_wconf 88' lang='lat' dir='ltr'><strong>brutis.</strong></span> 
     </span>
    </p>

    <p class='ocr_par' dir='ltr' id='par_1_10' title="bbox 1526 789 2507 835">
     <span class='ocr_line' id='line_1_16' title="bbox 1526 789 2507 835; baseline 0.011 -10"><span class='ocrx_word' id='word_1_57' title='bbox 1526 789 1673 826; x_wconf 89' lang='lat' dir='ltr'><strong>Tertio:</strong></span> <span class='ocrx_word' id='word_1_58' title='bbox 1703 797 1830 827; x_wconf 89' lang='lat' dir='ltr'><strong>utrum</strong></span> <span class='ocrx_word' id='word_1_59' title='bbox 1858 791 1983 828; x_wconf 84' lang='lat' dir='ltr'>fruitio</span> <span class='ocrx_word' id='word_1_60' title='bbox 2011 792 2058 829; x_wconf 89' lang='lat' dir='ltr'><strong>sit</strong></span> <span class='ocrx_word' id='word_1_61' title='bbox 2084 801 2229 831; x_wconf 88' lang='lat' dir='ltr'><strong>tantum</strong></span> <span class='ocrx_word' id='word_1_62' title='bbox 2257 797 2378 834; x_wconf 91' lang='lat' dir='ltr'><strong>ultimi</strong></span> <span class='ocrx_word' id='word_1_63' title='bbox 2408 798 2507 835; x_wconf 90' lang='lat' dir='ltr'>finis.</span> 
     </span>
    </p>

    <p class='ocr_par' dir='ltr' id='par_1_11' title="bbox 1527 842 2340 888">
     <span class='ocr_line' id='line_1_17' title="bbox 1527 842 2340 888; baseline 0.01 -10"><span class='ocrx_word' id='word_1_64' title='bbox 1527 842 1693 888; x_wconf 89' lang='lat' dir='ltr'><strong>Quarto:</strong></span> <span class='ocrx_word' id='word_1_65' title='bbox 1722 850 1849 880; x_wconf 87' lang='lat' dir='ltr'><strong>utrum</strong></span> <span class='ocrx_word' id='word_1_66' title='bbox 1876 843 1922 880; x_wconf 93' lang='lat' dir='ltr'><strong>sit</strong></span> <span class='ocrx_word' id='word_1_67' title='bbox 1949 845 2074 881; x_wconf 90' lang='lat' dir='ltr'><strong>solum</strong></span> <span class='ocrx_word' id='word_1_68' title='bbox 2097 846 2187 883; x_wconf 59' lang='lat' dir='ltr'><strong>»finis</strong></span> <span class='ocrx_word' id='word_1_69' title='bbox 2213 848 2340 886; x_wconf 89' lang='lat' dir='ltr'><strong>habiti.</strong></span> 
     </span>
    </p>
   </div>
   <div class='ocr_carea' id='block_1_10' title="bbox 883 951 2003 1076">
    <p class='ocr_par' dir='ltr' id='par_1_12' title="bbox 883 951 2003 1076">
     <span class='ocr_line' id='line_1_18' title="bbox 1163 951 1716 1003; baseline 0.004 -12"><span class='ocrx_word' id='word_1_70' title='bbox 1163 951 1478 1003; x_wconf 86' lang='lat' dir='ltr'><strong>ARTICULUS</strong></span> <span class='ocrx_word' id='word_1_71' title='bbox 1512 952 1716 994; x_wconf 86' lang='lat' dir='ltr'>PRIMUS</span> 
     </span>
     <span class='ocr_line' id='line_1_19' title="bbox 883 1042 2003 1076; baseline 0.002 -2"><span class='ocrx_word' id='word_1_72' title='bbox 883 1043 1039 1074; x_wconf 86' lang='lat' dir='ltr'><strong>UTRUM</strong></span> <span class='ocrx_word' id='word_1_73' title='bbox 1062 1043 1161 1074; x_wconf 87' lang='lat' dir='ltr'>FRUI</span> <span class='ocrx_word' id='word_1_74' title='bbox 1188 1043 1254 1073; x_wconf 80' lang='lat' dir='ltr'><strong>srr</strong></span> <span class='ocrx_word' id='word_1_75' title='bbox 1277 1042 1421 1073; x_wconf 83' lang='lat' dir='ltr'><strong>ACTUs</strong></span> <span class='ocrx_word' id='word_1_76' title='bbox 1445 1043 1730 1074; x_wconf 75' lang='lat' dir='ltr'><strong>APPETITIVAE</strong></span> <span class='ocrx_word' id='word_1_77' title='bbox 1754 1044 2003 1076; x_wconf 77' lang='lat' dir='ltr'><strong>POTENTIAE</strong></span> 
     </span>
    </p>
   </div>
   <div class='ocr_carea' id='block_1_11' title="bbox 1225 1119 1661 1151">
    <p class='ocr_par' dir='ltr' id='par_1_13' title="bbox 1225 1119 1661 1151">
     <span class='ocr_line' id='line_1_20' title="bbox 1225 1119 1661 1151; baseline 0.002 -8"><span class='ocrx_word' id='word_1_78' title='bbox 1225 1121 1234 1143; x_wconf 89' lang='grc' dir='ltr'>Ι</span> <span class='ocrx_word' id='word_1_79' title='bbox 1254 1120 1337 1150; x_wconf 83' lang='lat' dir='ltr'><strong>Sent.,</strong></span> <span class='ocrx_word' id='word_1_80' title='bbox 1358 1119 1416 1144; x_wconf 90' lang='lat' dir='ltr'><strong>dist.</strong></span> <span class='ocrx_word' id='word_1_81' title='bbox 1435 1127 1455 1150; x_wconf 85' lang='lat'><strong>1,</strong></span> <span class='ocrx_word' id='word_1_82' title='bbox 1476 1127 1521 1151; x_wconf 89' lang='lat' dir='ltr'><strong>qu.</strong></span> <span class='ocrx_word' id='word_1_83' title='bbox 1539 1127 1557 1148; x_wconf 84' lang='lat'><strong>1,</strong></span> <span class='ocrx_word' id='word_1_84' title='bbox 1576 1125 1622 1144; x_wconf 78' lang='lat' dir='ltr'><strong>art.</strong></span> <span class='ocrx_word' id='word_1_85' title='bbox 1640 1128 1661 1144; x_wconf 83' lang='lat'><strong>1.</strong></span> 
     </span>
    </p>
   </div>
   <div class='ocr_carea' id='block_1_12' title="bbox 352 1207 1416 2315">
    <p class='ocr_par' dir='ltr' id='par_1_14' title="bbox 352 1207 1416 1615">
     <span class='ocr_line' id='line_1_21' title="bbox 385 1207 1414 1266; baseline -0.004 -19"><span class='ocrx_word' id='word_1_86' title='bbox 385 1223 451 1266; x_wconf 35' lang='lat' dir='ltr'><strong>&gt;fis</strong></span> <span class='ocrx_word' id='word_1_87' title='bbox 469 1227 522 1261; x_wconf 43' lang='grc' dir='ltr'><strong>μς»</strong></span> <span class='ocrx_word' id='word_1_88' title='bbox 567 1222 588 1246; x_wconf 90' lang='lat' dir='ltr'>D</span> <span class='ocrx_word' id='word_1_89' title='bbox 617 1221 756 1246; x_wconf 82' lang='lat' dir='ltr'>PRIMUM</span> <span class='ocrx_word' id='word_1_90' title='bbox 781 1221 834 1246; x_wconf 79' lang='lat' dir='ltr'><strong>sic</strong></span> <span class='ocrx_word' id='word_1_91' title='bbox 863 1221 1101 1246; x_wconf 82' lang='lat' dir='ltr'><strong>PROCEDITUR.</strong></span> <span class='ocrx_word' id='word_1_92' title='bbox 1130 1208 1289 1245; x_wconf 90' lang='lat' dir='ltr'><strong>Videtur</strong></span> <span class='ocrx_word' id='word_1_93' title='bbox 1308 1207 1414 1255; x_wconf 89' lang='lat' dir='ltr'><strong>quod</strong></span> 
     </span>
     <span class='ocr_line' id='line_1_22' title="bbox 379 1251 1412 1318; baseline -0.002 -19"><span class='ocrx_word' id='word_1_94' title='bbox 379 1251 539 1318; x_wconf 45' lang='lat'><strong>³5³²}</strong></span> <span class='ocrx_word' id='word_1_95' title='bbox 567 1263 637 1299; x_wconf 86' lang='lat' dir='ltr'><strong>frui</strong></span> <span class='ocrx_word' id='word_1_96' title='bbox 657 1275 734 1299; x_wconf 92' lang='lat' dir='ltr'><strong>non</strong></span> <span class='ocrx_word' id='word_1_97' title='bbox 754 1262 799 1299; x_wconf 93' lang='lat' dir='ltr'><strong>sit</strong></span> <span class='ocrx_word' id='word_1_98' title='bbox 818 1263 943 1298; x_wconf 88' lang='lat' dir='ltr'><strong>solum</strong></span> <span class='ocrx_word' id='word_1_99' title='bbox 962 1261 1189 1310; x_wconf 89' lang='lat' dir='ltr'><strong>appetitivae</strong></span> <span class='ocrx_word' id='word_1_100' title='bbox 1210 1260 1412 1309; x_wconf 90' lang='lat' dir='ltr'><strong>potentiae.</strong></span> 
     </span>
     <span class='ocr_line' id='line_1_23' title="bbox 370 1296 1413 1373; baseline -0.002 -22"><span class='ocrx_word' id='word_1_101' title='bbox 370 1296 533 1373; x_wconf 41' lang='lat' dir='ltr'><strong>fydsrq&#39;srz</strong></span> <span class='ocrx_word' id='word_1_102' title='bbox 547 1312 553 1318; x_wconf 67' lang='grc'><em>“</em></span> <span class='ocrx_word' id='word_1_103' title='bbox 567 1315 656 1351; x_wconf 90' lang='lat' dir='ltr'>Frui</span> <span class='ocrx_word' id='word_1_104' title='bbox 676 1315 778 1351; x_wconf 90' lang='lat' dir='ltr'><strong>enim</strong></span> <span class='ocrx_word' id='word_1_105' title='bbox 793 1315 883 1351; x_wconf 89' lang='lat' dir='ltr'>nihil</span> <span class='ocrx_word' id='word_1_106' title='bbox 912 1314 1013 1351; x_wconf 85' lang='lat' dir='ltr'><strong>aliud</strong></span> <span class='ocrx_word' id='word_1_107' title='bbox 1031 1326 1112 1351; x_wconf 91' lang='lat' dir='ltr'><strong>esse</strong></span> <span class='ocrx_word' id='word_1_108' title='bbox 1130 1314 1281 1351; x_wconf 90' lang='lat' dir='ltr'><strong>videtur</strong></span> <span class='ocrx_word' id='word_1_109' title='bbox 1296 1325 1413 1361; x_wconf 89' lang='lat' dir='ltr'><strong>quam</strong></span> 
     </span>
     <span class='ocr_line' id='line_1_24' title="bbox 411 1342 1413 1416; baseline -0.001 -12"><span class='ocrx_word' id='word_1_110' title='bbox 411 1342 473 1396; x_wconf 54' lang='lat' dir='ltr'><strong>g&#39;?</strong></span> <span class='ocrx_word' id='word_1_111' title='bbox 521 1359 727 1404; x_wconf 42' lang='lat' dir='ltr'><strong>&amp;fructum</strong></span> <span class='ocrx_word' id='word_1_112' title='bbox 757 1379 903 1416; x_wconf 86' lang='lat' dir='ltr'><strong>capere.</strong></span> <span class='ocrx_word' id='word_1_113' title='bbox 935 1367 1011 1404; x_wconf 86' lang='lat' dir='ltr'><strong>Sed</strong></span> <span class='ocrx_word' id='word_1_114' title='bbox 1036 1368 1198 1404; x_wconf 87' lang='lat' dir='ltr'><strong>fructum</strong></span> <span class='ocrx_word' id='word_1_115' title='bbox 1222 1368 1413 1403; x_wconf 87' lang='lat' dir='ltr'><strong>humanae</strong></span> 
     </span>
     <span class='ocr_line' id='line_1_25' title="bbox 354 1419 1414 1469; baseline 0 -13"><span class='ocrx_word' id='word_1_116' title='bbox 354 1421 465 1467; x_wconf 87' lang='lat' dir='ltr'><strong>vitae,</strong></span> <span class='ocrx_word' id='word_1_117' title='bbox 487 1421 552 1468; x_wconf 91' lang='lat' dir='ltr'><strong>qui</strong></span> <span class='ocrx_word' id='word_1_118' title='bbox 568 1428 622 1457; x_wconf 90' lang='lat' dir='ltr'><strong>est</strong></span> <span class='ocrx_word' id='word_1_119' title='bbox 636 1420 842 1468; x_wconf 81' lang='lat' dir='ltr'><strong>beatitudo,</strong></span> <span class='ocrx_word' id='word_1_120' title='bbox 865 1420 963 1469; x_wconf 87' lang='lat' dir='ltr'><strong>capit</strong></span> <span class='ocrx_word' id='word_1_121' title='bbox 978 1425 995 1441; x_wconf 59' lang='grc' dir='ltr'>α</span> <span class='ocrx_word' id='word_1_122' title='bbox 1013 1420 1233 1468; x_wconf 89' lang='lat' dir='ltr'><strong>intellectus,</strong></span> <span class='ocrx_word' id='word_1_123' title='bbox 1254 1420 1292 1456; x_wconf 93' lang='lat' dir='ltr'><strong>in</strong></span> <span class='ocrx_word' id='word_1_124' title='bbox 1309 1419 1414 1456; x_wconf 92' lang='lat' dir='ltr'><strong>cuius</strong></span> 
     </span>
     <span class='ocr_line' id='line_1_26' title="bbox 355 1473 1413 1522; baseline -0.001 -12"><span class='ocrx_word' id='word_1_125' title='bbox 355 1481 439 1510; x_wconf 90' lang='lat' dir='ltr'><strong>actu</strong></span> <span class='ocrx_word' id='word_1_126' title='bbox 466 1473 659 1510; x_wconf 86' lang='lat' dir='ltr'><strong>beatitudo</strong></span> <span class='ocrx_word' id='word_1_127' title='bbox 681 1473 859 1521; x_wconf 83' lang='lat' dir='ltr'><strong>consistit,</strong></span> <span class='ocrx_word' id='word_1_128' title='bbox 887 1481 929 1510; x_wconf 90' lang='lat' dir='ltr'><strong>ut</strong></span> <span class='ocrx_word' id='word_1_129' title='bbox 958 1486 1072 1522; x_wconf 91' lang='lat' dir='ltr'><strong>supra</strong></span> <span class='ocrx_word' id='word_1_130' title='bbox 1090 1473 1110 1494; x_wconf 72' lang='lat'><strong>’³‘</strong></span> <span class='ocrx_word' id='word_1_131' title='bbox 1130 1481 1326 1510; x_wconf 90' lang='lat' dir='ltr'><strong>ostensum</strong></span> <span class='ocrx_word' id='word_1_132' title='bbox 1349 1480 1413 1509; x_wconf 92' lang='lat' dir='ltr'><strong>est.</strong></span> 
     </span>
     <span class='ocr_line' id='line_1_27' title="bbox 354 1525 1416 1575; baseline 0 -13"><span class='ocrx_word' id='word_1_133' title='bbox 354 1527 454 1574; x_wconf 86' lang='lat' dir='ltr'><strong>Ergo</strong></span> <span class='ocrx_word' id='word_1_134' title='bbox 484 1525 555 1562; x_wconf 89' lang='lat' dir='ltr'><strong>frui</strong></span> <span class='ocrx_word' id='word_1_135' title='bbox 583 1539 660 1563; x_wconf 92' lang='lat' dir='ltr'><strong>non</strong></span> <span class='ocrx_word' id='word_1_136' title='bbox 694 1534 749 1563; x_wconf 89' lang='lat' dir='ltr'><strong>est</strong></span> <span class='ocrx_word' id='word_1_137' title='bbox 777 1526 1003 1575; x_wconf 90' lang='lat' dir='ltr'><strong>appetitivae</strong></span> <span class='ocrx_word' id='word_1_138' title='bbox 1031 1526 1238 1575; x_wconf 87' lang='lat' dir='ltr'><strong>potentiae,</strong></span> <span class='ocrx_word' id='word_1_139' title='bbox 1268 1526 1335 1562; x_wconf 91' lang='lat' dir='ltr'><strong>sed</strong></span> <span class='ocrx_word' id='word_1_140' title='bbox 1362 1526 1416 1562; x_wconf 92' lang='lat' dir='ltr'><strong>in-</strong></span> 
     </span>
     <span class='ocr_line' id='line_1_28' title="bbox 352 1580 531 1615; baseline 0 0"><span class='ocrx_word' id='word_1_141' title='bbox 352 1580 531 1615; x_wconf 90' lang='lat' dir='ltr'><strong>tellectus.</strong></span> 
     </span>
    </p>

    <p class='ocr_par' dir='ltr' id='par_1_15' title="bbox 353 1631 1416 1935">
     <span class='ocr_line' id='line_1_29' title="bbox 409 1631 1416 1681; baseline -0.001 -13"><span class='ocrx_word' id='word_1_142' title='bbox 409 1644 441 1668; x_wconf 90' lang='lat'><strong>2.</strong></span> <span class='ocrx_word' id='word_1_143' title='bbox 459 1633 691 1679; x_wconf 76' lang='lat' dir='ltr'><strong>PRAETEREA,</strong></span> <span class='ocrx_word' id='word_1_144' title='bbox 703 1632 892 1681; x_wconf 83' lang='lat' dir='ltr'><strong>quaelibet</strong></span> <span class='ocrx_word' id='word_1_145' title='bbox 906 1632 1075 1680; x_wconf 90' lang='lat' dir='ltr'><strong>potentia</strong></span> <span class='ocrx_word' id='word_1_146' title='bbox 1090 1633 1204 1669; x_wconf 88' lang='lat' dir='ltr'><strong>habet</strong></span> <span class='ocrx_word' id='word_1_147' title='bbox 1218 1631 1416 1680; x_wconf 90' lang='lat' dir='ltr'><strong>proprium</strong></span> 
     </span>
     <span class='ocr_line' id='line_1_30' title="bbox 354 1684 1416 1734; baseline -0.002 -12"><span class='ocrx_word' id='word_1_148' title='bbox 354 1686 484 1732; x_wconf 92' lang='lat' dir='ltr'><strong>finem,</strong></span> <span class='ocrx_word' id='word_1_149' title='bbox 514 1685 578 1734; x_wconf 89' lang='lat' dir='ltr'><strong>qui</strong></span> <span class='ocrx_word' id='word_1_150' title='bbox 607 1693 662 1722; x_wconf 91' lang='lat' dir='ltr'><strong>est</strong></span> <span class='ocrx_word' id='word_1_151' title='bbox 691 1686 769 1722; x_wconf 91' lang='lat' dir='ltr'><strong>eius</strong></span> <span class='ocrx_word' id='word_1_152' title='bbox 788 1685 988 1734; x_wconf 88' lang='lat' dir='ltr'><strong>perfectio:</strong></span> <span class='ocrx_word' id='word_1_153' title='bbox 1019 1685 1114 1722; x_wconf 89' lang='lat' dir='ltr'><strong>sicut</strong></span> <span class='ocrx_word' id='word_1_154' title='bbox 1132 1685 1236 1721; x_wconf 90' lang='lat' dir='ltr'><strong>visus</strong></span> <span class='ocrx_word' id='word_1_155' title='bbox 1255 1684 1341 1721; x_wconf 90' lang='lat' dir='ltr'><strong>finis</strong></span> <span class='ocrx_word' id='word_1_156' title='bbox 1362 1692 1416 1721; x_wconf 89' lang='lat' dir='ltr'><strong>est</strong></span> 
     </span>
     <span class='ocr_line' id='line_1_31' title="bbox 355 1738 1416 1787; baseline -0.001 -12"><span class='ocrx_word' id='word_1_157' title='bbox 355 1750 583 1786; x_wconf 85' lang='lat' dir='ltr'><strong>cognoscere</strong></span> <span class='ocrx_word' id='word_1_158' title='bbox 611 1738 776 1785; x_wconf 81' lang='lat' dir='ltr'><strong>visibile,</strong></span> <span class='ocrx_word' id='word_1_159' title='bbox 807 1738 955 1775; x_wconf 90' lang='lat' dir='ltr'><strong>auditus</strong></span> <span class='ocrx_word' id='word_1_160' title='bbox 989 1738 1183 1787; x_wconf 90' lang='lat' dir='ltr'><strong>percipere</strong></span> <span class='ocrx_word' id='word_1_161' title='bbox 1213 1750 1345 1784; x_wconf 91' lang='lat' dir='ltr'><strong>sonos,</strong></span> <span class='ocrx_word' id='word_1_162' title='bbox 1381 1746 1416 1774; x_wconf 92' lang='lat' dir='ltr'><strong>et</strong></span> 
     </span>
     <span class='ocr_line' id='line_1_32' title="bbox 354 1790 1414 1838; baseline -0.001 -10"><span class='ocrx_word' id='word_1_163' title='bbox 354 1792 406 1828; x_wconf 90' lang='lat' dir='ltr'><strong>sic</strong></span> <span class='ocrx_word' id='word_1_164' title='bbox 435 1792 482 1828; x_wconf 87' lang='lat' dir='ltr'><strong>de</strong></span> <span class='ocrx_word' id='word_1_165' title='bbox 515 1791 604 1829; x_wconf 91' lang='lat' dir='ltr'><strong>aliis.</strong></span> <span class='ocrx_word' id='word_1_166' title='bbox 636 1791 713 1828; x_wconf 90' lang='lat' dir='ltr'><strong>Sed</strong></span> <span class='ocrx_word' id='word_1_167' title='bbox 740 1791 826 1828; x_wconf 91' lang='lat' dir='ltr'><strong>finis</strong></span> <span class='ocrx_word' id='word_1_168' title='bbox 855 1791 908 1827; x_wconf 92' lang='lat' dir='ltr'><strong>rei</strong></span> <span class='ocrx_word' id='word_1_169' title='bbox 941 1799 996 1828; x_wconf 91' lang='lat' dir='ltr'><strong>est</strong></span> <span class='ocrx_word' id='word_1_170' title='bbox 1027 1792 1168 1828; x_wconf 89' lang='lat' dir='ltr'><strong>fructus</strong></span> <span class='ocrx_word' id='word_1_171' title='bbox 1193 1790 1282 1827; x_wconf 92' lang='lat' dir='ltr'><strong>eius.</strong></span> <span class='ocrx_word' id='word_1_172' title='bbox 1313 1791 1414 1838; x_wconf 89' lang='lat' dir='ltr'><strong>Ergo</strong></span> 
     </span>
     <span class='ocr_line' id='line_1_33' title="bbox 354 1844 1415 1893; baseline -0.001 -12"><span class='ocrx_word' id='word_1_173' title='bbox 354 1845 425 1881; x_wconf 90' lang='lat' dir='ltr'><strong>frui</strong></span> <span class='ocrx_word' id='word_1_174' title='bbox 454 1852 508 1881; x_wconf 88' lang='lat' dir='ltr'><strong>est</strong></span> <span class='ocrx_word' id='word_1_175' title='bbox 530 1845 719 1893; x_wconf 88' lang='lat' dir='ltr'><strong>potentiae</strong></span> <span class='ocrx_word' id='word_1_176' title='bbox 749 1844 957 1891; x_wconf 91' lang='lat' dir='ltr'><strong>cuiuslibet,</strong></span> <span class='ocrx_word' id='word_1_177' title='bbox 987 1851 1023 1880; x_wconf 91' lang='lat' dir='ltr'><strong>et</strong></span> <span class='ocrx_word' id='word_1_178' title='bbox 1051 1856 1129 1880; x_wconf 92' lang='lat' dir='ltr'><strong>non</strong></span> <span class='ocrx_word' id='word_1_179' title='bbox 1158 1845 1282 1880; x_wconf 88' lang='lat' dir='ltr'><strong>solum</strong></span> <span class='ocrx_word' id='word_1_180' title='bbox 1302 1856 1415 1892; x_wconf 91' lang='lat' dir='ltr'><strong>appe-</strong></span> 
     </span>
     <span class='ocr_line' id='line_1_34' title="bbox 353 1898 521 1935; baseline 0 -1"><span class='ocrx_word' id='word_1_181' title='bbox 353 1898 492 1935; x_wconf 87' lang='lat' dir='ltr'><strong>titivae.</strong></span> <span class='ocrx_word' id='word_1_182' title='bbox 515 1919 521 1923; x_wconf 94' lang='lat'><em>-</em></span> 
     </span>
    </p>

    <p class='ocr_par' dir='ltr' id='par_1_16' title="bbox 352 1949 1415 2264">
     <span class='ocr_line' id='line_1_35' title="bbox 409 1949 1414 1997; baseline -0.002 -10"><span class='ocrx_word' id='word_1_183' title='bbox 409 1952 442 1988; x_wconf 88' lang='lat'><strong>3.</strong></span> <span class='ocrx_word' id='word_1_184' title='bbox 472 1952 713 1996; x_wconf 76' lang='lat' dir='ltr'><strong>PRAETEREA,</strong></span> <span class='ocrx_word' id='word_1_185' title='bbox 743 1949 867 1985; x_wconf 85' lang='lat' dir='ltr'><strong>fruitio</strong></span> <span class='ocrx_word' id='word_1_186' title='bbox 897 1949 1186 1985; x_wconf 88' lang='lat' dir='ltr'><strong>delectationem</strong></span> <span class='ocrx_word' id='word_1_187' title='bbox 1221 1949 1414 1997; x_wconf 87' lang='lat' dir='ltr'><strong>quandam</strong></span> 
     </span>
     <span class='ocr_line' id='line_1_36' title="bbox 354 2001 1415 2052; baseline -0.002 -12"><span class='ocrx_word' id='word_1_188' title='bbox 354 2004 543 2052; x_wconf 87' lang='lat' dir='ltr'><strong>importat.</strong></span> <span class='ocrx_word' id='word_1_189' title='bbox 567 2003 644 2039; x_wconf 88' lang='lat' dir='ltr'><strong>Sed</strong></span> <span class='ocrx_word' id='word_1_190' title='bbox 664 2002 860 2039; x_wconf 87' lang='lat' dir='ltr'><strong>delectatio</strong></span> <span class='ocrx_word' id='word_1_191' title='bbox 882 2002 1065 2039; x_wconf 89' lang='lat' dir='ltr'><strong>sensibilis</strong></span> <span class='ocrx_word' id='word_1_192' title='bbox 1083 2001 1244 2050; x_wconf 88' lang='lat' dir='ltr'><strong>pertinet</strong></span> <span class='ocrx_word' id='word_1_193' title='bbox 1263 2003 1312 2038; x_wconf 92' lang='lat' dir='ltr'><strong>ad</strong></span> <span class='ocrx_word' id='word_1_194' title='bbox 1331 2014 1415 2038; x_wconf 93' lang='lat' dir='ltr'><strong>sen-</strong></span> 
     </span>
     <span class='ocr_line' id='line_1_37' title="bbox 353 2054 1414 2104; baseline -0.003 -11"><span class='ocrx_word' id='word_1_195' title='bbox 353 2069 451 2104; x_wconf 89' lang='lat' dir='ltr'><strong>sum,</strong></span> <span class='ocrx_word' id='word_1_196' title='bbox 472 2057 536 2104; x_wconf 92' lang='lat' dir='ltr'><strong>qui</strong></span> <span class='ocrx_word' id='word_1_197' title='bbox 552 2055 756 2092; x_wconf 89' lang='lat' dir='ltr'><strong>delectatur</strong></span> <span class='ocrx_word' id='word_1_198' title='bbox 770 2055 808 2091; x_wconf 93' lang='lat' dir='ltr'><strong>in</strong></span> <span class='ocrx_word' id='word_1_199' title='bbox 823 2067 892 2091; x_wconf 90' lang='lat' dir='ltr'><strong>suo</strong></span> <span class='ocrx_word' id='word_1_200' title='bbox 908 2055 1074 2091; x_wconf 91' lang='lat' dir='ltr'><strong>obiecto:</strong></span> <span class='ocrx_word' id='word_1_201' title='bbox 1092 2062 1127 2091; x_wconf 93' lang='lat' dir='ltr'><strong>et</strong></span> <span class='ocrx_word' id='word_1_202' title='bbox 1147 2054 1284 2091; x_wconf 91' lang='lat' dir='ltr'><strong>eadem</strong></span> <span class='ocrx_word' id='word_1_203' title='bbox 1304 2054 1414 2090; x_wconf 90' lang='lat' dir='ltr'><strong>ratio-</strong></span> 
     </span>
     <span class='ocr_line' id='line_1_38' title="bbox 352 2106 1412 2157; baseline -0.002 -11"><span class='ocrx_word' id='word_1_204' title='bbox 352 2122 412 2157; x_wconf 90' lang='lat' dir='ltr'><strong>ne,</strong></span> <span class='ocrx_word' id='word_1_205' title='bbox 443 2109 639 2146; x_wconf 90' lang='lat' dir='ltr'><strong>delectatio</strong></span> <span class='ocrx_word' id='word_1_206' title='bbox 668 2106 954 2145; x_wconf 67' lang='lat' dir='ltr'><strong>intellectualisss</strong></span> <span class='ocrx_word' id='word_1_207' title='bbox 974 2107 1023 2145; x_wconf 91' lang='lat' dir='ltr'><strong>ad</strong></span> <span class='ocrx_word' id='word_1_208' title='bbox 1042 2108 1285 2144; x_wconf 90' lang='lat' dir='ltr'><strong>intellectum.</strong></span> <span class='ocrx_word' id='word_1_209' title='bbox 1311 2108 1412 2155; x_wconf 92' lang='lat' dir='ltr'><strong>Ergo</strong></span> 
     </span>
     <span class='ocr_line' id='line_1_39' title="bbox 353 2161 1414 2212; baseline -0.002 -13"><span class='ocrx_word' id='word_1_210' title='bbox 353 2162 474 2199; x_wconf 88' lang='lat' dir='ltr'><strong>fruitio</strong></span> <span class='ocrx_word' id='word_1_211' title='bbox 504 2162 664 2211; x_wconf 88' lang='lat' dir='ltr'><strong>pertinet</strong></span> <span class='ocrx_word' id='word_1_212' title='bbox 692 2162 741 2198; x_wconf 90' lang='lat' dir='ltr'><strong>ad</strong></span> <span class='ocrx_word' id='word_1_213' title='bbox 770 2161 1089 2210; x_wconf 87' lang='lat' dir='ltr'><strong>apprehensivam</strong></span> <span class='ocrx_word' id='word_1_214' title='bbox 1117 2161 1348 2212; x_wconf 86' lang='lat' dir='ltr'><strong>potentiam,</strong></span> <span class='ocrx_word' id='word_1_215' title='bbox 1379 2168 1414 2197; x_wconf 92' lang='lat' dir='ltr'><strong>et</strong></span> 
     </span>
     <span class='ocr_line' id='line_1_40' title="bbox 353 2215 793 2264; baseline -0.005 -11"><span class='ocrx_word' id='word_1_216' title='bbox 353 2228 432 2253; x_wconf 92' lang='lat' dir='ltr'><strong>non</strong></span> <span class='ocrx_word' id='word_1_217' title='bbox 460 2215 509 2252; x_wconf 92' lang='lat' dir='ltr'><strong>ad</strong></span> <span class='ocrx_word' id='word_1_218' title='bbox 537 2215 793 2264; x_wconf 90' lang='lat' dir='ltr'><strong>appetitivam.</strong></span> 
     </span>
    </p>

    <p class='ocr_par' dir='ltr' id='par_1_17' title="bbox 409 2266 1416 2315">
     <span class='ocr_line' id='line_1_41' title="bbox 409 2266 1416 2315; baseline -0.003 -10"><span class='ocrx_word' id='word_1_219' title='bbox 409 2269 482 2305; x_wconf 78' lang='lat' dir='ltr'><strong>SED</strong></span> <span class='ocrx_word' id='word_1_220' title='bbox 515 2280 661 2305; x_wconf 80' lang='lat' dir='ltr'>CONTRA</span> <span class='ocrx_word' id='word_1_221' title='bbox 693 2279 759 2304; x_wconf 76' lang='lat' dir='ltr'><strong>Es’r</strong></span> <span class='ocrx_word' id='word_1_222' title='bbox 792 2266 897 2315; x_wconf 91' lang='lat' dir='ltr'><strong>quod</strong></span> <span class='ocrx_word' id='word_1_223' title='bbox 924 2266 1156 2314; x_wconf 88' lang='lat' dir='ltr'><strong>Augustinus</strong></span> <span class='ocrx_word' id='word_1_224' title='bbox 1185 2266 1291 2314; x_wconf 89' lang='lat' dir='ltr'><strong>dicit,</strong></span> <span class='ocrx_word' id='word_1_225' title='bbox 1327 2267 1340 2302; x_wconf 95' lang='lat' dir='ltr'>I</span> <span class='ocrx_word' id='word_1_226' title='bbox 1370 2266 1416 2303; x_wconf 85' lang='lat' dir='ltr'><strong>de</strong></span> 
     </span>
    </p>
   </div>
   <div class='ocr_carea' id='block_1_13' title="bbox 351 1212 566 1414">
    <p class='ocr_par' dir='ltr' id='par_1_18' title="bbox 351 1212 566 1414">
     <span class='ocr_line' id='line_1_42' title="bbox 351 1212 566 1306; baseline 0 0"><span class='ocrx_word' id='word_1_227' title='bbox 351 1212 566 1306; x_wconf 95' lang='lat' dir='ltr'><strong>  </strong></span> 
     </span>
     <span class='ocr_line' id='line_1_43' title="bbox 351 1306 521 1414; baseline 0 -28"><span class='ocrx_word' id='word_1_228' title='bbox 351 1306 411 1414; x_wconf 95' lang='lat' dir='ltr'><strong>  </strong></span> <span class='ocrx_word' id='word_1_229' title='bbox 506 1306 521 1414; x_wconf 95' lang='lat' dir='ltr'><strong>  </strong></span> 
     </span>
    </p>
   </div>
   <div class='ocr_carea' id='block_1_14' title="bbox 211 2319 1416 2379">
    <p class='ocr_par' dir='ltr' id='par_1_19' title="bbox 211 2319 1416 2379">
     <span class='ocr_line' id='line_1_44' title="bbox 211 2319 1416 2379; baseline -0.001 -22"><span class='ocrx_word' id='word_1_230' title='bbox 211 2331 247 2379; x_wconf 38' lang='grc' dir='ltr'><strong>τῃ]</strong></span> <span class='ocrx_word' id='word_1_231' title='bbox 262 2358 294 2373; x_wconf 51' lang='grc' dir='ltr'><strong>η</strong></span> <span class='ocrx_word' id='word_1_232' title='bbox 354 2323 484 2358; x_wconf 89' lang='lat' dir='ltr'><strong>Doctr.</strong></span> <span class='ocrx_word' id='word_1_233' title='bbox 501 2322 633 2358; x_wconf 81' lang='lat' dir='ltr'><strong>Christ.</strong></span> <span class='ocrx_word' id='word_1_234' title='bbox 647 2321 677 2367; x_wconf 81' lang='lat'><strong>*,</strong></span> <span class='ocrx_word' id='word_1_235' title='bbox 695 2328 731 2357; x_wconf 91' lang='lat' dir='ltr'><strong>et</strong></span> <span class='ocrx_word' id='word_1_236' title='bbox 748 2320 786 2357; x_wconf 92' lang='lat' dir='ltr'><strong>in</strong></span> <span class='ocrx_word' id='word_1_237' title='bbox 805 2321 840 2356; x_wconf 92' lang='lat' dir='ltr'>X</span> <span class='ocrx_word' id='word_1_238' title='bbox 855 2319 901 2356; x_wconf 86' lang='lat' dir='ltr'><strong>de</strong></span> <span class='ocrx_word' id='word_1_239' title='bbox 919 2320 954 2356; x_wconf 94' lang='lat' dir='ltr'><em>T</em></span> <span class='ocrx_word' id='word_1_240' title='bbox 951 2319 1084 2356; x_wconf 72' lang='lat' dir='ltr'><strong>rin.**:</strong></span> <span class='ocrx_word' id='word_1_241' title='bbox 1104 2320 1202 2356; x_wconf 88' lang='lat' dir='ltr'><strong>Frui</strong></span> <span class='ocrx_word' id='word_1_242' title='bbox 1218 2325 1273 2356; x_wconf 84' lang='lat' dir='ltr'><strong>est</strong></span> <span class='ocrx_word' id='word_1_243' title='bbox 1283 2331 1416 2356; x_wconf 86' lang='lat' dir='ltr'><strong>amore</strong></span> 
     </span>
    </p>
   </div>
   <div class='ocr_carea' id='block_1_15' title="bbox 353 2371 1416 2899">
    <p class='ocr_par' dir='ltr' id='par_1_20' title="bbox 353 2371 1416 2529">
     <span class='ocr_line' id='line_1_45' title="bbox 354 2371 1416 2422; baseline 0 -12"><span class='ocrx_word' id='word_1_244' title='bbox 354 2375 550 2412; x_wconf 84' lang='lat' dir='ltr'><strong>inhaerere</strong></span> <span class='ocrx_word' id='word_1_245' title='bbox 581 2374 696 2413; x_wconf 85' lang='lat' dir='ltr'><strong>alicui</strong></span> <span class='ocrx_word' id='word_1_246' title='bbox 720 2374 782 2410; x_wconf 80' lang='lat' dir='ltr'><strong>rei</strong></span> <span class='ocrx_word' id='word_1_247' title='bbox 805 2378 962 2422; x_wconf 82' lang='lat' dir='ltr'><strong>propter</strong></span> <span class='ocrx_word' id='word_1_248' title='bbox 992 2373 1164 2421; x_wconf 83' lang='lat' dir='ltr'><strong>seipsam.</strong></span> <span class='ocrx_word' id='word_1_249' title='bbox 1195 2371 1273 2409; x_wconf 91' lang='lat' dir='ltr'><strong>Sed</strong></span> <span class='ocrx_word' id='word_1_250' title='bbox 1307 2385 1416 2410; x_wconf 85' lang='lat' dir='ltr'><strong>amor</strong></span> 
     </span>
     <span class='ocr_line' id='line_1_46' title="bbox 353 2426 1415 2477; baseline -0.002 -12"><span class='ocrx_word' id='word_1_251' title='bbox 353 2429 514 2477; x_wconf 88' lang='lat' dir='ltr'><strong>pertinet</strong></span> <span class='ocrx_word' id='word_1_252' title='bbox 541 2429 589 2464; x_wconf 91' lang='lat' dir='ltr'><strong>ad</strong></span> <span class='ocrx_word' id='word_1_253' title='bbox 618 2427 862 2475; x_wconf 89' lang='lat' dir='ltr'><strong>appetitivam</strong></span> <span class='ocrx_word' id='word_1_254' title='bbox 897 2426 1118 2474; x_wconf 90' lang='lat' dir='ltr'><strong>potentiam.</strong></span> <span class='ocrx_word' id='word_1_255' title='bbox 1149 2426 1251 2474; x_wconf 89' lang='lat' dir='ltr'><strong>Ergo</strong></span> <span class='ocrx_word' id='word_1_256' title='bbox 1281 2433 1317 2462; x_wconf 92' lang='lat' dir='ltr'><strong>et</strong></span> <span class='ocrx_word' id='word_1_257' title='bbox 1344 2426 1415 2464; x_wconf 90' lang='lat' dir='ltr'><strong>frui</strong></span> 
     </span>
     <span class='ocr_line' id='line_1_47' title="bbox 355 2478 1028 2529; baseline -0.004 -11"><span class='ocrx_word' id='word_1_258' title='bbox 355 2489 410 2518; x_wconf 92' lang='lat' dir='ltr'><strong>est</strong></span> <span class='ocrx_word' id='word_1_259' title='bbox 437 2489 541 2518; x_wconf 90' lang='lat' dir='ltr'><strong>actus</strong></span> <span class='ocrx_word' id='word_1_260' title='bbox 569 2480 796 2529; x_wconf 87' lang='lat' dir='ltr'><strong>appetitivae</strong></span> <span class='ocrx_word' id='word_1_261' title='bbox 825 2478 1028 2528; x_wconf 90' lang='lat' dir='ltr'><strong>potentiae.</strong></span> 
     </span>
    </p>

    <p class='ocr_par' dir='ltr' id='par_1_21' title="bbox 353 2532 1416 2899">
     <span class='ocr_line' id='line_1_48' title="bbox 408 2532 1415 2580; baseline -0.002 -9"><span class='ocrx_word' id='word_1_262' title='bbox 408 2535 631 2571; x_wconf 66' lang='lat' dir='ltr'><strong>REspoNnsso</strong></span> <span class='ocrx_word' id='word_1_263' title='bbox 659 2545 842 2570; x_wconf 83' lang='lat' dir='ltr'><strong>DICENDUM</strong></span> <span class='ocrx_word' id='word_1_264' title='bbox 865 2532 969 2580; x_wconf 92' lang='lat' dir='ltr'><strong>quod</strong></span> <span class='ocrx_word' id='word_1_265' title='bbox 986 2532 1124 2580; x_wconf 85' lang='lat' dir='ltr'><strong>fruitio</strong></span> <span class='ocrx_word' id='word_1_266' title='bbox 1146 2538 1181 2567; x_wconf 93' lang='lat' dir='ltr'><strong>et</strong></span> <span class='ocrx_word' id='word_1_267' title='bbox 1192 2533 1346 2579; x_wconf 88' lang='lat' dir='ltr'><strong>fructus</strong></span> <span class='ocrx_word' id='word_1_268' title='bbox 1366 2532 1415 2569; x_wconf 94' lang='lat' dir='ltr'><strong>ad</strong></span> 
     </span>
     <span class='ocr_line' id='line_1_49' title="bbox 354 2585 1415 2635; baseline -0.002 -12"><span class='ocrx_word' id='word_1_269' title='bbox 354 2587 454 2624; x_wconf 88' lang='lat' dir='ltr'><strong>idem</strong></span> <span class='ocrx_word' id='word_1_270' title='bbox 482 2586 669 2635; x_wconf 90' lang='lat' dir='ltr'><strong>pertinere</strong></span> <span class='ocrx_word' id='word_1_271' title='bbox 697 2586 886 2632; x_wconf 90' lang='lat' dir='ltr'><strong>videntur,</strong></span> <span class='ocrx_word' id='word_1_272' title='bbox 917 2592 952 2621; x_wconf 87' lang='lat' dir='ltr'><strong>et</strong></span> <span class='ocrx_word' id='word_1_273' title='bbox 980 2597 1101 2621; x_wconf 91' lang='lat' dir='ltr'><strong>unum</strong></span> <span class='ocrx_word' id='word_1_274' title='bbox 1123 2597 1167 2621; x_wconf 86' lang='lat' dir='ltr'><strong>ex</strong></span> <span class='ocrx_word' id='word_1_275' title='bbox 1187 2585 1303 2621; x_wconf 91' lang='lat' dir='ltr'><strong>altero</strong></span> <span class='ocrx_word' id='word_1_276' title='bbox 1321 2585 1415 2622; x_wconf 91' lang='lat' dir='ltr'><strong>deri-</strong></span> 
     </span>
     <span class='ocr_line' id='line_1_50' title="bbox 353 2637 1414 2687; baseline -0.003 -10"><span class='ocrx_word' id='word_1_277' title='bbox 353 2641 444 2677; x_wconf 88' lang='lat' dir='ltr'><strong>vari.</strong></span> <span class='ocrx_word' id='word_1_278' title='bbox 475 2640 577 2686; x_wconf 91' lang='lat' dir='ltr'><strong>Quid</strong></span> <span class='ocrx_word' id='word_1_279' title='bbox 605 2647 732 2676; x_wconf 90' lang='lat' dir='ltr'><strong>autem</strong></span> <span class='ocrx_word' id='word_1_280' title='bbox 759 2651 781 2675; x_wconf 91' lang='lat' dir='ltr'><strong>a</strong></span> <span class='ocrx_word' id='word_1_281' title='bbox 801 2651 890 2687; x_wconf 82' lang='lat' dir='ltr'><strong>qUO,</strong></span> <span class='ocrx_word' id='word_1_282' title='bbox 919 2637 1010 2674; x_wconf 90' lang='lat' dir='ltr'><strong>nihil</strong></span> <span class='ocrx_word' id='word_1_283' title='bbox 1030 2637 1079 2674; x_wconf 88' lang='lat' dir='ltr'><strong>ad</strong></span> <span class='ocrx_word' id='word_1_284' title='bbox 1097 2638 1336 2686; x_wconf 88' lang='lat' dir='ltr'><strong>propositum</strong></span> <span class='ocrx_word' id='word_1_285' title='bbox 1358 2651 1414 2674; x_wconf 92' lang='lat' dir='ltr'><strong>re—</strong></span> 
     </span>
     <span class='ocr_line' id='line_1_51' title="bbox 354 2690 1416 2741; baseline -0.001 -12"><span class='ocrx_word' id='word_1_286' title='bbox 354 2694 437 2739; x_wconf 85' lang='lat' dir='ltr'><strong>fert;</strong></span> <span class='ocrx_word' id='word_1_287' title='bbox 458 2693 527 2730; x_wconf 90' lang='lat' dir='ltr'><strong>nisi</strong></span> <span class='ocrx_word' id='word_1_288' title='bbox 543 2693 647 2740; x_wconf 91' lang='lat' dir='ltr'><strong>quod</strong></span> <span class='ocrx_word' id='word_1_289' title='bbox 662 2693 736 2729; x_wconf 91' lang='lat' dir='ltr'><strong>hoc</strong></span> <span class='ocrx_word' id='word_1_290' title='bbox 751 2690 947 2741; x_wconf 91' lang='lat' dir='ltr'><strong>probabile</strong></span> <span class='ocrx_word' id='word_1_291' title='bbox 961 2690 1121 2737; x_wconf 88' lang='lat' dir='ltr'><strong>videtur,</strong></span> <span class='ocrx_word' id='word_1_292' title='bbox 1138 2692 1242 2739; x_wconf 90' lang='lat' dir='ltr'><strong>quod</strong></span> <span class='ocrx_word' id='word_1_293' title='bbox 1257 2690 1295 2727; x_wconf 94' lang='lat' dir='ltr'><strong>id</strong></span> <span class='ocrx_word' id='word_1_294' title='bbox 1311 2691 1416 2740; x_wconf 91' lang='lat' dir='ltr'><strong>quod</strong></span> 
     </span>
     <span class='ocr_line' id='line_1_52' title="bbox 354 2743 1416 2794; baseline -0.003 -11"><span class='ocrx_word' id='word_1_295' title='bbox 354 2746 474 2794; x_wconf 88' lang='lat' dir='ltr'><strong>magis</strong></span> <span class='ocrx_word' id='word_1_296' title='bbox 495 2754 550 2782; x_wconf 88' lang='lat' dir='ltr'><strong>est</strong></span> <span class='ocrx_word' id='word_1_297' title='bbox 569 2745 823 2791; x_wconf 87' lang='lat' dir='ltr'><strong>manifestum,</strong></span> <span class='ocrx_word' id='word_1_298' title='bbox 852 2744 956 2793; x_wconf 91' lang='lat' dir='ltr'><strong>prius</strong></span> <span class='ocrx_word' id='word_1_299' title='bbox 981 2743 1094 2780; x_wconf 89' lang='lat' dir='ltr'><strong>etiam</strong></span> <span class='ocrx_word' id='word_1_300' title='bbox 1114 2744 1224 2780; x_wconf 92' lang='lat' dir='ltr'><strong>fuerit</strong></span> <span class='ocrx_word' id='word_1_301' title='bbox 1242 2744 1416 2781; x_wconf 90' lang='lat' dir='ltr'><strong>nomina-</strong></span> 
     </span>
     <span class='ocr_line' id='line_1_53' title="bbox 354 2796 1416 2846; baseline -0.002 -10"><span class='ocrx_word' id='word_1_302' title='bbox 354 2807 447 2836; x_wconf 90' lang='lat' dir='ltr'><strong>tum.</strong></span> <span class='ocrx_word' id='word_1_303' title='bbox 471 2800 566 2836; x_wconf 92' lang='lat' dir='ltr'><strong>Sunt</strong></span> <span class='ocrx_word' id='word_1_304' title='bbox 585 2806 712 2835; x_wconf 90' lang='lat' dir='ltr'><strong>autem</strong></span> <span class='ocrx_word' id='word_1_305' title='bbox 729 2797 838 2835; x_wconf 92' lang='lat' dir='ltr'><strong>nobis</strong></span> <span class='ocrx_word' id='word_1_306' title='bbox 853 2797 978 2846; x_wconf 90' lang='lat' dir='ltr'><strong>primo</strong></span> <span class='ocrx_word' id='word_1_307' title='bbox 999 2796 1198 2833; x_wconf 88' lang='lat' dir='ltr'><strong>manifesta</strong></span> <span class='ocrx_word' id='word_1_308' title='bbox 1217 2809 1315 2845; x_wconf 91' lang='lat' dir='ltr'><strong>quae</strong></span> <span class='ocrx_word' id='word_1_309' title='bbox 1330 2804 1416 2834; x_wconf 93' lang='lat' dir='ltr'><strong>sunt</strong></span> 
     </span>
     <span class='ocr_line' id='line_1_54' title="bbox 355 2850 1416 2899; baseline -0.003 -10"><span class='ocrx_word' id='word_1_310' title='bbox 355 2852 543 2889; x_wconf 87' lang='lat' dir='ltr'><strong>sensibilia</strong></span> <span class='ocrx_word' id='word_1_311' title='bbox 567 2852 696 2899; x_wconf 88' lang='lat' dir='ltr'><strong>magis.</strong></span> <span class='ocrx_word' id='word_1_312' title='bbox 716 2851 828 2888; x_wconf 90' lang='lat' dir='ltr'><strong>Unde</strong></span> <span class='ocrx_word' id='word_1_313' title='bbox 845 2863 867 2887; x_wconf 94' lang='lat' dir='ltr'><strong>a</strong></span> <span class='ocrx_word' id='word_1_314' title='bbox 886 2850 1124 2887; x_wconf 89' lang='lat' dir='ltr'><strong>sensibilibus</strong></span> <span class='ocrx_word' id='word_1_315' title='bbox 1144 2850 1324 2894; x_wconf 86' lang='lat' dir='ltr'><strong>fructibus</strong></span> <span class='ocrx_word' id='word_1_316' title='bbox 1349 2863 1416 2887; x_wconf 92' lang='lat' dir='ltr'><strong>no-</strong></span> 
     </span>
    </p>
   </div>
   <div class='ocr_carea' id='block_1_16' title="bbox 408 2983 1002 3051">
    <p class='ocr_par' dir='ltr' id='par_1_22' title="bbox 408 2983 1002 3051">
     <span class='ocr_line' id='line_1_55' title="bbox 408 2983 748 3016; baseline -0.006 -8"><span class='ocrx_word' id='word_1_317' title='bbox 408 2985 434 3015; x_wconf 86' lang='grc' dir='ltr'><strong>α)</strong></span> <span class='ocrx_word' id='word_1_318' title='bbox 454 2984 534 3016; x_wconf 76' lang='lat' dir='ltr'><strong>capit.</strong></span> <span class='ocrx_word' id='word_1_319' title='bbox 552 2997 569 3002; x_wconf 92' lang='lat'>-</span> <span class='ocrx_word' id='word_1_320' title='bbox 588 2983 684 3014; x_wconf 80' lang='lat' dir='ltr'><strong>accipit</strong></span> <span class='ocrx_word' id='word_1_321' title='bbox 702 2983 748 3006; x_wconf 86' lang='lat' dir='ltr'><strong>Pa.</strong></span> 
     </span>
     <span class='ocr_line' id='line_1_56' title="bbox 409 3017 1002 3051; baseline -0.005 -7"><span class='ocrx_word' id='word_1_322' title='bbox 409 3018 432 3051; x_wconf 79' lang='grc' dir='ltr'><strong>β)</strong></span> <span class='ocrx_word' id='word_1_323' title='bbox 453 3019 644 3044; x_wconf 80' lang='lat' dir='ltr'><strong>intellectualis.</strong></span> <span class='ocrx_word' id='word_1_324' title='bbox 662 3032 682 3037; x_wconf 95' lang='lat'><em>-</em></span> <span class='ocrx_word' id='word_1_325' title='bbox 700 3018 873 3050; x_wconf 79' lang='lat' dir='ltr'><strong>intelligibilis</strong></span> <span class='ocrx_word' id='word_1_326' title='bbox 891 3017 1002 3042; x_wconf 85' lang='lat' dir='ltr'><strong>codices.</strong></span> 
     </span>
    </p>
   </div>
   <div class='ocr_carea' id='block_1_17' title="bbox 1441 2788 1445 2893">
    <p class='ocr_par' dir='ltr' id='par_1_23' title="bbox 1441 2788 1445 2893">
     <span class='ocr_line' id='line_1_57' title="bbox 1441 2788 1445 2893; baseline 0 1259"><span class='ocrx_word' id='word_1_327' title='bbox 1441 2788 1445 2893; x_wconf 95' lang='lat' dir='ltr'><strong> </strong></span> 
     </span>
    </p>
   </div>
   <div class='ocr_carea' id='block_1_18' title="bbox 1466 1207 2533 2480">
    <p class='ocr_par' dir='ltr' id='par_1_24' title="bbox 1466 1207 2533 1630">
     <span class='ocr_line' id='line_1_58' title="bbox 1467 1207 2532 1252; baseline 0.009 -10"><span class='ocrx_word' id='word_1_328' title='bbox 1467 1218 1558 1244; x_wconf 89' lang='lat' dir='ltr'><strong>men</strong></span> <span class='ocrx_word' id='word_1_329' title='bbox 1579 1207 1764 1246; x_wconf 90' lang='lat' dir='ltr'><strong>fruitionis</strong></span> <span class='ocrx_word' id='word_1_330' title='bbox 1780 1209 1993 1248; x_wconf 85' lang='lat' dir='ltr'><strong>derivatum</strong></span> <span class='ocrx_word' id='word_1_331' title='bbox 2007 1210 2169 1249; x_wconf 90' lang='lat' dir='ltr'><strong>videtur.</strong></span> <span class='ocrx_word' id='word_1_332' title='bbox 2185 1232 2209 1240; x_wconf 91' lang='lat'>-</span> <span class='ocrx_word' id='word_1_333' title='bbox 2226 1213 2385 1251; x_wconf 89' lang='lat' dir='ltr'><strong>Fructus</strong></span> <span class='ocrx_word' id='word_1_334' title='bbox 2405 1222 2532 1252; x_wconf 88' lang='lat' dir='ltr'><strong>autem</strong></span> 
     </span>
     <span class='ocr_line' id='line_1_59' title="bbox 1466 1259 2532 1316; baseline 0.009 -21"><span class='ocrx_word' id='word_1_335' title='bbox 1466 1259 1650 1297; x_wconf 91' lang='lat' dir='ltr'><strong>sensibilis</strong></span> <span class='ocrx_word' id='word_1_336' title='bbox 1667 1268 1721 1297; x_wconf 91' lang='lat' dir='ltr'><strong>est</strong></span> <span class='ocrx_word' id='word_1_337' title='bbox 1734 1261 1772 1299; x_wconf 94' lang='lat' dir='ltr'><strong>id</strong></span> <span class='ocrx_word' id='word_1_338' title='bbox 1787 1262 1892 1310; x_wconf 92' lang='lat' dir='ltr'><strong>quod</strong></span> <span class='ocrx_word' id='word_1_339' title='bbox 1906 1263 2082 1300; x_wconf 89' lang='lat' dir='ltr'><strong>ultimum</strong></span> <span class='ocrx_word' id='word_1_340' title='bbox 2093 1277 2138 1301; x_wconf 89' lang='lat' dir='ltr'><strong>ex</strong></span> <span class='ocrx_word' id='word_1_341' title='bbox 2153 1266 2289 1303; x_wconf 91' lang='lat' dir='ltr'><strong>arbore</strong></span> <span class='ocrx_word' id='word_1_342' title='bbox 2305 1275 2532 1316; x_wconf 85' lang='lat' dir='ltr'><strong>expectatur,</strong></span> 
     </span>
     <span class='ocr_line' id='line_1_60' title="bbox 1468 1314 2532 1367; baseline 0.009 -18"><span class='ocrx_word' id='word_1_343' title='bbox 1468 1320 1504 1349; x_wconf 92' lang='lat' dir='ltr'><strong>et</strong></span> <span class='ocrx_word' id='word_1_344' title='bbox 1523 1325 1611 1350; x_wconf 90' lang='lat' dir='ltr'><strong>cum</strong></span> <span class='ocrx_word' id='word_1_345' title='bbox 1641 1314 1807 1362; x_wconf 86' lang='lat' dir='ltr'><strong>quadam</strong></span> <span class='ocrx_word' id='word_1_346' title='bbox 1827 1316 2010 1354; x_wconf 90' lang='lat' dir='ltr'><strong>suavitate</strong></span> <span class='ocrx_word' id='word_1_347' title='bbox 2037 1318 2253 1367; x_wconf 88' lang='lat' dir='ltr'><strong>percipitur.</strong></span> <span class='ocrx_word' id='word_1_348' title='bbox 2274 1320 2385 1357; x_wconf 90' lang='lat' dir='ltr'><strong>Unde</strong></span> <span class='ocrx_word' id='word_1_349' title='bbox 2409 1321 2532 1358; x_wconf 87' lang='lat' dir='ltr'><strong>fruitio</strong></span> 
     </span>
     <span class='ocr_line' id='line_1_61' title="bbox 1466 1365 2531 1415; baseline 0.01 -14"><span class='ocrx_word' id='word_1_350' title='bbox 1466 1365 1653 1415; x_wconf 92' lang='lat' dir='ltr'><strong>pertinere</strong></span> <span class='ocrx_word' id='word_1_351' title='bbox 1686 1367 1836 1405; x_wconf 88' lang='lat' dir='ltr'><strong>videtur</strong></span> <span class='ocrx_word' id='word_1_352' title='bbox 1864 1369 1913 1406; x_wconf 91' lang='lat' dir='ltr'><strong>ad</strong></span> <span class='ocrx_word' id='word_1_353' title='bbox 1941 1381 2115 1408; x_wconf 89' lang='lat' dir='ltr'><strong>amorem</strong></span> <span class='ocrx_word' id='word_1_354' title='bbox 2147 1373 2209 1409; x_wconf 90' lang='lat' dir='ltr'><strong>vel</strong></span> <span class='ocrx_word' id='word_1_355' title='bbox 2243 1373 2531 1411; x_wconf 87' lang='lat' dir='ltr'><strong>delectationem</strong></span> 
     </span>
     <span class='ocr_line' id='line_1_62' title="bbox 1467 1420 2533 1475; baseline 0.009 -20"><span class='ocrx_word' id='word_1_356' title='bbox 1467 1431 1584 1468; x_wconf 87' lang='lat' dir='ltr'><strong>quam</strong></span> <span class='ocrx_word' id='word_1_357' title='bbox 1605 1420 1737 1469; x_wconf 89' lang='lat' dir='ltr'><strong>aliquis</strong></span> <span class='ocrx_word' id='word_1_358' title='bbox 1765 1421 1880 1458; x_wconf 90' lang='lat' dir='ltr'><strong>habet</strong></span> <span class='ocrx_word' id='word_1_359' title='bbox 1908 1423 1954 1459; x_wconf 94' lang='lat' dir='ltr'><strong>de</strong></span> <span class='ocrx_word' id='word_1_360' title='bbox 1973 1423 2110 1472; x_wconf 91' lang='lat' dir='ltr'><strong>ultimo</strong></span> <span class='ocrx_word' id='word_1_361' title='bbox 2127 1433 2335 1473; x_wconf 87' lang='lat' dir='ltr'><strong>expectato,</strong></span> <span class='ocrx_word' id='word_1_362' title='bbox 2353 1429 2457 1475; x_wconf 91' lang='lat' dir='ltr'><strong>quod</strong></span> <span class='ocrx_word' id='word_1_363' title='bbox 2477 1436 2533 1464; x_wconf 87' lang='lat' dir='ltr'><strong>est</strong></span> 
     </span>
     <span class='ocr_line' id='line_1_63' title="bbox 1467 1472 2532 1529; baseline 0.008 -21"><span class='ocrx_word' id='word_1_364' title='bbox 1467 1472 1564 1509; x_wconf 91' lang='lat' dir='ltr'><strong>finis.</strong></span> <span class='ocrx_word' id='word_1_365' title='bbox 1596 1473 1697 1510; x_wconf 92' lang='lat' dir='ltr'><strong>Finis</strong></span> <span class='ocrx_word' id='word_1_366' title='bbox 1717 1481 1845 1510; x_wconf 90' lang='lat' dir='ltr'><strong>autem</strong></span> <span class='ocrx_word' id='word_1_367' title='bbox 1862 1482 1898 1511; x_wconf 94' lang='lat' dir='ltr'><strong>et</strong></span> <span class='ocrx_word' id='word_1_368' title='bbox 1912 1476 2057 1512; x_wconf 90' lang='lat' dir='ltr'><strong>bonum</strong></span> <span class='ocrx_word' id='word_1_369' title='bbox 2078 1485 2132 1513; x_wconf 90' lang='lat' dir='ltr'><strong>est</strong></span> <span class='ocrx_word' id='word_1_370' title='bbox 2150 1478 2343 1516; x_wconf 89' lang='lat' dir='ltr'><strong>obiectum</strong></span> <span class='ocrx_word' id='word_1_371' title='bbox 2363 1481 2532 1529; x_wconf 89' lang='lat' dir='ltr'><strong>appetiti-</strong></span> 
     </span>
     <span class='ocr_line' id='line_1_64' title="bbox 1468 1526 2530 1580; baseline 0.009 -19"><span class='ocrx_word' id='word_1_372' title='bbox 1468 1538 1539 1562; x_wconf 89' lang='lat' dir='ltr'><strong>vae</strong></span> <span class='ocrx_word' id='word_1_373' title='bbox 1559 1526 1761 1574; x_wconf 89' lang='lat' dir='ltr'><strong>potentiae.</strong></span> <span class='ocrx_word' id='word_1_374' title='bbox 1791 1527 1902 1564; x_wconf 89' lang='lat' dir='ltr'><strong>Unde</strong></span> <span class='ocrx_word' id='word_1_375' title='bbox 1922 1529 2164 1566; x_wconf 88' lang='lat' dir='ltr'><strong>manifestum</strong></span> <span class='ocrx_word' id='word_1_376' title='bbox 2195 1539 2250 1568; x_wconf 93' lang='lat' dir='ltr'><strong>est</strong></span> <span class='ocrx_word' id='word_1_377' title='bbox 2278 1533 2382 1580; x_wconf 93' lang='lat' dir='ltr'><strong>quod</strong></span> <span class='ocrx_word' id='word_1_378' title='bbox 2406 1533 2530 1570; x_wconf 82' lang='lat' dir='ltr'><strong>fruitio</strong></span> 
     </span>
     <span class='ocr_line' id='line_1_65' title="bbox 1470 1580 2141 1630; baseline 0.007 -16"><span class='ocrx_word' id='word_1_379' title='bbox 1470 1585 1525 1614; x_wconf 91' lang='lat' dir='ltr'><strong>est</strong></span> <span class='ocrx_word' id='word_1_380' title='bbox 1552 1586 1656 1615; x_wconf 91' lang='lat' dir='ltr'><strong>actus</strong></span> <span class='ocrx_word' id='word_1_381' title='bbox 1685 1580 1910 1628; x_wconf 90' lang='lat' dir='ltr'><strong>appetitivae</strong></span> <span class='ocrx_word' id='word_1_382' title='bbox 1937 1582 2141 1630; x_wconf 88' lang='lat' dir='ltr'><strong>potentiae.</strong></span> 
     </span>
    </p>

    <p class='ocr_par' dir='ltr' id='par_1_25' title="bbox 1468 1633 2533 2108">
     <span class='ocr_line' id='line_1_66' title="bbox 1523 1633 2533 1686; baseline 0.008 -19"><span class='ocrx_word' id='word_1_383' title='bbox 1523 1633 1581 1668; x_wconf 87' lang='lat' dir='ltr'><strong>AD</strong></span> <span class='ocrx_word' id='word_1_384' title='bbox 1610 1644 1747 1669; x_wconf 79' lang='lat' dir='ltr'>PRIMUM</span> <span class='ocrx_word' id='word_1_385' title='bbox 1776 1645 1873 1670; x_wconf 82' lang='lat' dir='ltr'>ERGO</span> <span class='ocrx_word' id='word_1_386' title='bbox 1893 1646 2076 1671; x_wconf 82' lang='lat' dir='ltr'><strong>DtCENDUM</strong></span> <span class='ocrx_word' id='word_1_387' title='bbox 2104 1636 2210 1684; x_wconf 91' lang='lat' dir='ltr'><strong>quod</strong></span> <span class='ocrx_word' id='word_1_388' title='bbox 2238 1637 2328 1673; x_wconf 90' lang='lat' dir='ltr'><strong>nihil</strong></span> <span class='ocrx_word' id='word_1_389' title='bbox 2356 1638 2533 1686; x_wconf 91' lang='lat' dir='ltr'><strong>prohibet</strong></span> 
     </span>
     <span class='ocr_line' id='line_1_67' title="bbox 1469 1685 2532 1739; baseline 0.008 -19"><span class='ocrx_word' id='word_1_390' title='bbox 1469 1697 1590 1721; x_wconf 90' lang='lat' dir='ltr'><strong>unum</strong></span> <span class='ocrx_word' id='word_1_391' title='bbox 1621 1693 1656 1722; x_wconf 90' lang='lat' dir='ltr'><strong>et</strong></span> <span class='ocrx_word' id='word_1_392' title='bbox 1683 1685 1803 1733; x_wconf 85' lang='lat' dir='ltr'><strong>idern,</strong></span> <span class='ocrx_word' id='word_1_393' title='bbox 1833 1687 2045 1724; x_wconf 91' lang='lat' dir='ltr'><strong>secundum</strong></span> <span class='ocrx_word' id='word_1_394' title='bbox 2074 1688 2244 1726; x_wconf 91' lang='lat' dir='ltr'><strong>diversas</strong></span> <span class='ocrx_word' id='word_1_395' title='bbox 2273 1690 2453 1739; x_wconf 89' lang='lat' dir='ltr'><strong>rationes,</strong></span> <span class='ocrx_word' id='word_1_396' title='bbox 2482 1692 2532 1729; x_wconf 92' lang='lat' dir='ltr'><strong>ad</strong></span> 
     </span>
     <span class='ocr_line' id='line_1_68' title="bbox 1469 1737 2531 1793; baseline 0.007 -19"><span class='ocrx_word' id='word_1_397' title='bbox 1469 1737 1639 1775; x_wconf 91' lang='lat' dir='ltr'><strong>diversas</strong></span> <span class='ocrx_word' id='word_1_398' title='bbox 1658 1739 1846 1786; x_wconf 88' lang='lat' dir='ltr'><strong>potentias</strong></span> <span class='ocrx_word' id='word_1_399' title='bbox 1865 1740 2065 1788; x_wconf 90' lang='lat' dir='ltr'><strong>pertinere.</strong></span> <span class='ocrx_word' id='word_1_400' title='bbox 2096 1743 2182 1790; x_wconf 92' lang='lat' dir='ltr'><strong>Ipsa</strong></span> <span class='ocrx_word' id='word_1_401' title='bbox 2201 1742 2311 1790; x_wconf 86' lang='lat' dir='ltr'><strong>igitur</strong></span> <span class='ocrx_word' id='word_1_402' title='bbox 2328 1744 2425 1780; x_wconf 91' lang='lat' dir='ltr'><strong>visio</strong></span> <span class='ocrx_word' id='word_1_403' title='bbox 2445 1745 2531 1793; x_wconf 90' lang='lat' dir='ltr'><strong>Dei,</strong></span> 
     </span>
     <span class='ocr_line' id='line_1_69' title="bbox 1470 1791 2532 1846; baseline 0.008 -20"><span class='ocrx_word' id='word_1_404' title='bbox 1470 1791 1695 1839; x_wconf 90' lang='lat' dir='ltr'><strong>inquantum</strong></span> <span class='ocrx_word' id='word_1_405' title='bbox 1716 1799 1771 1828; x_wconf 91' lang='lat' dir='ltr'><strong>est</strong></span> <span class='ocrx_word' id='word_1_406' title='bbox 1789 1792 1898 1839; x_wconf 86' lang='lat' dir='ltr'><strong>visio,</strong></span> <span class='ocrx_word' id='word_1_407' title='bbox 1921 1801 1976 1830; x_wconf 90' lang='lat' dir='ltr'><strong>est</strong></span> <span class='ocrx_word' id='word_1_408' title='bbox 1995 1801 2100 1831; x_wconf 89' lang='lat' dir='ltr'><strong>actus</strong></span> <span class='ocrx_word' id='word_1_409' title='bbox 2119 1794 2343 1833; x_wconf 91' lang='lat' dir='ltr'><strong>intellectus:</strong></span> <span class='ocrx_word' id='word_1_410' title='bbox 2373 1797 2532 1846; x_wconf 91' lang='lat' dir='ltr'><strong>inquan-</strong></span> 
     </span>
     <span class='ocr_line' id='line_1_70' title="bbox 1470 1845 2531 1894; baseline 0.008 -14"><span class='ocrx_word' id='word_1_411' title='bbox 1470 1851 1551 1880; x_wconf 90' lang='lat' dir='ltr'><strong>tum</strong></span> <span class='ocrx_word' id='word_1_412' title='bbox 1571 1852 1699 1881; x_wconf 85' lang='lat' dir='ltr'><strong>autem</strong></span> <span class='ocrx_word' id='word_1_413' title='bbox 1721 1852 1775 1881; x_wconf 90' lang='lat' dir='ltr'><strong>est</strong></span> <span class='ocrx_word' id='word_1_414' title='bbox 1789 1845 1937 1882; x_wconf 93' lang='lat' dir='ltr'><strong>bonum</strong></span> <span class='ocrx_word' id='word_1_415' title='bbox 1958 1854 1995 1883; x_wconf 92' lang='lat' dir='ltr'><strong>et</strong></span> <span class='ocrx_word' id='word_1_416' title='bbox 2013 1847 2112 1894; x_wconf 88' lang='lat' dir='ltr'><strong>finis,</strong></span> <span class='ocrx_word' id='word_1_417' title='bbox 2134 1855 2189 1884; x_wconf 88' lang='lat' dir='ltr'><strong>est</strong></span> <span class='ocrx_word' id='word_1_418' title='bbox 2202 1850 2407 1887; x_wconf 91' lang='lat' dir='ltr'><strong>voluntatis</strong></span> <span class='ocrx_word' id='word_1_419' title='bbox 2427 1850 2531 1887; x_wconf 91' lang='lat' dir='ltr'><strong>obie-</strong></span> 
     </span>
     <span class='ocr_line' id='line_1_71' title="bbox 1469 1898 2532 1940; baseline 0.008 -7"><span class='ocrx_word' id='word_1_420' title='bbox 1469 1903 1584 1934; x_wconf 89' lang='lat' dir='ltr'><strong>ctum.</strong></span> <span class='ocrx_word' id='word_1_421' title='bbox 1614 1898 1663 1934; x_wconf 91' lang='lat' dir='ltr'><strong>Et</strong></span> <span class='ocrx_word' id='word_1_422' title='bbox 1681 1898 1756 1934; x_wconf 93' lang='lat' dir='ltr'><strong>hoc</strong></span> <span class='ocrx_word' id='word_1_423' title='bbox 1774 1898 1893 1935; x_wconf 90' lang='lat' dir='ltr'><strong>modo</strong></span> <span class='ocrx_word' id='word_1_424' title='bbox 1915 1907 1970 1936; x_wconf 91' lang='lat' dir='ltr'><strong>est</strong></span> <span class='ocrx_word' id='word_1_425' title='bbox 1989 1899 2068 1937; x_wconf 87' lang='lat' dir='ltr'><strong>eius</strong></span> <span class='ocrx_word' id='word_1_426' title='bbox 2092 1900 2216 1937; x_wconf 87' lang='lat' dir='ltr'><strong>fruitio</strong></span> <span class='ocrx_word' id='word_1_427' title='bbox 2230 1901 2261 1938; x_wconf 71' lang='lat'><strong>²¹⁸.</strong></span> <span class='ocrx_word' id='word_1_428' title='bbox 2291 1903 2340 1939; x_wconf 94' lang='lat' dir='ltr'><strong>Et</strong></span> <span class='ocrx_word' id='word_1_429' title='bbox 2358 1903 2410 1940; x_wconf 91' lang='lat' dir='ltr'><strong>sic</strong></span> <span class='ocrx_word' id='word_1_430' title='bbox 2429 1904 2532 1940; x_wconf 92' lang='lat' dir='ltr'><strong>hunc</strong></span> 
     </span>
     <span class='ocr_line' id='line_1_72' title="bbox 1468 1950 2531 2005; baseline 0.008 -20"><span class='ocrx_word' id='word_1_431' title='bbox 1468 1950 1587 1986; x_wconf 87' lang='lat' dir='ltr'><strong>finem</strong></span> <span class='ocrx_word' id='word_1_432' title='bbox 1606 1956 1622 1978; x_wconf 72' lang='lat' dir='ltr'><strong>&#39;f</strong></span> <span class='ocrx_word' id='word_1_433' title='bbox 1650 1950 1858 1988; x_wconf 90' lang='lat' dir='ltr'><strong>intellectus</strong></span> <span class='ocrx_word' id='word_1_434' title='bbox 1887 1953 2130 2001; x_wconf 86' lang='lat' dir='ltr'><strong>consequitur</strong></span> <span class='ocrx_word' id='word_1_435' title='bbox 2157 1961 2339 2003; x_wconf 90' lang='lat' dir='ltr'><strong>tanquam</strong></span> <span class='ocrx_word' id='word_1_436' title='bbox 2362 1956 2531 2005; x_wconf 90' lang='lat' dir='ltr'><strong>potentia</strong></span> 
     </span>
     <span class='ocr_line' id='line_1_73' title="bbox 1469 2003 2530 2055; baseline 0.008 -17"><span class='ocrx_word' id='word_1_437' title='bbox 1469 2015 1600 2050; x_wconf 88' lang='lat' dir='ltr'><strong>agens:</strong></span> <span class='ocrx_word' id='word_1_438' title='bbox 1629 2003 1806 2040; x_wconf 91' lang='lat' dir='ltr'><strong>voluntas</strong></span> <span class='ocrx_word' id='word_1_439' title='bbox 1830 2012 1958 2042; x_wconf 90' lang='lat' dir='ltr'><strong>autem</strong></span> <span class='ocrx_word' id='word_1_440' title='bbox 1978 2013 2160 2054; x_wconf 87' lang='lat' dir='ltr'><strong>tanquam</strong></span> <span class='ocrx_word' id='word_1_441' title='bbox 2180 2009 2348 2055; x_wconf 91' lang='lat' dir='ltr'><strong>potentia</strong></span> <span class='ocrx_word' id='word_1_442' title='bbox 2367 2021 2530 2047; x_wconf 88' lang='lat' dir='ltr'><strong>movens</strong></span> 
     </span>
     <span class='ocr_line' id='line_1_74' title="bbox 1469 2056 2286 2108; baseline 0.007 -17"><span class='ocrx_word' id='word_1_443' title='bbox 1469 2056 1517 2092; x_wconf 92' lang='lat' dir='ltr'><strong>ad</strong></span> <span class='ocrx_word' id='word_1_444' title='bbox 1545 2056 1677 2102; x_wconf 92' lang='lat' dir='ltr'><strong>finem,</strong></span> <span class='ocrx_word' id='word_1_445' title='bbox 1708 2064 1745 2092; x_wconf 92' lang='lat' dir='ltr'><strong>et</strong></span> <span class='ocrx_word' id='word_1_446' title='bbox 1771 2057 1898 2094; x_wconf 79' lang='lat' dir='ltr'><strong>fruens</strong></span> <span class='ocrx_word' id='word_1_447' title='bbox 1926 2058 2002 2094; x_wconf 92' lang='lat' dir='ltr'><strong>fine</strong></span> <span class='ocrx_word' id='word_1_448' title='bbox 2030 2058 2106 2094; x_wconf 89' lang='lat' dir='ltr'><strong>iam</strong></span> <span class='ocrx_word' id='word_1_449' title='bbox 2134 2059 2286 2108; x_wconf 92' lang='lat' dir='ltr'><strong>adepto.</strong></span> 
     </span>
    </p>

    <p class='ocr_par' dir='ltr' id='par_1_26' title="bbox 1467 2111 2532 2480">
     <span class='ocr_line' id='line_1_75' title="bbox 1521 2111 2531 2160; baseline 0.008 -16"><span class='ocrx_word' id='word_1_450' title='bbox 1521 2111 1579 2145; x_wconf 85' lang='lat' dir='ltr'><strong>AD</strong></span> <span class='ocrx_word' id='word_1_451' title='bbox 1609 2120 1798 2146; x_wconf 76' lang='lat' dir='ltr'>SECUNDUM</span> <span class='ocrx_word' id='word_1_452' title='bbox 1826 2121 2011 2147; x_wconf 79' lang='lat' dir='ltr'><strong>mCENDUM</strong></span> <span class='ocrx_word' id='word_1_453' title='bbox 2039 2112 2145 2158; x_wconf 91' lang='lat' dir='ltr'><strong>quod</strong></span> <span class='ocrx_word' id='word_1_454' title='bbox 2172 2113 2352 2160; x_wconf 89' lang='lat' dir='ltr'><strong>perfectio</strong></span> <span class='ocrx_word' id='word_1_455' title='bbox 2383 2121 2419 2150; x_wconf 93' lang='lat' dir='ltr'><strong>et</strong></span> <span class='ocrx_word' id='word_1_456' title='bbox 2444 2115 2531 2152; x_wconf 89' lang='lat' dir='ltr'><strong>finis</strong></span> 
     </span>
     <span class='ocr_line' id='line_1_76' title="bbox 1469 2161 2532 2211; baseline 0.008 -14"><span class='ocrx_word' id='word_1_457' title='bbox 1469 2161 1666 2198; x_wconf 90' lang='lat' dir='ltr'><strong>cuiuslibet</strong></span> <span class='ocrx_word' id='word_1_458' title='bbox 1685 2162 1835 2199; x_wconf 89' lang='lat' dir='ltr'><strong>alterius</strong></span> <span class='ocrx_word' id='word_1_459' title='bbox 1863 2163 2067 2211; x_wconf 87' lang='lat' dir='ltr'><strong>potentiae,</strong></span> <span class='ocrx_word' id='word_1_460' title='bbox 2098 2165 2310 2203; x_wconf 90' lang='lat' dir='ltr'><strong>continetur</strong></span> <span class='ocrx_word' id='word_1_461' title='bbox 2337 2167 2407 2204; x_wconf 90' lang='lat' dir='ltr'><strong>sub</strong></span> <span class='ocrx_word' id='word_1_462' title='bbox 2428 2167 2532 2205; x_wconf 91' lang='lat' dir='ltr'><strong>obie-</strong></span> 
     </span>
     <span class='ocr_line' id='line_1_77' title="bbox 1469 2215 2532 2268; baseline 0.008 -18"><span class='ocrx_word' id='word_1_463' title='bbox 1469 2222 1528 2251; x_wconf 93' lang='lat' dir='ltr'><strong>cto</strong></span> <span class='ocrx_word' id='word_1_464' title='bbox 1558 2215 1797 2263; x_wconf 90' lang='lat' dir='ltr'><strong>appetitivae,</strong></span> <span class='ocrx_word' id='word_1_465' title='bbox 1826 2216 1920 2252; x_wconf 88' lang='lat' dir='ltr'><strong>sicut</strong></span> <span class='ocrx_word' id='word_1_466' title='bbox 1946 2217 2146 2265; x_wconf 91' lang='lat' dir='ltr'><strong>proprium</strong></span> <span class='ocrx_word' id='word_1_467' title='bbox 2170 2219 2240 2256; x_wconf 91' lang='lat' dir='ltr'><strong>sub</strong></span> <span class='ocrx_word' id='word_1_468' title='bbox 2261 2221 2470 2268; x_wconf 90' lang='lat' dir='ltr'><strong>communi,</strong></span> <span class='ocrx_word' id='word_1_469' title='bbox 2490 2229 2532 2259; x_wconf 91' lang='lat' dir='ltr'><strong>ut</strong></span> 
     </span>
     <span class='ocr_line' id='line_1_78' title="bbox 1469 2267 2530 2318; baseline 0.008 -15"><span class='ocrx_word' id='word_1_470' title='bbox 1469 2267 1612 2304; x_wconf 89' lang='lat' dir='ltr'><strong>dictum</strong></span> <span class='ocrx_word' id='word_1_471' title='bbox 1642 2275 1697 2304; x_wconf 92' lang='lat' dir='ltr'><strong>est</strong></span> <span class='ocrx_word' id='word_1_472' title='bbox 1722 2280 1837 2316; x_wconf 90' lang='lat' dir='ltr'><strong>supra</strong></span> <span class='ocrx_word' id='word_1_473' title='bbox 1855 2268 1886 2305; x_wconf 69' lang='lat'><strong>³¹⁸.</strong></span> <span class='ocrx_word' id='word_1_474' title='bbox 1916 2269 2027 2306; x_wconf 90' lang='lat' dir='ltr'><strong>Unde</strong></span> <span class='ocrx_word' id='word_1_475' title='bbox 2046 2271 2226 2318; x_wconf 89' lang='lat' dir='ltr'><strong>perfectio</strong></span> <span class='ocrx_word' id='word_1_476' title='bbox 2248 2279 2284 2308; x_wconf 93' lang='lat' dir='ltr'><strong>et</strong></span> <span class='ocrx_word' id='word_1_477' title='bbox 2301 2273 2388 2310; x_wconf 92' lang='lat' dir='ltr'><strong>finis</strong></span> <span class='ocrx_word' id='word_1_478' title='bbox 2408 2274 2530 2311; x_wconf 91' lang='lat' dir='ltr'><strong>cuius-</strong></span> 
     </span>
     <span class='ocr_line' id='line_1_79' title="bbox 1467 2319 2529 2374; baseline 0.008 -18"><span class='ocrx_word' id='word_1_479' title='bbox 1467 2319 1558 2357; x_wconf 88' lang='lat' dir='ltr'><strong>libet</strong></span> <span class='ocrx_word' id='word_1_480' title='bbox 1584 2321 1787 2369; x_wconf 87' lang='lat' dir='ltr'><strong>potentiae,</strong></span> <span class='ocrx_word' id='word_1_481' title='bbox 1817 2321 2044 2369; x_wconf 89' lang='lat' dir='ltr'><strong>inquantum</strong></span> <span class='ocrx_word' id='word_1_482' title='bbox 2070 2330 2126 2359; x_wconf 89' lang='lat' dir='ltr'><strong>est</strong></span> <span class='ocrx_word' id='word_1_483' title='bbox 2144 2324 2340 2372; x_wconf 88' lang='lat' dir='ltr'><strong>quoddam</strong></span> <span class='ocrx_word' id='word_1_484' title='bbox 2371 2326 2529 2374; x_wconf 92' lang='lat' dir='ltr'><strong>bonum,</strong></span> 
     </span>
     <span class='ocr_line' id='line_1_80' title="bbox 1467 2373 2531 2428; baseline 0.008 -19"><span class='ocrx_word' id='word_1_485' title='bbox 1467 2373 1629 2422; x_wconf 90' lang='lat' dir='ltr'><strong>pertinet</strong></span> <span class='ocrx_word' id='word_1_486' title='bbox 1656 2373 1704 2410; x_wconf 91' lang='lat' dir='ltr'><strong>ad</strong></span> <span class='ocrx_word' id='word_1_487' title='bbox 1733 2374 1988 2423; x_wconf 88' lang='lat' dir='ltr'><strong>appetitivam.</strong></span> <span class='ocrx_word' id='word_1_488' title='bbox 2017 2376 2178 2424; x_wconf 89' lang='lat' dir='ltr'><strong>Propter</strong></span> <span class='ocrx_word' id='word_1_489' title='bbox 2201 2378 2307 2425; x_wconf 92' lang='lat' dir='ltr'><strong>quod</strong></span> <span class='ocrx_word' id='word_1_490' title='bbox 2326 2379 2531 2428; x_wconf 88' lang='lat' dir='ltr'><strong>appetitiva</strong></span> 
     </span>
     <span class='ocr_line' id='line_1_81' title="bbox 1468 2426 2530 2480; baseline 0.007 -18"><span class='ocrx_word' id='word_1_491' title='bbox 1468 2426 1637 2475; x_wconf 91' lang='lat' dir='ltr'><strong>potentia</strong></span> <span class='ocrx_word' id='word_1_492' title='bbox 1655 2434 1788 2463; x_wconf 90' lang='lat' dir='ltr'><strong>movet</strong></span> <span class='ocrx_word' id='word_1_493' title='bbox 1815 2427 1905 2464; x_wconf 88' lang='lat' dir='ltr'><strong>alias</strong></span> <span class='ocrx_word' id='word_1_494' title='bbox 1933 2427 1983 2464; x_wconf 90' lang='lat' dir='ltr'><strong>ad</strong></span> <span class='ocrx_word' id='word_1_495' title='bbox 2011 2440 2101 2465; x_wconf 92' lang='lat' dir='ltr'><strong>suos</strong></span> <span class='ocrx_word' id='word_1_496' title='bbox 2130 2429 2246 2475; x_wconf 91' lang='lat' dir='ltr'><strong>fines;</strong></span> <span class='ocrx_word' id='word_1_497' title='bbox 2278 2438 2313 2467; x_wconf 93' lang='lat' dir='ltr'><strong>et</strong></span> <span class='ocrx_word' id='word_1_498' title='bbox 2339 2431 2421 2480; x_wconf 89' lang='lat' dir='ltr'><strong>ipsa</strong></span> <span class='ocrx_word' id='word_1_499' title='bbox 2441 2445 2530 2470; x_wconf 91' lang='lat' dir='ltr'><strong>con-</strong></span> 
     </span>
    </p>
   </div>
   <div class='ocr_carea' id='block_1_19' title="bbox 2558 1912 2770 1983">
    <p class='ocr_par' dir='ltr' id='par_1_27' title="bbox 2558 1912 2770 1983">
     <span class='ocr_line' id='line_1_82' title="bbox 2558 1912 2770 1941; baseline 0.009 -8"><span class='ocrx_word' id='word_1_500' title='bbox 2558 1913 2567 1922; x_wconf 91' lang='grc'><em>·</em></span> <span class='ocrx_word' id='word_1_501' title='bbox 2575 1912 2770 1941; x_wconf 78' lang='lat' dir='ltr'><strong>D.271‚308‚656.</strong></span> 
     </span>
     <span class='ocr_line' id='line_1_83' title="bbox 2654 1958 2677 1983; baseline 0 -6"><span class='ocrx_word' id='word_1_502' title='bbox 2654 1958 2677 1983; x_wconf 57' lang='lat' dir='ltr'><strong>Y.</strong></span> 
     </span>
    </p>
   </div>
   <div class='ocr_carea' id='block_1_20' title="bbox 2558 2279 2767 2312">
    <p class='ocr_par' dir='ltr' id='par_1_28' title="bbox 2558 2279 2767 2312">
     <span class='ocr_line' id='line_1_84' title="bbox 2558 2279 2767 2312; baseline 0 -6"><span class='ocrx_word' id='word_1_503' title='bbox 2558 2286 2567 2295; x_wconf 93' lang='grc'>·</span> <span class='ocrx_word' id='word_1_504' title='bbox 2584 2284 2632 2312; x_wconf 90' lang='lat' dir='ltr'><strong>Qu.</strong></span> <span class='ocrx_word' id='word_1_505' title='bbox 2646 2279 2677 2312; x_wconf 81' lang='lat' dir='ltr'><strong>ix,</strong></span> <span class='ocrx_word' id='word_1_506' title='bbox 2693 2288 2735 2307; x_wconf 81' lang='lat' dir='ltr'><strong>art.</strong></span> <span class='ocrx_word' id='word_1_507' title='bbox 2750 2291 2767 2306; x_wconf 88' lang='lat'><strong>1.</strong></span> 
     </span>
    </p>
   </div>
   <div class='ocr_carea' id='block_1_21' title="bbox 1469 2479 2595 2533">
    <p class='ocr_par' dir='ltr' id='par_1_29' title="bbox 1469 2479 2595 2533">
     <span class='ocr_line' id='line_1_85' title="bbox 1469 2479 2595 2533; baseline 0.007 -18"><span class='ocrx_word' id='word_1_508' title='bbox 1469 2479 1636 2529; x_wconf 91' lang='lat' dir='ltr'><strong>sequitur</strong></span> <span class='ocrx_word' id='word_1_509' title='bbox 1654 2480 1785 2527; x_wconf 91' lang='lat' dir='ltr'><strong>finem,</strong></span> <span class='ocrx_word' id='word_1_510' title='bbox 1803 2481 1957 2528; x_wconf 87' lang='lat' dir='ltr'><strong>quando</strong></span> <span class='ocrx_word' id='word_1_511' title='bbox 1978 2481 2167 2529; x_wconf 88' lang='lat' dir='ltr'><strong>quaelibet</strong></span> <span class='ocrx_word' id='word_1_512' title='bbox 2186 2483 2344 2520; x_wconf 88' lang='lat' dir='ltr'><strong>aliarum</strong></span> <span class='ocrx_word' id='word_1_513' title='bbox 2357 2485 2533 2533; x_wconf 88' lang='lat' dir='ltr'><strong>pertingit</strong></span> <span class='ocrx_word' id='word_1_514' title='bbox 2591 2514 2595 2517; x_wconf 88' lang='lat'><em>-</em></span> 
     </span>
    </p>
   </div>
   <div class='ocr_carea' id='block_1_22' title="bbox 1468 2533 2534 2899">
    <p class='ocr_par' dir='ltr' id='par_1_30' title="bbox 1468 2533 1677 2569">
     <span class='ocr_line' id='line_1_86' title="bbox 1468 2533 1677 2569; baseline -0.005 0"><span class='ocrx_word' id='word_1_515' title='bbox 1468 2533 1518 2569; x_wconf 89' lang='lat' dir='ltr'><strong>ad</strong></span> <span class='ocrx_word' id='word_1_516' title='bbox 1546 2533 1677 2569; x_wconf 90' lang='lat' dir='ltr'><strong>finem.</strong></span> 
     </span>
    </p>

    <p class='ocr_par' dir='ltr' id='par_1_31' title="bbox 1469 2585 2534 2899">
     <span class='ocr_line' id='line_1_87' title="bbox 1521 2585 2531 2636; baseline 0.007 -15"><span class='ocrx_word' id='word_1_517' title='bbox 1521 2585 1582 2622; x_wconf 92' lang='lat' dir='ltr'><strong>Ad</strong></span> <span class='ocrx_word' id='word_1_518' title='bbox 1603 2597 1761 2622; x_wconf 82' lang='lat' dir='ltr'>TERTIUM</span> <span class='ocrx_word' id='word_1_519' title='bbox 1782 2598 1966 2623; x_wconf 79' lang='lat' dir='ltr'><strong>DICENDUM</strong></span> <span class='ocrx_word' id='word_1_520' title='bbox 1993 2587 2099 2636; x_wconf 91' lang='lat' dir='ltr'><strong>quod</strong></span> <span class='ocrx_word' id='word_1_521' title='bbox 2117 2587 2156 2624; x_wconf 91' lang='lat' dir='ltr'><strong>in</strong></span> <span class='ocrx_word' id='word_1_522' title='bbox 2180 2588 2427 2627; x_wconf 86' lang='lat' dir='ltr'><strong>delectatione</strong></span> <span class='ocrx_word' id='word_1_523' title='bbox 2454 2591 2531 2628; x_wconf 92' lang='lat' dir='ltr'><strong>duo</strong></span> 
     </span>
     <span class='ocr_line' id='line_1_88' title="bbox 1469 2638 2533 2691; baseline 0.007 -17"><span class='ocrx_word' id='word_1_524' title='bbox 1469 2645 1570 2675; x_wconf 90' lang='lat' dir='ltr'><strong>sunt:</strong></span> <span class='ocrx_word' id='word_1_525' title='bbox 1592 2638 1731 2675; x_wconf 92' lang='lat' dir='ltr'><strong>scilicet</strong></span> <span class='ocrx_word' id='word_1_526' title='bbox 1749 2639 1942 2688; x_wconf 90' lang='lat' dir='ltr'><strong>perceptio</strong></span> <span class='ocrx_word' id='word_1_527' title='bbox 1964 2641 2234 2688; x_wconf 89' lang='lat' dir='ltr'><strong>convenientis,</strong></span> <span class='ocrx_word' id='word_1_528' title='bbox 2255 2654 2353 2690; x_wconf 89' lang='lat' dir='ltr'><strong>quae</strong></span> <span class='ocrx_word' id='word_1_529' title='bbox 2371 2644 2533 2691; x_wconf 88' lang='lat' dir='ltr'><strong>pertinet</strong></span> 
     </span>
     <span class='ocr_line' id='line_1_89' title="bbox 1469 2691 2533 2744; baseline 0.007 -17"><span class='ocrx_word' id='word_1_530' title='bbox 1469 2692 1519 2728; x_wconf 88' lang='lat' dir='ltr'><strong>ad</strong></span> <span class='ocrx_word' id='word_1_531' title='bbox 1557 2691 1877 2741; x_wconf 89' lang='lat' dir='ltr'><strong>apprehensivam</strong></span> <span class='ocrx_word' id='word_1_532' title='bbox 1913 2693 2144 2741; x_wconf 83' lang='lat' dir='ltr'><strong>potentiam3</strong></span> <span class='ocrx_word' id='word_1_533' title='bbox 2184 2702 2220 2731; x_wconf 91' lang='lat' dir='ltr'><strong>et</strong></span> <span class='ocrx_word' id='word_1_534' title='bbox 2259 2697 2533 2744; x_wconf 89' lang='lat' dir='ltr'><strong>complacentia</strong></span> 
     </span>
     <span class='ocr_line' id='line_1_90' title="bbox 1470 2744 2534 2797; baseline 0.006 -16"><span class='ocrx_word' id='word_1_535' title='bbox 1470 2745 1550 2781; x_wconf 91' lang='lat' dir='ltr'><strong>eius</strong></span> <span class='ocrx_word' id='word_1_536' title='bbox 1569 2744 1675 2792; x_wconf 94' lang='lat' dir='ltr'><strong>quod</strong></span> <span class='ocrx_word' id='word_1_537' title='bbox 1699 2744 1857 2782; x_wconf 85' lang='lat' dir='ltr'><strong>offertur</strong></span> <span class='ocrx_word' id='word_1_538' title='bbox 1874 2753 1916 2782; x_wconf 89' lang='lat' dir='ltr'><strong>ut</strong></span> <span class='ocrx_word' id='word_1_539' title='bbox 1935 2746 2178 2783; x_wconf 89' lang='lat' dir='ltr'><strong>conveniens.</strong></span> <span class='ocrx_word' id='word_1_540' title='bbox 2209 2748 2258 2784; x_wconf 92' lang='lat' dir='ltr'><strong>Et</strong></span> <span class='ocrx_word' id='word_1_541' title='bbox 2275 2749 2350 2785; x_wconf 90' lang='lat' dir='ltr'><strong>hoc</strong></span> <span class='ocrx_word' id='word_1_542' title='bbox 2373 2749 2534 2797; x_wconf 91' lang='lat' dir='ltr'><strong>pertinet</strong></span> 
     </span>
     <span class='ocr_line' id='line_1_91' title="bbox 1471 2798 2532 2848; baseline 0.007 -15"><span class='ocrx_word' id='word_1_543' title='bbox 1471 2798 1520 2834; x_wconf 90' lang='lat' dir='ltr'><strong>ad</strong></span> <span class='ocrx_word' id='word_1_544' title='bbox 1548 2798 1792 2846; x_wconf 87' lang='lat' dir='ltr'><strong>appetitivam</strong></span> <span class='ocrx_word' id='word_1_545' title='bbox 1820 2798 2048 2846; x_wconf 89' lang='lat' dir='ltr'><strong>potentiam,</strong></span> <span class='ocrx_word' id='word_1_546' title='bbox 2078 2799 2117 2836; x_wconf 92' lang='lat' dir='ltr'><strong>in</strong></span> <span class='ocrx_word' id='word_1_547' title='bbox 2147 2812 2221 2848; x_wconf 89' lang='lat' dir='ltr'><strong>qua</strong></span> <span class='ocrx_word' id='word_1_548' title='bbox 2249 2801 2343 2838; x_wconf 91' lang='lat' dir='ltr'><strong>ratio</strong></span> <span class='ocrx_word' id='word_1_549' title='bbox 2373 2802 2532 2840; x_wconf 89' lang='lat' dir='ltr'><strong>delecta-</strong></span> 
     </span>
     <span class='ocr_line' id='line_1_92' title="bbox 1470 2850 1832 2899; baseline 0 -12"><span class='ocrx_word' id='word_1_550' title='bbox 1470 2850 1582 2887; x_wconf 88' lang='lat' dir='ltr'><strong>tionis</strong></span> <span class='ocrx_word' id='word_1_551' title='bbox 1612 2851 1832 2899; x_wconf 92' lang='lat' dir='ltr'><strong>completur.</strong></span> 
     </span>
    </p>
   </div>
   <div class='ocr_carea' id='block_1_23' title="bbox 1523 2982 2084 3016">
    <p class='ocr_par' dir='ltr' id='par_1_32' title="bbox 1523 2982 2084 3016">
     <span class='ocr_line' id='line_1_93' title="bbox 1523 2982 2084 3016; baseline 0.002 -9"><span class='ocrx_word' id='word_1_552' title='bbox 1523 2983 1550 3016; x_wconf 89' lang='grc' dir='ltr'><strong>γ)</strong></span> <span class='ocrx_word' id='word_1_553' title='bbox 1570 2983 1608 3007; x_wconf 80' lang='lat' dir='ltr'><strong>sic</strong></span> <span class='ocrx_word' id='word_1_554' title='bbox 1626 2983 1694 3007; x_wconf 84' lang='lat' dir='ltr'><strong>hunc</strong></span> <span class='ocrx_word' id='word_1_555' title='bbox 1706 2983 1800 3015; x_wconf 86' lang='lat' dir='ltr'><strong>finem.</strong></span> <span class='ocrx_word' id='word_1_556' title='bbox 1818 2997 1836 3002; x_wconf 94' lang='lat'>-</span> <span class='ocrx_word' id='word_1_557' title='bbox 1849 2983 1931 3016; x_wconf 85' lang='lat' dir='ltr'><strong>finem</strong></span> <span class='ocrx_word' id='word_1_558' title='bbox 1951 2982 2020 3008; x_wconf 86' lang='lat' dir='ltr'><strong>hunc</strong></span> <span class='ocrx_word' id='word_1_559' title='bbox 2038 2983 2084 3008; x_wconf 86' lang='lat' dir='ltr'><strong>Pa.</strong></span> 
     </span>
    </p>
   </div>
   <div class='ocr_carea' id='block_1_24' title="bbox 1032 3095 1854 3129">
    <p class='ocr_par' dir='ltr' id='par_1_33' title="bbox 1032 3095 1854 3129">
     <span class='ocr_line' id='line_1_94' title="bbox 1032 3095 1854 3129; baseline 0.001 -1"><span class='ocrx_word' id='word_1_560' title='bbox 1032 3095 1361 3128; x_wconf 77' lang='lat' dir='ltr'><strong>Commentaria</strong></span> <span class='ocrx_word' id='word_1_561' title='bbox 1384 3095 1633 3129; x_wconf 73' lang='lat' dir='ltr'><strong>Cardinalis</strong></span> <span class='ocrx_word' id='word_1_562' title='bbox 1655 3096 1854 3129; x_wconf 75' lang='lat' dir='ltr'><strong>Caietani</strong></span> 
     </span>
    </p>
   </div>
   <div class='ocr_carea' id='block_1_25' title="bbox 356 3184 1418 3534">
    <p class='ocr_par' dir='ltr' id='par_1_34' title="bbox 356 3184 1418 3534">
     <span class='ocr_line' id='line_1_95' title="bbox 386 3184 1416 3225; baseline -0.001 -10"><span class='ocrx_word' id='word_1_563' title='bbox 386 3195 407 3215; x_wconf 79' lang='lat' dir='ltr'>N</span> <span class='ocrx_word' id='word_1_564' title='bbox 430 3185 534 3225; x_wconf 90' lang='lat' dir='ltr'><strong>primo</strong></span> <span class='ocrx_word' id='word_1_565' title='bbox 563 3184 693 3214; x_wconf 90' lang='lat' dir='ltr'><strong>articulo</strong></span> <span class='ocrx_word' id='word_1_566' title='bbox 724 3184 916 3224; x_wconf 84' lang='lat' dir='ltr'><strong>quaestionis</strong></span> <span class='ocrx_word' id='word_1_567' title='bbox 944 3184 1145 3220; x_wconf 85' lang='lat' dir='ltr'><strong>undecimae,</strong></span> <span class='ocrx_word' id='word_1_568' title='bbox 1175 3184 1299 3215; x_wconf 90' lang='lat' dir='ltr'><strong>adverte</strong></span> <span class='ocrx_word' id='word_1_569' title='bbox 1328 3185 1416 3225; x_wconf 91' lang='lat' dir='ltr'><strong>quod</strong></span> 
     </span>
     <span class='ocr_line' id='line_1_96' title="bbox 360 3198 1416 3268; baseline 0.001 -10"><span class='ocrx_word' id='word_1_570' title='bbox 360 3198 518 3267; x_wconf 79' lang='lat' dir='ltr'><strong>IAuctor,</strong></span> <span class='ocrx_word' id='word_1_571' title='bbox 542 3228 574 3258; x_wconf 91' lang='lat' dir='ltr'><strong>in</strong></span> <span class='ocrx_word' id='word_1_572' title='bbox 598 3238 730 3268; x_wconf 90' lang='lat' dir='ltr'><strong>corpore</strong></span> <span class='ocrx_word' id='word_1_573' title='bbox 753 3227 884 3264; x_wconf 86' lang='lat' dir='ltr'><strong>articuli,</strong></span> <span class='ocrx_word' id='word_1_574' title='bbox 905 3237 941 3258; x_wconf 86' lang='lat' dir='ltr'><strong>ex</strong></span> <span class='ocrx_word' id='word_1_575' title='bbox 959 3228 1079 3258; x_wconf 79' lang='lat' dir='ltr'><strong>ratione</strong></span> <span class='ocrx_word' id='word_1_576' title='bbox 1103 3227 1222 3258; x_wconf 89' lang='lat' dir='ltr'><strong>fructus</strong></span> <span class='ocrx_word' id='word_1_577' title='bbox 1242 3228 1349 3259; x_wconf 89' lang='lat' dir='ltr'><strong>intulit</strong></span> <span class='ocrx_word' id='word_1_578' title='bbox 1364 3238 1416 3259; x_wconf 88' lang='lat' dir='ltr'><strong>so-</strong></span> 
     </span>
     <span class='ocr_line' id='line_1_97' title="bbox 356 3272 1416 3314; baseline -0.002 -10"><span class='ocrx_word' id='word_1_579' title='bbox 356 3274 425 3304; x_wconf 89' lang='lat' dir='ltr'><strong>lum</strong></span> <span class='ocrx_word' id='word_1_580' title='bbox 440 3273 528 3314; x_wconf 92' lang='lat' dir='ltr'><strong>quod</strong></span> <span class='ocrx_word' id='word_1_581' title='bbox 548 3272 654 3303; x_wconf 90' lang='lat' dir='ltr'><strong>fruitio</strong></span> <span class='ocrx_word' id='word_1_582' title='bbox 671 3272 711 3302; x_wconf 91' lang='lat' dir='ltr'><strong>ad</strong></span> <span class='ocrx_word' id='word_1_583' title='bbox 726 3272 928 3312; x_wconf 84' lang='lat' dir='ltr'><strong>appetitivam</strong></span> <span class='ocrx_word' id='word_1_584' title='bbox 945 3279 1066 3312; x_wconf 88' lang='lat' dir='ltr'><strong>partem</strong></span> <span class='ocrx_word' id='word_1_585' title='bbox 1081 3272 1224 3312; x_wconf 88' lang='lat' dir='ltr'><strong>pertinet,</strong></span> <span class='ocrx_word' id='word_1_586' title='bbox 1241 3282 1298 3302; x_wconf 88' lang='lat' dir='ltr'><strong>nec</strong></span> <span class='ocrx_word' id='word_1_587' title='bbox 1318 3272 1416 3303; x_wconf 85' lang='lat' dir='ltr'><strong>deter-</strong></span> 
     </span>
     <span class='ocr_line' id='line_1_98' title="bbox 357 3315 1418 3357; baseline -0.002 -9"><span class='ocrx_word' id='word_1_588' title='bbox 357 3317 488 3348; x_wconf 86' lang='lat' dir='ltr'><strong>minavit</strong></span> <span class='ocrx_word' id='word_1_589' title='bbox 510 3327 550 3347; x_wconf 89' lang='lat' dir='ltr'><strong>an</strong></span> <span class='ocrx_word' id='word_1_590' title='bbox 573 3326 716 3347; x_wconf 84' lang='lat' dir='ltr'><strong>amorem</strong></span> <span class='ocrx_word' id='word_1_591' title='bbox 743 3326 783 3346; x_wconf 89' lang='lat' dir='ltr'><strong>an</strong></span> <span class='ocrx_word' id='word_1_592' title='bbox 808 3316 1048 3346; x_wconf 89' lang='lat' dir='ltr'><strong>delectationem</strong></span> <span class='ocrx_word' id='word_1_593' title='bbox 1072 3315 1238 3356; x_wconf 89' lang='lat' dir='ltr'><strong>significet:</strong></span> <span class='ocrx_word' id='word_1_594' title='bbox 1263 3316 1418 3357; x_wconf 81' lang='lat' dir='ltr'><strong>quoniam</strong></span> 
     </span>
     <span class='ocr_line' id='line_1_99' title="bbox 358 3360 1417 3402; baseline -0.001 -10"><span class='ocrx_word' id='word_1_595' title='bbox 358 3369 403 3392; x_wconf 87' lang='lat' dir='ltr'><strong>sat</strong></span> <span class='ocrx_word' id='word_1_596' title='bbox 427 3368 491 3392; x_wconf 89' lang='lat' dir='ltr'><strong>erat</strong></span> <span class='ocrx_word' id='word_1_597' title='bbox 514 3371 588 3391; x_wconf 87' lang='lat' dir='ltr'><strong>suae</strong></span> <span class='ocrx_word' id='word_1_598' title='bbox 612 3360 791 3402; x_wconf 88' lang='lat' dir='ltr'><strong>quaestioni</strong></span> <span class='ocrx_word' id='word_1_599' title='bbox 815 3360 903 3401; x_wconf 91' lang='lat' dir='ltr'><strong>quod</strong></span> <span class='ocrx_word' id='word_1_600' title='bbox 917 3360 956 3390; x_wconf 89' lang='lat' dir='ltr'><strong>ad</strong></span> <span class='ocrx_word' id='word_1_601' title='bbox 972 3360 1149 3400; x_wconf 85' lang='lat' dir='ltr'><strong>appetitum</strong></span> <span class='ocrx_word' id='word_1_602' title='bbox 1173 3366 1332 3401; x_wconf 83' lang='lat' dir='ltr'><strong>spectaret.</strong></span> <span class='ocrx_word' id='word_1_603' title='bbox 1356 3362 1417 3390; x_wconf 85' lang='lat' dir='ltr'><strong>Ae-</strong></span> 
     </span>
     <span class='ocr_line' id='line_1_100' title="bbox 357 3403 1418 3446; baseline -0.001 -11"><span class='ocrx_word' id='word_1_604' title='bbox 357 3405 518 3446; x_wconf 88' lang='lat' dir='ltr'><strong>quivocari</strong></span> <span class='ocrx_word' id='word_1_605' title='bbox 540 3411 647 3435; x_wconf 89' lang='lat' dir='ltr'><strong>tamen</strong></span> <span class='ocrx_word' id='word_1_606' title='bbox 670 3404 747 3435; x_wconf 88' lang='lat' dir='ltr'><strong>scito</strong></span> <span class='ocrx_word' id='word_1_607' title='bbox 771 3403 964 3434; x_wconf 86' lang='lat' dir='ltr'><strong>vocabulum</strong></span> <span class='ocrx_word' id='word_1_608' title='bbox 987 3404 1048 3434; x_wconf 92' lang='lat' dir='ltr'><strong>hoc</strong></span> <span class='ocrx_word' id='word_1_609' title='bbox 1071 3405 1156 3444; x_wconf 87' lang='lat' dir='ltr'><strong>apud</strong></span> <span class='ocrx_word' id='word_1_610' title='bbox 1180 3404 1364 3435; x_wconf 86' lang='lat' dir='ltr'><strong>Thomistas</strong></span> <span class='ocrx_word' id='word_1_611' title='bbox 1388 3410 1418 3435; x_wconf 89' lang='lat' dir='ltr'><strong>et</strong></span> 
     </span>
     <span class='ocr_line' id='line_1_101' title="bbox 358 3447 1416 3488; baseline -0.001 -8"><span class='ocrx_word' id='word_1_612' title='bbox 358 3449 515 3480; x_wconf 88' lang='lat' dir='ltr'><strong>Scotistas.</strong></span> <span class='ocrx_word' id='word_1_613' title='bbox 535 3450 603 3479; x_wconf 93' lang='lat' dir='ltr'><strong>Nos</strong></span> <span class='ocrx_word' id='word_1_614' title='bbox 627 3449 710 3479; x_wconf 89' lang='lat' dir='ltr'><strong>enim</strong></span> <span class='ocrx_word' id='word_1_615' title='bbox 726 3448 883 3479; x_wconf 86' lang='lat' dir='ltr'><strong>fruitionis</strong></span> <span class='ocrx_word' id='word_1_616' title='bbox 901 3447 1030 3478; x_wconf 89' lang='lat' dir='ltr'><strong>nomine</strong></span> <span class='ocrx_word' id='word_1_617' title='bbox 1047 3447 1259 3488; x_wconf 79' lang='lat' dir='ltr'><strong>significamus</strong></span> <span class='ocrx_word' id='word_1_618' title='bbox 1283 3448 1416 3479; x_wconf 86' lang='lat' dir='ltr'><strong>delecta-</strong></span> 
     </span>
     <span class='ocr_line' id='line_1_102' title="bbox 358 3492 1417 3534; baseline 0 -11"><span class='ocrx_word' id='word_1_619' title='bbox 358 3493 488 3529; x_wconf 86' lang='lat' dir='ltr'><strong>tionem,</strong></span> <span class='ocrx_word' id='word_1_620' title='bbox 506 3493 678 3524; x_wconf 86' lang='lat' dir='ltr'><strong>formaliter</strong></span> <span class='ocrx_word' id='word_1_621' title='bbox 692 3493 865 3534; x_wconf 87' lang='lat' dir='ltr'><strong>loquendo,</strong></span> <span class='ocrx_word' id='word_1_622' title='bbox 890 3501 1032 3522; x_wconf 87' lang='lat' dir='ltr'><strong>amorem</strong></span> <span class='ocrx_word' id='word_1_623' title='bbox 1049 3499 1155 3523; x_wconf 86' lang='lat' dir='ltr'><strong>autem</strong></span> <span class='ocrx_word' id='word_1_624' title='bbox 1171 3492 1370 3523; x_wconf 79' lang='lat' dir='ltr'><strong>connotative</strong></span> <span class='ocrx_word' id='word_1_625' title='bbox 1387 3499 1417 3523; x_wconf 90' lang='lat' dir='ltr'><strong>et</strong></span> 
     </span>
    </p>
   </div>
   <div class='ocr_carea' id='block_1_26' title="bbox 1470 3183 2534 3535">
    <p class='ocr_par' dir='ltr' id='par_1_35' title="bbox 1470 3183 2534 3358">
     <span class='ocr_line' id='line_1_103' title="bbox 1471 3183 2532 3224; baseline 0.003 -9"><span class='ocrx_word' id='word_1_626' title='bbox 1471 3184 1648 3216; x_wconf 86' lang='lat' dir='ltr'><strong>causaliter:</strong></span> <span class='ocrx_word' id='word_1_627' title='bbox 1673 3185 1718 3215; x_wconf 89' lang='lat' dir='ltr'><strong>illi</strong></span> <span class='ocrx_word' id='word_1_628' title='bbox 1734 3194 1809 3215; x_wconf 86' lang='lat' dir='ltr'><strong>vero</strong></span> <span class='ocrx_word' id='word_1_629' title='bbox 1824 3183 1999 3224; x_wconf 75' lang='lat' dir='ltr'><strong>significant</strong></span> <span class='ocrx_word' id='word_1_630' title='bbox 2017 3184 2191 3215; x_wconf 81' lang='lat' dir='ltr'><strong>formaliter</strong></span> <span class='ocrx_word' id='word_1_631' title='bbox 2207 3195 2350 3216; x_wconf 84' lang='lat' dir='ltr'><strong>amorem</strong></span> <span class='ocrx_word' id='word_1_632' title='bbox 2369 3186 2532 3218; x_wconf 78' lang='lat' dir='ltr'><strong>amicitiae.</strong></span> 
     </span>
     <span class='ocr_line' id='line_1_104' title="bbox 1471 3228 2534 3270; baseline 0.002 -11"><span class='ocrx_word' id='word_1_633' title='bbox 1471 3229 1564 3259; x_wconf 90' lang='lat' dir='ltr'><strong>Unde</strong></span> <span class='ocrx_word' id='word_1_634' title='bbox 1587 3235 1723 3269; x_wconf 89' lang='lat' dir='ltr'><strong>oportet,</strong></span> <span class='ocrx_word' id='word_1_635' title='bbox 1748 3238 1822 3260; x_wconf 88' lang='lat' dir='ltr'><strong>cum</strong></span> <span class='ocrx_word' id='word_1_636' title='bbox 1846 3228 2016 3269; x_wconf 80' lang='lat' dir='ltr'><strong>disputant,</strong></span> <span class='ocrx_word' id='word_1_637' title='bbox 2037 3239 2069 3259; x_wconf 90' lang='lat' dir='ltr'><strong>se</strong></span> <span class='ocrx_word' id='word_1_638' title='bbox 2084 3229 2220 3259; x_wconf 90' lang='lat' dir='ltr'><strong>invicem</strong></span> <span class='ocrx_word' id='word_1_639' title='bbox 2238 3230 2478 3270; x_wconf 78' lang='lat' dir='ltr'><strong>praedeclarare‚</strong></span> <span class='ocrx_word' id='word_1_640' title='bbox 2494 3240 2534 3261; x_wconf 88' lang='lat' dir='ltr'><strong>ne</strong></span> 
     </span>
     <span class='ocr_line' id='line_1_105' title="bbox 1472 3272 2533 3314; baseline 0.001 -11"><span class='ocrx_word' id='word_1_641' title='bbox 1472 3273 1510 3303; x_wconf 89' lang='lat' dir='ltr'><strong>de</strong></span> <span class='ocrx_word' id='word_1_642' title='bbox 1534 3283 1567 3303; x_wconf 85' lang='lat' dir='ltr'><strong>se</strong></span> <span class='ocrx_word' id='word_1_643' title='bbox 1589 3273 1726 3303; x_wconf 89' lang='lat' dir='ltr'><strong>invicem</strong></span> <span class='ocrx_word' id='word_1_644' title='bbox 1747 3273 1878 3309; x_wconf 83' lang='lat' dir='ltr'><strong>rideant,</strong></span> <span class='ocrx_word' id='word_1_645' title='bbox 1901 3272 2045 3313; x_wconf 84' lang='lat' dir='ltr'><strong>quolibet</strong></span> <span class='ocrx_word' id='word_1_646' title='bbox 2067 3279 2198 3313; x_wconf 88' lang='lat' dir='ltr'><strong>putante</strong></span> <span class='ocrx_word' id='word_1_647' title='bbox 2213 3274 2347 3305; x_wconf 86' lang='lat' dir='ltr'><strong>alterum</strong></span> <span class='ocrx_word' id='word_1_648' title='bbox 2363 3280 2445 3305; x_wconf 76' lang='lat' dir='ltr'><strong>extra</strong></span> <span class='ocrx_word' id='word_1_649' title='bbox 2460 3283 2533 3314; x_wconf 93' lang='lat' dir='ltr'><strong>pro-</strong></span> 
     </span>
     <span class='ocr_line' id='line_1_106' title="bbox 1470 3316 1733 3358; baseline 0.004 -11"><span class='ocrx_word' id='word_1_650' title='bbox 1470 3317 1612 3357; x_wconf 88' lang='lat' dir='ltr'><strong>positum</strong></span> <span class='ocrx_word' id='word_1_651' title='bbox 1634 3316 1733 3358; x_wconf 91' lang='lat' dir='ltr'><strong>loqui.</strong></span> 
     </span>
    </p>

    <p class='ocr_par' dir='ltr' id='par_1_36' title="bbox 1471 3360 2532 3535">
     <span class='ocr_line' id='line_1_107' title="bbox 1527 3360 2532 3402; baseline 0 -11"><span class='ocrx_word' id='word_1_652' title='bbox 1527 3360 1639 3391; x_wconf 89' lang='lat' dir='ltr'><strong>Suasio</strong></span> <span class='ocrx_word' id='word_1_653' title='bbox 1663 3367 1771 3392; x_wconf 85' lang='lat' dir='ltr'><strong>autern</strong></span> <span class='ocrx_word' id='word_1_654' title='bbox 1793 3360 1887 3397; x_wconf 89' lang='lat' dir='ltr'><strong>Scoti,</strong></span> <span class='ocrx_word' id='word_1_655' title='bbox 1912 3360 1946 3390; x_wconf 92' lang='lat' dir='ltr'><strong>in</strong></span> <span class='ocrx_word' id='word_1_656' title='bbox 1970 3360 1981 3390; x_wconf 94' lang='lat'>1</span> <span class='ocrx_word' id='word_1_657' title='bbox 2006 3360 2104 3398; x_wconf 73' lang='lat' dir='ltr'><strong>Sent„</strong></span> <span class='ocrx_word' id='word_1_658' title='bbox 2123 3361 2192 3392; x_wconf 90' lang='lat' dir='ltr'><strong>dist.</strong></span> <span class='ocrx_word' id='word_1_659' title='bbox 2216 3372 2241 3398; x_wconf 91' lang='lat'><strong>1,</strong></span> <span class='ocrx_word' id='word_1_660' title='bbox 2259 3371 2313 3402; x_wconf 89' lang='lat' dir='ltr'><strong>qu.</strong></span> <span class='ocrx_word' id='word_1_661' title='bbox 2330 3371 2373 3398; x_wconf 88' lang='lat'><strong>111,</strong></span> <span class='ocrx_word' id='word_1_662' title='bbox 2399 3370 2435 3391; x_wconf 84' lang='lat' dir='ltr'><strong>ex</strong></span> <span class='ocrx_word' id='word_1_663' title='bbox 2458 3371 2532 3391; x_wconf 91' lang='lat' dir='ltr'><strong>con-</strong></span> 
     </span>
     <span class='ocr_line' id='line_1_108' title="bbox 1472 3404 2532 3445; baseline 0 -10"><span class='ocrx_word' id='word_1_664' title='bbox 1472 3405 1659 3435; x_wconf 88' lang='lat' dir='ltr'><strong>structione:</strong></span> <span class='ocrx_word' id='word_1_665' title='bbox 1684 3404 1800 3435; x_wconf 87' lang='lat' dir='ltr'><strong>scilicet</strong></span> <span class='ocrx_word' id='word_1_666' title='bbox 1823 3404 1898 3445; x_wconf 85' lang='lat' dir='ltr'><strong>quia</strong></span> <span class='ocrx_word' id='word_1_667' title='bbox 1912 3404 2018 3445; x_wconf 83' lang='lat' dir='ltr'><strong>fruor</strong></span> <span class='ocrx_word' id='word_1_668' title='bbox 2034 3405 2226 3436; x_wconf 88' lang='lat' dir='ltr'><strong>construitur</strong></span> <span class='ocrx_word' id='word_1_669' title='bbox 2239 3415 2313 3436; x_wconf 88' lang='lat' dir='ltr'><strong>cum</strong></span> <span class='ocrx_word' id='word_1_670' title='bbox 2336 3404 2472 3435; x_wconf 81' lang='lat' dir='ltr'><strong>ablativo</strong></span> <span class='ocrx_word' id='word_1_671' title='bbox 2492 3405 2532 3435; x_wconf 89' lang='lat' dir='ltr'><strong>si-</strong></span> 
     </span>
     <span class='ocr_line' id='line_1_109' title="bbox 1471 3448 2530 3491; baseline 0 -12"><span class='ocrx_word' id='word_1_672' title='bbox 1471 3448 1638 3488; x_wconf 87' lang='lat' dir='ltr'><strong>gnificante</strong></span> <span class='ocrx_word' id='word_1_673' title='bbox 1654 3448 1814 3491; x_wconf 80' lang='lat' dir='ltr'><strong>obiectum</strong></span> <span class='ocrx_word' id='word_1_674' title='bbox 1831 3458 1868 3478; x_wconf 82' lang='lat' dir='ltr'><strong>ex</strong></span> <span class='ocrx_word' id='word_1_675' title='bbox 1882 3448 1913 3478; x_wconf 92' lang='lat' dir='ltr'><strong>vi</strong></span> <span class='ocrx_word' id='word_1_676' title='bbox 1930 3449 2136 3485; x_wconf 86' lang='lat' dir='ltr'><strong>transitionis;</strong></span> <span class='ocrx_word' id='word_1_677' title='bbox 2157 3459 2231 3490; x_wconf 86' lang='lat' dir='ltr'><strong>ergo</strong></span> <span class='ocrx_word' id='word_1_678' title='bbox 2248 3448 2401 3489; x_wconf 85' lang='lat' dir='ltr'><strong>significat</strong></span> <span class='ocrx_word' id='word_1_679' title='bbox 2416 3454 2530 3485; x_wconf 86' lang='lat' dir='ltr'><strong>actum,</strong></span> 
     </span>
     <span class='ocr_line' id='line_1_110' title="bbox 1472 3491 2532 3535; baseline 0 -12"><span class='ocrx_word' id='word_1_680' title='bbox 1472 3492 1549 3532; x_wconf 79' lang='lat' dir='ltr'><strong>p&#39;uta</strong></span> <span class='ocrx_word' id='word_1_681' title='bbox 1573 3502 1725 3529; x_wconf 82' lang='lat' dir='ltr'><strong>amorem,</strong></span> <span class='ocrx_word' id='word_1_682' title='bbox 1750 3499 1780 3524; x_wconf 88' lang='lat' dir='ltr'><strong>et</strong></span> <span class='ocrx_word' id='word_1_683' title='bbox 1802 3502 1869 3523; x_wconf 92' lang='lat' dir='ltr'><strong>non</strong></span> <span class='ocrx_word' id='word_1_684' title='bbox 1892 3493 2082 3533; x_wconf 85' lang='lat' dir='ltr'><strong>passionem,</strong></span> <span class='ocrx_word' id='word_1_685' title='bbox 2107 3500 2185 3534; x_wconf 79' lang='lat' dir='ltr'><strong>puta</strong></span> <span class='ocrx_word' id='word_1_686' title='bbox 2210 3492 2450 3524; x_wconf 77' lang='lat' dir='ltr'><strong>delectationem</strong></span> <span class='ocrx_word' id='word_1_687' title='bbox 2474 3491 2532 3535; x_wconf 89' lang='lat' dir='ltr'><strong>(di-</strong></span> 
     </span>
    </p>
   </div>
  </div>
 </body>
</html>
