2846 4146
112 284 123 295 ⁵
137 283 172 305 Cf.
188 283 244 305 ibid.

116 677 126 685 ·
141 675 178 698 Cf.
193 680 256 697 num.
272 680 304 696 vr.

116 936 185 968 ‘'Cf.
201 936 235 959 1v
247 936 312 958 Sent.
321 952 328 963 ,

117 962 240 1020 Qffiff
265 990 326 1015 m„

117 1015 171 1037 dist.
186 1021 269 1038 xxxin.

118 1069 127 1078 ’
142 1066 179 1090 cf.
193 1066 249 1089 ibid.

265 969 288 984 u·
296 968 328 984 w.

0 1560 3 1579 ¹
111 1527 327 1599 -ἶὲὓτίἓὲἕῖῑ

119 1992 130 2002 ·
139 1991 192 2013 Art.
201 1989 224 2017 ⁶,
235 1988 331 2012 Coum.

147 2118 197 2148 Qu.
209 2124 274 2146 mu,
288 2121 332 2140 nrt.

1014 198 1279 244 QUAESTIO
1309 197 1446 243 LXVI,
1475 197 1771 233 ARTICULUS
1801 197 1850 232 III

410 278 462 308 IX.
479 276 571 307 Unde
594 275 696 315 prima
711 274 889 315 propositio
905 275 922 294 *
941 282 986 306 est
1002 275 1184 316 simpliciter
1199 286 1281 311 vera,
1297 282 1327 306 et
1343 275 1405 305 for-

353 321 453 357 malis,
468 319 599 350 scilicet:
630 320 767 349 Virtutes
781 319 1010 350 intellectuales
1026 325 1102 350 sunt
1117 320 1284 350 nobiliores
1302 329 1406 349 mora-

353 365 454 396 libus:
476 363 550 404 quia
574 373 611 393 ex
634 362 769 404 propriis
796 362 970 393 rationibus
996 362 1147 402 specificis
1169 363 1328 393 vindicant
1350 362 1408 392 sibi

353 407 508 439 maiorem
524 406 721 437 nobilitatem
737 415 833 446 quam
850 407 995 437 morales.
1009 424 1030 429 -
1046 407 1152 437 Tertia
1168 414 1275 437 autem
1291 416 1408 446 propo-

353 452 426 482 sitio
450 457 497 482 est
518 460 591 481 vera
613 459 688 481 cum
711 448 980 481 determinatione.
1005 451 1097 481 Unde
1116 458 1146 481 et
1168 451 1201 480 in
1223 451 1324 480 littera
1343 460 1408 480 non

353 496 495 526 habetur.
514 495 580 525 Nec
595 500 789 533 acceptarem
805 503 875 523 eam
891 494 950 523 nisi
974 504 1047 524 cum
1062 494 1332 530 determinatione,
1349 494 1410 523 hoc

354 539 469 570 modo:
500 538 637 568 Virtutes
649 537 788 567 morales
803 543 879 567 sunt
894 538 1063 568 nobiliores
1078 539 1220 575 virtutes,
1236 537 1409 568 secundum

354 591 551 614 communem
567 582 723 612 rationem
737 582 874 617 virtutis,
892 591 986 621 quam
1004 582 1242 612 intellectuales.
1263 581 1336 612 Sine
1352 581 1411 611 hac

355 627 440 657 enim
463 624 730 659 determinatione,
756 625 1029 655 contradictoriam
1052 625 1267 655 concederem.

409 671 475 701 Nec
503 669 608 699 obstat
637 667 779 698 doctrina
807 669 950 708 superius
980 669 1085 699 habita
1113 669 1145 698 in
1173 679 1226 709 qu.
1251 679 1302 698 Lvr
1321 668 1356 704 *,
1382 675 1412 698 et

354 713 472 754 pluries
495 712 636 752 repetita,
653 711 691 742 de
714 712 828 742 virtute
851 712 1042 752 simpliciter,
1067 720 1098 743 et
1121 713 1295 743 secundum
1320 712 1410 752 quid:

355 757 430 798 quia
452 756 628 787 secundum
657 765 864 786 communem
886 756 1008 786 virtutis
1036 756 1190 786 rationem
1217 755 1410 795 intelligitur.

354 801 396 831 Et
409 801 495 831 hunc
518 809 646 830 sensum
670 804 832 830 memento
856 800 1012 835 reducere,
1030 800 1084 830 ubi
1107 799 1221 830 similia
1244 799 1393 830 invenies.

407 844 446 874 X.
460 844 495 874 In
512 853 644 883 corpore
661 843 802 880 eiusdem
818 843 949 879 articuli,
967 844 1092 874 adverte
1106 843 1220 883 primo,
1233 843 1322 884 quod
1337 843 1412 873 Sco-

354 894 416 923 tus,
433 897 507 918 cum
523 887 719 928 sequacibus,
737 887 812 928 quia
834 894 920 917 tenet
938 888 1136 918 voluntatem
1159 888 1349 918 nobiliorem
1364 887 1411 917 in—

354 931 480 962 tellectu
492 930 520 967 ⁴¹,
542 938 771 972 consequenter
785 931 877 971 ponit
890 931 1038 961 virtutem
1053 931 1207 961 moralem
1223 931 1413 961 nobiliorem

354 975 531 1016 prudentia,
559 984 641 1015 quae
667 983 714 1005 est
739 975 957 1006 intellectualis
970 975 996 1005 *.
1021 975 1062 1005 Et
1080 986 1146 1005 non
1169 975 1276 1005 solum
1295 975 1328 1005 in
1351 975 1413 1005 hoc

354 1019 510 1059 principio
531 1019 706 1055 discordat;
735 1019 790 1050 sed
805 1019 879 1059 quia
898 1019 989 1059 ponit
1004 1019 1203 1058 prudentiam
1219 1026 1249 1050 et
1264 1019 1412 1050 virtutem

354 1064 508 1094 moralem
523 1063 603 1094 circa
619 1063 704 1093 idem
720 1063 881 1094 obiectum
893 1062 921 1099 ⁴²,
938 1074 973 1094 ac
992 1073 1048 1102 per
1061 1063 1122 1093 hoc
1137 1073 1239 1103 aequa
1254 1070 1310 1099 est,
1328 1064 1413 1103 apud

353 1107 471 1148 ipsum,
493 1107 639 1138 nobilitas
655 1117 692 1137 ex
708 1114 795 1147 parte
811 1107 934 1137 obiecti.
952 1107 992 1137 Et
1006 1114 1111 1146 aperte
1126 1114 1214 1138 errat.
1240 1107 1323 1144 Quia
1341 1107 1413 1138 licet

354 1151 395 1182 sit
415 1151 502 1182 idern
525 1151 685 1182 obiectum
708 1150 877 1187 materiale,
903 1158 980 1190 puta
1008 1150 1134 1190 agibile;
1160 1151 1344 1191 prudentiae
1367 1158 1412 1182 ta-

354 1205 429 1226 men
452 1195 612 1226 obiectum
637 1202 683 1225 est
705 1195 764 1225 sub
780 1195 901 1225 ratione
923 1195 998 1230 veri,
1014 1195 1135 1224 virtutis
1150 1202 1261 1226 autem
1285 1196 1413 1225 moralis

354 1240 414 1270 sub
429 1239 550 1270 ratione
564 1239 649 1269 boni.
674 1239 747 1270 Veri
771 1247 877 1270 autem
894 1238 973 1268 ratio
990 1238 1129 1269 nobilior
1148 1246 1194 1269 est
1213 1239 1411 1279 simpliciter:

354 1284 431 1324 quia
453 1283 637 1313 absolutior.

411 1327 547 1358 Adverte
570 1326 725 1361 secundo,
750 1335 789 1355 ne
821 1333 851 1355 te
879 1325 1012 1365 decipiat
1039 1326 1168 1355 materia
1195 1325 1412 1357 intellectualis

354 1370 487 1406 virtutis,
503 1377 580 1410 puta
595 1369 683 1404 artis;
701 1375 732 1399 et
750 1376 916 1408 propterea
931 1379 1025 1407 neges
1046 1379 1116 1399 eam
1132 1369 1322 1400 nobiliorem
1338 1371 1412 1400 sim-

311 1452 313 1455 .
354 1414 485 1454 pliciter.
507 1412 645 1452 Respice
669 1413 708 1442 ad
731 1412 887 1442 rationem
909 1412 1042 1446 litterae.
1066 1413 1142 1452 quia
1164 1413 1282 1443 scilicet
1305 1421 1351 1444 est
1374 1415 1412 1444 de

354 1458 398 1488 eis
416 1458 449 1487 in
465 1456 647 1492 universali;
668 1463 699 1486 et
721 1456 872 1496 quiesces,
885 1465 951 1485 non
974 1456 1159 1494 abnegando
1183 1456 1413 1496 ignobilitatem

354 1501 532 1533 secundum
553 1500 642 1541 quid,
658 1510 717 1540 pro
733 1506 852 1540 quanto
876 1499 916 1529 ad
939 1498 1012 1529 vilia
1028 1500 1217 1539 experiendo
1241 1501 1412 1532 descendit.

354 1547 534 1586 Utrumque
546 1545 643 1575 *enim
658 1544 716 1574 arti
739 1543 896 1579 convenit,
913 1550 948 1574 ut
970 1543 1003 1573 in
1021 1543 1032 1573 1
1052 1544 1235 1584 Metaphys.
1251 1544 1270 1563 *
1284 1544 1412 1575 dicitur:

353 1590 493 1621 iudicare
515 1588 642 1624 scilicet,
667 1595 697 1618 et
720 1597 820 1628 agere.
846 1588 888 1618 Et
909 1594 1076 1627 propterea
1099 1587 1143 1618 sic
1167 1587 1324 1628 suscipere
1348 1599 1413 1619 me-

355 1641 465 1665 mento
491 1633 580 1674 quod
595 1632 763 1672 prudentia
778 1638 808 1662 et
823 1641 872 1661 ars
895 1631 958 1662 sint
973 1631 1052 1662 circa
1075 1631 1254 1671 singularia,
1275 1639 1311 1662 ut
1326 1633 1414 1672 prius

355 1686 386 1710 et
409 1677 613 1713 essentialius,
633 1676 825 1717 inquantum
849 1675 1090 1715 cognoscitivae,
1107 1675 1169 1706 sint
1191 1676 1272 1706 circa
1289 1676 1413 1707 univer-

355 1722 450 1754 salia:
475 1722 559 1752 unde
590 1721 787 1751 nobilitatem
815 1719 998 1759 simpliciter
1027 1720 1168 1756 trahunt,
1193 1726 1228 1751 ut
1257 1720 1289 1750 in
1313 1721 1414 1751 littera

355 1766 480 1797 dicitur.
631 1765 634 1768 ”

409 1810 462 1840 XI.
479 1809 515 1839 In
538 1808 744 1848 responsione
761 1807 800 1837 ad
823 1807 952 1838 tertium
967 1807 1109 1838 eiusdem
1129 1808 1261 1845 articuli,
1279 1809 1415 1839 dubium

355 1855 492 1886 arduum
515 1852 651 1883 occurrit
673 1852 706 1882 in
729 1851 779 1881 via
802 1851 960 1887 Auctoris,
977 1858 1008 1881 et
1026 1851 1227 1892 simpliciter:
1247 1853 1414 1893 quomodo

356 1898 475 1929 scilicet
504 1896 544 1927 sit
570 1905 681 1927 verum
703 1895 911 1936 prudentiam
943 1895 1087 1936 dirigere
1115 1897 1254 1927 morales
1283 1898 1416 1928 virtutes

356 1943 452 1973 etiam
480 1942 512 1971 in
535 1940 777 1980 praestituendo
794 1940 909 1980 finem.
942 1939 983 1969 Et
1009 1939 1192 1979 simpliciter
1223 1940 1354 1981 quidem
1383 1941 1415 1971 in

357 1987 395 2017 11·
422 1986 472 2016 11⁸·
487 1984 720 2015 discutiendum
737 1983 802 2019 erit,
820 1983 852 2013 in
869 1993 923 2024 qu.
941 1993 1022 2013 van
1037 1983 1065 2014 ὓ.
1089 1985 1140 2014 Ad
1159 1984 1325 2014 hominem
1340 1995 1415 2015 vero

357 2040 444 2061 nunc
466 2028 584 2068 duplici
615 2027 736 2058 ratione
759 2027 977 2057 disserendum
1000 2034 1090 2067 puto.
1117 2028 1234 2065 Primo,
1257 2029 1332 2069 quia
1354 2029 1416 2059 hoc

357 2082 531 2114 repugnare
542 2072 666 2102 videtur
681 2071 826 2111 superius
842 2071 946 2107 dictis;
966 2078 997 2102 et
1010 2071 1140 2102 inferius
1155 2072 1188 2102 in
1204 2073 1239 2102 11·
1262 2073 1326 2109 11··‚
1342 2073 1415 2103 loco

358 2118 503 2158 allegato.
531 2115 753 2156 Superioribus
776 2115 922 2156 quidem,
947 2125 1005 2155 pro
1028 2123 1148 2156 quanto
1177 2116 1297 2147 dictum
1321 2117 1381 2148 fuit
1400 2117 1417 2136 *

358 2161 447 2204 quod
470 2159 635 2202 prudentia
652 2159 854 2199 principium,
874 2159 962 2200 quod
978 2166 1024 2190 est
1042 2159 1123 2196 finis,
1147 2159 1240 2190 habet
1263 2171 1281 2191 a
1303 2161 1417 2192 virtute

359 2205 488 2241 morali,
513 2205 589 2246 quia
610 2203 713 2244 qualis
738 2203 958 2244 unusquisque
981 2210 1037 2241 est,
1058 2203 1128 2234 talis
1152 2204 1180 2234 ei
1195 2203 1266 2234 finis
1281 2205 1416 2236 videtur.

359 2249 562 2281 Inferioribus
585 2254 705 2283 autem,
730 2247 805 2287 quia
828 2257 970 2287 expresse
993 2247 1158 2287 negabitur
1180 2258 1216 2278 ex
1239 2249 1416 2288 proposito,

358 2293 561 2335 prudentiam
587 2291 789 2332 praestituere
811 2290 909 2321 fine'm
931 2291 1106 2321 moralibus
1128 2292 1305 2323 virtutibus.
1322 2310 1343 2316 ·—
1362 2293 1417 2323 Se—

358 2335 474 2374 cundi),
491 2336 566 2376 quia
581 2346 618 2367 ex
633 2335 695 2365 hoc
713 2335 830 2374 pendet
852 2335 1025 2374 principale
1048 2335 1205 2365 intentum
1229 2336 1323 2366 huius
1346 2337 1417 2367 arti-

357 2381 422 2413 culi
444 2380 553 2422 quoad
575 2378 786 2419 prudentiam,
813 2388 853 2408 an
881 2378 998 2409 scilicet
1027 2379 1166 2409 nobilior
1188 2379 1228 2410 sit
1250 2380 1418 2419 prudentia

356 2425 472 2456 virtute
495 2423 608 2454 morali
616 2432 624 2459 ;
647 2429 684 2453 ut
705 2422 752 2452 vis
775 2422 952 2462 argumenti
975 2422 1082 2462 tangit.

411 2468 480 2499 XII.
506 2468 555 2498 Ad
578 2467 673 2498 huius
696 2465 887 2497 difficultatis
910 2466 1116 2503 evidentiam,
1145 2468 1314 2507 ponendus
1344 2475 1416 2498 ante

358 2513 470 2544 oculos
493 2518 540 2542 est
561 2520 746 2551 progressus
769 2517 895 2540 nostrae
914 2510 1028 2540 mentis
1045 2511 1078 2540 in
1102 2510 1178 2546 istis,
1196 2518 1231 2541 ut
1254 2521 1290 2541 ex
1314 2521 1353 2541 eo
1369 2521 1416 2541 ra—

357 2557 480 2588 tionem
497 2555 656 2586 dictorum
672 2563 796 2584 sumere
813 2560 844 2584 et
858 2554 986 2584 reddere
1002 2554 1177 2590 valeamus;
1199 2561 1231 2585 et
1245 2555 1323 2595 quid
1339 2555 1413 2585 sim-

357 2599 489 2642 pliciter,
508 2605 540 2630 et
558 2598 636 2639 quid
658 2597 836 2628 secundum
858 2597 935 2637 quid
957 2597 1164 2637 intelligatur,
1189 2598 1414 2630 discernamus.

357 2644 395 2676 In
417 2650 522 2674 mente
545 2649 652 2673 nostra
675 2641 778 2682 primo
803 2641 951 2671 omnium
975 2648 1021 2672 est
1043 2642 1235 2682 synderesis,
1265 2653 1332 2683 qua
1349 2653 1415 2674 non

358 2688 466 2719 solum
490 2696 587 2717 omne
601 2686 724 2716 bonum
740 2685 1000 2726 prosequendum
1026 2693 1056 2716 et
1079 2685 1201 2716 malum
1214 2685 1413 2726 fugiendum,

358 2731 538 2762 felicitatem
554 2729 764 2770 appetendam
776 2737 807 2760 et
822 2728 981 2759 miseriam
1001 2729 1196 2769 fugiendam;
1222 2731 1276 2760 sed
1292 2731 1415 2762 bonum

358 2774 488 2806 rationis
515 2773 791 2814 prosequendum,
820 2780 850 2804 et
873 2773 996 2804 malum
1022 2773 1209 2813 oppositum
1230 2774 1413 2812 vitandum,

356 2819 535 2850 iudicamus
558 2817 748 2849 naturaliter.
767 2817 810 2848 Et
822 2817 897 2848 hinc
910 2817 955 2847 in·
965 2817 1107 2857 appetitu
1123 2818 1219 2848 etiam
1235 2819 1416 2850 naturaliter

357 2863 439 2894 inest
452 2872 520 2892 non
534 2861 641 2892 solum
656 2861 818 2892 inclinatio
834 2862 874 2892 ad
888 2862 1011 2892 bonum
1028 2863 1287 2903 prosequendum
1303 2870 1334 2893 et
1348 2873 1415 2894 ma-

356 2907 426 2938 lum
435 2906 611 2943 vitandum,
626 2905 665 2936 ad
681 2904 908 2936 beatitudinem
922 2906 1132 2945 appetendam
1146 2913 1176 2938 et
1191 2906 1349 2937 miseriam
1366 2907 1414 2938 fu-

356 2950 520 2991 giendam;
544 2949 600 2979 sed
621 2948 804 2989 imperfecta
823 2949 978 2989 quaedam
1000 2948 1163 2980 inclinatio
1179 2950 1219 2980 ad
1241 2950 1413 2982 vivendum

357 2994 535 3025 secundum
557 2999 674 3023 rectam
697 2993 862 3023 rationem.
885 2993 927 3023 Et
949 2993 1020 3023 licet
1037 2993 1212 3034 synderesis
1235 2994 1275 3025 sit
1296 2995 1412 3032 virtus,

356 3038 432 3079 quia
447 3043 493 3068 est
507 3037 682 3067 intellectus
697 3036 942 3076 principiorum;
961 3036 1123 3067 inclinatio
1138 3044 1244 3068 tamen
1266 3038 1344 3069 haec
1359 3049 1412 3079 ap-

356 3081 474 3122 petitus
495 3090 562 3111 non
585 3087 632 3111 est
653 3080 762 3116 virtus,
785 3080 861 3120 quia
882 3080 1064 3120 imperfecta
1087 3087 1177 3112 est.—
1190 3082 1283 3112 Ratio
1306 3089 1412 3113 autem

355 3135 453 3167 quare
468 3125 501 3155 in
517 3124 658 3165 appetitu
675 3134 740 3154 non
756 3131 802 3154 est
819 3124 954 3164 perfecta
973 3124 1121 3155 naturalis
1133 3125 1306 3163 inclinatio,
1322 3133 1359 3157 ut
1374 3127 1414 3158 sit

355 3168 515 3200 sufficiens
538 3169 578 3198 ad
599 3167 758 3204 virtutem,
778 3168 859 3198 sicut
873 3168 906 3198 in
925 3168 1046 3199 ratione
1062 3175 1108 3199 est
1120 3169 1343 3206 iudicatorium
1358 3180 1413 3201 na-

355 3213 454 3244 turale
470 3211 627 3243 sufficiens
642 3212 682 3242 ad
700 3212 862 3248 virtutem;
879 3219 925 3243 est
940 3212 1014 3253 quia
1030 3212 1238 3252 apprehensio
1252 3213 1347 3244 trahit
1364 3224 1412 3245 res

355 3257 396 3287 ad
418 3267 461 3293 se,
482 3263 512 3287 et
533 3255 687 3286 iudicium
710 3255 870 3296 perficitur
884 3256 1061 3287 secundum
1085 3266 1151 3286 esse
1175 3257 1265 3298 quod
1287 3267 1336 3287 res
1359 3257 1413 3288 ha-

354 3301 430 3331 bent
445 3300 477 3331 in
501 3300 610 3336 nobis;
634 3299 792 3340 appetitus
808 3306 915 3331 autem
938 3300 1039 3331 tendit
1057 3300 1096 3330 ad
1115 3310 1162 3331 res
1181 3300 1214 3330 in
1237 3311 1279 3337 se,
1296 3307 1327 3331 et
1341 3311 1411 3341 per—

353 3344 458 3376 ficitur
485 3345 519 3375 in
542 3344 711 3384 adeptione
737 3343 792 3374 rei.
815 3344 862 3374 Ex
884 3344 946 3375 boc
969 3344 1055 3374 enim
1077 3344 1222 3384 provenit
1252 3345 1342 3385 quod
1363 3345 1410 3375 in-

355 3388 482 3419 clinatio
505 3388 543 3418 ad
568 3389 690 3418 bonum
712 3394 782 3427 eget
803 3388 912 3419 habitu
936 3387 1124 3419 rectificante
1151 3388 1351 3425 electionem,
1375 3389 1409 3420 in

353 3432 516 3463 voluntate
535 3432 665 3472 quidem
687 3431 795 3472 quoad
818 3432 941 3462 bonum
956 3431 1085 3462 rationis
1107 3431 1140 3462 in
1163 3432 1408 3472 operationibus,

354 3475 387 3506 in
410 3476 550 3517 appetitu
573 3486 648 3506 vero
671 3475 819 3506 sensitivo
850 3476 957 3516 quoad
981 3477 1103 3506 bonum
1132 3475 1260 3506 rationis
1283 3476 1316 3506 in
1339 3486 1408 3516 pas-

355 3519 506 3556 sionibus,
526 3529 590 3560 qua
612 3519 802 3560 adipiscatur
823 3518 936 3556 finem;
961 3527 991 3550 et
1006 3519 1083 3560 ipsa,
1104 3519 1263 3559 impotens
1278 3520 1317 3550 ad
1335 3519 1407 3558 hoc,

496 3581 605 3605 Summa
623 3581 724 3605 Τιιεοι.
744 3581 775 3606 D.
787 3580 902 3605 Tnomn
921 3581 953 3606 T.
971 3581 1010 3606 111.

2439 195 2515 242 433

1461 284 1476 304 a
1501 273 1621 304 ratione
1643 273 1766 304 virtutis
1796 272 1934 303 deficiat:
1961 273 2071 303 lumen
2100 281 2206 304 autem
2235 274 2384 304 naturalis
2414 274 2521 304 iudicii

1462 317 1542 348 circa
1564 317 1731 358 principia,
1755 317 1809 347 tali
1833 317 2027 347 adminiculo
2052 327 2117 347 non
2142 324 2245 356 egeat,
2271 318 2326 347 sed
2352 317 2385 347 in
2415 318 2520 358 seipso

1461 371 1603 397 manens,
1619 369 1701 392 recte
1720 370 1844 400 semper
1867 360 1906 390 sit
1929 360 2121 400 principium
2139 368 2227 391 actus
2246 360 2383 400 perfecti,
2399 361 2454 402 qui
2475 368 2522 391 est

1462 405 1609 443 iudicare.

1518 448 1684 490 Synderesi
1707 448 1802 488 igitur
1829 447 1862 477 in
1892 447 2052 478 intellectu
2080 447 2237 477 iudicante
2261 455 2291 478 et
2322 456 2521 488 proponente

1464 502 1530 522 non
1553 493 1659 522 solum
1682 491 1779 522 finem
1810 491 1976 527 ultimum,
2006 491 2060 521 sed
2084 490 2161 521 fines
2189 492 2335 530 proprios
2368 492 2520 522 virtutum

1464 536 1643 572 moralium,
1659 536 1736 566 dum
1758 535 1791 565 in
1814 535 2014 575 passionibus
2037 542 2068 565 et
2091 535 2326 574 operationibus
2346 537 2521 566 secundum

1464 581 1619 610 rationem
1637 579 1809 610 vivendum
1823 579 1956 618 iudicat;
1973 586 2003 609 et
2017 579 2159 618 appetitu
2173 578 2350 609 inchoative
2369 579 2520 610 inclinato

1464 624 1504 654 ad
1526 624 1586 654 hos
1609 623 1696 659 fines,
1713 623 1829 653 scilicet
1852 623 1975 653 bonum
1997 622 2126 653 rationis
2144 622 2178 652 in
2201 623 2447 662 operationibus,
2464 624 2519 653 bo-

1465 677 1544 698 num
1567 667 1696 697 rationis
1719 667 1752 697 in
1775 666 1943 697 timoribus
1966 673 1997 696 et
2019 666 2168 702 audaciis,
2190 666 2313 696 bonum
2336 667 2465 697 rationis
2488 667 2521 697 in

1465 711 1735 746 delectationibus,
1751 717 1824 741 etc.:
1842 710 2025 741 discurritur
2039 720 2077 741 ex
2091 710 2277 741 huiusmodi
2296 710 2456 750 principiis
2471 710 2520 741 fir-

1465 755 1556 785 matis
1580 755 1613 784 in
1639 755 1798 785 intellectu
1825 761 1856 785 et
1877 754 2032 784 inchoatis
2059 755 2093 784 in
2115 754 2276 794 appetitu,
2305 755 2520 785 subsumendo

1465 799 1595 839 aliquod
1619 798 1724 828 minus
1749 798 1934 834 universale,
1952 804 2028 838 puta
2044 798 2198 829 abstinere
2221 809 2239 828 a
2262 798 2522 829 delectationibus

1465 842 1614 878 venereis,
1635 842 1863 882 rempublicam
1879 841 2125 878 defendendam3
2143 849 2174 873 et
2191 843 2391 873 concluditur
2405 843 2521 873 modus

1464 886 1497 916 in
1521 886 1791 922 delectationibus,
1808 893 1839 916 et
1854 885 1898 916 sic
1915 886 1953 916 de
1967 886 2044 916 aliis.
2060 887 2121 916 Hic
2139 893 2247 917 autem
2263 887 2423 918 discursus
2446 897 2522 927 pru-

1466 930 1588 960 dentiae
1611 929 1808 970 generativus
1837 936 1893 960 est.
1919 930 1960 960 Et
1983 930 2146 960 conclusio
2179 930 2246 960 eius
2272 938 2318 962 est
2350 931 2466 962 modus
2489 931 2521 961 in

1465 973 1702 1014 operationibus
1719 983 1774 1003 seu
1798 973 1999 1013 passionibus
2018 974 2199 1010 servandus,
2215 974 2271 1015 qui
2295 975 2339 1005 nil
2363 975 2448 1006 aliud
2476 982 2523 1006 est

1465 1027 1563 1058 quam
1586 1017 1729 1047 medium
1751 1017 1881 1047 rationis
1903 1017 1937 1047 in
1960 1018 2089 1048 materia
2105 1018 2229 1048 morali.
2251 1019 2446 1059 Principium
2467 1030 2523 1050 au—

1465 1068 1530 1092 tem
1553 1061 1620 1092 eius
1644 1067 1690 1091 est
1709 1061 1883 1101 synderesis
1907 1071 1943 1091 ex
1959 1068 2045 1101 parte
2062 1062 2303 1101 apprehensiva;
2323 1070 2354 1094 et
2372 1063 2522 1093 naturalis

1464 1105 1625 1136 inclinatio
1641 1105 1682 1135 ad
1706 1106 1829 1135 bonum
1844 1105 1974 1135 rationis
1998 1105 2031 1135 in
2055 1106 2318 1146 concupiscentiis
2338 1114 2368 1137 et
2389 1108 2523 1138 delecta-

1464 1149 1614 1184 tionibus,
1631 1159 1668 1180 ex
1684 1156 1771 1189 parte
1786 1148 1966 1189 appetitiva.
1982 1166 2003 1172 -
2019 1149 2070 1179 Ad
2085 1150 2170 1180 hunc
2186 1160 2317 1190 quoque
2334 1151 2522 1188 discursum,

1465 1193 1641 1233 perfectum
1666 1193 1785 1223 iudicio
1808 1193 1925 1223 scilicet
1948 1201 1978 1224 et
2001 1201 2180 1233 praecepto,
2206 1195 2348 1234 sequitur
2371 1195 2403 1225 in
2427 1205 2522 1235 appe-

1464 1238 1523 1268 titu
1547 1237 1710 1267 conclusio
1734 1237 1905 1272 electionis,
1925 1247 1988 1277 qua
2007 1237 2124 1267 scilicet
2140 1237 2285 1278 eligimus
2301 1239 2524 1270 delectationes

1464 1281 1496 1311 in
1521 1281 1630 1311 ordine
1654 1281 1694 1311 ad
1715 1281 1852 1311 modum
1874 1281 1984 1317 illum,
2007 1281 2151 1311 medium
2173 1282 2272 1318 illud,
2298 1283 2421 1313 bonum
2444 1283 2524 1314 illud

1464 1325 1603 1356 rationis.
1622 1325 1657 1355 In
1679 1325 1738 1355 hac
1761 1325 1846 1355 enim
1865 1325 2018 1355 electione
2033 1332 2124 1365 potes
2140 1326 2316 1366 perspicere
2340 1326 2435 1357 simul
2458 1328 2523 1358 duo

1465 1378 1502 1398 ex
1524 1376 1612 1408 parte
1640 1368 1770 1404 obiecti,
1801 1369 1917 1399 scilicet
1947 1369 2109 1408 passiones
2141 1370 2226 1409 ipsas
2257 1370 2469 1407 modificatas,
2494 1379 2525 1402 et

1465 1413 1601 1442 modum
1623 1412 1746 1451 ipsum:
1772 1419 1802 1443 et
1824 1412 1939 1443 intueri
1962 1413 2051 1453 quod
2081 1415 2197 1444 modus
2221 1421 2341 1454 spectat
2364 1415 2402 1445 ad
2426 1415 2524 1445 finem

1465 1456 1595 1486 moralis
1617 1456 1749 1491 virtutis,
1767 1456 1841 1496 quia
1865 1463 1912 1486 est
1933 1456 2039 1496 ipsum
2063 1457 2194 1487 rationis
2212 1458 2335 1488 bonum
2358 1459 2524 1500 participa-

1464 1506 1534 1530 tum
1558 1500 1590 1529 in
1614 1500 1744 1530 materia
1767 1500 1895 1536 morali;
1919 1500 2081 1540 passiones
2097 1508 2205 1531 autem
2219 1502 2305 1541 ipsae
2321 1510 2463 1542 spectant
2484 1503 2525 1533 ad

1464 1543 1497 1573 id
1519 1544 1608 1583 quod
1633 1550 1679 1573 est
1701 1543 1741 1573 ad
1763 1543 1876 1579 finem;
1906 1551 2039 1574 utuntur
2062 1545 2147 1574 enim
2170 1546 2214 1575 eis
2243 1546 2373 1576 virtutes
2396 1554 2526 1587 propter

1464 1587 1589 1617 bonum
1611 1587 1752 1617 rationis.
1769 1588 1810 1617 Et
1826 1587 1906 1618 sicut
1922 1589 2088 1627 prudentia
2107 1596 2273 1628 generatur
2291 1590 2447 1630 frequenti
2463 1591 2526 1620 dis-

1465 1641 1559 1662 cursu
1574 1640 1612 1661 ex
1633 1630 1706 1667 fine,
1723 1630 1767 1661 sic
1782 1631 2008 1671 praeexistente
2031 1639 2062 1662 et
2077 1633 2287 1663 concludente
2302 1634 2461 1670 medium;
2482 1635 2526 1664 ita

1464 1674 1563 1705 virtus
1579 1674 1708 1704 moralis
1724 1682 1890 1714 generatur
1909 1685 1945 1705 ex
1962 1675 2118 1715 frequenti
2135 1677 2288 1706 electione
2303 1678 2526 1717 subsequente.

1521 1719 1623 1749 Simul
1646 1719 1752 1758 genita
1769 1726 1876 1749 autem
1899 1719 1963 1749 iam
1980 1726 2113 1760 utraque
2136 1720 2234 1750 virtus
2259 1721 2302 1750 sic
2319 1722 2526 1758 connectitur,

1469 1771 1504 1794 ut
1527 1763 1668 1793 humana
1683 1763 1773 1799 ratio,
1793 1773 1859 1792 non
1883 1763 1989 1793 solum
2013 1764 2188 1804 synderesi,
2213 1764 2267 1794 sed
2291 1765 2458 1804 prudentia
2480 1775 2527 1795 re-

1467 1806 1599 1838 ctificata
1622 1807 1660 1837 de
1683 1806 1746 1837 fine
1768 1807 1891 1837 virtutis
1914 1805 1982 1850 (illa
2013 1807 2200 1838 rectificante
2224 1818 2294 1838 eam
2318 1809 2355 1838 de
2385 1808 2446 1839 fine
2470 1809 2526 1839 illo

1467 1851 1620 1887 absolute,
1645 1851 1704 1881 ista
1726 1850 1914 1881 rectificante
1945 1851 2079 1881 eandem
2102 1852 2140 1882 de
2164 1852 2278 1882 eodem
2306 1853 2463 1892 applicato
2487 1854 2526 1883 ad

1468 1895 1574 1925 minus
1597 1894 1772 1925 universale
1790 1905 1888 1935 quam
1905 1895 1944 1926 sit
1960 1895 2134 1926 universale
2151 1896 2341 1936 synderesis;
2362 1897 2412 1926 vel
2432 1897 2527 1927 etiam

1469 1939 1508 1969 ad
1530 1938 1697 1978 singulare,
1715 1938 1870 1979 quoniam
1893 1939 2060 1979 prudentia
2083 1947 2130 1970 est
2153 1939 2247 1970 etiam
2276 1938 2525 1982 singularium);

1469 1990 1499 2014 et
1522 1993 1630 2013 rursus
1653 1990 1741 2013 mota
1764 1993 1830 2013 non
1853 1983 1960 2013 solum
1981 1983 2019 2013 ab
2039 1983 2180 2023 appetitu
2199 1984 2333 2014 naturali
2357 1984 2425 2015 talis
2444 1983 2526 2020 finis,

1469 2028 1523 2058 sed
1547 2026 1685 2067 perfecto
1709 2026 1822 2057 virtute
1845 2026 2015 2057 inclinante
2038 2027 2070 2056 in
2087 2027 2182 2057 talem
2197 2026 2308 2064 finem;
2326 2028 2469 2059 discurrit
2487 2029 2526 2058 ad

1470 2071 1633 2102 ulteriores
1657 2070 1886 2107 conclusiones,
1905 2071 2005 2101 donec
2024 2071 2222 2111 perveniatur
2237 2072 2276 2101 ad
2299 2072 2526 2112 perfectionem

1469 2122 1568 2146 status
1590 2114 1724 2151 virtutis,
1740 2114 1791 2144 vel
1814 2115 1853 2145 ad
1875 2114 2069 2145 firmandum
2092 2115 2230 2146 easdem.
2249 2115 2290 2146 Et
2305 2116 2527 2156 proportiona-

1468 2159 1539 2190 liter
1562 2159 1601 2189 ad
1625 2158 1807 2198 eligendum
1830 2166 1977 2189 movetur
2000 2159 2167 2198 appetitus.

1526 2203 1608 2233 XIII.
1625 2203 1685 2233 Hic
1709 2209 1756 2232 est
1778 2212 1962 2242 progressus
1985 2202 2099 2233 mentis
2123 2209 2258 2233 nostrae.
2283 2203 2318 2233 In
2337 2213 2404 2243 quo
2427 2203 2526 2244 tripli-

1470 2257 1539 2278 cem
1556 2247 1714 2277 advertere
1737 2253 1828 2286 potes
1845 2246 2088 2282 distinctionem,
2106 2247 2190 2276 unde
2205 2246 2364 2278 clarificari
2379 2247 2528 2288 ambigua

1470 2290 1666 2321 occurrentia
1681 2297 1826 2330 possunt.
1839 2290 1945 2320 Prima
1956 2297 2002 2320 est
2017 2291 2056 2320 de
2070 2290 2132 2320 fine
2147 2290 2269 2320 virtutis
2284 2291 2422 2327 moralis,
2435 2292 2527 2332 quod

1471 2335 1607 2365 sumitur
1630 2334 1810 2374 dupliciter:
1828 2334 1944 2364 scilicet
1967 2334 2120 2370 absolute,
2141 2344 2196 2364 seu
2220 2333 2252 2363 in
2276 2344 2332 2364 sua
2349 2335 2528 2366 communi—

1469 2386 1532 2410 tate
1539 2387 1547 2415 ;
1566 2385 1596 2409 et
1618 2378 1774 2419 applicate
1797 2378 1836 2408 ad
1859 2378 2009 2418 speciales
2033 2385 2120 2408 actus
2140 2385 2338 2408 occurrentes
2357 2379 2390 2408 in
2414 2379 2528 2410 exerci-

1470 2422 1515 2453 tio
1539 2422 1620 2453 vitae
1643 2422 1811 2452 humanae.
1832 2439 1853 2444 -
1867 2422 2012 2452 Secunda
2036 2429 2082 2452 est
2105 2422 2143 2452 de
2163 2422 2331 2452 virtutibus
2354 2423 2528 2454 moralibus

1470 2474 1500 2497 et
1523 2466 1699 2506 prudentia,
1717 2467 1806 2506 quod
1829 2472 2000 2496 sumuntur
2016 2466 2195 2505 dupliciter:
2213 2466 2330 2496 scilicet
2348 2466 2380 2496 in
2404 2466 2480 2503 fieri,
2498 2475 2529 2498 et

1468 2511 1502 2540 in
1525 2510 1608 2540 facto
1633 2519 1710 2545 esse,
1737 2510 1913 2539 secundum
1945 2509 2122 2539 essentiam.
2143 2527 2163 2532 -
2187 2509 2294 2539 Tertia
2323 2517 2370 2540 est
2392 2511 2430 2540 de
2453 2511 2527 2541 dare

1469 2561 1500 2584 et
1522 2554 1661 2593 accipere
1684 2552 1790 2589 finem,
1811 2553 1900 2593 quod
1922 2553 2058 2583 sumitur
2074 2553 2262 2593 dupliciter:
2280 2553 2396 2584 scilicet
2411 2554 2526 2594 primo,

1469 2605 1500 2628 et
1522 2607 1588 2627 non
1612 2607 1728 2637 primo.

1521 2642 1568 2672 Ex
1591 2641 1640 2671 his
1658 2650 1796 2682 namque
1813 2640 1922 2681 liquet,
1940 2640 2054 2680 primo,
2070 2641 2160 2681 quod
2175 2640 2246 2671 finis
2261 2641 2383 2672 virtutis
2399 2642 2528 2674 moralis

1467 2686 1611 2716 absolute
1634 2684 1849 2725 praestituitur
1871 2684 1986 2724 primo,
2010 2695 2075 2715 non
2099 2695 2117 2714 a
2140 2685 2316 2725 prudentia,
2341 2686 2395 2715 sed
2418 2696 2436 2716 a
2455 2697 2527 2727 syn-

1468 2730 1577 2760 deresi.
1602 2730 1644 2760 Et
1666 2729 1728 2759 hoc
1752 2729 1871 2758 clarum
1896 2735 1956 2759 est:
1981 2729 2056 2769 quia
2078 2729 2244 2769 prudentia
2267 2739 2303 2759 ex
2321 2729 2376 2759 illo
2393 2729 2436 2760 fit.

1521 2773 1678 2809 Secundo,
1692 2773 1781 2813 quod
1794 2771 1866 2802 finis
1881 2772 1967 2802 idem
1983 2773 2127 2803 absolute
2142 2783 2208 2803 non
2222 2772 2310 2813 prius
2324 2773 2497 2804 intenditur
2509 2785 2527 2804 a

1466 2818 1580 2848 virtute
1596 2817 1719 2853 morali,
1735 2827 1832 2857 quam
1851 2816 1891 2847 sit
1909 2817 2086 2856 prudentia.
2106 2816 2146 2847 Et
2161 2817 2222 2847 hoc
2239 2817 2360 2847 clarum
2377 2824 2435 2847 est:
2452 2818 2527 2858 quia

1467 2862 1565 2893 virtus
1589 2861 1717 2892 moralis
1740 2870 1807 2891 non
1829 2859 1864 2891 fit
1887 2861 1925 2890 ab
1948 2860 2004 2890 illo
2020 2859 2082 2890 fine
2098 2860 2157 2890 nisi
2176 2860 2333 2891 mediante
2349 2861 2525 2900 prudentia.

1521 2905 1641 2941 Tertio,
1665 2905 1754 2945 quod
1776 2904 1943 2944 prudentia
1966 2904 1998 2934 in
2022 2903 2087 2934 fieri
2111 2914 2177 2934 non
2200 2905 2356 2944 dependet
2378 2915 2396 2935 a
2411 2905 2527 2946 virtute

1466 2950 1596 2986 morali;
1620 2949 1675 2979 sed
1698 2948 1765 2979 eius
1788 2947 1860 2984 fine,
1884 2955 1915 2978 et
1938 2948 2079 2988 appetitu
2103 2955 2188 2978 recto
2211 2948 2305 2985 illius,
2330 2949 2464 2979 naturali
2478 2949 2525 2979 in-

1467 2993 1644 3029 clinatione,
1669 3002 1751 3033 quae
1775 3001 1840 3022 non
1864 2999 1910 3022 est
1931 2991 2042 3027 virtus,
2068 2992 2123 3022 sed
2145 2991 2304 3022 inchoatio
2327 2992 2461 3023 virtutis.
2485 2993 2526 3024 Et

1465 3038 1526 3068 hoc
1546 3037 1666 3068 clarum
1684 3043 1743 3067 est:
1760 3036 1834 3076 quia
1849 3035 1981 3066 intentio
1999 3043 2080 3066 recta
2095 3035 2165 3065 finis
2182 3042 2228 3066 est
2243 3036 2434 3076 principium
2450 3046 2525 3076 pru-

1465 3081 1604 3116 dentiae;
1629 3078 1660 3111 et
1682 3087 1805 3111 constat
1831 3080 1921 3120 quod
1943 3086 2015 3110 ante
2044 3080 2246 3120 prudentiam
2269 3090 2335 3110 non
2358 3087 2405 3111 est
2425 3080 2525 3110 virtus

1466 3125 1605 3155 moralis.

1521 3169 1653 3206 Quarto,
1677 3167 1768 3208 quod
1793 3167 1891 3198 virtus
1913 3166 2043 3197 moralis
2065 3167 2098 3197 in
2117 3166 2183 3197 fieri
2207 3168 2363 3207 dependet
2384 3177 2450 3197 non
2474 3177 2524 3198 so-

1463 3213 1533 3243 lum
1556 3223 1573 3242 a
1597 3211 1756 3252 synderesi
1780 3217 1811 3241 et
1836 3217 1919 3241 recta
1945 3211 2121 3242 intentione
2144 3210 2214 3241 finis
2238 3221 2322 3241 nunc
2350 3211 2445 3247 dicta3
2469 3211 2524 3242 sed

1464 3255 1630 3297 prudentia
1657 3254 1802 3285 afferente
1828 3254 1942 3291 finem,
1970 3254 2160 3285 inveniendo
2189 3255 2331 3285 medium
2358 3255 2446 3295 prius
2469 3265 2523 3285 na-

1463 3308 1533 3331 tura
1565 3309 1664 3340 quam
1691 3305 1841 3339 sequatur
1868 3299 1979 3330 electio
2006 3308 2158 3339 generans
2179 3299 2328 3329 virtutem
2357 3299 2522 3330 moralem.

1462 3345 1503 3375 Et
1525 3344 1587 3374 hoc
1611 3343 1731 3374 clarum
1755 3350 1802 3373 est
1825 3352 1862 3373 ex
1885 3343 1994 3373 ordine
2018 3343 2112 3378 dicto,
2137 3349 2168 3373 et
2195 3342 2377 3373 definitione
2399 3342 2523 3373 virtutis

1463 3387 1591 3418 moralis
1605 3385 1631 3418 *.

1518 3431 1640 3468 Quinto
1664 3430 1762 3471 quod,
1787 3431 2001 3470 comparando
2017 3429 2216 3470 prudentiam
2233 3430 2272 3460 ad
2288 3429 2437 3460 virtutem
2452 3439 2521 3459 mo-

1463 3476 1560 3506 ralem
1583 3475 1615 3505 in
1638 3473 1718 3511 fieri,
1748 3473 1790 3504 sic
1818 3474 2000 3514 simpliciter
2026 3483 2137 3504 verum
2165 3481 2211 3504 est
2238 3474 2327 3514 quod
2357 3473 2523 3514 prudentia

1462 3519 1566 3559 dirigit
1580 3519 1729 3549 virtutem
1741 3518 1895 3548 moralem
1910 3518 2143 3558 praestituendo
2158 3517 2203 3548 illi
2219 3516 2326 3554 finem,
2340 3527 2404 3547 non
2417 3517 2521 3557 primo

2346 3578 2376 3604 55

2549 3395 2561 3406 ⁹
2585 3394 2622 3416 Cf.
2646 3394 2745 3416 Aristot.
2755 3410 2763 3421 ,

2549 3420 2626 3443 Eehic.
2642 3421 2681 3442 lib.
2692 3420 2724 3444 H.
2741 3426 2762 3442 c.

2549 3453 2582 3473 vr,
2594 3453 2617 3469 n.
2629 3453 2658 3475 ¹5·
2666 3459 2677 3464 -
2686 3446 2761 3469 8:172.

2548 3474 2602 3495 lect.
2615 3479 2655 3495 vn.
