2852 4152
0 0 26 233 «κώ-ΖΜ

10 425 14 442 -.
6 357 17 408 ‹cz-
7 275 17 347 μαψ..

137 3434 270 3458 numm.

61 3469 154 3509 π’,νιι-
143 3463 270 3510 -ctin‘rrn,

62 3512 103 3536 ῃ.
118 3513 174 3536 vm,
197 3508 267 3532 Com-

1031 222 1296 268 QUAESTIO
1326 224 1358 269 1,
1385 223 1680 261 ART1cULus
1709 225 1723 260 1
2450 239 2474 276 7

308 298 486 348 possibile
515 305 571 335 est
598 298 702 346 quod
729 298 898 346 primum
919 299 1064 336 visibile
1093 300 1138 336 sit
1165 300 1290 348 ipsum
1309 301 1364 337 vi-

311 351 411 398 dere,
436 350 525 398 quia
553 363 668 388 omne
695 351 827 388 videre
856 359 912 388 est
938 353 1093 389 alicuius
1114 353 1250 389 obiecti
1278 353 1364 390 visi-

309 403 409 449 bilis;
438 404 488 440 ita
511 403 744 452 impossibile
764 411 819 441 est
838 406 941 452 quod
961 406 1128 454 primum
1148 405 1362 454 appetibile,

310 455 415 505 quod
434 463 490 493 est
516 456 614 503 finis,
642 457 688 494 sit
714 456 840 506 ipsum
867 458 977 494 velle.
1007 459 1117 496 Unde
1146 458 1364 506 relinquitur

310 508 427 557 quod,
453 509 484 546 si
503 521 580 557 qua
599 509 694 547 actio
715 511 883 547 humana
903 510 948 547 sit
966 511 1120 548 ultimus
1140 511 1237 557 finis,
1258 512 1362 559 quod

308 561 391 610 ipsa
427 561 473 599 sit
508 562 691 610 imperata
720 575 742 599 a
768 564 974 600 voluntate.
1004 564 1052 600 Et
1079 564 1128 600 ita
1161 564 1211 600 ibi
1237 564 1363 612 aliqua

309 614 406 651 actio
435 614 611 662 hominis,
642 616 690 652 ad
718 615 843 652 minus
862 616 987 664 ipsum
1006 618 1114 664 velle,
1137 625 1192 654 est
1210 624 1364 666 propter

309 667 437 705 finem.
477 667 671 717 Quidquid
705 681 792 716 ergo
828 669 947 706 horno
976 669 1105 716 faciat,
1133 682 1270 707 verum
1309 677 1364 707 est

1418 301 1543 338 dicere
1578 303 1683 350 quod
1715 303 1834 339 homo
1863 304 1936 351 agit
1959 302 1971 325 ⁰
1997 311 2152 352 propter
2183 305 2323 352 finem,
2358 305 2494 346 etiam,

1417 355 1564 402 agendo
1600 356 1786 392 actionem
1817 369 1914 405 quae
1944 365 1998 393 est
2027 357 2177 394 ultimus
2205 357 2302 394 finis.

1425 418 1430 423 ·
1469 409 1527 444 An
1555 419 1713 452 TERTIUM
1741 420 1923 446 mcaNDUM
1943 410 2047 456 quod
2066 410 2283 446 huiusmodi
2304 410 2470 447 actiones

1417 472 1494 496 non
1523 468 1608 498 sunt
1635 460 1786 509 proprie
1815 462 2027 498 humanae:
2053 462 2141 510 quia
2164 475 2242 499 non
2260 464 2471 510 procedunt

1417 524 1461 549 ex
1486 513 1756 550 deliberatione
1775 514 1940 561 rationis,
1962 527 2060 562 quae
2081 522 2135 551 est
2153 515 2350 563 proprium
2368 515 2470 563 prin-

1417 565 1556 613 cipium
1579 567 1834 603 humanorum
1858 575 2022 603 actuum.
2044 568 2092 604 Et
2116 567 2202 604 ideo
2226 568 2366 604 habent
2390 568 2470 616 qui·

1416 617 1505 654 dem
1520 624 1527 637 ²
1542 618 1660 655 finem
1681 619 1938 667 imaginatum,
1955 632 2034 657 non
2049 627 2176 657 autem
2196 633 2264 669 per
2282 621 2468 657 rationem

1416 678 1676 718 praestitutum
1695 678 1723 708 ².

361 788 385 822 0)
405 790 476 822 quod
498 790 575 814 homo
592 790 661 822 agit.
678 804 697 809 —
715 791 786 822 quod
807 791 884 815 homo
903 791 956 822 pD,
980 791 1057 816 homo
1075 792 1134 824 agit
1152 792 1185 822 E,
1204 791 1276 823 quod
1297 791 1369 823 quod

309 824 386 850 homo
397 825 487 859 saciat
505 825 554 850 hoc
571 826 630 858 agit
648 826 665 854 1.
684 826 755 857 quod
773 826 850 851 homo
869 829 935 858 agat
955 827 1037 850 PGsD
1056 832 1081 851 et
1099 834 1124 851 a.

1475 792 1492 823 ι)
1511 792 1653 824 quidem.-
1666 793 1796 824 quendam
1815 794 1885 825 FpB,
1905 794 2015 819 eundem
2034 795 2063 824 L,
2085 802 2138 819 om.
2153 795 2184 824 G,
2203 795 2280 826 quasi
2298 795 2355 820 Pla.

1474 828 1498 858 κ)
1514 828 1713 858 praestitutum.
1728 842 1745 846 —
1755 829 1915 859 praestitum
1930 830 1969 853 vel
1983 830 2174 861 praestitutum
2194 830 2245 859 AF,
2261 831 2420 861 praestitum
2436 832 2470 856 H.

974 906 1304 938 commentaria
1326 904 1576 936 Cardinalis
1598 905 1796 938 Caietam

310 985 361 1064 IN
384 988 477 1019 titulo
501 986 594 1027 primi
617 986 738 1017 articuli
754 985 946 1027 quaestionis
965 985 1094 1026 primae,
1112 984 1190 1015 scito
1208 984 1295 1024 quod
1314 983 1364 1014 hic

342 1042 408 1063 non
423 1031 583 1073 quaeritur
606 1031 645 1060 de
668 1030 729 1061 hoc
751 1030 801 1060 vel
824 1030 862 1060 de
880 1029 935 1060 illo
952 1038 1057 1068 agere;
1082 1029 1136 1059 sed
1152 1027 1364 1058 universaliter

308 1085 416 1109 utrum
439 1085 529 1116 agere
551 1074 689 1106 hominis
712 1075 750 1106 sit
773 1080 902 1114 propter
923 1073 1029 1104 finem.
1061 1073 1156 1103 Hunc
1183 1072 1268 1102 enim
1295 1082 1363 1102 sen-

307 1131 380 1154 sum
403 1126 434 1152 et
456 1125 640 1160 argumenta
663 1125 692 1148 et
714 1118 875 1149 conclusio
898 1118 1079 1157 responsiva
1101 1116 1309 1147 manifestant.

361 1165 398 1196 11.
423 1165 458 1195 In
480 1173 614 1204 corpore
637 1162 778 1193 eiusdem
800 1161 934 1198 articuli,
962 1161 1096 1192 dubium
1124 1160 1258 1191 occurrit
1284 1160 1363 1191 circa

309 1209 486 1240 discursum
513 1218 578 1248 quo
606 1206 734 1246 ponitur
758 1205 928 1236 differentia
954 1205 1033 1236 inter
1059 1205 1197 1235 actiones
1224 1204 1362 1234 hominis

309 1260 339 1284 et
361 1253 526 1288 humanas,
550 1258 582 1282 et
604 1249 802 1281 concluditur
824 1250 906 1279 solas
929 1249 998 1280 illas
1021 1258 1087 1279 esse
1102 1248 1266 1284 humanm,
1286 1258 1362 1288 qua-

307 1306 380 1328 rum
403 1296 503 1326 horno
527 1301 573 1324 est
595 1294 755 1324 dominus.
779 1292 923 1322 Procedit
945 1292 1030 1322 enirn
1053 1292 1153 1322 littera
1177 1292 1215 1321 ab
1231 1291 1361 1322 homine

284 1334 286 1336 V
307 1340 498 1380 inquantum
519 1338 637 1373 homo,
661 1336 702 1366 ad
723 1335 888 1366 hominem
917 1335 1108 1375 inquantum
1136 1342 1182 1365 est
1212 1335 1361 1365 dominus

307 1392 440 1413 suorum
469 1387 615 1412 actuum.
640 1386 670 1410 et
692 1386 798 1410 tamen
826 1385 947 1409 constat
974 1379 1062 1422 quod
1089 1378 1292 1408 communius
1316 1386 1362 1409 est

306 1426 396 1467 quod
412 1424 560 1465 convenit
573 1423 696 1457 homini
719 1423 910 1463 inquantum
927 1423 1038 1458 homo,
1058 1432 1156 1463 quam
1178 1422 1267 1463 quod
1286 1432 1360 1452 con-

266 1475 285 1492 -'-
295 1469 447 1510 ιιιείιᾜ
458 1458 660 1509 inquantum
687 1466 837 1498 dominus
867 1476 1000 1496 suorum
1030 1473 1169 1496 actuum.
1197 1466 1362 1507 Quidquid

306 1513 392 1545 enim
413 1513 508 1552 habet
529 1512 629 1542 homo
651 1511 843 1551 inquantum
865 1510 1030 1546 dominus,
1054 1510 1148 1540 habet
1170 1510 1360 1550 inquantum

305 1557 422 1596 homo:
445 1549 502 1587 sed
529 1566 594 1586 non
617 1565 634 1585 e
662 1564 831 1590 converso,
860 1561 896 1584 ut
917 1561 1003 1594 patet
1026 1554 1065 1584 de
1087 1561 1158 1584 actu
1186 1554 1360 1585 intellectus

304 1602 524 1642 praeveniente
546 1606 652 1631 actum
674 1597 858 1633 voluntatis;
882 1598 933 1628 hic
956 1598 1042 1628 enim
1069 1598 1215 1628 convenit
1235 1598 1360 1628 homini

303 1645 495 1687 inquantum
517 1655 536 1675 a
559 1643 667 1675 ceteris
698 1641 910 1673 animantibus
941 1641 1059 1678 difien,
1084 1648 1114 1672 et
1142 1649 1247 1672 tamen
1275 1642 1359 1672 illius

303 1699 372 1720 non
389 1695 436 1720 est
457 1689 557 1719 homo
577 1687 736 1723 dominus,
761 1686 836 1727 quia
857 1685 1018 1727 praevenit
1031 1685 1237 1716 voluntatem.
1262 1686 1303 1717 Et
1317 1686 1360 1717 sic

302 1739 390 1765 totus
411 1732 530 1764 litterae
553 1741 718 1772 processus
741 1740 830 1761 ruere
851 1730 984 1760 videtur.

286 1773 291 1776 ’
358 1777 412 1807 111.
434 1776 486 1814 Ad
508 1776 571 1807 hoc
593 1775 706 1806 dicitur
735 1774 824 1815 quod
851 1773 966 1804 decisio
991 1761 1072 1814 quae
1094 1771 1130 1803 fit
1151 1773 1185 1803 in
1209 1784 1358 1816 corpore,

302 1820 505 1861 intelligenda
526 1826 572 1850 est
595 1818 721 1869 proprie
744 1825 774 1849 et
797 1818 970 1849 formaliter
993 1818 1031 1847 de
1054 1818 1198 1855 actione,·
1221 1824 1252 1848 et
1277 1828 1357 1854 non,

302 1871 431 1904 extenso
451 1862 608 1895 vocabulo
625 1863 758 1893 actionis
772 1863 812 1892 ad
830 1872 961 1892 omnem
977 1860 1205 1901 operationem.
1220 1862 1360 1892 Vocatur

301 1915 409 1950 autem
422 1908 550 1949 proprie
564 1907 645 1938 actio
660 1906 812 1944 hominis,
824 1917 922 1947 quarn
937 1904 1108 1936 exercendo
1120 1905 1232 1936 dicitur
1243 1914 1360 1946 agere:

301 1959 332 1984 et
351 1962 540 1993 ngnpenes
563 1961 661 1992 quam
683 1950 784 1991 magis
807 1951 919 1981 dicitur
941 1950 999 1991 agi
1017 1958 1115 1989 quam
1133 1959 1233 1989 agere.
1257 1951 1357 1980 Modo

301 2002 434 2036 constat·
445 1996 535 2037 quod
549 1995 652 2036 prima
671 1994 812 2035 operatio
828 1994 1013 2030 intellectus,
1030 2003 1111 2033 quae
1127 1993 1200 2024 facit
1223 1994 1358 2024 dubium

299 2039 335 2073 in
356 2039 534 2081 proposito,
554 2046 600 2070 est
615 2048 700 2069 mere
715 2039 864 2069 naturalis
880 2038 974 2068 etiam
994 2038 1219 2073 antecedenter,
1240 2044 1270 2068 et
1284 2048 1356 2078 pro-

300 2090 406 2124 pterea
421 2093 487 2113 non
504 2090 550 2114 est
565 2082 779 2121 computanda
797 2082 877 2112 inter
892 2082 1043 2119 actiones:
1061 2081 1236 2111 secundum
1254 2081 1357 2121 ipsam

301 2127 387 2158 euim
408 2127 509 2158 homo
524 2137 591 2157 non
607 2126 719 2156 dicitur
732 2136 832 2166 agere,
848 2127 903 2156 sed
918 2125 968 2165 agi
984 2125 1100 2164 potius,
1117 2131 1153 2155 ut
1167 2125 1200 2155 in
1216 2126 1355 2156 secundo

245 2170 249 2172 ’
300 2171 432 2202 articulo
455 2170 669 2202 universaliter
687 2170 726 2200 de
742 2170 934 2200 naturalibus
957 2169 1134 2200 actionibus
1156 2169 1257 2199 littera
1273 2169 1355 2200 dicit.

299 2215 490 2255 Negandum
505 2221 552 2245 est
566 2224 640 2253 ergo
657 2214 746 2255 quod
768 2214 874 2255 aliqua
896 2213 977 2244 actio
1002 2213 1167 2244 conveniat
1185 2213 1308 2243 homini
1321 2220 1356 2244 ut

298 2259 409 2295 homo,
432 2268 514 2298 quae
537 2268 602 2288 non
627 2257 792 2288 conveniat
815 2258 842 2288 ei
866 2263 902 2287 ut
924 2256 1082 2293 dominus,
1107 2263 1138 2286 et
1156 2267 1172 2286 e
1192 2266 1355 2287 converso.

298 2302 340 2333 Et
365 2302 438 2333 licet
464 2312 520 2342 per
541 2302 629 2332 illam
657 2300 793 2341 primam
824 2300 1041 2340 operationem
1067 2299 1168 2330 homo
1196 2299 1316 2330 differat
1338 2311 1356 2330 a

298 2345 405 2376 ceteris
433 2345 635 2396 animalibus,
660 2344 736 2385 quia
759 2344 812 2374 illa
835 2351 882 2374 est
903 2343 1140 2380 intellectualis;
1164 2353 1231 2374 non
1250 2350 1355 2374 tamen

281 2421 284 2424 ,
298 2389 415 2427 differt
422 2390 460 2428 ab
484 2390 528 2420 eis
547 2399 603 2429 per
620 2389 709 2420 illam
724 2395 876 2428 tanquam
892 2398 947 2428 per
963 2387 1129 2418 actionem.
1138 2387 1255 2418 Differt
1270 2387 1355 2418 enim

296 2432 424 2464 homo·
415 2444 448 2464 ιιι
463 2434 587 2474 agendo
607 2443 626 2463 a
644 2432 751 2463 ceteris
767 2432 954 2463 animalibus
971 2442 1026 2471 per
1044 2431 1115 2468 hoc,
1119 2424 1220 2472 quod
1239 2438 1285 2464 est
1299 2431 1355 2462 do-

297 2477 403 2519 minus
421 2487 555 2508 suorum
578 2483 724 2508 actuum.
748 2476 894 2517 quamvis
915 2475 948 2506 in
972 2475 1104 2506 essendo
1120 2482 1159 2506 et
1182 2475 1354 2515 operando,

297 2521 336 2551 de
356 2513 475 2572 quibus
498 2531 564 2552 non
588 2527 634 2551 est
661 2530 807 2560 praesens
829 2519 1009 2560 negotium,
1039 2529 1094 2559 per
1116 2515 1202 2559 aliud
1226 2519 1354 2550 differat.

295 2565 338 2596 Et
351 2565 395 2596 sic
418 2571 478 2596 stat
500 2564 601 2596 solida
622 2564 723 2595 littera
739 2571 769 2595 et
783 2565 891 2605 quoad
906 2573 1100 2604 processum,
1119 2570 1150 2594 et
1164 2564 1272 2604 quoad
1295 2563 1355 2594 dis-

296 2607 493 2640 tinctionem.

353 2653 406 2684 IV.
431 2653 467 2683 In
486 2662 619 2693 corpore
638 2651 780 2682 eiusdem
803 2651 934 2687 articuli,
959 2650 1039 2681 circa
1061 2650 1148 2681 illam
1163 2651 1355 2691 propositio-

297 2706 381 2732 nem,
409 2696 571 2728 obiectum
595 2696 767 2726 voluntatis
790 2701 836 2726 est
848 2696 941 2736 finis,
967 2694 1101 2724 dubium
1119 2702 1173 2726 est.
1199 2695 1283 2731 Quia
1302 2702 1356 2726 aut

298 2747 344 2771 est
366 2750 470 2771 sermo
494 2740 533 2770 de
557 2739 682 2770 formali
705 2750 740 2770 ac
763 2739 867 2779 primo
891 2738 1030 2774 obiecto;
1060 2745 1114 2768 aut
1137 2749 1213 2769 non.
1238 2738 1270 2769 Si
1293 2739 1353 2775 sic,

297 2783 414 2814 falsum
438 2790 499 2814 est:
523 2794 598 2814 nam
616 2782 687 2813 finis
704 2790 749 2814 est
764 2793 835 2823 pars
852 2782 1022 2814 subiectiva
1037 2782 1150 2813 obiecti
1165 2782 1353 2819 voluntatis;

297 2827 372 2868 quia
394 2827 541 2858 voluntas
563 2826 700 2858 extendit
722 2837 755 2857 se
771 2827 811 2857 ad
828 2826 935 2863 finem,
960 2833 990 2857 et
1012 2827 1051 2856 ad
1068 2836 1104 2856 ea
1122 2836 1203 2867 quae
1222 2833 1296 2857 sunt
1316 2827 1355 2856 ad

296 2871 403 2902 finem.
415 2890 435 2895 —
446 2871 478 2902 Si
491 2881 566 2907 non,
578 2878 655 2902 tunc
670 2870 814 2909 probatio
831 2870 1042 2901 conclusionis
1057 2870 1192 2900 invalida
1205 2877 1263 2900 est:
1281 2880 1355 2900 nam

298 2922 420 2946 constat
442 2916 532 2956 quod
544 2915 578 2945 in
594 2914 714 2954 reliqua
736 2914 916 2953 praemissa,
932 2914 1056 2950 scilicet,
1075 2915 1224 2945 Actiones
1247 2924 1355 2945 omnes

290 2959 501 3000 procedentes
523 2959 563 2989 ab
585 2959 694 2999 aliqua
716 2959 879 2998 potentia,
898 2958 1079 2998 procedunt
1105 2958 1278 2988 secundum
1302 2968 1354 2988 ra-

296 3004 412 3034 tionem
444 3004 496 3034 sui
525 3003 655 3039 obiecti,
685 3008 790 3042 aperte
819 3001 962 3042 loquitur
988 3001 1026 3031 de
1050 3001 1174 3032 obiecto
1197 3002 1301 3042 primo
1326 3008 1356 3032 et

297 3046 434 3078 formali.

354 3091 393 3122 V.
417 3090 468 3121 Ad
491 3090 553 3121 hoc
581 3089 695 3120 dicitur
722 3089 811 3129 quod
839 3088 940 3119 littera
967 3087 1109 3138 loquitur
1136 3088 1174 3118 de
1198 3088 1301 3128 primo
1326 3094 1356 3118 et

297 3134 423 3165 formali
447 3134 570 3165 obiecto
593 3133 778 3169 voluntatis,
803 3139 839 3163 ut
864 3139 949 3172 patet
971 3132 1004 3162 in
1026 3132 1231 3172 responsione
1257 3132 1296 3162 ad
1322 3141 1354 3168 2,

297 3185 328 3210 et
351 3179 389 3209 de
413 3177 475 3208 fine
502 3178 536 3208 in
558 3184 630 3208 actu
654 3177 797 3208 exercito.
824 3177 864 3207 Et
893 3182 1057 3217 propterea
1080 3175 1199 3206 addidit
1220 3174 1275 3206 fini
1298 3176 1355 3206 bo-

298 3232 394 3259 num,
419 3215 553 3253 dicendo
572 3222 656 3262 finis
678 3226 708 3252 et
731 3221 867 3252 bonum:
888 3221 950 3250 hoc
980 3220 1065 3250 enim
1089 3226 1208 3250 exercet
1229 3218 1356 3250 finalem

297 3266 558 3297 causalitatem-
572 3266 639 3296 Nec
662 3265 788 3296 obstant
810 3275 846 3295 ea
868 3274 949 3305 quae
972 3271 1045 3294 sunt
1068 3264 1107 3294 ad
1136 3263 1243 3294 finem.
1267 3263 1355 3300 Quo—

297 3309 384 3340 niam
407 3320 443 3341 ea
466 3319 548 3350 quae
571 3315 646 3339 sunt
667 3309 707 3339 ad
729 3308 836 3345 finem,
861 3315 896 3339 ut
917 3308 969 3344 sic,
994 3318 1059 3338 non
1083 3314 1274 3348 appetuntur
1296 3307 1355 3338 nisi

297 3354 417 3385 ratione
440 3353 520 3384 finis.
550 3353 643 3384 Unde
665 3352 744 3383 ratio
773 3353 884 3383 eadem
912 3362 1035 3392 semper
1063 3358 1109 3382 est
1131 3351 1278 3381 omnium
1300 3361 1355 3382 vo-

298 3397 439 3436 litorum,
457 3397 574 3429 scilicet
587 3396 675 3427 finis:
699 3396 909 3427 diversimode
927 3403 1042 3432 tamen,
1061 3395 1176 3426 scilicet
1195 3395 1227 3424 in
1247 3404 1289 3431 se,
1306 3395 1357 3425 vel

297 3441 331 3472 in
353 3442 416 3472 alio
439 3441 631 3482 participata.
655 3440 696 3471 Et
718 3440 780 3471 hoc
802 3440 975 3471 formaliter
996 3440 1044 3470 vel
1060 3439 1243 3470 virtualiter:
1268 3439 1356 3479 quod

299 3485 370 3516 dico
393 3492 522 3526 propter
543 3485 640 3515 volita
663 3484 713 3514 vel
736 3484 834 3515 nolita
857 3484 1048 3515 neutraliter
1070 3493 1124 3514 seu
1149 3482 1301 3519 absolute,
1318 3482 1356 3513 de

298 3529 414 3570 quibus
436 3530 470 3560 in
493 3529 597 3570 primo
620 3528 700 3559 libro
716 3528 733 3547 *
755 3534 921 3559 tractatum
944 3534 999 3558 est.

1472 983 1525 1013 VI.
1551 983 1586 1013 In
1610 984 1691 1014 calce
1719 985 1860 1016 eiusdem
1890 986 2009 1018 articuli
2038 987 2170 1018 dubium
2201 987 2395 1019 novitiorum
2418 999 2470 1020 oc-

1418 1027 1521 1063 currit,
1545 1029 1711 1068 quomodo
1736 1039 1771 1059 ex
1789 1030 1851 1060 hoc
1867 1031 1955 1071 quod
1968 1031 2138 1062 voluntatis
2161 1031 2319 1062 obiectum
2338 1033 2470 1064 formale

1417 1077 1463 1101 est
1485 1070 1573 1108 finis,
1604 1073 1790 1103 conclusum
1815 1081 1860 1104 est
1886 1075 1975 1114 quod
2005 1085 2116 1105 omnes
2144 1075 2281 1106 actiones
2312 1076 2470 1107 humanae

1416 1121 1491 1146 sunt
1495 1121 1631 1156 propter
1635 1117 1750 1156 finem
1768 1118 1909 1148 Debebat
1924 1128 2061 1169 namque
2079 1119 2239 1149 concludi:
2256 1120 2341 1159 Ergo
2358 1130 2469 1151 omnes

1417 1159 1553 1189 actiones
1584 1160 1741 1191 humanae
1773 1162 1905 1192 tendunt
1927 1163 1959 1192 in
1973 1162 2086 1203 finem.
2111 1162 2198 1193 Sicut
2227 1173 2264 1192 ex
2291 1162 2352 1194 hoc
2380 1165 2469 1204 quod

1416 1203 1504 1233 color
1522 1210 1568 1234 est
1583 1204 1742 1235 obiectum
1758 1205 1853 1241 visus,
1869 1205 2082 1236 concluditur.
2106 1207 2190 1246 Ergo
2207 1206 2311 1236 omnis
2327 1208 2468 1246 operatio

1415 1247 1500 1277 visus
1522 1248 1647 1278 tendit
1638 1259 1672 1278 ιιι
1696 1249 1846 1279 colorem.
1870 1250 1934 1279 Et·
1925 1260 1959 1280 ιιι
1975 1250 2150 1290 proposit0,
2175 1260 2211 1280 ex
2227 1250 2288 1280 hoc
2306 1251 2394 1290 quod
2411 1252 2468 1281 bo-

1415 1300 1494 1320 num
1518 1299 1563 1322 est
1586 1282 1746 1323 obiectum
1760 1293 1946 1324 voluntatis:
1970 1294 2054 1333 Ergo
2078 1293 2182 1324 omnis
2196 1293 2337 1333 operatio
2355 1295 2468 1325 volun-

1414 1334 1491 1364 taria
1514 1335 1612 1365 tendit
1634 1336 1667 1365 in
1690 1337 1822 1366 bonum.

1471 1377 1536 1408 VlI.
1560 1379 1610 1408 Ad
1633 1379 1695 1409 hoc
1718 1380 1829 1410 dicitur
1845 1381 1942 1420 quod,
1958 1381 2032 1421 quia
2044 1381 2172 1412 tendere
2190 1382 2221 1411 in
2244 1381 2366 1421 aliquid
2381 1391 2468 1412 com-

1415 1432 1511 1452 mune
1535 1429 1580 1452 est
1603 1423 1692 1452 omni
1714 1424 1853 1454 tendenti
1871 1424 1903 1453 in
1922 1425 2106 1461 terminum,
2120 1425 2202 1465 fieri
2215 1431 2322 1455 autem
2336 1425 2387 1455 vel
2401 1435 2468 1456 esse

1409 1470 1543 1505 propter
1565 1466 1688 1505 aliquid
1710 1467 1882 1506 specialiter
1901 1474 1946 1498 est
1969 1468 2205 1508 appropriatum
2229 1468 2414 1500 causalitatis
2430 1468 2467 1499 fi-

1414 1509 1462 1539 nis
1486 1510 1689 1549 expressioni;
1712 1516 1742 1540 et
1761 1510 1901 1541 doctrina
1921 1521 1957 1540 ex
1973 1512 2106 1551 propriis
2129 1513 2278 1542 tradenda
2295 1520 2358 1544 est:
2381 1513 2465 1549 ideo,

1412 1553 1484 1584 licet
1499 1554 1654 1593 potuisset
1673 1554 1828 1590 concludi,
1844 1555 1928 1594 Ergo
1945 1564 2056 1585 omnes
2075 1555 2212 1586 actiones
2228 1556 2384 1586 humanae
2399 1563 2466 1587 ten-

1414 1598 1494 1627 dunt
1515 1597 1549 1627 in
1572 1596 1668 1627 finem
1693 1596 1781 1639 (quia
1803 1598 1829 1627 si
1852 1604 1926 1628 sunt
1948 1605 2076 1638 propter
2098 1598 2204 1635 finem,
2227 1600 2360 1630 tendunt
2382 1600 2414 1630 in
2431 1599 2466 1629 fi-

1414 1639 1515 1682 nem);
1532 1641 1675 1680 oportuit
1686 1648 1791 1672 tamen
1805 1641 1980 1681 specificare
1993 1642 2157 1682 proprium
2173 1643 2307 1672 modum
2318 1644 2467 1674 tendendi

1413 1685 1445 1714 in
1469 1695 1596 1715 causam
1614 1684 1751 1721 finalem,
1776 1692 1806 1715 et
1829 1685 1938 1721 dicere,
1958 1686 2050 1726 Ergo
2065 1691 2139 1716 sunt
2147 1692 2281 1726 propter
2286 1687 2400 1727 finem.
2426 1687 2467 1718 Et

1413 1728 1491 1760 scito
1515 1729 1603 1769 quod
1625 1729 1658 1758 id
1676 1729 1773 1769 vquod
1801 1729 1834 1759 in
1858 1735 1928 1759 actu
1957 1730 2078 1769 signato
2107 1729 2259 1769 significat
2282 1739 2362 1766 esse,
2386 1730 2465 1767 fieri,

1413 1783 1502 1812 agere
1525 1779 1654 1812 propter
1675 1771 1786 1809 finem,
1811 1772 1962 1813 significat
1979 1773 2012 1803 in
2031 1780 2102 1804 actu
2126 1774 2258 1804 exercito
2286 1774 2412 1804 tendere
2434 1774 2467 1804 in

1412 1817 1535 1847 bonum
1559 1823 1595 1847 ut
1617 1817 1674 1847 sic:
1694 1817 1768 1857 quia
1790 1817 1913 1847 bonum
1937 1824 2056 1847 exercet
2074 1817 2228 1847 rationem
2244 1817 2323 1848 finis.
2339 1818 2380 1848 Et
2395 1828 2466 1858 pro-

1412 1868 1518 1900 pterea
1540 1861 1626 1891 idem
1649 1860 1744 1891 etiam
1766 1867 1812 1891 est
1835 1861 1960 1891 tendere
1976 1860 2009 1890 in
2025 1861 2147 1891 bonum
2167 1868 2202 1892 ut
2220 1861 2273 1897 sic,
2294 1869 2324 1892 et
2339 1868 2468 1902 propter

1411 1904 1517 1935 finem.
1542 1904 1604 1935 Sed
1625 1906 1746 1935 Auctor
1761 1905 1794 1945 ly
1810 1910 1946 1945 propter
1957 1905 2061 1945 finem
2087 1915 2162 1935 usus
2179 1912 2225 1935 est
2240 1905 2279 1935 ad
2295 1905 2467 1936 claritatem

1412 1948 1570 1979 doctrinae
1589 1948 1628 1978 de
1651 1947 1713 1978 fine
1728 1948 1761 1978 in
1784 1955 1855 1979 actu
1879 1949 2010 1988 signato,
2034 1949 2195 1979 vocabulis
2219 1956 2308 1979 utens
2327 1956 2362 1980 ut
2381 1959 2467 1980 com-

1411 1993 1549 2023 muniter
1567 1992 1749 2032 philosophi
1769 1992 1901 2029 faciunt;
1917 1992 1997 2023 sicut
2015 1992 2110 2023 etiam
2125 1993 2163 2023 de
2179 2003 2279 2034 agere
2294 2000 2323 2024 et
2338 1993 2468 2024 tendere

1411 2043 1441 2067 et
1463 2036 1529 2066 aliis
1553 2036 1738 2066 huiusmodi
1755 2043 1800 2067 est
1815 2046 1929 2067 sermo.
1953 2038 2054 2076 Agere
2070 2037 2155 2067 enim
2171 2037 2286 2066 ducem
2304 2037 2377 2067 belli
2393 2047 2466 2077 pro-

1410 2087 1478 2119 pter
1501 2079 1607 2115 finem,
1621 2079 1772 2119 significat
1786 2079 1848 2110 hoc
1864 2080 1952 2120 quod
1967 2087 2095 2116 exercet,
2121 2079 2250 2120 dirigere
2265 2081 2365 2111 aciem
2384 2090 2466 2111 exer-

1410 2123 1489 2154 citus
1513 2123 1552 2153 ad
1576 2124 1832 2164 consequendam
1853 2123 2016 2154 victoriam
2035 2131 2065 2154 et
2087 2124 2230 2163 gloriam.
2262 2125 2302 2155 Et
2325 2124 2466 2156 similiter

1410 2177 1476 2198 esse
1499 2173 1627 2207 propter
1650 2166 1746 2198 finem
1770 2174 1927 2197 exercetur
1942 2177 1997 2207 per
2012 2167 2072 2198 hoc
2089 2168 2178 2208 quod
2193 2175 2239 2198 est
2255 2178 2320 2198 esse
2339 2168 2463 2205 melius,

1410 2211 1527 2246 utilius,
1553 2211 1799 2247 convenientius,
1825 2217 1855 2241 et
1873 2210 1932 2240 alia
1954 2211 2138 2241 huiusmodi
2157 2211 2331 2242 bonitatem
2345 2211 2465 2252 impor-

1409 2255 1516 2285 tantia.

1475 2299 1558 2329 VIII.
1583 2298 1617 2328 In
1641 2297 1846 2338 responsione
1862 2298 1902 2327 ad
1917 2297 2057 2338 primum
2077 2298 2218 2328 eiusdem
2236 2298 2366 2335 articuli,
2387 2299 2467 2330 circa

1409 2342 1462 2372 illa
1483 2343 1586 2378 verba,
1603 2342 1694 2372 Finis
1717 2347 1751 2372 ut
1774 2347 1820 2372 est
1832 2342 1961 2381 primus
1984 2343 2016 2371 in
2040 2343 2228 2379 intentione,
2253 2343 2346 2373 habet
2367 2344 2465 2373 ratio-

1410 2396 1479 2416 nem
1497 2396 1623 2423 causae,
1642 2385 1776 2416 dubium
1786 2385 1920 2416 occurrit
1936 2395 1975 2415 an
1991 2395 2039 2415 res
2052 2386 2091 2416 sit
2105 2385 2175 2416 finis
2186 2386 2362 2417 secundum
2376 2388 2465 2427 quod

1410 2437 1455 2460 est
1477 2430 1510 2460 in
1533 2429 1717 2466 intentione,
1735 2439 1775 2459 an
1798 2430 1974 2460 secundum
1997 2430 2084 2470 quod
2099 2437 2145 2460 est
2166 2430 2200 2460 in
2215 2440 2321 2461 rerum
2344 2437 2464 2462 natura.

1409 2473 1605 2504 Difficultant
1634 2473 1718 2504 enim
1746 2473 1807 2504 hoc
1840 2473 1976 2503 diversae
2007 2473 2202 2504 conditiones
2235 2473 2315 2505 finis.
2345 2474 2467 2516 Dicitur

1410 2518 1495 2548 enim
1511 2518 1549 2548 de
1564 2517 1626 2548 fine
1641 2517 1730 2558 quod
1746 2524 1792 2548 est
1808 2518 1918 2557 prima
1935 2527 2044 2555 causa,
2062 2517 2150 2558 quod
2165 2528 2263 2549 causa
2279 2527 2462 2556 causarum,

1409 2562 1498 2602 quod
1521 2566 1622 2592 movet
1645 2570 1758 2602 agens,
1775 2561 1864 2601 quod
1883 2567 1986 2592 movet
2008 2571 2070 2591 non
2096 2567 2225 2598 motum.
2241 2562 2282 2592 Et
2296 2572 2403 2592 rursus
2427 2563 2466 2592 de
2486 2585 2490 2587 -

1409 2606 1523 2635 eodem
1550 2605 1663 2635 dicitur
1685 2605 1774 2645 quod
1797 2611 1843 2635 est
1872 2606 2036 2642 ultimum,
2068 2606 2156 2645 quod
2183 2607 2348 2646 optimum,
2378 2607 2466 2646 quod

1409 2659 1504 2689 penes
1538 2649 1696 2679 defectum
1729 2648 1931 2678 assecutionis
1961 2648 2061 2689 ipsius
2089 2649 2201 2679 dicitur
2223 2659 2317 2689 agens
2336 2650 2466 2689 frustra

1409 2693 1517 2732 egisse.
1540 2693 1588 2722 Ex
1610 2692 1658 2722 his
1682 2692 1767 2722 enim
1789 2692 1912 2722 videtur
1935 2692 2022 2732 quod
2046 2702 2111 2723 esse
2134 2692 2231 2723 finem
2255 2694 2400 2724 convenit
2423 2693 2466 2724 rei

1409 2737 1584 2767 secundum
1613 2746 1679 2766 esse
1702 2736 1734 2766 in
1758 2746 1863 2766 rerum
1885 2743 2011 2766 natura:
2036 2746 2111 2766 nam
2134 2736 2213 2767 illud
2236 2744 2282 2767 est
2304 2737 2465 2776 ultimum,

1409 2781 1577 2820 optimum,
1599 2786 1629 2810 et
1647 2790 1712 2820 quo
1730 2790 1795 2810 non
1812 2780 2014 2820 proveniente
2031 2779 2292 2820 dicitursrustra.
2312 2781 2359 2811 Ex
2382 2781 2465 2821 prio-

1408 2825 1494 2855 ribus
1511 2831 1617 2854 autem
1633 2830 1762 2864 apparet
1776 2824 1865 2864 quod
1879 2834 1945 2854 esse
1961 2823 2056 2854 finem
2072 2824 2219 2854 convenit
2234 2825 2277 2862 rei
2290 2825 2466 2856 secundum

1409 2878 1475 2899 esse
1494 2867 1730 2904 injntentione:
1751 2878 1825 2898 nam
1845 2868 2020 2898 secundum
2035 2867 2114 2898 illud
2129 2875 2175 2898 est
2190 2868 2339 2908 primum,
2357 2876 2464 2900 causat

1409 2922 1540 2942 omnem
1554 2912 1765 2943 causalitatem
1785 2918 1970 2947 ceterorum,
1994 2918 2024 2942 et
2038 2918 2083 2942 est
2099 2921 2230 2942 movens
2246 2922 2312 2942 non
2327 2919 2464 2943 motum.

1463 2956 1566 2987 Verba
1588 2965 1717 2996 quoque
1741 2966 1764 2986 s.
1787 2955 1932 2985 Thomae
1955 2955 2014 2991 hic,
2035 2961 2065 2985 et
2087 2955 2234 2985 Averrois
2260 2955 2292 2986 in
2315 2956 2372 2986 XII
2396 2957 2466 2987 Me-

1409 3001 1551 3040 taphys„
1577 3006 1747 3030 comment.
1772 3009 1878 3035 xxxvr,
1907 3009 1974 3029 non
2002 3009 2174 3029 consonare
2199 2999 2359 3030 videntur:
2388 3000 2467 3030 dum

1410 3043 1459 3074 hic
1476 3043 1588 3074 dicitur
1611 3043 1698 3083 quod
1714 3053 1761 3072 res
1778 3049 1874 3082 prout
1892 3049 1938 3073 est
1953 3042 2039 3083 prior
2055 3043 2231 3073 secundum
2246 3043 2464 3080 intentionem,

1409 3087 1502 3117 habet
1517 3087 1672 3117 rationem
1694 3085 1764 3116 finis
1773 3095 1780 3122 ;
1801 3086 1843 3116 ibi
1858 3096 1933 3116 vero
1951 3086 2063 3117 dicitur
2078 3087 2168 3127 quod
2183 3087 2330 3118 balneum
2354 3097 2465 3118 secun-

1409 3131 1485 3161 dum
1505 3130 1589 3171 quod
1612 3135 1659 3160 est
1677 3131 1708 3160 in
1733 3131 1852 3167 anima,
1870 3136 1916 3161 est
1931 3140 2034 3172 agens
2055 3130 2268 3169 desiderium;
2290 3131 2463 3162 secundum

1411 3184 1485 3206 vero
1508 3184 1576 3205 esse
1599 3179 1703 3211 extra,
1721 3179 1768 3204 est
1779 3174 1872 3215 finis.

1477 3219 1529 3249 IX.
1553 3218 1596 3248 Ut
1617 3217 1712 3257 igitur
1733 3227 1780 3248 res
1795 3227 1861 3248 non
1876 3224 2035 3248 remaneat
2053 3218 2210 3258 ambigua,
2226 3218 2330 3259 primo
2347 3229 2465 3259 ponam

1410 3270 1470 3294 tres
1494 3261 1737 3302 propositioneS‚
1761 3261 1947 3292 declarando
1971 3262 2054 3298 illas;
2071 3262 2181 3292 deinde
2198 3263 2339 3302 probabo
2354 3262 2422 3293 illas

1410 3313 1440 3337 et
1463 3306 1515 3342 sic,
1531 3306 1633 3342 tertio,
1651 3305 1768 3346 patebit
1785 3306 1896 3337 veritas
1910 3305 1937 3336 *.
1953 3305 2057 3336 Prima
2072 3306 2249 3346 propositio
2265 3313 2323 3336 est:
2340 3307 2416 3337 Esse
2431 3306 2465 3336 1ιι

1410 3350 1584 3381 intentione
1595 3359 1659 3380 non
1673 3356 1719 3380 est
1731 3349 1809 3380 ratio
1821 3348 1901 3386 finis,
1913 3350 1968 3380 sed
1978 3349 2044 3380 eius
2058 3349 2207 3380 conditio.
2217 3368 2236 3372 —
2249 3350 2392 3380 Secunda
2405 3357 2463 3381 est:

1409 3395 1486 3424 Esse
1501 3394 1533 3424 in
1551 3393 1732 3424 executione
1749 3403 1806 3424 nec
1822 3394 1900 3424 ratio
1917 3404 1974 3424 nec
1989 3393 2128 3424 conditio
2147 3393 2218 3423 finis
2234 3401 2288 3430 est,
2309 3394 2362 3424 sed
2379 3394 2464 3424 coin-

1410 3438 1516 3468 cidens
1531 3438 1585 3468 illi.
1601 3455 1622 3460 -
1638 3437 1744 3468 Tertia
1760 3444 1820 3468 est:
1837 3438 1913 3468 Esse
1929 3438 1961 3468 in
1977 3447 2082 3468 rerum
2098 3444 2208 3468 natura
2224 3444 2270 3468 est
2284 3437 2360 3468 ratio
2382 3437 2464 3469 finis.

1475 3482 1526 3512 Ad
1549 3491 1685 3522 quarum
1700 3481 1897 3518 evidentiam,
1915 3481 1992 3512 scito
2009 3481 2112 3521 primo
2130 3481 2227 3522 quod,
2244 3481 2324 3512 sicut
2344 3481 2375 3512 in
2392 3492 2465 3512 cau-

1411 3525 1529 3556 salitate
1561 3525 1711 3556 efficiente
1738 3525 1994 3565 distinguendum
2023 3532 2069 3556 est
2096 3525 2134 3555 de
2165 3525 2284 3555 ratione
2312 3524 2465 3556 efficiendi

2433 3263 2463 3299 *3
2491 3266 2500 3275 ·
2515 3265 2586 3288 Num.
2599 3272 2649 3294 seq.

2490 3314 2501 3324 ⁶
2515 3314 2585 3336 Num.
2599 3321 2632 3336 xi.
