2852 4152
0 2966 13 3198 sfi—‹vmzv-u-gw
4 2943 5 2949 ⁴
0 2878 6 2883 ι

111 760 123 771 ’“
137 759 186 787 Qu.
199 764 278 780 xxxm.

113 1081 197 1130 §.²482

118 1661 128 1672 '¹
142 1659 200 1688 cup.

117 1714 129 1725 ·
137 1713 175 1735 ne
181 1711 242 1734 me
252 1710 330 1738 orm„

211 1086 236 1108 n,
251 1086 274 1102 n.
284 1085 304 1101 2.
315 1090 326 1095 -

210 1107 262 1128 lect.
275 1111 299 1128 u.

989 269 1255 317 QUAESTIO
1284 268 1388 314 xm,
1417 265 1711 303 ARTICULUS
1742 264 1790 310 11,
1822 264 1869 299 111

2446 261 2521 308 273

1115 411 1431 455 ARTICULUS
1461 407 1758 452 SECUNDUS

1028 505 1183 536 UTRUM
1206 502 1346 534 TlMOR
1369 502 1435 533 sn·
1459 500 1671 532 SPECIAms
1694 498 1840 530 PAssm

383 615 393 630 x
436 618 446 642 ι
465 617 474 631 ι
505 627 507 629 .
533 620 537 627 1
561 608 582 634 D
597 605 786 632 SECUNDUM
802 605 854 630 stc
874 605 1112 630 PROCEDlTUR.
1131 590 1291 629 Videtur
1305 590 1408 639 quod

444 678 456 693 2
560 647 675 686 timor
688 658 767 683 non
782 645 827 682 sit
842 645 1012 694 specialis
1031 645 1170 694 passio.
1191 642 1290 681 Dicit
1309 642 1410 680 enim

368 707 405 755 ἔγ
430 703 482 737 ἐκ
500 690 815 748 '‘Augustinus‚
845 698 884 735 in
924 698 1019 735 libro
1066 697 1263 747 Octoginta
1297 696 1410 733 trium

369 737 713 795 WQuaest.
737 751 777 798 ³¹⁶,
817 751 922 800 quod
959 763 1068 799 quem
1106 763 1180 787 non
1217 749 1414 786 exanimat

351 813 481 853 metus,
510 818 578 843 nec
610 804 791 852 cupiditas
823 816 908 841 eum
940 809 1076 849 vastat,
1106 815 1174 840 nec
1200 802 1410 851 aegritudo,

351 860 448 898 idest
466 858 621 906 tristitia,
641 862 820 902 macerat,
837 869 905 894 nec
922 857 1075 894 ventilat
1086 856 1246 905 gestiens
1261 860 1297 891 et
1312 866 1412 892 vana

352 912 502 950 laetitia.
533 912 591 948 Ex
628 923 705 958 quo
743 909 894 947 videtur
921 909 1048 958 quod,
1077 915 1226 945 remoto
1255 906 1411 954 timore,

352 977 488 1003 omnes
528 964 622 1001 aliae
660 962 857 1012 passiones
897 969 1156 999 removentur.
1194 960 1286 997 Non
1323 972 1411 1008 ergo

351 1017 478 1068 passio
508 1025 564 1054 est
591 1015 779 1065 specialis,
808 1014 876 1052 sed
903 1014 1097 1063 generalis.

408 1083 442 1107 2.
473 1070 706 1115 PRAETEREA,
723 1068 977 1116 Philosophus
998 1067 1096 1114 dicit,
1116 1066 1155 1103 in
1173 1066 1224 1103 VI
1244 1066 1364 1103 Ethic.
1380 1064 1412 1112 ²¹²,

354 1123 459 1172 quod
488 1124 538 1160 ita
565 1135 604 1159 se
630 1123 742 1159 habet
767 1122 804 1158 in
833 1121 995 1169 appetitu
1017 1119 1230 1169 prosecutio
1250 1124 1285 1155 et
1293 1120 1412 1168 fuga,

352 1177 448 1214 sicut
474 1177 510 1212 in
540 1174 722 1212 intellectu
755 1174 961 1222 affirmatio
990 1179 1025 1210 et
1051 1172 1213 1222 negatio.
1245 1172 1321 1209 Sed
1349 1183 1414 1208 ne-

288 1256 290 1258 -
354 1229 453 1277 gatio
483 1241 561 1265 non
590 1235 645 1264 est
674 1227 813 1275 aliquid
842 1227 1004 1275 speciale
1034 1226 1072 1262 in
1100 1226 1300 1272 intellectu,
1321 1224 1416 1261 sicut

213 1666 236 1686 v,
251 1665 275 1681 n.
289 1664 306 1680 1.

114 1739 155 1763 tib.
160 1738 200 1767 m,
207 1743 328 1767 enpanti,

114 1818 127 1831 ⁸
141 1817 189 1846 Qu.
201 1822 269 1844 xxm,
285 1820 329 1839 nrt.

114 1851 140 1872 4.

118 2082 130 2094 ⁸
139 2081 176 2103 De
184 2080 242 2103 Fu‘de
254 2079 330 2107 Orth„

118 2107 159 2130 nb.
173 2107 202 2135 11,

117 2140 158 2157 xv.

127 3166 140 3178 ⁸
153 3166 201 3195 Qu.
212 3172 250 3194 ιι,
262 3170 303 3188 art.
314 3173 340 3192 4,

129 3192 158 3214 nd
170 3199 188 3215 1.

129 3277 139 3286 '
154 3275 221 3298 Vers.

217 2112 268 2135 etp.
283 2113 329 2134 xn,

235 3275 268 3297 18.

355 1295 427 1319 nec
454 1280 674 1327 affirmatio,
704 1279 771 1316 sed
800 1279 941 1327 aliquid
971 1290 1177 1315 commune
1206 1277 1254 1314 ad
1282 1277 1413 1313 multa.

355 1336 456 1382 Ergo
486 1346 557 1370 nec
589 1333 676 1380 fuga
707 1332 746 1368 in
778 1332 957 1380 appetitu.
997 1332 1074 1368 Sed
1106 1330 1196 1367 nihil
1231 1337 1286 1366 est
1313 1329 1415 1366 aliud

353 1387 469 1424 timor
487 1397 604 1435 quam
626 1386 714 1431 fuga
738 1384 927 1432 quaedam
947 1383 1047 1420 mali.
1078 1384 1180 1430 Ergo
1204 1382 1319 1418 timor
1338 1394 1415 1418 non

357 1438 564 1487 est‘passio
594 1436 777 1485 specialis.

410 1492 444 1528 3.
474 1491 712 1535 PRAETEREA,
742 1488 772 1524 si
801 1487 916 1524 timor
950 1494 1049 1523 esset
1075 1486 1202 1535 passio
1232 1486 1415 1535 specialis,

354 1542 556 1592 praecipue
571 1541 610 1578 in
624 1540 799 1578 irascibili
814 1546 922 1576 esset.
945 1540 1014 1576 Est
1028 1547 1156 1576 autern
1171 1539 1285 1575 timor
1305 1539 1417 1576 etiam

354 1596 394 1632 in
422 1593 716 1644 concupiscibili.
747 1593 846 1630 Dicit
882 1593 984 1630 enim
1021 1592 1288 1640 Philosophus,
1317 1592 1355 1628 in
1385 1593 1416 1628 11

355 1648 544 1686 Rhetoric.
568 1648 600 1694 *⁷
621 1648 726 1695 quod
754 1647 866 1682 timor
898 1651 952 1682 est
977 1645 1122 1682 tristitia
1142 1645 1349 1693 quaedam:
1383 1652 1418 1681 et

356 1702 621 1739 Damascenus
646 1699 734 1737 dicit
756 1698 776 1720 *
804 1699 910 1748 quod
933 1698 1046 1735 timor
1064 1703 1117 1735 est
1139 1698 1256 1734 virtus
1279 1698 1418 1734 deside-

356 1753 501 1791 rativa.-
528 1752 673 1790 tristitia
700 1759 829 1789 autem
858 1759 895 1788 et
919 1750 1149 1789 desiderium
1168 1758 1254 1787 sunt
1272 1751 1311 1787 in
1331 1762 1420 1787 con-

357 1806 576 1856 cupiscibili,
605 1813 647 1842 ut
674 1817 789 1854 supra
806 1804 827 1826 ²⁶
856 1804 996 1842 dictum
1027 1811 1093 1841 est.
1123 1804 1215 1841 Non
1245 1811 1300 1840 est
1329 1815 1418 1852 ergo

354 1858 482 1909 passio
515 1857 706 1908 specialis:
739 1869 826 1895 cum
854 1857 1041 1907 pertineat
1073 1857 1121 1894 ad
1155 1857 1324 1894 diversas
1351 1869 1420 1906 po-

355 1911 502 1950 tentias.

411 1965 486 2002 SED
520 1975 665 2002 CONTRA
688 1975 754 2001 EST
778 1963 883 2012 quod
904 1962 1159 2000 condividitur
1178 1963 1256 1999 aliis
1276 1962 1420 2011 passio-

357 2017 469 2054 nibus
498 2017 668 2064 animae3
696 2024 738 2054 ut
765 2023 867 2066 patet
894 2028 963 2065 per
989 2016 1291 2063 Damascenum‚
1321 2015 1359 2052 in
1387 2016 1419 2051 ΙΙ

357 2069 454 2107 libro
471 2069 504 2107 *.

411 2123 637 2160 Resposmno
651 2132 836 2159 mCENDUM
851 2123 956 2170 quod
974 2121 1172 2170 passiones
1192 2120 1342 2158 animae
1362 2132 1419 2157 re-

360 2175 502 2225 cipiunt
521 2176 688 2225 speciem
713 2186 758 2212 ex
778 2174 944 2212 obiectis.
966 2173 1077 2212 Unde
1101 2173 1272 2223 specialis
1290 2173 1416 2223 passio

361 2236 416 2265 est
443 2241 540 2277 quae
568 2229 684 2265 habet
712 2228 873 2277 speciale
898 2227 1099 2264 obiectum.
1130 2227 1268 2264 Timor
1290 2234 1418 2264 autem

1463 588 1578 625 habet
1597 587 1759 636 speciale
1783 585 1989 632 obiectum⁷
2007 584 2102 622 sicut
2125 591 2161 621 et
2179 596 2277 632 spes,
2300 583 2404 620 Sicut
2423 583 2524 621 enim

1464 640 1658 678 obiectum
1687 639 1767 689 spei
1796 646 1851 676 est
1878 639 2025 676 bonum
2054 638 2220 674 futurum
2248 636 2409 673 arduum
2438 649 2526 686 pos-

1465 694 1570 731 sibile
1599 693 1776 742 adipisci;
1807 692 1856 729 ita
1886 691 2078 728 obiectum
2114 689 2260 727 timoris
2294 698 2348 727 est
2382 691 2527 727 malum

1465 742 1633 784 futurum
1663 745 1814 783 difficile
1844 745 1903 782 cui
1930 744 2050 782 resisti
2077 756 2156 780 non
2183 750 2319 792 potest.
2345 743 2456 780 Unde
2484 743 2526 779 ti-

1465 812 1552 837 mor
1580 807 1636 836 est
1663 797 1834 847 specialis
1861 797 1988 847 passio
2017 797 2179 834 animae.

1519 855 1578 889 AD
1606 864 1743 889 PRIMUM
1768 862 1866 888 ERGO
1891 863 2074 888 DtCENDUM
2094 849 2199 898 quod
2227 860 2364 886 omnes
2383 847 2527 897 passio-

1467 917 1534 942 nes
1554 904 1704 942 animae
1725 903 1942 941 derivantur
1957 916 2002 940 ex
2022 915 2099 940 uno
2114 901 2312 951 principio,
2329 901 2468 938 scilicet
2483 913 2527 938 ex

1467 970 1611 1004 amore,
1630 957 1668 994 in
1696 969 1773 1006 quo
1802 957 1943 993 habent
1970 956 2019 993 ad
2042 955 2206 993 invicem
2235 954 2526 992 connexionem.

1467 1011 1516 1047 Et
1554 1010 1697 1047 ratione
1728 1009 1840 1047 huius
1879 1009 2149 1055 connexionis,
2179 1015 2326 1045 remoto
2364 1007 2526 1054 timore,

1468 1070 1714 1101 removentur
1750 1063 1844 1099 aliae
1881 1062 2079 1111 passiones
2117 1061 2288 1098 animae:
2324 1073 2402 1098 non
2439 1060 2527 1098 ideo

1468 1117 1557 1166 quia
1585 1116 1631 1154 sit
1656 1114 1784 1165 passio
1814 1115 2009 1163 generalis.

1521 1171 1580 1206 AD
1609 1180 1798 1206 SECUNDUM
1831 1180 2014 1205 DICENDUM
2048 1167 2151 1215 quod
2181 1179 2260 1203 non
2289 1166 2412 1203 omnis
2441 1166 2528 1213 fuga

1469 1222 1655 1271 appetitus
1684 1229 1740 1258 est
1767 1221 1899 1268 timor,
1929 1221 1996 1257 sed
2029 1221 2115 1268 fuga
2145 1220 2191 1256 ab
2222 1219 2348 1268 aliquo
2377 1218 2529 1267 speciali

1469 1275 1637 1321 obiecto,
1667 1282 1707 1311 ut
1740 1274 1883 1311 dictum
1917 1281 1972 1310 est
1989 1272 2020 1310 ²¹⁶.
2050 1274 2100 1309 Et
2126 1272 2226 1319 ideo,
2256 1272 2340 1308 licet
2368 1272 2455 1320 fuga
2484 1271 2530 1308 sit
2558 1285 2566 1293 ·
2622 1289 2705 1304 soror

1469 1328 1666 1376 quoddam
1693 1327 1878 1374 generale,
1908 1334 2037 1363 tamen
2064 1326 2177 1363 timor
2206 1333 2260 1361 est
2287 1324 2413 1373 passio
2447 1337 2530 1373 spe-

1471 1380 1584 1417 cialis.

1522 1435 1582 1469 Ao
1609 1443 1768 1468 TER-rium
1797 1443 1980 1468 chENDUM
2009 1431 2114 1480 quod
2140 1431 2256 1468 timor
2283 1431 2384 1467 nullo
2410 1429 2529 1466 modo

1471 1492 1527 1522 est
1554 1485 1592 1522 in
1622 1484 1922 1533 concupiscibili:
1951 1496 2030 1520 non
2066 1484 2168 1521 enim
2200 1483 2349 1532 respicit
2383 1483 2529 1519 malum

1471 1538 1654 1584 absolute,
1685 1537 1752 1573 secl
1781 1549 1869 1573 cum
1898 1536 2064 1585 quadam
2090 1537 2306 1573 difficultate
2325 1537 2387 1573 vel
2407 1535 2531 1573 ardui-

1470 1598 1557 1636 tate,
1586 1597 1628 1626 ut
1657 1589 1691 1626 ei
1720 1589 1839 1626 resisti
1866 1589 1929 1626 vix
1956 1590 2086 1638 possit.
2118 1590 2193 1626 Sed
2222 1589 2310 1638 quia
2333 1589 2531 1636 passiones

1471 1642 1666 1679 irascibilis
1687 1642 1906 1679 derivantur
1924 1654 1946 1678 a
1965 1642 2206 1690 passionibus
2231 1641 2532 1690 concupiscibilis

1474 1703 1509 1732 et
1541 1697 1590 1732 ad
1627 1706 1690 1732 eas
1727 1694 1993 1741 terminantur,
2028 1702 2069 1731 ut
2102 1707 2216 1743 supra
2235 1694 2255 1715 ’¹‘
2284 1694 2424 1731 dictum
2454 1702 2530 1740 est;
2559 1705 2567 1714 ·
2605 1710 2620 1725 u
2640 1710 2685 1725 xxv
2704 1710 2716 1725 a
2756 1710 2764 1725 ι

1472 1748 1559 1786 ideo
1592 1747 1719 1784 timori
1752 1747 2003 1785 attribuuntur
2036 1759 2081 1784 ea
2110 1759 2207 1796 quae
2236 1754 2322 1783 sunt
2354 1747 2532 1795 concupi-

1473 1801 1623 1838 scibilis.
1653 1800 1799 1838 Dicitur
1827 1800 1929 1837 enim
1957 1800 2072 1837 timor
2101 1813 2182 1837 esse
2202 1799 2355 1847 tristitia,
2375 1799 2534 1848 inquan-

1473 1862 1555 1891 tum
1585 1854 1776 1891 obiectum
1805 1852 1951 1890 timoris
1971 1861 2027 1890 est
2047 1853 2282 1900 contristans,
2304 1853 2334 1889 si
2352 1865 2533 1901 praesens

1474 1907 1602 1944 fuerit:
1638 1908 1739 1944 unde
1780 1914 1816 1943 et
1843 1906 2099 1955 Philosophus
2134 1907 2223 1943 dicit
2250 1905 2391 1943 ibidem
2430 1906 2533 1953 quod

1474 1960 1588 1997 timor
1605 1959 1778 2009 procedit
1796 1972 1846 1996 ex
1857 1960 2060 2008 phantasia
2072 1961 2204 2007 futuri
2220 1959 2314 1995 mali
2330 1959 2536 2007 corruptivi

1473 2013 1534 2050 vel
1551 2013 1804 2050 contristativi.
1827 2012 2005 2049 Similiter
2025 2020 2060 2049 et
2082 2012 2309 2050 desiderium
2325 2011 2534 2048 attribuitur

1475 2079 1496 2103 a
1523 2067 1768 2103 Damasceno
1796 2065 1935 2113 timori,
1956 2065 2058 2114 quia,
2083 2066 2178 2102 sicut
2206 2077 2292 2114 spes
2321 2064 2438 2101 oritur
2466 2070 2483 2086 ²
2512 2077 2532 2101 a

1476 2119 1663 2156 desiderio
1693 2118 1795 2166 boni,
1816 2119 1866 2155 ita
1893 2118 2006 2155 timor
2035 2130 2080 2155 ex
2107 2119 2194 2166 fuga
2213 2117 2321 2163 mali;
2351 2118 2439 2166 fuga
2467 2130 2531 2154 au·
2561 2151 2572 2162 ,

1473 2180 1552 2209 tem
1581 2171 1670 2209 mali
1690 2171 1808 2208 oritur
1836 2183 1881 2208 ex
1909 2171 2094 2208 desiderio
2119 2171 2222 2218 boni,
2242 2178 2284 2208 ut
2312 2182 2357 2207 ex
2385 2171 2535 2220 supra‘¹=
2563 2184 2574 2199 2
2621 2184 2634 2199 u

1475 2225 1580 2262 dictis
1607 2232 1721 2273 patet.

413 2350 439 2381 α)
459 2349 555 2374 oritur.
573 2364 594 2368 -
611 2352 740 2374 causatur
758 2349 799 2374 vel
817 2349 906 2374 oritur
925 2349 972 2374 Pa.
989 2363 1008 2367 -
1028 2349 1140 2373 Eaedem
1160 2353 1219 2381 post
1238 2348 1320 2372 timor
1339 2348 1436 2372 addunt
1454 2351 1502 2372 est.

1157 2497 1483 2540 ARTICULUS
1510 2495 1740 2538 TERTIUS

1015 2590 1171 2621 UTRUM
1194 2590 1260 2620 srr
1284 2589 1455 2627 ALIQuls
1478 2588 1620 2620 TtMOR
1642 2588 1887 2619 NATURALIS

450 2700 459 2722 ι
479 2700 512 2724 qs
530 2702 552 2713 .›
576 2691 598 2715 n
618 2689 777 2715 TERTmM
802 2689 855 2714 sm
879 2689 1118 2714 PROCEDITUR.
1138 2677 1298 2714 Videtur
1317 2677 1424 2724 quod

452 2725 551 2793 13:1³1?
576 2731 690 2768 timor
717 2730 851 2778 aliquis
884 2730 931 2766 sit
962 2730 1151 2767 naturalis.
1185 2730 1286 2766 Dicit
1321 2729 1423 2766 enirn

427 2825 430 2829 ,
447 2782 457 2785 “
472 2782 486 2785 ⁴
518 2777 545 2833 ᾖ
560 2782 849 2830 Damascenas,
866 2782 905 2819 in
919 2784 968 2819 111
987 2782 1084 2820 libro
1099 2782 1130 2828 ⁸,
1148 2783 1252 2831 quod
1271 2788 1324 2819 est
1343 2783 1423 2831 qui-

456 2831 519 2868 Ψ)
534 2830 564 2871 k
576 2838 664 2874 dam
692 2837 804 2873 timor
830 2835 1025 2882 naturalis,
1054 2835 1200 2872 nolente
1219 2836 1349 2873 anima
1370 2836 1423 2873 di-

364 2892 443 2929 vidi
468 2904 491 2928 a
520 2901 689 2938 corpore.

421 2956 455 2981 2.
476 2945 709 2989 PRAETEREA,
729 2941 843 2978 timor
862 2952 908 2978 ex
927 2953 1057 2978 amore
1076 2941 1204 2988 oritur,
1224 2949 1266 2978 ut
1283 2941 1421 2978 dictum

324 3027 338 3038 .,
367 3005 422 3034 est
440 2997 471 3034 ²⁸⁶.
502 2996 579 3034 Sed
607 3002 664 3032 est
691 2993 826 3042 aliquis
855 3005 965 3030 amor
997 2994 1187 3041 naturalis,
1216 3001 1258 3031 ut
1275 2994 1424 3043 Diony·

130 3068 139 3076 ·
152 3065 338 3088 S.Th.tect.xn.

366 3050 441 3087 sius
467 3049 569 3096 dicit,
591 3060 626 3085 1v
651 3060 733 3096 cap.
754 3047 800 3084 de
817 3047 904 3083 Div.
925 3047 1043 3084 Nom.
1063 3046 1083 3068 ³²
1101 3047 1203 3094 Ergo
1233 3047 1348 3084 etiam
1368 3054 1425 3084 est

367 3103 501 3151 aliquis
529 3102 642 3139 timor
670 3099 859 3137 naturalis.

421 3157 456 3193 3.
477 3156 709 3200 Puni-Em,
738 3153 852 3190 timor
875 3151 1082 3201 opponitur
1100 3151 1192 3200 spei,
1210 3159 1254 3189 ut
1271 3163 1387 3200 supra
1405 3151 1425 3174 ²⁸³

367 3208 509 3246 dictum
538 3215 603 3244 est.
625 3206 703 3244 Sed
731 3214 787 3243 est
814 3205 939 3254 aliqua
962 3217 1048 3253 spes
1068 3212 1240 3242 naturae:
1263 3213 1305 3242 ut
1324 3211 1426 3253 patet

366 3274 434 3310 per
451 3261 492 3298 id
509 3260 616 3309 quod
634 3259 769 3297 dicitur
791 3260 904 3295 Rom.
925 3270 960 3295 1v
978 3257 998 3280 '¹‘
1027 3258 1073 3295 de
1093 3258 1300 3306 Abraham,
1320 3258 1425 3307 quod

367 3320 498 3351 contra
525 3326 627 3362 spem
657 3319 834 3359 naturae,
874 3311 910 3348 in
946 3323 1049 3359 spem
1082 3310 1222 3359 gratiae
1258 3311 1424 3348 credidit.

367 3368 469 3415 Ergo
498 3367 612 3403 etiam
641 3373 697 3403 est
724 3364 860 3414 aliquis
887 3364 1003 3401 timor
1028 3370 1198 3401 naturae.

420 3421 496 3457 SED
524 3431 682 3466 CONTRA,
713 3431 758 3455 ea
783 3429 884 3467 quae
912 3424 1000 3454 sunt
1026 3417 1221 3463 naturalia,
1251 3428 1424 3454 commu-

366 3473 462 3510 niter
494 3472 738 3510 inveniuntur
765 3470 804 3507 in
831 3470 943 3507 rebus
977 3470 1152 3507 animatis
1181 3477 1218 3506 et
1244 3469 1426 3506 inanima-

367 3526 422 3563 tis.
445 3526 522 3563 Sed
549 3525 662 3562 timor
682 3536 760 3561 non
780 3523 970 3560 invenitur
997 3522 1035 3560 in
1058 3523 1171 3560 rebus
1199 3522 1424 3560 inanimatis.

367 3579 469 3627 Ergo
498 3579 612 3616 timor
639 3590 718 3614 non
747 3584 801 3613 est
829 3575 1018 3612 naturalis.

509 3650 618 3674 Summa
637 3649 738 3672 Tutor„
758 3647 788 3671 D.
803 3646 917 3671 Tamus
936 3646 968 3670 T.
988 3646 1026 3671 ΙΙΙ.

1531 2677 1756 2712 ΒΕΞΡοΝῡΕο
1777 2687 1961 2712 DICENDUM
1981 2675 2087 2723 quod
2105 2675 2240 2723 aliquis
2258 2683 2387 2712 motus
2405 2675 2539 2712 dicitur

1478 2728 1669 2775 naturalis,
1700 2728 1788 2777 quia
1812 2728 1860 2764 ad
1882 2728 2008 2777 ipsum
2029 2728 2180 2765 inclinat
2198 2735 2342 2765 natura.
2368 2729 2445 2766 Sed
2463 2729 2539 2766 hoc

1478 2781 1660 2829 contingit
1687 2780 1894 2830 dupliciter.
1924 2781 2010 2818 Uno
2031 2781 2164 2828 modo,
2186 2782 2291 2829 quod
2309 2789 2433 2818 totum
2453 2794 2539 2830 per-

1478 2835 1602 2872 ficitur
1624 2847 1647 2871 a
1674 2842 1819 2881 natura,
1838 2834 1984 2882 absque
2013 2834 2140 2883 aliqua
2162 2834 2385 2883 operatione
2405 2847 2539 2883 appre-

1477 2887 1660 2925 hensivae
1679 2887 1847 2925 virtutis:
1868 2887 1962 2924 sicut
1984 2887 2134 2924 moveri
2152 2899 2304 2924 sursum
2329 2895 2386 2924 est
2408 2895 2537 2924 motus

1479 2940 1656 2978 naturalis
1685 2940 1791 2988 ignis,
1822 2948 1858 2976 et
1885 2940 2013 2988 augeri
2041 2947 2097 2976 est
2116 2947 2243 2976 motus
2262 2941 2440 2977 naturalis
2460 2940 2538 2977 ani·

1478 2994 1637 3031 malium
1658 3001 1694 3030 et
1710 2994 1937 3042 plantarum.
1954 3012 1978 3019 —-
1992 2993 2079 3029 Alio
2108 2993 2227 3030 modo
2253 2993 2387 3030 dicitur
2410 3000 2538 3030 motus

1479 3047 1669 3094 naturalis,
1686 3047 1735 3083 ad
1754 3058 1870 3095 quern
1888 3053 2024 3082 natura
2042 3045 2204 3093 inclinat,
2226 3045 2311 3083 licet
2327 3058 2407 3083 non
2425 3047 2539 3095 perfi-

1480 3099 1598 3136 ciatur
1611 3099 1682 3136 nisi
1695 3111 1765 3147 per
1779 3098 2144 3148 apprehensionem:
2166 3099 2266 3148 quia,
2282 3099 2378 3136 sicut
2395 3098 2540 3148 supra*

1480 3153 1623 3189 dictum
1652 3159 1718 3199 est,
1747 3160 1876 3188 motus
1904 3151 2117 3199 cognitivae
2147 3159 2183 3188 et
2210 3151 2440 3201 appetitivae
2463 3152 2540 3189 vir·

1478 3205 1566 3242 tutis
1594 3205 1826 3242 reducuntur
1853 3204 1891 3241 in
1918 3211 2106 3251 naturam,
2127 3205 2223 3242 sicut
2244 3205 2283 3242 in
2309 3205 2538 3254 principium

1478 3258 1644 3307 primum
1663 3257 1694 3294 ³⁸.
1715 3258 1765 3294 Et
1788 3269 1859 3306 per
1881 3258 1983 3294 hunc
2009 3258 2184 3306 modum,
2210 3258 2323 3295 etiam
2344 3259 2414 3307 ipsi
2434 3266 2539 3295 actus
2568 3272 2577 3280 ·

1479 3310 1780 3360 apprehensivae
1793 3310 1951 3358 virtutis,
1966 3318 2008 3348 ut
2019 3311 2237 3359 intelligere,
2255 3311 2392 3348 sentire
2409 3319 2445 3348 et
2458 3323 2540 3348 me-

1479 3363 1632 3411 morari,
1658 3370 1695 3400 et
1717 3363 1836 3400 *etiam
1855 3370 1983 3401 motus
2002 3364 2189 3413 appetitus
2217 3364 2399 3411 animalis,
2420 3376 2540 3412 quan—

1480 3417 1608 3465 doque
1633 3416 1808 3453 dicuntur
1834 3417 2034 3454 naturales.

1533 3471 1582 3506 Et
1599 3482 1668 3518 per
1686 3469 1788 3506 hunc
1806 3470 1969 3507 modum
1986 3477 2112 3518 potest
2129 3469 2200 3506 dici
2215 3469 2329 3506 timor
2347 3469 2538 3506 naturalis.

1481 3523 1529 3559 Et
1557 3522 1794 3570 distinguitur
1817 3535 1838 3559 a
1857 3522 1994 3560 timore
2021 3535 2100 3559 non
2128 3522 2296 3569 naturali,
2327 3523 2540 3560 secundum

1482 3575 1738 3613 diversitatem
1755 3575 1904 3612 obiecti.
1921 3577 1989 3613 Est
2003 3575 2116 3622 enim,
2128 3583 2169 3612 ut
2183 3575 2437 3625 Philosophus
2453 3575 2540 3612 dicit

2365 3646 2394 3671 35

2566 3107 2577 3118 ¹⁵
2594 3106 2642 3134 Qu.
2655 3113 2683 3134 x,
2701 3110 2743 3128 art..
2758 3112 2777 3132 ¹3

2567 3139 2682 3181 gan-auur,
2697 3136 2739 3155 nrt.
2754 3139 2778 3160 9,
