2846 4146
1059 231 1324 278 QUAESTIO
1354 231 1454 278 LVI,
1483 230 1778 268 ARTICULUS
1808 232 1821 266 1

2447 232 2518 268 355

743 456 1153 532 QUAESTIO
1191 454 2144 533 QUINQUAGESIMASEXTA

1079 583 1163 622 DE
1195 582 1492 623 SUBIECTO
1526 581 1809 622 VIRTUTIS

1191 698 1230 733 IN&
1253 698 1319 722 SEX
1346 696 1548 722 ARTICULOS
1575 696 1692 721 DIVISA

119 813 182 863 ἒξ.
192 819 278 841 «μιν,
292 812 332 835 ιιι-
361 811 550 893 Dimum
565 799 884 837 considerandum
900 807 955 837 est
975 800 1022 837 de
1038 799 1207 836 subiecto
1221 799 1368 836 virtutis
1380 799 1413 835 ³².

443 854 492 890 Et
521 853 619 890 circa
646 853 721 889 hoc
749 860 982 900 quaeruntur
1009 864 1085 888 sex.

412 906 564 943 Primo:
600 913 728 942 utrum
760 905 878 942 virtus
916 905 961 942 sit
998 905 1035 941 in
1063 903 1231 952 potentia
1267 903 1416 940 animae

466 958 560 995 sicut
587 958 625 995 in
654 957 837 995 subiecto.

414 1011 610 1048 Secundo:
639 1018 768 1048 utrum
787 1022 865 1047 una
883 1009 1003 1047 virtus
1030 1009 1149 1058 possit
1177 1020 1259 1045 esse
1278 1007 1316 1044 in
1335 1008 1418 1056 plu-

466 1064 569 1101 ribus
597 1063 784 1112 potentiis.

1524 798 1674 856 Tertio:
1694 805 1826 856 utrum
1845 799 2054 835 intellectus
2073 798 2192 847 possit
2211 807 2293 835 esse
2313 798 2524 836 subiectum

1576 857 1734 887 vlrtutis.

1525 903 1687 948 Quarto:
1717 910 1846 939 utrum
1873 902 2066 940 irascibilis
2096 911 2132 940 et
2161 903 2471 952 concupiscibilis.

1526 955 1688 1001 Quinto:
1730 962 1857 992 utrum
1898 955 1998 992 vires
2044 956 2342 1004 apprehensivae
2384 956 2526 994 sensiti-

1578 1019 1665 1044 vae.

1527 1060 1662 1096 Sexto:
1691 1067 1818 1096 utrum
1844 1060 2031 1096 voluntas.

1171 1176 1487 1219 ARTICULUS
1517 1176 1722 1218 PRIMUS

757 1278 912 1309 UTRUM
935 1277 1092 1308 VIRTUS
1116 1277 1182 1307 SIT
1206 1277 1248 1307 IN
1271 1276 1492 1307 POTENTIA
1514 1276 1680 1306 ANIMAE
1705 1275 1831 1307 SICUT
1855 1275 1897 1306 IN
1921 1275 2132 1307 SUBIECTO

917 1356 947 1380 111
967 1356 1049 1384 Sent„
1070 1355 1128 1380 dist.
1146 1362 1232 1384 xmn,
1251 1362 1295 1386 qu.
1313 1361 1345 1384 n,
1366 1358 1412 1378 art.
1431 1361 1460 1385 4,
1481 1355 1527 1385 qu·
1547 1361 1572 1384 13
1593 1354 1634 1379 De
1652 1354 1756 1384 Vir-tut„
1777 1362 1820 1387 qu.
1838 1362 1860 1385 1,
1880 1359 1925 1379 art.
1947 1353 1970 1378 3.

447 1483 455 1493 «
477 1472 521 1500 »4
544 1475 547 1482 ‹
570 1465 594 1490 D
622 1465 759 1490 Pmmum
787 1463 840 1489 s1c
868 1462 1106 1488 PROCEDITUR.
1131 1451 1291 1487 Videtur
1313 1450 1418 1498 quod

571 1505 690 1543 virtus
718 1517 798 1542 non
822 1505 869 1542 sit
886 1505 926 1541 in
949 1503 1119 1553 potentia
1146 1502 1294 1539 animae
1324 1503 1420 1539 sicut

383 1589 401 1602 .,
512 1542 542 1597 Υ
558 1554 610 1595 in
638 1558 820 1595 subiecto.
841 1557 940 1594 Dicit
971 1556 1074 1593 enim
1102 1555 1347 1604 Augustinus,
1380 1556 1419 1592 in

364 1609 371 1622 ⁸
418 1603 503 1637 »”’“’Ῠ’
532 1602 605 1648 χ--ῙΙ
634 1611 680 1648 de
697 1611 779 1647 Lib.
799 1610 908 1647 arbit.
928 1610 959 1657 ³¹²,
989 1609 1095 1658 quod
1121 1609 1239 1645 virtus
1265 1614 1320 1645 est
1345 1619 1419 1656 qua

360 1671 459 1703 recte
485 1664 634 1702 vivitur.
668 1662 809 1700 Vivere
837 1670 965 1700 autern
994 1674 1073 1699 non
1101 1669 1157 1698 est
1189 1673 1259 1710 per
1285 1668 1419 1721 poten-

360 1719 451 1756 tiam
472 1717 632 1764 animae,
649 1716 718 1753 sed
731 1728 801 1764 per
820 1715 900 1753 eius
920 1715 1134 1752 essentiam.
1151 1715 1253 1762 Ergo
1268 1714 1385 1751 virtus
1402 1719 1419 1735 ²

360 1783 440 1808 non
468 1777 523 1807 est
551 1770 589 1806 in
616 1768 785 1818 potentia
813 1767 976 1815 animae,
997 1766 1092 1805 sed
1084 1779 1121 1804 in
1141 1766 1221 1804 eius
1242 1766 1414 1803 essentia.

416 1835 451 1860 2.
480 1823 715 1870 PRAETEREA,
739 1821 995 1870 Philosophus
1025 1820 1124 1867 dicit,
1143 1819 1181 1857 in
1201 1820 1232 1856 II
1252 1820 1416 1856 Ethic.*:

285 1852 297 1885 ‘.
325 1852 334 1885 ἶ
367 1876 491 1914 Virtus
518 1881 572 1912 est
602 1886 700 1923 quae
727 1875 866 1911 bonum
887 1874 991 1922 facit
1017 1874 1232 1918 habentem,
1261 1878 1297 1908 et
1327 1884 1419 1920 opus

361 1929 440 1966 eius
459 1929 599 1966 bonum
619 1927 747 1964 reddit.
770 1927 846 1964 Sed
865 1927 960 1963 sicut
979 1938 1077 1975 opus
1097 1924 1332 1962 constituitur
1350 1937 1420 1973 per

360 1981 587 2032 potentiam,
617 1980 668 2017 ita
695 1980 840 2016 habens
872 1979 1050 2017 virtutem
1089 1977 1325 2015 constituitur
1350 1990 1420 2026 per

363 2033 566 2072 essentiam
595 2033 758 2070 animae.
779 2033 880 2080 Ergo
909 2032 1028 2069 virtus
1056 2043 1134 2068 non
1161 2030 1280 2090 magis
1307 2030 1420 2079 perti-

362 2094 427 2124 net
454 2087 503 2124 ad
530 2085 741 2135 potentiam
770 2085 932 2133 animae,
963 2096 1078 2133 quarn
1108 2083 1157 2120 ad
1186 2083 1265 2120 eius
1294 2095 1419 2120 essen-

362 2140 454 2177 tiam
473 2138 499 2176 β.

418 2193 453 2230 3.
482 2193 724 2238 PRAETEREA,
753 2190 921 2239 potentia
950 2197 1004 2227 est
1030 2189 1070 2226 in
1098 2188 1265 2226 secunda
1292 2188 1418 2236 specie

362 2245 559 2294 qualitatis.
580 2244 708 2280 Virtus
736 2251 864 2280 autem
893 2250 948 2279 est
967 2241 1156 2291 quaedam
1186 2241 1360 2290 qualitas,
1379 2248 1422 2277 ut

295 2324 301 2330 .
329 2325 335 2331 .
363 2310 477 2346 supra
494 2297 515 2319 ‘¹‘
534 2297 676 2333 dictum
697 2303 762 2332 est.
785 2295 982 2342 Qualitatis
1008 2301 1136 2331 autem
1156 2306 1234 2331 non
1255 2301 1309 2330 est
1329 2306 1420 2342 qua-

362 2350 443 2387 litas
470 2354 498 2386 Υ.
528 2350 630 2396 Ergo
658 2348 776 2385 virtus
808 2358 901 2385 non'
923 2355 978 2384 est
1004 2347 1043 2384 in
1069 2346 1238 2396 potentia
1270 2346 1420 2383 animae

363 2403 459 2440 sicut
485 2402 524 2438 in
552 2401 735 2438 subiecto.

417 2456 492 2492 SED
521 2466 686 2501 CONTRA,
716 2454 834 2491 virtus
865 2459 920 2490 est
945 2453 1116 2489 ultimum
1143 2452 1351 2500 potentiae,
1381 2460 1422 2489 ut

329 2534 335 2546 ‚
364 2508 497 2546 dicitur
524 2508 562 2544 in
590 2509 604 2543 1
634 2507 679 2544 de
707 2506 820 2543 Caelo
847 2505 878 2542 ²¹³.
910 2506 988 2542 Sed
1015 2505 1190 2542 ultimum
1225 2512 1279 2541 est
1306 2505 1344 2541 in
1374 2517 1420 2541 eo

365 2560 472 2598 cuius
505 2567 561 2597 est
593 2559 783 2596 ultimum.
817 2559 919 2607 Ergo
947 2558 1067 2595 virtus
1100 2564 1155 2594 est
1186 2557 1224 2593 in
1252 2557 1421 2605 potentia

365 2613 528 2651 animae.

419 2666 644 2702 Responmzo
673 2675 856 2700 monimum
890 2663 995 2711 quod
1022 2662 1202 2700 virtutem
1233 2661 1422 2710 pertinere

366 2719 414 2756 ad
442 2717 651 2766 potentiam
680 2717 842 2763 animae,
872 2727 917 2752 ex
944 2715 1063 2752 tribus
1090 2722 1214 2764 potest
1240 2727 1322 2751 esse
1341 2726 1422 2751 rna-

366 2770 555 2808 nifestum.
577 2769 707 2806 Primo
732 2769 900 2818 quidem,
922 2780 966 2805 ex
986 2768 1068 2817 ipsa
1095 2767 1240 2804 ratione
1261 2767 1420 2815 virtutis,

366 2835 465 2872 quae
493 2823 671 2872 importat
698 2821 971 2871 perfectionem
1003 2820 1214 2870 potentiae:
1242 2820 1422 2869 perfectio

367 2883 494 2914 autem
513 2883 569 2912 est
586 2875 625 2912 in
645 2887 691 2912 eo
713 2874 818 2911 cuius
838 2881 894 2911 est
912 2873 1103 2923 perfectio.
1119 2894 1143 2901 -
1164 2874 1355 2919 Secundo,
1376 2885 1421 2910 ex

420 3007 447 3039 α)
467 3007 562 3032 virtus.
574 3020 593 3025 —
611 3006 698 3031 vivere
721 3005 925 3038 ACDGHleB;
947 3005 1057 3038 Ergo..
1067 3004 1202 3029 .essent1'a
1220 3012 1273 3029 orn.
1293 3005 1323 3030 E.

421 3042 447 3076 β)
462 3041 640 3074 potentiam..
649 3040 824 3065 .essentiam.
841 3054 859 3059 -
878 3040 1019 3065 essentiam
1043 3039 1149 3064 animae
1171 3047 1250 3071 quam
1269 3039 1306 3064 ad
1324 3043 1420 3072 poten-

366 3078 433 3104 tiam
451 3077 556 3102 animae
569 3077 600 3106 K,
616 3075 765 3108 potentiam
784 3082 863 3107 quam
882 3075 919 3099 ad
937 3074 1076 3100 essentiam
1095 3075 1202 3099 am'mae
1219 3075 1304 3099 ceteri.

419 3113 446 3147 γ)
466 3111 639 3144 qualitatis..
651 3110 827 3143 ‚qualitas-
841 3111 1008 3142 qualitas...
1028 3110 1054 3134 in
1076 3109 1203 3142 qualitate
1221 3109 1273 3134 EF.

1472 1451 1547 1486 hoc
1575 1450 1681 1499 quod
1709 1458 1765 1487 est
1791 1450 1941 1487 habitus
1970 1451 2201 1500 operativus,
2226 1459 2268 1488 ut
2296 1464 2410 1501 supra
2427 1452 2449 1474 '¹‘
2476 1453 2530 1490 di-

1474 1509 1577 1538 ctum
1597 1510 1668 1539 est:
1690 1502 1815 1540 omnis
1835 1510 1962 1540 autem
1983 1503 2152 1552 operatio
2174 1511 2228 1540 est
2246 1505 2294 1541 ab
2315 1505 2443 1542 anima
2460 1518 2530 1554 per

1474 1555 1640 1604 aliquam
1654 1555 1876 1603 potentiam.
1893 1576 1917 1582 -
1929 1555 2073 1604 Tertio,
2090 1568 2135 1592 ex
2150 1555 2224 1593 hoc
2239 1557 2345 1605 quod
2365 1557 2531 1606 disponit

1473 1607 1523 1644 ad
1551 1607 1759 1656 optimum:
1790 1607 1978 1656 optimum
2007 1615 2135 1645 autern
2164 1616 2220 1645 est
2246 1609 2345 1656 finis,
2375 1610 2439 1658 qui
2466 1612 2529 1647 vel

1475 1668 1529 1696 est
1544 1660 1714 1709 operatio
1734 1660 1798 1707 rei,
1818 1660 1882 1697 vel
1896 1660 2035 1708 aliquid
2056 1668 2302 1698 consecutum
2322 1659 2336 1683 δ
2349 1674 2419 1710 per
2438 1675 2529 1711 ope-

1473 1712 1659 1750 rationem
1679 1725 1701 1749 a
1720 1712 1890 1762 potentia
1910 1713 2177 1760 egredientem.
2193 1714 2304 1751 Unde
2323 1714 2442 1751 virtus
2461 1716 2529 1752 hu-

1473 1778 1589 1802 mana
1618 1773 1673 1802 est
1701 1765 1739 1802 in
1766 1765 1935 1814 potentia
1963 1765 2112 1803 animae
2141 1766 2236 1803 sicut
2258 1766 2297 1803 in
2322 1767 2502 1804 subiecto.

1525 1820 1583 1855 An
1612 1830 1749 1855 ptumum
1776 1829 1874 1855 ERGO
1902 1830 2087 1855 memnon
2115 1820 2219 1868 quod
2246 1819 2377 1856 vivere
2411 1820 2530 1869 dupli-

1473 1871 1564 1908 citer
1591 1871 1762 1908 sumitur.
1803 1871 2047 1919 Quandoque
2077 1871 2178 1908 enim
2207 1871 2341 1909 dicitur
2366 1872 2500 1910 vivere
2519 1879 2531 1894 ε

1471 1923 1598 1974 ipsum
1628 1936 1709 1960 esse
1732 1923 1912 1960 viventis:
1942 1923 2049 1961 etsie
2067 1924 2228 1973 pertinet
2253 1925 2301 1962 ad
2330 1925 2531 1962 essentiam

1473 1976 1636 2024 animae,
1658 1989 1756 2024 quae
1778 1984 1833 2013 est
1851 1976 1995 2014 viventi
2015 1977 2163 2014 essendi
2181 1977 2422 2027 principium.
2443 1978 2529 2015 Alio

1473 2030 1592 2066 modo
1620 2029 1752 2067 vivere
1782 2028 1915 2066 dicitur
1934 2029 2104 2078 operatio
2123 2030 2301 2068 viventis:
2332 2038 2367 2067 et
2386 2031 2439 2068 sic
2457 2031 2532 2068 vir-

1472 2089 1550 2119 tute
1571 2089 1670 2119 recte
1689 2081 1840 2130 vivitur,
1860 2082 2085 2130 inquantum
2100 2095 2169 2132 per
2184 2095 2269 2120 eam
2284 2083 2416 2132 aliquis
2431 2091 2531 2120 recte

1474 2142 1664 2184 operatur.

1527 2190 1585 2224 AD
1615 2199 1803 2224 SECUNDUM
1831 2199 2015 2224 DtCENDUM
2043 2188 2148 2236 quod
2168 2188 2313 2225 bonurn
2332 2189 2394 2225 vel
2415 2196 2470 2226 est
2487 2189 2532 2226 fi-

1475 2240 1544 2287 nis,
1563 2241 1626 2277 vel
1652 2240 1691 2276 in
1718 2239 1853 2276 ordine
1873 2241 1921 2277 ad
1941 2240 2060 2277 finem
2086 2240 2228 2277 dicitur.
2249 2241 2298 2277 Et
2321 2241 2421 2289 ideo,
2444 2254 2532 2278 cum

1475 2294 1620 2329 bonum
1638 2292 1828 2340 operantis
1845 2292 2021 2329 consistat
2036 2293 2073 2329 in
2089 2293 2320 2341 operatione,
2332 2294 2406 2330 hoc
2422 2294 2533 2330 etiam

1475 2345 1601 2394 ipsum
1627 2345 1733 2393 quod
1756 2344 1874 2382 virtus
1892 2345 1978 2382 facit
2001 2353 2222 2394 operantem
2242 2346 2400 2394 bonurn,
2423 2347 2534 2383 refer-

1475 2406 1535 2435 tur
1563 2398 1611 2435 ad
1637 2397 1910 2446 operationem,
1932 2405 1969 2434 et
1986 2410 2056 2446 per
2074 2410 2310 2447 consequens
2334 2399 2383 2436 ad
2401 2407 2533 2447 poten-

1476 2458 1579 2488 tlam.

1529 2505 1588 2540 AD
1615 2515 1775 2540 TERTIUM
1803 2514 1985 2540 DICENDUM
2015 2503 2119 2552 quod
2147 2515 2266 2540 unum
2286 2503 2460 2541 accidens
2480 2504 2533 2541 di-

1477 2556 1571 2593 citur
1605 2568 1686 2592 esse
1714 2555 1753 2592 in
1781 2555 1852 2592 alio
1888 2555 1983 2592 sicut
2014 2555 2053 2592 in
2079 2556 2250 2592 Subiecto
2277 2555 2310 2603 ζ,
2339 2568 2418 2593 non
2445 2556 2534 2606 quia

1477 2608 1652 2646 accidens
1680 2620 1749 2656 per
1777 2608 1943 2656 seipsum
1970 2608 2089 2657 possit
2116 2615 2324 2645 sustentare
2343 2608 2447 2646 aliud
2470 2621 2532 2646 ac-

1478 2661 1624 2698 cidens:
1646 2661 1714 2698 sed
1733 2660 1822 2709 quia
1840 2673 1959 2697 unum
1979 2660 2155 2698 accidens
2174 2661 2344 2698 inhaeret
2362 2662 2533 2699 substan-

1477 2714 1549 2751 tiae
1583 2713 1775 2750 mediante
1813 2713 1885 2750 alio
1923 2714 2115 2751 accidente
2129 2744 2138 2762 ,
2171 2722 2214 2751 ut
2245 2715 2350 2751 color
2381 2714 2531 2763 corpori

1478 2766 1668 2804 mediante
1697 2766 1914 2815 superficie;
1937 2766 2040 2804 unde
2061 2767 2280 2816 superficies
2300 2767 2432 2804 dicitur
2452 2779 2532 2804 esse

1477 2819 1689 2857 subiectum
1716 2819 1852 2856 coloris
1870 2819 1901 2856 ²⁸.
1922 2819 1972 2856 Et
1991 2832 2037 2856 eo
2056 2820 2176 2857 modo
2196 2820 2364 2868 potentia
2382 2819 2532 2857 animae

1479 2872 1611 2910 di'citur
1640 2884 1722 2909 esse
1750 2872 1962 2909 subiectum
1989 2872 2144 2910 virtutis.

1529 3004 1554 3037 δ)
1574 3008 1749 3029 consecutum.
1761 3018 1781 3024 —
1797 3007 1980 3029 conservatum
2000 3004 2052 3029 EF.

1530 3039 1553 3071 ε)
1573 3040 1672 3064 dicitur
1690 3039 1786 3064 vivere.
1797 3052 1818 3058 -
1835 3039 1924 3064 vivere
1941 3041 1980 3064 est
1998 3038 2050 3064 EF.

1479 3074 1555 3134 dice?
1574 3075 1646 3100 sicut
1661 3075 1687 3099 in
1703 3074 1827 3100 subiecto.
1840 3088 1859 3093 -
1872 3074 1933 3099 Om.
1947 3074 2058 3099 DEFHI.
2072 3086 2091 3093 —
2110 3074 2160 3098 Pro
2175 3081 2226 3106 per
2244 3074 2365 3106 seipsum,
2381 3081 2432 3106 per
2443 3082 2470 3100 se
2488 3083 2530 3099 co-

2557 1458 2567 1468 '
2583 1457 2630 1486 Qu.
2641 1464 2678 1486 ιν,
2693 1461 2735 1480 art.
2745 1464 2766 1480 2.

2559 2830 2570 2840 *
2583 2829 2612 2851 D.
2627 2835 2680 2857 ¹¹45·
