2852 4152
0 1249 14 1337 ἔ

115 1854 128 1866 '
140 1853 201 1876 Part.
215 1852 257 1880 w,
276 1858 327 1881 cup.

119 2066 129 2075 '¹
139 2064 330 2094 Qun-marta.

119 2223 129 2233 ·
138 2221 241 2244 neriae
253 2222 329 2249 orm„

117 2247 331 2296 Ebnnaessffz

118 2299 176 2323 Nat.
187 2299 258 2322 Hom.
277 2290 304 2322 'ca
323 2315 330 2322 .

117 2331 181 2354 nm,
197 2327 227 2348 ιι.
237 2316 277 2349 1113.
287 2307 329 2354 13,

118 2358 170 2381 etp.
183 2358 207 2375 x.

381 3197 426 3211 Ι,

119 3233 320 3263 ‘Cap-xr‚n.1.
417 3214 454 3252 θ’

965 255 1229 301 QUAESTIO
1258 255 1401 299 XXXI,
1431 253 1726 290 ARTICULUS
1756 254 1824 300 111,
1855 254 1904 288 IV

2443 265 2516 300 217

1154 386 1470 428 ARTICULUS
1497 385 1725 426 TERTIUS

969 489 1123 519 UTRUM
1146 486 1425 518 DELECTATIO
1448 487 1663 517 DIFFERAT
1685 488 1715 516 A
1738 485 1903 516 GAUDIO

496 567 572 598 Infra,
591 574 635 599 qu.
654 573 724 596 xxxv,
744 571 790 590 art.
811 573 839 595 23
859 566 890 590 111
909 567 991 596 Seni„
1013 567 1070 591 dist.
1089 574 1154 596 xxvi,
1173 574 1216 598 qu.
1235 574 1252 595 ι,
1272 571 1317 590 art.
1338 565 1365 595 3;
1385 565 1443 590 dist.
1462 572 1537 595 xxvxi,
1557 573 1602 597 qu.
1621 573 1638 595 i,
1658 570 1703 589 art.
1725 572 1748 594 2,
1767 565 1799 589 ad
1820 564 1848 595 3;
1867 565 1910 595 lv,
1930 565 1988 589 dist.
2007 571 2073 594 xcix,
2092 572 2135 596 qu.
2150 571 2192 596 m,
2212 569 2258 589 art.
2275 572 2296 594 ι,
2316 567 2362 597 qu·
2381 573 2410 596 4;

1004 602 1013 625 1
1035 602 1111 626 Cont.
1128 603 1215 632 Gent.‚
1235 608 1290 633 cap.
1308 607 1355 630 xc;
1375 601 1417 625 De
1436 600 1524 629 Verit„
1539 608 1584 632 qu.
1602 608 1667 629 xxw,
1686 605 1732 624 art.
1751 608 1778 631 4,
1796 600 1828 625 ad
1848 599 1872 624 5.

446 715 450 725 =
474 716 490 731 „s
509 724 515 728 ,
540 717 546 724 »
569 707 591 732 D
610 706 768 732 TERTmM
788 707 841 735 sic
860 707 1097 732 PROCEDITUR.
1126 695 1284 732 Videtur
1309 695 1413 744 quod

495 764 547 807 W>
569 747 750 795 gaudium
778 748 824 784 sit
858 748 1016 785 omnino
1050 748 1152 785 idem
1181 749 1284 796 quod
1314 748 1413 785 dele-

376 800 423 845 ’,ᾗ
474 819 495 844 4
511 797 692 836 ctatio.
722 800 924 837 Passiones
949 801 1049 837 enim
1070 801 1216 838 animae
1237 800 1415 846 differunt

376 846 391 859 '
415 867 427 883 >-
447 845 781 890 fxsecundum
810 853 968 890 obiecta.
1001 853 1076 890 Sed
1105 853 1207 890 idem
1237 861 1291 890 est
1311 853 1414 889 obie-

357 913 460 942 ctum
487 905 613 952 gaudii
641 913 677 942 et
704 906 974 953 delectationis,
1003 906 1140 949 scilicet
1160 906 1305 942 bonum
1326 906 1413 942 ade-

355 965 476 1006 ptum.
506 958 608 1005 Ergo
636 958 817 1006 gaudium
847 967 902 995 est
925 958 1082 995 omnino
1102 957 1204 995 idem
1223 959 1329 1007 quod
1349 958 1413 994 de-

355 1010 515 1046 lectatio.

411 1074 446 1099 2.
467 1064 698 1110 PRAETEREA,
728 1075 827 1100 unus
855 1071 984 1100 motus
1011 1075 1091 1099 non
1116 1063 1336 1100 terminatur
1364 1063 1413 1099 ad

358 1115 455 1153 duos
488 1115 681 1153 terminos.
720 1116 797 1152 Sed
828 1116 929 1152 idem
959 1123 1014 1152 est
1041 1123 1168 1152 motus
1196 1115 1261 1163 qui
1288 1115 1414 1152 termi—

357 1175 467 1204 natur
495 1168 543 1204 ad
570 1168 751 1215 gaudium
781 1176 817 1205 et
845 1168 1145 1214 delectationem,
1166 1167 1305 1204 scilicet
1325 1180 1414 1204 con-

358 1220 599 1268 cupiscentia.
629 1222 731 1268 Ergo
753 1220 949 1258 delectatio
971 1227 1007 1256 et
1025 1219 1207 1267 gaudium
1227 1228 1313 1257 sunt
1332 1232 1415 1257 om-

359 1272 449 1310 nino
477 1273 592 1310 idem.

413 1326 446 1363 3.
476 1326 711 1371 PRAETEREA,
740 1324 771 1360 si
798 1323 980 1371 gaudium
1009 1330 1064 1359 est
1092 1322 1192 1359 aliud
1214 1335 1236 1359 a
1255 1324 1414 1360 delecta-

357 1377 480 1423 tione,
509 1377 659 1421 videtur
685 1376 809 1424 quod,
837 1375 919 1422 pari
953 1374 1117 1420 ratione,
1147 1382 1184 1410 et
1214 1375 1351 1411 laetitia
1380 1383 1416 1411 et

357 1428 532 1465 exultatio
561 1435 598 1464 et
624 1427 836 1464 iucunditas
864 1426 1075 1473 significent
1101 1426 1240 1473 aliquid
1269 1427 1370 1463 aliud
1394 1439 1416 1464 a

358 1479 621 1518 delectatione:
647 1479 749 1515 etsie
777 1485 886 1515 erunt
914 1490 1050 1514 omnes
1078 1477 1249 1514 diversae
1272 1479 1417 1526 passio-

355 1543 436 1568 nes.
453 1532 568 1578 Quod
586 1531 736 1567 videtur
754 1543 836 1567 esse
852 1531 999 1566 falsum.
1018 1531 1108 1566 Non
1128 1541 1217 1577 ergo
1232 1531 1414 1577 gaudium

357 1583 480 1621 differt
507 1596 530 1620 a
558 1583 815 1621 delectatione.

410 1637 485 1673 SED
514 1648 659 1673 CONTRA
686 1648 751 1672 EST
775 1635 880 1684 quod
899 1634 937 1671 in
955 1633 1073 1671 brutis
1093 1633 1317 1671 animalibus
1337 1647 1415 1671 non

357 1688 518 1726 dicimus
546 1688 739 1736 gaudium.
761 1688 842 1725 Sed
865 1687 903 1724 in
932 1686 984 1723 eis
1013 1686 1174 1723 dicimus
1202 1687 1415 1723 delectatio-

357 1753 471 1778 nem.v
489 1742 582 1778 Non
609 1753 698 1788 ergo
728 1747 783 1778 est
810 1740 913 1777 idern
942 1739 1123 1787 gaudium
1151 1746 1188 1775 et
1207 1739 1413 1776 delectatio.

409 1795 634 1831 Rnsponnno
667 1805 851 1830 mCENDuM
885 1792 989 1842 quod
1022 1791 1223 1839 gaudium,
1252 1799 1295 1828 ut
1325 1792 1417 1828 Avi-

358 1858 478 1883 cenna
502 1846 589 1883 dicit
606 1846 645 1883 in
664 1846 760 1883 libro
781 1857 851 1882 suo
871 1845 917 1882 de
933 1845 1074 1881 Anima
1088 1843 1119 1891 ⁸¹²,
1149 1852 1204 1881 est
1223 1845 1412 1894 quaedam

357 1898 501 1949 species
539 1898 808 1936 delectationis.
852 1898 920 1934 Est
958 1897 1058 1934 enirn
1096 1897 1415 1934 considerandum

357 1951 473 2000 quod,
494 1951 589 1988 sicut
616 1959 703 1989 sunt
729 1950 920 1999 quaedam
950 1949 1279 1998 concupiscentiae
1307 1957 1415 1986 natu-

358 2005 466 2052 rales,
495 2004 686 2052 quaedam
714 2012 842 2040 autem
870 2015 949 2040 non
974 2003 1174 2050 naturales,
1196 2003 1263 2040 sed
1283 2015 1414 2040 conse-

358 2064 524 2104 quuntur
539 2057 735 2104 rationem,
750 2064 792 2094 ut
810 2068 924 2104 supra
938 2055 959 2077 ’¹‘
978 2055 1119 2092 dictum
1138 2062 1209 2101 est3
1229 2055 1280 2091 ita
1300 2055 1413 2092 etiam

359 2109 651 2146 delectationum
679 2108 870 2158 quaedam
899 2115 985 2144 sunt
1010 2108 1209 2154 naturales,
1236 2115 1274 2144 et
1300 2119 1414 2157 quae—

359 2162 449 2199 dam
477 2174 556 2199 non
583 2161 784 2208 naturales,
803 2172 902 2209 quae
931 2168 1017 2197 sunt
1045 2172 1133 2197 cum
1162 2160 1315 2197 ratione.
1330 2161 1414 2207 Vel,

358 2214 453 2252 sicut
471 2215 733 2252 Damascenus
751 2213 772 2236 ²¹²
800 2221 836 2250 et
855 2213 1058 2261 Gregorius
1077 2213 1276 2261 Nyssenus
1293 2212 1334 2235 *²¹*
1361 2212 1416 2251 di-

359 2275 459 2314 cunt,
475 2268 660 2315 quaedam
674 2272 762 2303 sunt
773 2266 998 2314 corporales,
1015 2266 1199 2314 quaedam
1214 2265 1415 2303 animales:

358 2321 464 2368 quod
491 2319 530 2357 in
558 2319 661 2356 idern
690 2319 796 2356 redit.
821 2319 1066 2356 Delectamur
1093 2318 1195 2355 enim
1229 2325 1265 2355 et
1290 2318 1330 2355 in
1356 2318 1415 2355 his

358 2384 456 2421 quae
484 2372 701 2409 naturaliter
728 2371 1045 2420 concupiscimus,
1075 2382 1120 2407 ea
1147 2370 1413 2420 adipiscentes;

359 2432 396 2461 et
412 2424 451 2462 in
469 2425 526 2461 his
546 2437 644 2474 quae
664 2423 969 2473 concupiscimus
983 2423 1194 2461 secundum
1214 2421 1411 2460 rationem.

359 2477 436 2515 Sed
449 2490 594 2516 nomen
608 2477 733 2526 gaudii
748 2489 827 2514 non
841 2477 956 2513 habet
970 2477 1096 2513 locum
1112 2476 1184 2513 nisi
1198 2476 1238 2513 in
1253 2476 1412 2513 delecta-

357 2529 461 2568 tione
485 2542 582 2579 quae
608 2529 850 2578 consequitur
874 2529 1078 2566 rationem:
1107 2529 1210 2566 unde
1235 2529 1415 2576 gaudium

411 2656 440 2688 α)
458 2655 546 2680 etiam.
564 2669 583 2674 -
601 2655 662 2679 Om.
682 2654 750 2680 PFa.
991 2674 996 2678 .
1442 2646 1447 2686 Ι

1466 706 1544 731 non
1573 694 1808 731 attribuimus
1829 694 1946 731 brutis
1965 694 2202 742 animalibus,
2223 694 2291 732 sed
2310 696 2434 732 solum
2454 706 2521 732 no-

1467 759 1557 783 men
1578 747 1844 784 delectationis.
1870 768 1893 774 -
1915 747 2042 784 Omne
2066 755 2195 784 autem
2221 747 2323 796 quod
2345 749 2522 797 concupi-

1467 799 1606 836 scimus
1634 799 1844 836 secundum
1864 807 2051 846 naturam,
2071 812 2276 848 possumus
2297 800 2410 837 etiam
2430 814 2518 838 cum

1466 851 1713 888 delectatione
1729 852 1882 889 rationis
1903 852 2185 900 concupiscere:
2207 853 2274 889 sed
2293 865 2372 889 non
2392 866 2413 889 e
2433 866 2522 891 con-

1465 916 1591 941 verso.
1612 904 1723 941 Unde
1743 904 1791 941 de
1811 904 1989 941 omnibus
2008 906 2055 942 de
2079 905 2216 953 quibus
2236 912 2291 942 est
2310 905 2520 953 delectatio,

1465 964 1588 1005 potest
1613 957 1726 993 etiam
1746 962 1763 978 ‘²
1779 969 1861 994 esse
1888 957 2066 1004 gaudium
2093 957 2132 994 in
2159 958 2383 995 habentibus
2411 959 2523 995 ratio-

1466 1019 1567 1046 nem.
1588 1009 1776 1055 Quamvis
1804 1022 1881 1046 non
1910 1022 2062 1058 semper
2081 1010 2128 1046 de
2157 1010 2336 1047 omnibus
2361 1011 2406 1047 sit
2433 1023 2522 1059 gau-

1467 1061 1594 1099 dium:
1619 1061 1850 1110 quandoque
1869 1062 1970 1098 enim
1991 1062 2123 1110 aliquis
2143 1063 2253 1100 sentit
2272 1063 2438 1111 aliquam
2459 1064 2523 1101 de-

1466 1114 1704 1151 lectationem
1724 1114 1936 1151 seeundum
1964 1127 2114 1163 corpus,
2136 1115 2182 1152 de
2203 1128 2278 1164 qua
2296 1123 2425 1153 tamen
2443 1129 2523 1153 non

1467 1166 1606 1214 gaudet
1638 1167 1850 1204 secundum
1886 1167 2084 1204 rationem.
2115 1169 2163 1204 Et
2190 1169 2400 1205 secundum
2429 1169 2521 1216 hoc,

1466 1226 1569 1267 patet
1587 1219 1693 1267 quod
1712 1219 1917 1256 delectatio<
1929 1227 1985 1256 est
2002 1220 2041 1256 in
2054 1220 2139 1268 plus
2158 1218 2172 1249 β
2192 1232 2308 1268 quam
2328 1221 2521 1268 gaudium.

1520 1273 1579 1307 AD
1601 1283 1736 1308 PR1MUM
1756 1283 1852 1308 ERGO
1877 1284 2061 1310 DICENDUM
2080 1273 2196 1321 quod,
2218 1285 2306 1309 cum
2330 1274 2522 1311 obiectum

1469 1323 1654 1370 appetitus
1671 1324 1841 1360 animalis
1860 1324 1905 1361 sit
1923 1325 2068 1362 bonum
2087 1326 2381 1373 apprehensum,
2403 1326 2524 1363 diver-

1468 1375 1555 1411 sitas
1579 1377 1887 1423 apprehensionis
1911 1377 2072 1425 pertinet
2090 1378 2379 1426 quodammodo
2399 1379 2447 1415 acl
2468 1379 2520 1415 di-

1468 1426 1686 1463 versitatem
1714 1428 1862 1465 obiecti.
1884 1430 1932 1466 Et
1954 1430 2008 1466 sic
2036 1430 2303 1467 delectationes
2327 1431 2522 1478 animales,

1470 1490 1567 1526 quae
1588 1478 1761 1516 dicuntur
1789 1480 1902 1517 etiam
1931 1482 2078 1528 gaudia,
2108 1482 2384 1530 distinguuntur
2411 1496 2434 1520 a
2461 1484 2526 1521 de-

1469 1530 1729 1567 lectationibus
1763 1533 2038 1580 corporalibus,
2068 1546 2163 1581 quae
2199 1535 2373 1572 dicuntur
2402 1537 2524 1572 solum

1470 1582 1752 1619 delectationes:
1782 1584 1876 1620 sicut
1906 1592 1941 1620 et
1964 1586 2011 1621 de
2041 1587 2352 1634 concupiscentiis
2372 1601 2486 1637 supra
2503 1588 2524 1610 '¹‘

1470 1634 1612 1671 dictum
1641 1642 1707 1671 est.

1522 1687 1580 1722 AD
1609 1698 1798 1723 SECUNDUM
1826 1699 2007 1724 mOENDUM
2036 1689 2141 1736 quod
2169 1689 2296 1726 similis
2316 1691 2525 1729 differentia

1469 1738 1659 1775 invenitur
1684 1739 1796 1775 etiam
1826 1739 1864 1776 in
1893 1741 2223 1788 concupiscentiis:
2251 1741 2302 1777 ita
2329 1745 2432 1790 quod
2462 1745 2525 1780 de-

1469 1790 1616 1827 lectatio
1646 1791 1875 1839 respondeat
1912 1793 2253 1842 concupiscentiae,
2284 1801 2319 1830 et
2346 1796 2526 1842 gaudium

1470 1843 1698 1891 respondeat
1714 1843 1912 1891 desiderio,
1926 1846 2028 1892 quod
2045 1846 2164 1893 magis
2178 1846 2328 1883 videtur
2340 1848 2526 1896 pertinere

1469 1896 1519 1933 ad
1547 1895 1893 1944 concupiscentiam
1921 1897 2136 1935 animalem.
2157 1899 2206 1935 Et
2233 1899 2285 1935 sic
2314 1902 2524 1938 secundum

1470 1948 1720 1986 differentiam
1749 1957 1887 1996 motus,
1917 1958 1973 1986 est
2000 1951 2112 1987 etiarn
2143 1951 2350 1989 differentia
2377 1953 2523 2000 quietis.

1522 2002 1582 2037 AD
1610 2013 1768 2038 TERTIUM
1797 2014 1978 2039 DlCENDUM
2003 2003 2109 2050 quod
2127 2003 2198 2040 alia
2218 2004 2374 2041 nomina
2393 2005 2442 2042 ad
2462 2006 2526 2042 de-

1469 2053 1707 2090 lectationem
1722 2054 1955 2103 pertinentia,
1973 2063 2058 2092 sunt
2074 2055 2251 2104 imposita
2266 2057 2313 2093 ab
2330 2057 2525 2094 effectibus

1470 2106 1746 2144 delectationis:
1775 2119 1866 2144 nam
1887 2107 2023 2144 laetitia
2042 2108 2249 2156 imponitur
2267 2121 2289 2145 a
2309 2109 2524 2147 dilatatione

1470 2159 1606 2206 cordis,
1636 2171 1680 2195 ac
1708 2159 1737 2195 si
1766 2159 1952 2197 diceretur
1978 2161 2116 2204 latitz‘a‚·
2143 2161 2320 2198 exultatio
2343 2174 2436 2199 vero
2472 2163 2525 2199 di-

1470 2212 1564 2248 citur
1582 2212 1630 2248 ab
1660 2212 1903 2249 exterioribus
1922 2213 2034 2260 signis
2055 2213 2309 2250 delectationis
2329 2214 2525 2262 interioris,

1469 2277 1568 2313 quae
1584 2272 1766 2313 apparent
1781 2265 1952 2313 exterius,
1972 2265 2195 2314 inquantum
2215 2266 2354 2303 scilicet
2371 2267 2525 2304 interius

1468 2317 1649 2365 gaudium
1683 2317 1826 2365 prosilit
1862 2317 1910 2354 ad
1947 2318 2150 2364 exteriora3
2189 2318 2395 2356 iucunditas
2430 2332 2524 2356 vero

1470 2369 1604 2407 dicitur
1622 2382 1644 2406 a
1664 2369 1891 2419 quibusdam
1912 2370 2133 2418 specialibus
2152 2371 2309 2407 laetitiae
2330 2371 2442 2419 signis
2460 2373 2523 2409 vel

1470 2422 1677 2459 effectibus.
1707 2423 1756 2459 Et
1782 2430 1910 2459 tamen
1939 2423 2068 2460 omnia
2085 2423 2156 2460 ista
2175 2423 2332 2460 nomina
2350 2424 2527 2461 videntur

1468 2475 1654 2523 pertinere
1683 2475 1731 2512 ad
1759 2474 1958 2522 gaudium:
1988 2488 2066 2512 non
2095 2476 2197 2513 enim
2224 2476 2365 2513 utimur
2385 2477 2436 2513 eis
2455 2477 2526 2514 nisi

1468 2528 1506 2566 in
1534 2527 1674 2565 naturis
1703 2528 1945 2564 rationalibus
1972 2527 2004 2564 ²³².

1525 2651 1551 2686 β)
1570 2656 1609 2677 est
1627 2653 1653 2677 in
1667 2653 1738 2684 plus.
1755 2666 1774 2671 --
1791 2656 1830 2677 est
1847 2653 1872 2677 in
1891 2652 1932 2677 his
1947 2653 2008 2684 plus
2027 2652 2056 2678 Ρ.

1134 2806 1451 2848 ARTICULUS
1482 2805 1751 2872 QUARTUS

847 2899 1002 2929 UTRUM
1025 2898 1304 2930 DELECTATIO
1328 2899 1395 2930 srr
1418 2899 1461 2929 IN
1484 2898 1699 2929 APPETITU
1723 2895 2041 2927 1NTELLECT1vo

777 2976 850 3006 Infra,
869 2984 915 3009 qu.
932 2984 1003 3007 mv,
1022 2982 1068 3001 art.
1084 2985 1110 3008 1;
1129 2977 1139 3001 1
1158 2977 1240 3006 Sene„
1261 2977 1320 3002 dist.
1338 2985 1395 3008 va,
1415 2982 1461 3002 art.
1480 2985 1506 3007 1;
1526 2977 1567 3005 IV,
1587 2976 1646 3001 dist.
1665 2983 1730 3006 mx,
1750 2983 1795 3007 qu.
1814 2982 1850 3005 m,
1870 2980 1916 2999 art.
1936 2982 1955 3003 1,
1975 2975 2022 3006 qu·
2041 2981 2061 3003 ι,
2083 2981 2106 2998 2.

387 3076 402 3125 lx
448 3080 452 3085 ·
475 3081 546 3134 ἵξῃ,
568 3077 591 3102 n
611 3076 783 3107 QUARTUM
802 3076 854 3102 stc
873 3076 1110 3102 pnoeemwa.
1135 3065 1292 3102 Videtur
1311 3065 1416 3114 quod

393 3108 489 3172 &A
510 3122 545 3175 3⁴
571 3117 767 3154 delectatio
787 3130 867 3155 non
894 3117 940 3155 sit
965 3117 1004 3154 in
1029 3117 1197 3167 appetitu
1225 3117 1416 3154 intellecti-

378 3172 381 3174 ’
410 3169 413 3172 ’
520 3160 541 3207 ᾖ
569 3182 634 3207 νο.
654 3170 754 3207 Dicit
782 3170 883 3207 enim
911 3170 1177 3220 Philosophus,
1207 3170 1246 3207 in
1274 3171 1288 3207 I
1317 3172 1416 3208 Rhe-

512 3213 675 3260 ‘toria
685 3222 718 3270 ²²,
733 3222 838 3272 quod
851 3222 1040 3260 delectatio
1056 3229 1109 3260 est
1125 3229 1246 3260 motus
1261 3223 1414 3271 quidam

359 3276 549 3313 sensibilis.
571 3275 648 3313 Sed
675 3282 801 3312 motus
828 3276 1011 3313 sensibilis
1039 3282 1057 3298 α
1075 3288 1155 3314 non
1179 3283 1234 3312 est
1252 3275 1290 3312 in
1309 3283 1416 3324 parte

360 3328 596 3366 intellectiva.
617 3329 718 3376 Ergo
747 3328 942 3366 delectatio
970 3341 1049 3366 non
1077 3336 1132 3366 est
1163 3328 1202 3364 in
1228 3335 1334 3376 parte
1362 3328 1416 3364 in-

360 3381 557 3419 tellectiva.

415 3446 450 3471 2.
480 3435 722 3481 PRAETEREA,
751 3433 946 3472 delectatio
977 3442 1032 3471 est
1057 3434 1183 3483 passio
1214 3433 1418 3482 quaedam.

414 3556 441 3591 α)
462 3557 516 3582 Sed
534 3560 621 3581 motus
639 3556 774 3581 sensibilis.
792 3569 811 3575 -
829 3556 890 3582 Om.
909 3557 958 3589 pD,
977 3557 1036 3582 Hoc
1053 3560 1141 3582 autem
1161 3556 1189 3587 E,
1211 3555 1263 3586 Qui
1283 3556 1327 3580 Pa.

502 3610 610 3634 Summa
628 3609 729 3633 Tuam..
748 3608 779 3632 D.
793 3608 906 3633 Tuom
920 3608 951 3632 T.
971 3608 1009 3633 111.

1471 3065 1548 3101 Sed
1576 3063 1701 3099 omnis
1719 3062 1845 3111 passio
1866 3068 1921 3098 est
1948 3061 1985 3098 in
2014 3061 2181 3110 appetitu
2201 3061 2392 3099 sensitiva
2422 3063 2523 3111 Ergo

1472 3115 1669 3153 delectatio
1697 3127 1775 3152 non
1803 3121 1858 3150 est
1884 3113 1954 3150 nisi
1980 3113 2018 3150 in
2046 3114 2214 3163 appetitu
2241 3114 2434 3151 sensitivo.

1527 3169 1560 3205 3.
1589 3168 1826 3214 PRAETEREA,
1856 3165 2062 3203 ‘delectatio
2086 3174 2142 3204 est
2173 3166 2387 3204 communis
2414 3167 2524 3204 nobis

1472 3229 1508 3258 et
1535 3220 1664 3257 brutis.
1694 3220 1795 3267 Ergo
1823 3231 1902 3255 non
1931 3226 1986 3255 est
2012 3219 2082 3256 nisi
2105 3220 2143 3256 in
2162 3227 2267 3268 parte
2291 3232 2389 3268 quae
2414 3220 2524 3257 nobis

1472 3281 1508 3310 et
1534 3272 1651 3310 brutis
1680 3271 1895 3308 communis
1923 3278 1989 3308 est.

1525 3327 1598 3362 SED
1618 3336 1763 3361 CONTRA
1781 3335 1846 3360 EST
1865 3323 1970 3371 quod
1988 3324 2027 3360 in
2045 3324 2199 3361 Psalmo
2218 3336 2325 3361 xxxvi
2339 3324 2359 3346 *
2373 3323 2522 3361 dicitur:

1413 3402 1415 3409 ι
1472 3378 1667 3415 Delectare
1694 3377 1730 3413 in
1758 3376 1935 3419 Domino.
1957 3376 2034 3413 Sed
2062 3376 2110 3414 ad
2143 3378 2269 3414 Deum
2297 3389 2374 3414 non
2401 3383 2527 3425 potest

1474 3430 1621 3468 extendi
1649 3429 1834 3479 appetitus
1863 3429 2073 3476 sensitivus,
2102 3429 2170 3466 sed
2193 3430 2316 3467 solum
2336 3429 2527 3467 intellecti-

2351 3603 2383 3627 28

2551 1597 2561 1608 ⁸
2570 1597 2680 1645 Qpatxx,
2691 1600 2733 1619 art.
2740 1604 2761 1627 3,

2555 2491 2624 2513 ‘Vide
2631 2491 2763 2514 Commeat.

2554 2518 2625 2539 Caici.
2641 2522 2702 2545 post.
2721 2522 2762 2540 art.

2553 2550 2567 2571 ι,
2582 2550 2646 2566 num.
2661 2549 2692 2566 m.

2552 3338 2562 3348 ⁸
2576 3335 2643 3359 Vei-s.
2659 3343 2683 3363 4.
