2846 4146
152 474 163 484 ⁶
177 474 228 495 Art.
243 473 347 501 praeced.

153 1266 161 1274 ·
173 1264 220 1291 Qu.
230 1270 281 1290 μιν,
293 1266 333 1284 art.
344 1268 359 1284 ι.

146 1738 158 1748 ’“
174 1737 230 1765 Cap.
246 1743 277 1760 ιν.

386 231 464 276 430

390 322 525 347 omnes
557 309 712 346 virtutes
748 309 859 345 unius
895 308 1059 344 hominis
1093 314 1215 344 essent
1252 306 1440 354 aequales.

390 363 491 410 Ergo
508 374 642 399 omnes
656 361 812 398 virtutes
831 361 942 398 unius
962 360 1129 397 hominis
1148 367 1233 396 sunt
1252 358 1439 406 aequales.

444 417 667 452 RESPONDEO
692 426 873 451 DtCENDUM
902 413 1006 462 quod
1034 412 1219 460 quantitas
1246 410 1440 456 virtutum,

390 469 485 505 sicut
513 480 557 504 ex
585 467 690 504 dictis
709 467 729 488 ³¹⁴
755 474 877 515 patet,
911 472 1035 514 potest
1067 464 1206 501 attendi
1236 462 1439 510 dupliciter.

389 522 475 558 Uno
504 520 644 566 modo,
674 520 883 556 secundum
913 518 1095 554 rationem
1125 515 1274 565 speciei.
1309 516 1357 551 Et
1389 514 1442 551 sic

389 586 467 610 non
483 581 538 610 est
557 573 714 609 dubium
730 573 834 621 quod
852 583 929 607 una
946 570 1063 606 virtus
1083 569 1193 605 unius
1212 567 1377 603 hominis
1398 567 1443 603 sit

390 626 512 663 maior
540 637 655 674 quam
681 625 762 671 alia,
785 624 878 660 sicut
899 623 1028 659 caritas
1047 622 1124 658 fide
1149 628 1185 657 et
1213 632 1291 668 spe.
1312 640 1336 647 -
1355 619 1440 656 Alio

390 679 508 716 modo
545 685 668 727 potest
701 677 840 713 attendi
874 675 1082 712 secundum
1116 672 1440 722 participationem

390 731 556 778 subiecti,
576 737 688 779 prout
707 729 844 766 scilicet
871 727 1074 764 intenditur
1097 727 1159 763 vel
1179 725 1376 762 remittitur
1403 725 1440 762 in

390 785 570 821 subiecto.
597 784 645 818 Et
664 782 873 818 secundum
894 782 979 826 hoc,
1001 791 1136 815 omnes
1155 779 1312 816 virtutes
1332 778 1442 815 unius

389 836 552 874 hominis
581 842 666 871 sunt
698 835 873 882 aequales
911 832 1076 880 quadam
1105 832 1327 879 aequalitate
1355 844 1442 879 pro-

388 888 586 939 portioniS,
615 887 838 935 inquantum
872 885 1077 934 aequaliter
1111 891 1282 921 crescunt
1308 884 1347 920 in
1373 885 1441 922 ho—

389 943 510 979 mine:
540 940 634 976 sicut
662 939 763 987 digiti
792 950 927 975 manus
956 946 1043 974 sunt
1069 938 1286 986 inaequales
1308 949 1440 975 secun-

388 995 479 1032 dum
513 992 775 1041 quantitatem,
807 991 873 1028 sed
906 999 992 1027 sunt
1026 991 1201 1039 aequales
1230 990 1439 1027 secundum

387 1045 685 1096 proportionem,
715 1057 803 1081 cum
831 1043 1160 1093 proportionaliter
1188 1050 1404 1091 augeantur.

441 1097 669 1135 Huiusmodi
701 1106 828 1134 autem
866 1096 1098 1146 aequalitatis
1127 1104 1275 1144 oportet
1303 1097 1437 1133 eodem

386 1152 503 1188 modo
540 1151 725 1187 rationem
760 1149 952 1198 accipere,
982 1150 1076 1186 sicut
1109 1156 1145 1185 et
1173 1148 1438 1186 connexionis:

387 1204 591 1253 aequalitas
612 1203 711 1240 enirn
733 1210 787 1239 est
806 1202 994 1251 quaedam
1016 1201 1201 1238 connexio
1220 1202 1402 1244 virtutum
1423 1208 1440 1224 ‘²

386 1257 596 1294 secundum
618 1256 875 1304 quantitatem.
896 1255 1049 1292 Dictum
1071 1263 1126 1291 est
1149 1263 1276 1291 autem
1297 1255 1441 1304 supra*

386 1310 491 1359 quod
519 1310 611 1346 ratio
641 1309 884 1346 connexionis
911 1309 1092 1345 virtutum
1126 1307 1323 1357 dupliciter
1351 1308 1440 1345 assi-

385 1363 489 1411 gnari
516 1370 651 1411 potest.
681 1363 767 1399 Uno
797 1362 936 1408 modo,
967 1361 1178 1398 secundum
1210 1361 1440 1398 intellectum

386 1428 519 1452 eorum
553 1416 616 1464 qui
645 1415 850 1463 intelligunt
877 1426 946 1462 per
972 1415 1041 1451 has
1069 1422 1231 1463 quatuor
1261 1414 1438 1462 virtutes,

385 1475 546 1517 quatuor
574 1468 809 1505 conditiones
837 1468 1029 1515 generales
1056 1467 1248 1514 virtutum,
1278 1479 1438 1515 quarum

383 1533 460 1558 una
479 1522 590 1558 simul
614 1521 803 1558 invenitur
822 1532 908 1557 cum
930 1520 1008 1557 aliis
1027 1520 1064 1556 in
1086 1520 1251 1569 qualibet
1270 1521 1437 1558 materia.

385 1575 434 1611 Et
461 1574 513 1610 sic
532 1572 552 1622 β,
573 1574 691 1612 virtus
719 1575 757 1612 in
783 1573 946 1623 qualibet
965 1573 1122 1610 materia
1140 1586 1218 1610 non
1237 1581 1361 1622 potest
1379 1586 1440 1611 ae-

386 1627 504 1674 qualis
533 1626 622 1674 dici,
651 1627 720 1664 nisi
756 1627 895 1664 habeat
927 1638 1060 1663 omnes
1091 1626 1178 1663 istas
1207 1626 1440 1664 conditiones

386 1680 573 1728 aequales.
603 1681 651 1716 Et
677 1680 776 1716 hanc
804 1679 988 1716 rationem
1007 1680 1238 1728 aequalitatis
1256 1679 1438 1717 virtutum

386 1732 548 1780 assignat
574 1733 816 1780 Augustinus,
843 1732 882 1769 in
899 1732 951 1769 VI
972 1733 1017 1769 de
1039 1733 1075 1768 T
1070 1733 1140 1769 rin.
1161 1732 1191 1779 ²¹³,
1222 1732 1370 1769 dicens:
1400 1734 1443 1769 Si

385 1785 524 1821 dixeris
558 1786 731 1833 aequales
759 1797 836 1822 esse
864 1785 949 1821 istos
976 1785 1215 1832 fortitudine,
1244 1786 1310 1822 sed
1335 1785 1438 1822 illum

379 1843 576 1886 praestare
588 1838 808 1886 prudentias
826 1837 991 1886 sequitur
1009 1839 1110 1886 quod
1130 1838 1239 1874 huius
1251 1838 1438 1886 fortitudo

384 1890 508 1926 minus
519 1891 687 1938 prudens
705 1891 760 1928 sit.
789 1891 847 1927 Ac
859 1902 932 1938 per
949 1891 1031 1936 hoc,
1053 1903 1120 1928 nec
1132 1891 1359 1939 fortitudine
1377 1903 1439 1927 ae—

384 1942 511 1990 quales
536 1949 622 1980 sunt
639 1949 666 1990 Υ,
695 1944 844 1992 quando
873 1949 926 1980 est
952 1943 1049 1980 illius
1063 1944 1253 1992 fortitudo
1277 1944 1439 1992 pruden-

384 1996 465 2032 tior.
494 1996 616 2044 Atque
643 1997 693 2032 ita
728 1997 773 2033 de
804 1997 933 2033 ceteris
959 1997 1155 2033 virtutihus
1191 1997 1374 2043 invenies,
1408 1997 1442 2033 si

384 2060 516 2086 omnes,
538 2049 667 2086 eadem
696 2049 990 2086 consideratione
1010 2061 1227 2098 percurras.

438 2190 464 2222 α)
485 2191 622 2216 virtutum.
636 2204 654 2209 -
672 2191 779 2215 virtutis
798 2191 830 2214 H.

435 2225 460 2259 β)
479 2227 524 2251 sic.
543 2240 560 2245 —
579 2226 701 2251 similiter
718 2225 958 2254 ABCDEGHKLa;
978 2225 1013 2249 Et
1032 2225 1085 2250 sic.
1097 2244 1103 2250 .
1116 2244 1122 2251 .
1142 2225 1256 2249 materia
1274 2232 1327 2250 orn.
1348 2224 1404 2248 th

1065 230 1327 276 QUAESTIO
1358 230 1493 275 LXVI,
1523 229 1817 266 ARTICULUS
1847 230 1877 265 11

1549 307 1634 343 Alio
1655 307 1773 344 modo
1794 307 1980 355 assignata
2000 308 2087 345 est*
2107 308 2200 345 ratio
2222 307 2464 346 connexionis
2478 308 2552 345 vir-

1496 366 1617 395 tutum
1651 359 1862 395 secundum
1901 371 1967 396 eos
2001 361 2065 408 qui
2093 361 2297 409 intelligunt
2332 357 2552 398 huiusmodi

1495 411 1651 447 virtutes
1678 412 1818 448 habere
1847 412 2023 449 materias
2043 413 2321 450 determinatas.
2351 415 2399 450 Et
2419 425 2551 450 secun-

1497 463 1589 499 dum
1617 464 1711 510 hoc,
1742 463 1836 500 ratio
1867 465 2111 502 connexionis
2137 467 2319 503 virtutum
2347 465 2548 503 moralium

1497 515 1677 564 accipitur
1705 528 1749 552 ex
1777 523 1883 564 parte
1917 517 2158 566 prudentiae,
2189 527 2225 556 et
2253 531 2297 555 ex
2324 525 2430 567 parte
2460 517 2551 554 cari-

1495 568 1578 604 tatis
1606 576 1790 615 quantum
1820 569 1869 605 ad
1895 569 2052 606 virtutes
2070 570 2231 608 infusas:
2261 583 2338 608 non
2358 577 2485 607 autem
2505 582 2550 606 ex

1495 628 1600 669 parte
1628 621 1887 667 inclinationis,
1917 634 2014 670 quae
2043 630 2098 659 est
2125 636 2170 660 ex
2197 631 2303 672 parte
2321 622 2490 670 subiecti,
2510 630 2552 659 ut

1496 685 1609 721 supra
1626 673 1646 695 ’¹‘
1675 674 1816 710 dictum
1847 681 1912 710 est.
1943 675 2006 711 Sic
2022 675 2131 722 igitur
2150 684 2186 712 et
2204 676 2296 713 ratio
2317 675 2550 724 aequalitatis

1494 726 1676 763 virtutum
1697 733 1822 775 potest
1840 727 1959 775 accipi
1978 739 2022 763 ex
2041 736 2147 775 parte
2175 728 2407 777 prudentiae,
2433 739 2550 776 quan-

1495 787 1576 816 tum
1605 779 1653 816 ad
1672 779 1711 816 id
1730 779 1833 827 quod
1850 787 1905 815 est
1922 780 2078 816 formale
2098 780 2136 817 in
2157 781 2338 818 omnibus
2350 780 2550 818 virtutibus

1495 832 1724 869 moralibus:
1755 831 1933 869 existente
1962 832 2063 869 enim
2083 833 2226 870 ratione
2245 834 2448 883 aequaliter
2466 845 2550 882 per-

1495 886 1591 922 fecta
1619 885 1656 922 in
1685 897 1762 921 uno
1793 892 1828 921 et
1857 886 2005 932 eodem,
2036 893 2185 933 oportet
2211 887 2314 935 quod
2337 886 2550 935 proportio·

1495 938 1628 975 naliter
1655 938 1865 974 secundum
1895 938 2080 975 rationem
2110 945 2252 975 rectam
2271 939 2441 976 medium
2462 951 2550 976 con-

1495 991 1667 1028 stituatur
1694 991 1732 1027 in
1760 990 1924 1039 qualibet
1951 991 2108 1027 materia
2134 991 2328 1028 virtutum.

1549 1044 1744 1090 Quantum
1772 1055 1864 1080 vero
1885 1043 1933 1080 ad
1953 1043 1990 1080 id
2011 1043 2114 1092 quod
2135 1051 2190 1080 est
2208 1044 2399 1080 materiale
2419 1044 2457 1081 in
2475 1044 2549 1086 vin-

1494 1096 1634 1133 tutibus
1663 1095 1890 1142 moralibus,
1920 1095 2059 1132 scilicet
2086 1096 2364 1133 inclinationem
2387 1094 2401 1118 ὅ
2428 1096 2550 1145 ipsam

1495 1149 1543 1186 ad
1563 1156 1688 1185 actum
1707 1148 1871 1194 virtutis;
1901 1155 2025 1197 potest
2052 1161 2134 1185 esse
2162 1161 2259 1186 unus
2286 1149 2406 1186 homo
2429 1149 2549 1196 magis

1493 1209 1693 1250 promptus
1712 1201 1761 1238 ad
1780 1209 1907 1238 actum
1926 1201 2038 1238 unius
2056 1201 2200 1238 virtutis
2220 1213 2335 1250 quam
2355 1201 2404 1238 ad
2423 1207 2550 1238 actum

1494 1254 1654 1301 alterius,
1683 1255 1745 1291 vel
1775 1266 1819 1290 ex
1847 1262 1991 1301 natura,
2021 1255 2083 1291 vel
2110 1266 2156 1291 ex
2184 1254 2468 1301 consuetudine,
2487 1255 2550 1291 vel

1495 1307 1607 1344 etiam
1636 1319 1680 1343 ex
1708 1307 1847 1355 gratiae
1877 1308 1991 1344 dono.
2041 1324 2043 1326 ¹

1546 1362 1604 1397 AD
1633 1371 1769 1397 1>R1MUM
1797 1371 1895 1397 ERGO
1923 1371 2106 1397 DICENDUM
2134 1360 2239 1408 quod
2258 1360 2422 1397 verbum
2445 1360 2550 1408 Apo-

1494 1413 1577 1450 stoli
1604 1420 1729 1461 potest
1756 1412 1906 1460 intelligi
1935 1413 1983 1449 de
2007 1412 2116 1449 donis
2135 1412 2274 1460 gratiae
2293 1412 2405 1460 gratis
2425 1413 2547 1457 datae,

1494 1478 1592 1514 quae
1621 1478 1699 1502 non
1727 1473 1814 1502 sunt
1842 1465 2062 1502 communia
2093 1465 2289 1512 omnibus,
2319 1477 2389 1502 nec
2417 1465 2549 1501 omnia

1494 1519 1666 1567 aequalia
1693 1518 1730 1554 in
1749 1530 1827 1555 uno
1849 1525 1884 1554 et
1904 1518 2053 1555 eodem.
2075 1539 2098 1545 -
2118 1518 2189 1555 Vel
2208 1525 2333 1566 potest
2351 1517 2423 1555 dici
2444 1518 2550 1566 quod

1494 1572 1651 1609 refertur
1679 1571 1727 1608 ad
1755 1583 1974 1608 mensuram
2011 1570 2149 1618 gratiae
2178 1577 2325 1618 gratum
2359 1569 2547 1613 facientis;

1493 1625 1703 1662 secundum
1732 1636 1849 1672 quam
1867 1636 1967 1660 unus
1987 1623 2155 1660 abundat
2178 1623 2216 1659 in
2236 1622 2414 1659 omnibus
2432 1623 2549 1659 virtu-

1493 1678 1591 1715 tibus
1618 1679 1703 1726 plus
1731 1689 1846 1725 quam
1881 1676 1990 1722 alius,
2019 1683 2174 1724 propter
2210 1675 2397 1712 maiorem
2430 1675 2549 1712 abun-

1494 1730 1660 1768 dantiam
1689 1728 1929 1778 prudentiae,
1958 1728 2019 1764 vel
2049 1727 2162 1764 etiam
2197 1727 2378 1775 caritatis,
2407 1727 2446 1764 in
2474 1740 2549 1777 qua

1494 1789 1769 1821 connectuntur
1797 1793 1931 1818 omnes
1959 1781 2113 1817 virtutes
2141 1780 2299 1817 infusae.

1546 1838 1604 1873 AD
1633 1834 1821 1873 sECUNDUM
1849 1845 2032 1871 DICENDUM
2056 1833 2160 1882 quod
2183 1845 2282 1870 unus
2301 1839 2452 1870 sanctus
2469 1833 2548 1870 lau-

1494 1890 1602 1926 datur
1628 1888 1830 1938 praecipue
1860 1888 1906 1924 de
1933 1899 2010 1923 una
2037 1886 2185 1934 virtute,
2207 1893 2243 1923 et
2266 1885 2359 1923 alius
2388 1885 2435 1923 de
2463 1885 2549 1932 alia,

1491 1949 1647 1991 propter
1666 1939 1970 1977 excellentiorem
1993 1939 2334 1988 promptitudinem
2353 1939 2402 1976 ad
2421 1945 2547 1976 actum

1491 1994 1604 2032 unius
1630 1993 1788 2040 virtutis,
1818 2004 1933 2041 quam
1963 1992 2012 2028 ad
2040 1999 2166 2028 actum
2195 1992 2357 2028 alterius.

1545 2049 1593 2084 Et
1620 2059 1688 2096 per
1715 2047 1789 2082 hoc
1818 2045 1931 2082 etiam
1959 2051 2063 2094 patet
2091 2044 2289 2094 responsio
2314 2044 2362 2081 ad
2382 2043 2548 2081 tertium.

1543 2188 1569 2220 γ)
1588 2191 1659 2213 sunt.
1673 2201 1692 2206 -
1710 2186 1764 2211 sint
1782 2187 1828 2215 Pa,
1848 2194 1900 2210 om.
1920 2187 1953 2210 H.

1542 2222 1567 2254 ὃ)
1588 2222 1792 2248 inclinationem.
1806 2235 1824 2240 —
1843 2224 1969 2254 quantum
1989 2222 2025 2246 ad
2045 2221 2239 2246 inclinationem
2258 2221 2310 2247 EF.

1051 2312 1380 2344 Commentario,
1402 2310 1651 2343 Cardinahs
1672 2309 1872 2342 Caietam

411 2412 431 2432 N
459 2402 551 2432 titulo
583 2401 702 2432 articuli
730 2400 858 2430 secundi
886 2399 1078 2440 quaestionis
1107 2399 1435 2438 sexagesimaesextae‚

384 2414 490 2476 Iscito
514 2445 642 2476 titulum
664 2444 755 2484 loqui
778 2444 815 2474 de
838 2443 1005 2474 virtutibus
1029 2443 1108 2473 sicut
1131 2443 1164 2473 in
1185 2442 1380 2482 praecedenti
1400 2441 1435 2472 ti-

382 2490 461 2526 tulo,
487 2489 602 2519 scilicet
625 2489 663 2518 de
685 2488 852 2518 virtutibus
868 2487 1059 2527 simpliciter,
1076 2493 1112 2517 ut
1127 2493 1211 2526 patet
1226 2486 1258 2516 in
1275 2495 1434 2525 processu.

440 2534 475 2563 In
499 2542 630 2572 corpore
654 2532 795 2562 eiusdem
818 2531 948 2566 articuli,
973 2531 1033 2560 hoc
1052 2530 1193 2570 primum
1212 2530 1435 2560 declarandum

382 2577 515 2608 occurrit
538 2576 679 2612 novitiis,
704 2575 792 2616 quod
814 2574 893 2605 ratio
918 2573 1111 2614 aequalitatis
1140 2583 1237 2614 quam
1261 2583 1297 2603 ex
1327 2575 1435 2615 Augu-

382 2621 463 2652 stino
486 2620 586 2651 littera
604 2626 722 2656 tractat,
740 2618 880 2650 consistit
902 2618 935 2648 in
958 2618 1030 2649 hoc.
1055 2617 1086 2648 Si
1105 2617 1234 2648 virtutes
1253 2627 1317 2647 non
1334 2623 1437 2647 essent

381 2665 535 2705 aequales,
560 2670 719 2704 oporteret
741 2663 829 2703 quod
853 2662 957 2703 aliqua
975 2661 1102 2692 haberet
1119 2661 1192 2691 istas
1208 2667 1345 2701 quatuor
1362 2670 1435 2691 con-

381 2709 516 2739 ditiones
538 2707 736 2748 inaequales:
761 2717 834 2737 nam
850 2707 889 2736 ad
905 2706 1123 2746 aequalitatem
1140 2705 1309 2745 requiritur
1322 2714 1436 2745 aequa-

380 2753 449 2783 litas
479 2752 639 2787 omnium,
664 2751 744 2781 sicut
771 2751 811 2780 ad
839 2750 1068 2780 connexionem
1096 2749 1238 2780 simultas
1269 2748 1434 2784 omnium;

381 2797 455 2837 quia
478 2795 647 2838 aequalitas
671 2802 717 2825 est
739 2795 895 2835 quaedam
919 2794 1073 2824 connexio
1092 2793 1244 2823 virtutum
1261 2793 1436 2823 secundum

380 2840 596 2881 quantitatem,
621 2846 657 2870 ut
679 2845 773 2880 patet.
798 2838 859 2869 Sed
883 2847 948 2868 non
971 2844 1075 2878 potest
1097 2836 1164 2867 fieri
1188 2843 1223 2867 ut
1245 2846 1309 2867 una
1337 2836 1435 2866 virtus

380 2884 486 2914 minus
508 2884 620 2914 habeat
643 2884 681 2913 de
704 2893 768 2912 una
790 2882 921 2913 istarum
938 2888 1075 2922 quatuor
1093 2881 1323 2916 conditionum,
1338 2890 1436 2921 quam

380 2929 418 2958 de
442 2928 519 2959 aliis.
544 2928 639 2967 Ergo.
663 2927 818 2957 Probatur
833 2926 948 2962 minor,
965 2925 1116 2966 ponendo
1137 2925 1218 2955 duos
1240 2924 1273 2955 in
1297 2934 1435 2965 quorum

1490 2396 1600 2427 maior.
1620 2414 1641 2420 -
1656 2399 1797 2436 Apparet
1811 2396 1899 2436 quod
1923 2396 2017 2426 etiam
2030 2396 2063 2426 in
2080 2406 2145 2426 uno
2169 2403 2199 2426 et
2222 2396 2335 2426 eodem
2358 2402 2483 2435 oportet
2498 2406 2548 2426 ae-

1490 2441 1598 2481 quales
1622 2450 1688 2471 esse
1715 2440 1770 2470 has
1801 2446 1938 2480 quatuor
1966 2439 2163 2471 conditiones
2190 2439 2223 2469 in
2251 2439 2390 2480 qualibet
2417 2439 2547 2470 materia

1490 2485 1694 2515 cardinalium
1710 2484 1881 2514 virtutum:
1905 2484 1990 2514 idem
2013 2491 2059 2514 est
2082 2484 2167 2514 enim
2189 2483 2344 2514 iudicium
2365 2483 2399 2513 in
2422 2493 2488 2514 uno
2516 2490 2548 2514 et

1490 2529 1612 2564 eodem,
1638 2535 1667 2558 et
1690 2528 1722 2557 in
1746 2528 1882 2558 duobus.

1544 2572 1581 2602 II.
1602 2571 1835 2602 Declarandum
1850 2577 1896 2601 est
1915 2571 2054 2601 secundo
2071 2571 2168 2611 quod,
2189 2570 2264 2611 quia
2277 2570 2416 2606 virtutes,
2434 2579 2546 2601 secun-

1489 2615 1567 2646 dum
1586 2615 1803 2646 inclinationes
1819 2615 1858 2645 ad
1873 2614 2019 2655 proprios
2035 2621 2134 2651 actus,
2150 2624 2216 2645 non
2233 2620 2307 2644 sunt
2323 2614 2469 2655 aequales
2488 2623 2546 2645 nec

1488 2659 1692 2700 quantitative
1716 2669 1773 2689 nec
1796 2658 2082 2699 proportionaliter,
2100 2664 2136 2688 ut
2150 2658 2183 2688 in
2201 2658 2303 2688 littera
2318 2657 2448 2700 dicitur;
2472 2657 2547 2688 ideo

1488 2704 1520 2734 in
1544 2703 1749 2743 responsione
1766 2704 1805 2733 ad
1829 2703 2005 2733 secundum
2028 2702 2155 2733 dicitur:
2184 2702 2274 2732 Unus
2297 2707 2327 2732 et
2349 2701 2430 2732 idem
2453 2702 2546 2732 homo

1482 2748 1665 2788 promptior
1687 2752 1733 2778 est
1760 2747 1803 2777 ad
1832 2752 1938 2777 actum
1962 2747 2059 2777 unius
2085 2747 2230 2784 virtutis,
2254 2755 2349 2786 quam
2373 2745 2416 2776 ad
2437 2750 2544 2776 actum

1488 2792 1631 2822 alterius.
1656 2791 1697 2822 Et
1713 2791 1752 2820 ad
1768 2791 1852 2821 hunc
1872 2800 2000 2821 sensum
2015 2790 2194 2821 reducenda
2207 2789 2354 2820 videntur
2376 2788 2458 2820 dicta
2473 2788 2546 2821 alibi

1488 2836 1526 2865 ab
1540 2838 1687 2866 Auctore.
1709 2836 1753 2865 Ita
1768 2835 1856 2876 quod
1871 2844 1937 2865 non
1953 2834 2056 2864 dicam
2067 2834 2197 2865 virtutes
2211 2834 2356 2874 aequales
2371 2833 2547 2864 secundum

1488 2879 1641 2915 habitum,
1659 2886 1688 2909 et
1703 2889 1768 2909 non
1785 2879 1961 2909 secundum
1977 2885 2099 2914 actum;
2124 2885 2159 2909 ut
2181 2878 2215 2908 in
2236 2887 2328 2908 xxxw
2346 2876 2546 2909 distinctione

1488 2923 1586 2954 Tertii
1605 2922 1630 2959 *,
1656 2923 1716 2953 hoc
1741 2923 1876 2953 dicentes
1891 2922 1925 2941 **
1944 2922 2032 2963 sequi
2055 2922 2179 2953 videtur
2201 2923 2331 2952 Auctor.
2357 2920 2418 2952 Sed
2442 2920 2544 2952 dicam

2579 316 2588 326 '¹
2599 315 2648 343 Qu.
2657 321 2710 342 nv,
2721 318 2762 337 art.
2773 321 2790 343 t,

2577 347 2599 364 2.

2576 683 2586 694 ³
2599 682 2658 704 Ibid.
2671 686 2712 705 nrt.
2728 689 2745 705 1.

2571 2927 2786 2957 'Art-find&-

1488 2968 1576 3008 quod
1599 2967 1728 2997 virtutes
1751 2967 1928 2997 secundum
1946 2965 2078 2997 formale
2096 2966 2129 2996 in
2147 2965 2267 3002 habitu,
2285 2971 2358 2996 sunt
2380 2964 2543 3006 aequalem
2570 2952 2611 3018 ἐξ,
2624 2953 2783 3010 &gf-2⁸¹⁹

1489 3011 1664 3042 secundum
1680 3021 1754 3041 vero
1771 3011 1938 3047 materiale,
1955 3017 2029 3040 sunt
2042 3010 2232 3050 inaequales.
2252 3009 2351 3046 Quod
2366 3014 2413 3039 est
2427 3008 2544 3040 dicere:
2570 2995 2652 3054 „fidef-
2676 3006 2784 3034 Magium

1489 3055 1623 3086 Habitus
1646 3055 1815 3091 virtutum,
1839 3062 1875 3086 ut
1897 3053 2063 3094 perficiunt
2090 3053 2236 3084 subiecta·
2254 3060 2290 3084 ut
2319 3059 2408 3084 mota
2430 3062 2449 3083 a
2471 3062 2545 3093 pru·
2620 3048 2627 3054 “

1489 3099 1593 3130 dentia
1615 3099 1664 3129 vel
1688 3099 1822 3136 caritate,
1847 3105 1920 3130 sunt
1943 3098 2088 3139 aequales
2104 3096 2396 3138 proportionaliter;
2420 3102 2456 3128 ut
2469 3106 2544 3127 vero

1489 3142 1654 3184 perficiunt
1678 3144 1788 3174 eadem
1815 3150 1851 3174 ut
1878 3142 2037 3173 tendentia
2061 3142 2094 3172 in
2118 3141 2260 3182 proprias
2283 3140 2448 3177 materias,
2472 3146 2546 3171 sunt

1489 3188 1678 3228 inaequales.

380 2982 446 3002 uno
470 2972 508 3002 sit
531 2971 683 3002 fortitudo
708 2970 813 3000 minus
836 2970 954 3000 habens
979 2969 1016 3000 de
1041 2968 1222 2999 conditione
1241 2967 1434 3008 prudentiae,

381 3023 410 3046 et
432 3015 465 3045 in
488 3015 584 3046 altero
609 3014 761 3046 fortitudo
785 3013 884 3053 magis
912 3013 1029 3044 habens
1059 3012 1259 3053 prudentiae;
1285 3018 1315 3042 et
1338 3012 1435 3042 dedu-

381 3059 480 3089 cendo
501 3059 539 3089 ad
563 3058 795 3094 inconveniens,
813 3058 901 3098 quod
918 3057 1059 3088 similiter
1075 3063 1149 3087 sunt
1163 3056 1308 3096 aequales
1324 3055 1357 3086 in
1373 3055 1436 3086 for-

379 3103 523 3139 titudine,
535 3110 564 3133 et
579 3103 757 3143 inaequales
769 3102 802 3132 in
814 3101 1008 3132 fortitudine.
1025 3101 1066 3131 Et
1080 3107 1165 3141 patet
1179 3100 1315 3140 sequela,
1329 3099 1436 3142 quoad

333 3165 336 3169 ›
379 3147 516 3186 primam
538 3153 669 3186 partem,
695 3156 730 3176 ex
756 3146 945 3176 adversario:
970 3145 1077 3186 quoad
1094 3145 1274 3181 secundam,
1299 3154 1336 3174 ex
1357 3143 1436 3174 veri-

378 3197 457 3227 tate,
487 3191 562 3231 quia
589 3190 714 3220 alterius
741 3190 894 3220 fortitudo
923 3196 969 3220 est
997 3188 1199 3228 prudentior,
1229 3198 1263 3219 ac
1292 3197 1347 3228 per
1375 3187 1436 3217 hoc
