2852 4152
17 927 21 933 f
72 900 86 922 7

73 869 82 878 ‘
97 867 135 890 cf.
149 873 188 895 qu.
203 873 225 894 v,
236 856 283 888 ,am

73 1041 120 1064 'Ch
126 1017 188 1071 φιτ,
196 1041 285 1064 Introd.

177 1069 192 1103 β

170 1179 187 1205 Υ

75 1288 84 1299 ·
98 1287 131 1310 n·
140 1287 183 1310 11..
197 1287 284 1310 Partis.

75 2183 86 2193 ·
100 2181 149 2210 Qu.
162 2187 229 2204 xvm.

25 2796 36 2822 ·-
78 2793 293 2844 mae-m

78 2847 196 2896 adamus.
217 2852 291 2874 xxxn,

78 2874 293 2926 fimarfhiss

0 2876 1 2897 i

33 2985 37 2990 ,.
78 2925 293 2979 iffiafffflsffff:

1030 229 1293 276 QUAESTlo
1322 231 1389 276 V1,

1418 231 1710 267 ARTICULUS
1740 232 1753 266 I
2433 228 2477 266 55

1033 463 1443 539 QUAESTIO
1481 463 1760 520 SEXTA

832 588 915 628 DE
947 589 1347 631 VOLUNTARIO
1382 591 1460 631 ET
1492 591 1954 632 INVOLUNTARIO

1130 706 1164 731 IN

405 871 560 896 necesse
589 866 645 896 est
670 860 867 908 pervenire
886 860 922 908 ²⁸,
957 868 1105 909 oportet
1134 873 1367 910 consequen-

326 925 366 948 er
421 925 440 949 e
468 912 646 949 humanis
674 913 817 949 actibus
851 913 1104 957 considerare,
1133 921 1174 950 ut
1202 913 1366 950 sciamus

310 965 448 1014 quibus
477 965 621 1002 actibus
649 965 890 1013 perveniatur
918 965 967 1003 ad
995 966 1279 1012 beatitudinem,
1304 967 1367 1003 vel

310 1014 537 1067 impediatur
556 1022 573 1039 α
593 1018 831 1056 beatitudinis
849 1018 912 1055 via
926 1018 957 1055 *.
979 1018 1054 1056 Sed
1075 1018 1162 1068 quia
1182 1019 1368 1067 operatio-

310 1082 378 1108 nes
407 1079 443 1108 et
470 1078 574 1107 actus
603 1071 700 1107 circa
728 1070 927 1118 singularia
956 1079 1061 1118 sunt,
1091 1071 1177 1108 ideo
1202 1069 1217 1101 β
1245 1072 1368 1108 omnis

311 1123 506 1173 operativa
521 1123 674 1160 scientia
690 1123 725 1160 in
742 1123 954 1172 particulari
974 1124 1271 1162 consideratione
1287 1136 1369 1174 per-

311 1175 444 1214 ficitur.
466 1176 622 1213 Moralis
649 1176 758 1224 igitur
787 1176 1049 1223 consideratio,
1071 1177 1158 1225 quia
1188 1185 1242 1214 est
1265 1182 1280 1205 Ὺ
1300 1178 1369 1214 hu-

311 1241 516 1267 manorum
535 1236 702 1276 actuum,
722 1229 847 1277 primo
876 1229 1031 1277 quidem
1051 1230 1234 1266 tradenda
1259 1237 1313 1266 est
1331 1230 1368 1267 in

311 1281 536 1327 universali3
566 1282 734 1318 secundo
762 1290 868 1327 vero,
897 1281 935 1317 in
962 1281 1175 1328 particulari
1195 1281 1227 1317 ²¹².

366 1334 476 1371 Circa
502 1333 756 1370 universalem
781 1340 912 1369 autern
943 1333 1282 1370 considerationem
1301 1334 1369 1370 hu-

312 1391 514 1426 manorum
534 1392 701 1432 actuum,
720 1380 845 1433 primo
866 1385 1022 1432 quidem
1052 1385 1369 1423 considerandum

313 1436 481 1498 W
499 1435 667 1486 devipsis
696 1437 839 1474 actibus
871 1437 1070 1484 humanis3
1099 1438 1292 1485 secund0‚
1323 1439 1369 1476 de

314 803 316 806 ’
404 818 464 844 um
491 806 600 855 igitur
627 806 675 843 ad
704 807 974 845 beatitudinem
999 820 1067 857 per
1090 816 1193 845 actus
1219 808 1366 856 aliquos

310 808 418 950 522

276 1494 286 1496 “
311 1490 502 1542 principiis
534 1502 669 1527 eorum
695 1489 727 1526 ²³².
753 1489 1023 1533 Humanorum
1052 1498 1180 1528 autem
1216 1498 1370 1528 actuum

311 1543 467 1599 quidam
487 1549 574 1580 sunt
591 1542 756 1580 hominis
775 1543 936 1591 proprii;
962 1543 1116 1591 quidam
1139 1551 1266 1580 autem
1286 1552 1373 1582 sunt

311 1595 458 1646 homini
496 1603 532 1633 et
559 1595 640 1633 aliis
668 1595 893 1632 animalibus
927 1608 1165 1633 communes.
1202 1597 1252 1633 Et
1285 1597 1371 1645 quia

311 1649 505 1688 beatitudo
534 1656 590 1685 est
616 1648 814 1698 propri-um
841 1648 1007 1687 hominis
1034 1649 1193 1697 bonum,
1217 1650 1370 1698 propin-

312 1702 424 1753 quius
451 1714 492 1740 se
519 1702 662 1742 habent
688 1701 736 1738 ad
765 1701 1036 1739 beatitudinem
1065 1709 1169 1739 actus
1194 1702 1258 1751 qui
1286 1711 1372 1740 sunt

206 1791 212 1801 ,
259 1785 261 1801 ³
311 1755 465 1807 proprie
501 1753 675 1801 humani,
714 1767 830 1803 quam
868 1762 972 1792 actus
1009 1754 1073 1803 qui
1110 1763 1196 1792 sunt
1222 1755 1371 1793 homini

313 1807 469 1857 aliisalue
489 1807 713 1845 animalibus
742 1819 979 1844 communes.
1008 1807 1138 1845 Primo
1164 1820 1253 1856 ergo
1283 1821 1371 1846 con-

313 1860 557 1898 siderandum
586 1867 642 1897 est
670 1860 716 1897 de
745 1860 890 1897 actibus
919 1860 982 1909 qui
1017 1868 1102 1897 sunt
1129 1861 1270 1910 proprii
1303 1862 1370 1898 ho-

313 1913 447 1963 minis3
482 1913 671 1960 secundo,
707 1913 754 1950 de
783 1913 928 1950 actibus
965 1913 1029 1962 qui
1058 1921 1145 1951 sunt
1171 1912 1184 1935 δ
1220 1914 1368 1952 homini

314 1964 470 2018 aliisque
499 1965 724 2010 animalibus
744 1978 981 2013 communeS,
1001 1967 1067 2015 qui
1095 1967 1270 2004 dicuntur
1293 1967 1370 2004 ani—

314 2031 401 2064 mae
428 2018 625 2069 passiones
639 2016 674 2055 Ψ.

353 2071 479 2110 ‘Circa
506 2071 680 2121 primurn
719 2071 795 2108 duo
835 2071 1110 2109 consideranda
1147 2080 1368 2110 occurrunt:

313 2113 450 2174 primo,
481 2124 530 2162 de
557 2123 772 2162 conditione
792 2129 804 2145 ⁵
827 2124 1084 2162 humanorum
1113 2132 1284 2172 actuum;
1314 2138 1370 2162 se-

314 2179 452 2225 eundo,
473 2178 521 2216 de
541 2175 778 2215 distinctione
799 2189 932 2215 eorum
947 2176 978 2214 ²¹².
1001 2178 1099 2215 Cum
1120 2185 1247 2215 autem
1267 2185 1370 2216 actus

1194 706 1291 731 OCTO
1320 706 1520 732 ARTICULOS
1547 707 1663 732 DIVISA

1419 807 1575 845 humani
1602 808 1754 857 proprie
1783 809 1954 846 dicantur
1980 809 2045 858 qui
2073 816 2160 847 sunt
2185 810 2399 858 voluntarii,
2430 824 2476 848 eo

1420 861 1522 910 quod
1558 862 1735 898 voluntas
1769 869 1824 898 est
1856 862 2044 899 rationalis
2079 862 2286 912 appetitus,
2325 863 2390 912 qui
2422 872 2478 901 est

1419 913 1594 962 proprius
1613 913 1797 960 hominis;
1827 922 1976 963 oportet
1999 915 2238 952 considerare
2259 916 2304 953 de
2334 916 2476 954 actibus

1421 966 1645 1014 inquantum
1673 974 1759 1004 sunt
1785 967 1999 1004 voluntarii.
2029 968 2158 1005 Primo
2189 980 2277 1016 ergo
2306 969 2477 1007 conside-

1422 1019 1582 1056 randum
1604 1027 1658 1056 est
1679 1020 1725 1056 de
1744 1020 1958 1057 voluntario
1985 1027 2021 1057 et
2042 1020 2296 1059 involuntario
2315 1021 2354 1059 in
2374 1034 2478 1059 com-

1422 1071 1549 1116 muni;
1578 1073 1768 1119 secundo,
1803 1073 1849 1109 de
1887 1073 2030 1109 actibus
2066 1074 2130 1122 qui
2162 1081 2248 1111 sunt
2278 1074 2477 1112 voluntarii

1422 1124 1528 1174 quasi
1548 1124 1596 1160 ab
1614 1125 1696 1174 ipsa
1714 1126 1906 1162 voluntate
1923 1125 2043 1172 eliciti,
2064 1134 2104 1162 ut
2123 1126 2339 1164 immediate
2359 1127 2475 1176 ipsius

1421 1176 1626 1215 voluntatis
1654 1177 1851 1215 existentes
1869 1177 1905 1223 *3
1930 1177 2050 1225 tertio,
2081 1179 2126 1215 de
2147 1178 2290 1216 actibus
2309 1180 2372 1228 qui
2392 1188 2479 1217 sunt
2505 1188 2513 1196 “

1421 1230 1623 1268 voluntarii
1654 1230 1762 1279 quasi
1793 1243 1815 1267 a
1845 1231 2040 1267 voluntate
2073 1231 2263 1279 imperati,
2297 1232 2362 1280 qui
2392 1240 2479 1270 sunt

1422 1283 1539 1332 ipsius
1564 1283 1768 1321 voluntatis
1795 1283 2050 1320 mediantibus
2078 1284 2157 1320 aliis
2185 1284 2360 1332 potentiis
2379 1284 2409 1321 *.

1476 1336 1525 1372 Et
1553 1336 1640 1384 quia
1668 1343 1772 1372 actus
1799 1336 2000 1373 voluntarii
2027 1337 2168 1374 habent
2195 1338 2381 1386 quasdam
2410 1337 2477 1374 cir-

1425 1389 1679 1434 cumstantias,
1709 1389 1918 1425 secundum
1948 1401 2042 1437 quas
2062 1389 2323 1437 diiudicantur,
2352 1389 2476 1439 primo

1424 1439 1742 1477 considerandum
1763 1448 1818 1477 est
1846 1441 1892 1477 de
1912 1442 2125 1478 voluntario
2147 1450 2183 1479 et
2207 1442 2476 1489 involuntario;

1425 1500 1461 1528 et
1475 1500 1750 1542 consequenter
1769 1493 1816 1529 de
1832 1493 2114 1530 circumstantiis
2136 1494 2306 1542 ipsorum
2321 1503 2476 1532 actuum

1424 1546 1463 1582 in
1478 1546 1614 1594 quibus
1627 1545 1883 1582 voluntarium
1893 1553 1929 1582 et
1943 1546 2236 1584 involuntarium
2253 1548 2476 1585 invenitur*.

1426 1598 1536 1636 Circa
1562 1598 1729 1647 primum
1758 1605 1988 1647 quaeruntur
2016 1607 2114 1635 octo.

1477 1651 1626 1688 Primo:
1654 1658 1781 1687 utrum
1809 1650 1848 1687 in
1882 1650 2060 1688 humanis
2092 1651 2236 1689 actibus
2267 1652 2479 1690 inveniatur

1529 1703 1798 1741 voluntarium.

1478 1756 1672 1794 Secundo:
1688 1764 1816 1794 utrum
1831 1756 2042 1794 inveniatur
2052 1756 2090 1793 in
2105 1756 2330 1794 animalibus
2346 1758 2475 1795 brutis.

1477 1809 1628 1846 Tertio:
1658 1817 1784 1846 utrum
1804 1809 2059 1847 voluntarium
2088 1821 2169 1846 esse
2188 1810 2307 1859 possit
2335 1810 2479 1860 absque

1531 1874 1637 1899 omn1
1664 1869 1762 1899 actu.

1478 1915 1644 1961 Quarto:
1664 1922 1792 1952 utrum
1809 1914 1988 1952 violentia
2005 1911 2190 1962 voluntati
2204 1915 2321 1964 possit
2339 1915 2479 1953 inferri.

1478 1967 1643 2014 Quinto:
1671 1975 1798 2004 utrum
1816 1967 1996 2004 violentia
2019 1975 2148 2004 causet
2170 1968 2476 2006 involuntarium.

1478 2021 1613 2057 Sexto:
1642 2028 1767 2057 utrum
1796 2027 1918 2058 metus
1948 2027 2075 2057 causet
2101 2019 2406 2059 involuntarium.

1478 2073 1668 2122 Septimo:
1698 2080 1825 2111 utrum
1850 2072 2153 2122 concupiscentia
2179 2073 2475 2112 involuntarium

1531 2133 1668 2163 causet.

1479 2179 1649 2215 Octavo:
1678 2185 1805 2216 utrum
1834 2178 2052 2226 ignorantia.

1124 2294 1439 2336 ARTICULUS
1470 2294 1675 2337 PRIMUS

762 2395 918 2426 UTRUM
941 2395 983 2426 IN
1007 2395 1201 2426 HUMANIS
1224 2395 1408 2427 Acrtssus
1431 2396 1699 2428 INVENIATUR
1720 2396 2039 2428 VOLUNTARIUM

1194 2483 1237 2508 De
1258 2483 1346 2513 Verit„
1367 2491 1410 2516 qu.

355 2587 409 2625 μη,
433 2589 505 2632 513<
525 2571 550 2609 'n
578 2583 715 2609 ptumum
744 2583 797 2608 sm
825 2582 1062 2608 raom-:orrum
1083 2571 1243 2608 Videtur
1270 2571 1375 2620 quod

347 2611 505 2681 &⁸⁴3⁴
527 2625 566 2662 in
593 2625 770 2661 humanis
798 2624 942 2660 actibus
962 2637 1040 2661 non
1068 2624 1281 2661 inveniatur
1307 2636 1376 2661 vo-

336 2676 457 2729 [3⁷5
479 2672 744 2715 (luntarium.
769 2677 1036 2714 Voluntarium
1061 2677 1164 2713 enim
1190 2685 1245 2714 est
1272 2678 1376 2713 cuius

377 2702 474 2759 4³4³⁴&
489 2719 522 2761 *s
524 2731 753 2778 principium
773 2735 826 2766 est
844 2730 880 2766 in
901 2731 979 2778 ipso
989 2742 1003 2774 ;
1020 2737 1062 2766 ut
1080 2737 1183 2779 patet
1197 2741 1266 2779 per
1285 2730 1377 2767 Gre-

319 2783 468 2831 gotium
483 2783 703 2830 Nyssenum
721 2783 750 2829 *,
768 2790 804 2819 et
814 2783 1101 2824 Damascenum
1116 2782 1166 2829 ’¹‘*,
1185 2790 1220 2819 et
1234 2783 1375 2819 Aristo-

318 2836 433 2872 telem
452 2835 483 2872 *.
506 2836 583 2872 Sed
602 2835 826 2884 principium
850 2836 1107 2873 humanorum
1126 2842 1279 2872 actuum
1299 2847 1378 2872 non

321 2897 376 2926 est
404 2888 443 2926 in
470 2888 553 2937 ipso
581 2888 738 2925 homine
767 2886 791 2935 ζ,
822 2888 889 2924 sed
918 2896 972 2925 est
1001 2896 1120 2926 extra:
1146 2901 1234 2926 nam
1264 2901 1378 2938 appe-

320 2938 406 2980 titus
434 2941 599 2979 hominis
617 2944 796 2978 movetur
823 2940 873 2978 ad
891 2940 1082 2989 agendum
1113 2941 1160 2978 ab
1189 2941 1379 2990 appetibili

269 2990 292 3029 ;”
322 2994 427 3044 quod
454 3001 510 3032 est
537 3002 651 3041 extra,
677 2993 783 3043 quod
811 3001 866 3030 est
893 2993 988 3030 sieut
1019 3005 1171 3031 movens
1198 3006 1272 3031 non
1301 3006 1380 3031 mo-

247 3066 261 3088 ⁶
284 3077 295 3082 -
321 3053 415 3093 tum,
442 3055 487 3084 ut
513 3047 646 3084 dicitur
673 3046 711 3083 in
741 3047 790 3083 III
819 3046 864 3083 de
890 3046 1031 3083 Anima
1057 3045 1088 3083 *.
1117 3047 1218 3095 Ergo
1248 3046 1285 3084 in
1312 3047 1382 3084 hu-

321 3100 443 3138 manis
471 3100 615 3137 actibus
643 3111 720 3136 non
748 3099 938 3136 invenitur
964 3099 1233 3136 voluntarium.

377 3152 412 3190 2.
431 3153 674 3200 Pnfflmnm,
704 3152 959 3202 Philosophus
996 3151 1035 3189 in
1062 3152 1147 3188 VIII
1185 3153 1333 3201 Physic.
1361 3151 1382 3174 ἢ·

289 3229 295 3239 »
322 3207 460 3256 probat
487 3206 591 3255 quod
611 3218 688 3255 non
715 3205 905 3243 invenitur
932 3205 971 3242 in
995 3205 1220 3243 animalibus
1249 3205 1382 3254 aliquis

323 3267 450 3301 motus
469 3264 488 3286 η
503 3271 640 3306 novus,
656 3258 814 3308 quinon
833 3258 1099 3308 praeveniatur
1114 3258 1161 3296 ab
1182 3258 1255 3295 alio
1274 3266 1383 3296 motu

375 3398 593 3432 &impediendum
611 3412 630 3417 —
648 3405 714 3430 quae
737 3398 886 3430 impediunt
907 3399 1096 3424 beatitudinem
1120 3399 1160 3423 vel
1178 3406 1230 3430 per·
1248 3406 1315 3431 quae
1334 3399 1382 3424 im·
1407 3398 1410 3428 l

318 3434 448 3466 pediatur
466 3434 497 3459 E.

378 3467 403 3502 β)
423 3469 491 3494 ideo.
509 3483 527 3488 —
546 3470 607 3494 Om.
627 3469 737 3493 codices,

376 3503 403 3538 γ)
422 3505 485 3537 quia
503 3508 552 3532 est,
568 3519 588 3524 —
606 3505 667 3529 Om.
687 3503 798 3528 codIces.

377 3538 402 3572 ὃ)
421 3540 468 3572 qui
483 3545 554 3565 sunt.
571 3553 591 3559 -
608 3540 670 3564 Om.
689 3540 798 3564 codices.

1429 2491 1498 2515 xxm,
1518 2489 1564 2508 art.
1587 2492 1609 2509 1.

1432 2571 1615 2609 exteriori.
1646 2572 1723 2609 Sed
1761 2584 1896 2609 omnes
1923 2579 2029 2609 actus
2065 2572 2230 2610 hominis
2258 2581 2344 2611 sunt
2370 2575 2482 2613 novi:

1431 2626 1555 2661 nullus
1592 2625 1694 2661 enim
1731 2633 1835 2662 actus
1871 2625 2037 2662 hominis
2072 2633 2246 2663 aeternus
2275 2634 2340 2664 est.
2380 2629 2482 2676 Ergo

1429 2677 1655 2726 principium
1684 2678 1859 2714 omnium
1878 2675 1891 2699 θ
1910 2679 2166 2715 humanorum
2190 2687 2343 2716 actuum
2363 2688 2418 2717 est
2437 2683 2484 2718 ab

1431 2739 1543 2767 extra.
1574 2731 1665 2767 Non
1692 2730 1798 2778 igitur
1825 2730 1863 2767 in
1893 2731 1945 2768 eis
1972 2731 2161 2768 invenitur
2186 2733 2452 2770 voluntarium.

1486 2784 1520 2820 3.
1541 2784 1772 2830 PRAETEREA,
1793 2783 1857 2831 qui
1876 2784 2086 2821 voluntarie
2106 2784 2191 2832 agit,
2211 2797 2279 2833 per
2306 2798 2345 2822 se
2374 2799 2484 2834 agere

1430 2843 1565 2885 potest.
1582 2836 1659 2873 Sed
1673 2836 1748 2872 hoc
1762 2836 1908 2873 homini
1928 2849 2006 2874 non
2022 2836 2214 2887 convenit}
2237 2837 2368 2874 dicitur
2384 2839 2484 2876 enim

1433 2891 1542 2938 Ioan:
1566 2901 1614 2926 xv
1640 2890 1679 2925 *ε
1710 2890 1797 2926 Sine
1823 2901 1883 2926 me
1914 2890 2006 2926 nihil
2030 2890 2180 2939 potestis
2200 2891 2347 2938 facere.
2383 2892 2484 2939 Ergo

1431 2941 1688 2980 voluntarium
1716 2942 1756 2979 in
1783 2941 1960 2978 humanis
1987 2942 2129 2979 actibus
2154 2955 2232 2980 non
2259 2942 2459 2982 invenitur.

1487 2995 1561 3032 SED
1590 3006 1735 3031 CONTRA
1761 3006 1827 3032 EST
1854 2994 1959 3043 quod
1987 2994 2075 3032 dicit
2100 2995 2372 3044 Damascenus‚
2395 2997 2437 3034 in
2454 2999 2487 3035 II

1433 3048 1528 3084 libro
1551 3047 1582 3094 ³¹⁶,
1613 3047 1718 3095 quod
1744 3047 1997 3084 voluntarium
2025 3053 2080 3084 est
2105 3054 2208 3085 actus
2235 3050 2301 3097 qui
2325 3055 2380 3086 est
2404 3061 2489 3098 ope-

1434 3100 1530 3137 ratio
1559 3099 1762 3136 ratiohalis.
1792 3100 1908 3138 Tales
1936 3107 2064 3137 autem
2084 3108 2170 3138 sunt
2193 3109 2297 3139 actus
2316 3102 2485 3141 humani.

1434 3154 1536 3201 Ergo
1564 3153 1603 3189 in
1631 3152 1774 3190 actibus
1802 3153 1978 3190 humanis
2006 3152 2194 3190 invenitur
2219 3155 2486 3194 voluntarium.

1488 3207 1712 3243 RESPONDEO
1745 3217 1930 3243 mmmmm
1962 3206 2066 3254 quod
2101 3214 2250 3255 oportet
2279 3207 2318 3245 in
2345 3208 2490 3246 actibus

1435 3258 1612 3296 humanis
1630 3258 1887 3296 voluntarium
1907 3271 2001 3296 esse.
2031 3259 2094 3296 Ad
2119 3259 2224 3296 cuius
2245 3260 2489 3308 evidentiam,

1490 3399 1511 3430 ε)
1535 3399 1693 3424 conditione.
1711 3413 1729 3418 -
1746 3399 1959 3425 consideratione
1983 3399 2016 3428 Ρ,
2039 3400 2190 3432 cognitione
2212 3400 2259 3432 pF.
2283 3414 2302 3419 -
2319 3401 2382 3425 Post
2399 3408 2490 3426 eorum

1437 3435 1534 3459 addunt
1551 3437 1658 3459 actuum
1678 3434 1723 3459 Pa.

1489 3469 1514 3502 ζ)
1533 3469 1646 3494 homine.
1665 3483 1683 3487 —
1703 3469 1764 3494 Om.
1784 3470 1884 3495 codices
1905 3476 1928 3494 et
1949 3477 1974 3495 a.

1490 3505 1516 3536 η)
1536 3507 1630 3529 motus.
1648 3519 1665 3523 -
1683 3508 1758 3530 actus
1778 3504 1822 3529 Pa.

1489 3538 1513 3571 θ)
1533 3540 1659 3565 omnium.
1677 3553 1696 3559 -
1714 3540 1775 3564 Om.
1794 3540 1871 3565 EFG.

2505 1557 2512 1565 ·
2530 1555 2576 1582 Qu.
2591 1561 2629 1577 vu.

2513 2904 2520 2911 “
2538 2901 2603 2924 Vers.
2613 2908 2631 2930 5.

2514 3064 2525 3074 ⁸
2535 3063 2589 3085 Loc.
2600 3064 2638 3086 cit.
2646 3069 2724 3091 supra.
