2852 4152
168 978 178 986 ·
194 976 213 997 D
225 981 273 1004 359-

166 2567 175 2574 ·
185 2565 373 2592 Qu.r.xxxn‚art.

164 2597 184 2612 2.

164 2786 173 2794 '¹
189 2784 237 2812 Qu.
252 2791 283 2812 ix,
298 2788 340 2806 art.
351 2791 374 2811 4.

155 3532 164 3539 ·
184 3531 234 3554 Art.
246 3531 350 3559 praeced.

409 209 456 245 86

462 290 687 325 ΒΕεΡοΝῡΕο
714 300 898 326 D1CENDUM
933 288 1039 336 quod
1074 290 1251 325 voluntas
1288 295 1465 324 movetur

409 341 627 390 dupliciter:
656 353 734 378 uno
773 341 908 387 modo,
938 349 1122 389 quantum
1160 341 1209 377 ad
1248 339 1465 376 exercitium

409 401 534 440 actus;
565 394 638 431 alio
677 394 813 441 modo,
842 402 1026 442 quantum
1060 394 1106 430 ad
1145 392 1464 441 specificationem

409 454 525 494 actus,
546 459 643 495 quae
665 454 720 483 est
739 459 784 483 ex
805 446 965 484 obiecto.
986 446 1116 483 Primo
1137 457 1226 492 ergo
1247 445 1377 491 modo,
1397 457 1466 481 vo-

407 500 531 536 luntas
559 512 581 536 a
615 499 718 536 nullo
754 500 903 536 obiecto
934 511 978 535 ex
1015 498 1235 535 necessitate
1269 505 1463 534 movetur:

408 560 533 601 potest
560 552 662 588 enirn
691 552 823 600 aliquis
852 552 898 588 de
927 563 1172 599 quocumque
1209 550 1358 586 obiecto
1387 562 1465 586 non

410 605 584 652 cogitare,
602 612 638 641 et
655 617 724 653 per
743 615 979 652 consequens
1000 615 1123 651 neque
1139 610 1223 639 actu
1242 603 1341 639 velle
1360 603 1463 640 illud.

463 657 539 694 Sed
567 664 751 705 quantum
780 657 827 694 ad
856 656 1064 693 secundum
1087 654 1267 692 motionis
1290 656 1463 703 modurn,

407 710 583 746 voluntas
612 711 659 746 ab
680 710 806 758 aliquo
836 709 985 745 obiecto
1015 721 1061 745 ex
1081 708 1302 745 necessitate
1331 721 1465 746 move-

408 770 484 808 tur,
514 763 562 799 ab
591 763 715 810 aliquo
736 770 863 798 autem
892 774 981 798 non.
1005 762 1046 798 In
1074 768 1181 798 motu
1211 761 1314 798 enim
1343 762 1465 799 cuius-

407 815 496 852 libet
523 815 713 864 potentiae
742 827 763 850 a
792 826 861 850 suo
900 814 1071 860 obiecto,
1098 814 1372 851 consideranda
1410 822 1465 852 est

408 868 501 904 ratio
529 880 598 916 per
626 879 742 915 quarn
771 867 964 904 obiectum
993 874 1124 904 movet
1151 868 1372 916 potentiam.
1399 868 1463 904 Vi-

407 921 513 957 sibile
535 925 634 956 enirn
655 927 786 956 movet
803 919 930 956 visum
960 921 1029 956 sub
1051 919 1196 957 ratione
1222 920 1357 957 coloris
1377 929 1463 958 actu

406 973 561 1010 visibilis
580 973 610 1009 ²¹⁸.
631 973 741 1010 Unde
762 973 792 1009 si
822 973 926 1010 color
944 981 1182 1022 proponatur
1199 974 1310 1020 visui,
1332 985 1377 1010 ex
1396 987 1462 1010 ne—

407 1025 576 1062 cessitate
596 1033 728 1062 movet
754 1025 880 1063 visum
902 1031 930 1072 ³,
952 1026 1022 1063 nisi
1050 1026 1182 1075 aliquis
1200 1026 1327 1063 visum
1356 1038 1462 1063 aver-

405 1086 474 1115 tat:
495 1078 600 1126 quod
619 1078 780 1126 pertinet
808 1079 857 1116 ad
878 1079 1095 1116 exercitium
1116 1087 1232 1116 actus.
1262 1079 1301 1116 Si
1331 1087 1459 1116 autem

405 1138 681 1180 proponeretur
718 1132 859 1180 aliquid
896 1132 994 1170 visui
1029 1133 1133 1180 quod
1166 1144 1244 1168 non
1283 1132 1461 1169 omnibus

405 1184 531 1222 modis
551 1192 650 1221 esset
678 1185 783 1222 color
802 1186 836 1222 in
867 1193 963 1233 actu,
985 1186 1052 1223 secl
1079 1185 1290 1222 secundum
1320 1185 1461 1234 aliquid

406 1245 503 1276 esset
522 1238 606 1286 tale,
628 1238 837 1276 secundum
859 1247 986 1276 autem
1007 1238 1149 1286 aliquid
1172 1250 1251 1275 non
1271 1239 1361 1284 tale,
1383 1251 1461 1276 non

406 1303 451 1328 ex
470 1291 690 1329 necessitate
709 1292 813 1329 visus
837 1293 909 1328 tale
933 1292 1126 1329 obiectum
1145 1291 1307 1329 videret:
1333 1299 1463 1340 posset

405 1344 506 1381 enirn
534 1345 728 1382 intendere
758 1345 796 1381 in
827 1344 952 1393 ipsum
990 1357 1035 1382 ex
1069 1357 1114 1382 ea
1137 1353 1242 1393 parte
1276 1357 1351 1394 qua
1383 1357 1462 1382 non

405 1405 460 1434 est
489 1399 697 1435 coloratum
726 1398 764 1434 in
784 1405 882 1446 actu,
905 1406 942 1435 et
970 1398 1022 1435 sic
1042 1398 1168 1448 ipsum
1196 1410 1275 1436 non
1301 1398 1460 1436 videret.

406 1450 510 1487 Sicut
537 1458 666 1487 autem
695 1452 906 1489 coloratum
930 1451 969 1488 in
997 1459 1083 1489 actu
1112 1459 1175 1488 est.
1189 1452 1381 1489 obiectum
1409 1452 1464 1489 vi-

405 1516 480 1551 sus,
501 1503 552 1541 ita
579 1505 726 1541 bonurn
756 1512 811 1541 est
839 1504 1032 1542 obiectum
1059 1505 1276 1542 voluntatis.
1301 1505 1413 1542 Unde
1433 1505 1463 1542 si

404 1565 643 1606 proponatur
670 1557 827 1606 aliquod
855 1558 1048 1595 obiectum
1076 1558 1261 1596 voluntati
1285 1558 1391 1606 quod
1418 1558 1464 1595 sit

404 1609 667 1655 universaliter
694 1611 840 1647 bonum
870 1618 906 1648 et
929 1611 1141 1648 secundum
1166 1623 1323 1648 ornnem
1345 1611 1464 1648 consi-

405 1663 656 1710 derationem,
683 1675 728 1700 ex
757 1664 977 1701 necessitate
1005 1665 1181 1702 voluntas
1210 1665 1248 1701 in
1272 1664 1362 1702 illud
1386 1672 1465 1701 ten-

405 1716 468 1752 det
482 1714 508 1762 β,
526 1716 555 1753 si
576 1716 716 1764 aliquid
730 1717 836 1754 velit:
857 1729 935 1754 non
955 1717 1056 1755 enim
1076 1717 1213 1767 poterit
1231 1718 1329 1754 velle
1345 1730 1466 1767 oppo-

383 1812 389 1814 ξ
405 1768 529 1806 situm.
552 1769 592 1806 Si
621 1777 747 1806 autem
763 1778 999 1818 proponatur
1014 1770 1084 1807 sibi
1099 1771 1254 1819 aliquod
1270 1770 1463 1808 obiectum

405 1822 509 1870 quod
537 1834 616 1859 non
643 1823 855 1860 secundum
884 1823 1092 1872 quamlibet
1121 1823 1464 1861 considerationem

457 1927 484 1958 α)
504 1926 598 1951 vIsum.
617 1941 636 1946 -
655 1927 739 1957 ipsum
760 1927 807 1951 Pa.

457 1960 481 1994 β)
503 1961 601 1986 tendet.
617 1974 637 1980 -
655 1962 739 1986 tendit
758 1962 922 1994 PCEFHKpI
942 1967 967 1987 et
985 1970 1010 1987 α.
1028 1976 1048 1982 -
1067 1963 1117 1987 Pro
1132 1963 1244 1994 poterit,
1258 1965 1349 1994 potest
1367 1963 1398 1988 F.

1079 188 1085 193 ’
1125 210 1390 256 QUAEsrio
1420 211 1470 255 x,
1501 210 1795 246 ARTICULUS
1825 211 1855 246 11

1519 287 1566 325 sit
1585 289 1743 334 bonum,
1774 299 1851 324 non
1880 299 1926 324 ex
1954 288 2175 326 necessitate
2202 290 2378 326 voluntas
2402 290 2540 326 feretur
2560 295 2575 318 Υ

1518 340 1556 377 in
1576 341 1677 377 illud.
1700 361 1724 368 -
1744 341 1793 376 Et
1811 339 1899 387 quia
1920 340 2087 378 defectus
2107 342 2379 391 cuiuscumque
2399 343 2490 380 boni
2509 344 2575 379 ha-

1520 393 1583 429 bet
1611 393 1795 430 rationem
1815 403 1894 429 non
1922 392 2024 440 boni,
2045 393 2132 430 ideo
2160 394 2251 432 illud
2275 396 2400 432 solum
2429 396 2573 432 bonum

1519 447 1623 493 quod
1652 453 1708 482 est
1734 445 1944 493 perfectum
1973 452 2009 482 et
2038 446 2096 484 cui
2123 447 2214 484 nihil
2243 447 2385 495 deficit,
2417 456 2471 485 est
2499 449 2571 485 tale

1519 498 1666 534 bonum
1683 497 1786 545 quod
1805 498 1982 536 voluntas
2001 511 2079 536 non
2098 507 2222 548 potest
2240 513 2319 538 non
2337 502 2452 538 velle:
2469 501 2573 549 quod

1520 557 1575 586 est
1603 549 1807 587 beatitudo.
1837 550 1922 587 Alia
1950 558 2077 588 autem
2115 553 2306 601 quaelibet
2338 553 2574 602 particularia

1519 603 1632 649 bona,
1653 602 1878 652 inquantum
1907 603 2087 641 deficiunt
2115 606 2163 641 ab
2192 605 2318 654 aliquo
2347 607 2464 653 bono,
2484 618 2573 655 pos-

1519 663 1606 692 sunt
1633 655 1751 704 accipi
1769 662 1812 692 ut
1830 667 1907 692 non
1932 657 2051 694 bona:
2082 665 2118 694 et
2136 659 2346 696 secundum
2366 660 2465 695 hanc
2485 671 2573 695 con-

1519 707 1799 755 siderationem,
1823 717 1982 756 possunt
2009 710 2198 759 repudiari
2225 712 2288 749 vel
2316 712 2520 761 approbari
2550 724 2573 748 a

1516 762 1732 807 voluntate,
1762 773 1860 810 quae
1888 769 2013 809 potest
2049 762 2087 800 in
2113 763 2215 800 idem
2242 764 2329 802 ferri
2361 765 2572 802 secundum

1517 814 1686 851 diversas
1715 814 2047 852 considerationes.

1569 870 1628 904 Ao
1657 878 1793 904 PRIMUM
1821 878 1919 903 ERGO
1939 878 2122 904 mcennum
2146 869 2249 916 quod
2270 870 2462 907 sufficiens
2490 882 2573 907 rno-

1516 919 1637 957 tivum
1675 919 1832 956 alicuius
1858 917 2056 969 {potentiae
2085 931 2164 958 non
2193 929 2248 958 est
2275 921 2345 959 nisi
2380 923 2571 960 obiectum

1516 973 1619 1022 quod
1649 973 1809 1010 totaliter
1837 973 1951 1009 habet
1985 973 2172 1010 rationem
2201 974 2345 1011 motivi.
2376 975 2415 1012 Si
2443 983 2571 1012 autem

1515 1026 1552 1062 in
1572 1026 1699 1073 aliquo
1729 1025 1889 1072 deficiat,
1910 1037 1989 1062 non
2017 1038 2062 1062 ex
2082 1026 2301 1064 necessitate
2330 1028 2514 1076 movebit,
2533 1036 2573 1065 ut

1517 1078 1658 1115 dictum
1688 1085 1743 1114 est
1761 1078 1791 1114 ⁸⁸.

1568 1132 1627 1167 AD
1656 1142 1845 1167 SECUNDUM
1863 1141 2047 1168 DicENDUM
2075 1131 2180 1180 quod
2200 1130 2406 1170 intellectus
2435 1145 2480 1170 ex
2508 1145 2573 1170 ne-

1516 1183 1686 1221 cessitate
1707 1191 1885 1221 movetur
1904 1195 1926 1220 a
1945 1183 2006 1220 tali
2034 1183 2184 1221 obiecto
2214 1184 2319 1232 quod
2348 1191 2404 1222 est
2421 1196 2575 1235 semper

1516 1245 1552 1274 et
1580 1249 1624 1274 ex
1644 1236 1864 1274 necessitate
1884 1248 2039 1274 verum:
2065 1249 2149 1283 ,non
2176 1245 2304 1274 autem
2324 1238 2372 1274 ab
2402 1250 2448 1275 eo
2468 1238 2574 1287 quod

1515 1297 1640 1340 potest
1677 1303 1759 1327 esse
1791 1301 1927 1327 verum
1963 1297 1999 1326 et
2026 1290 2182 1337 falsum,
2213 1290 2352 1327 scilicet
2379 1303 2402 1328 a
2431 1292 2573 1328 contin-

1516 1344 1633 1392 genti:
1664 1343 1759 1380 sicut
1786 1350 1823 1380 et
1850 1343 1898 1380 de
1927 1342 2031 1380 bono
2061 1342 2204 1380 dictum
2234 1351 2290 1380 est
2306 1343 2338 1380 ⁸⁸.

1569 1398 1628 1434 AD
1655 1390 1815 1435 *rERTmM
1851 1407 2035 1433 DicENDuM
2072 1397 2178 1444 quod
2214 1396 2301 1433 finis
2337 1396 2491 1434 ultimus
2530 1408 2574 1433 ex

1516 1450 1737 1488 necessitate
1765 1457 1898 1487 movet
1933 1449 2190 1496 voluntatem,
2217 1449 2306 1498 quia
2334 1457 2390 1486 est
2427 1450 2574 1487 bonum

1515 1504 1738 1552 perfectum.
1767 1501 1824 1552 gEt
1851 1501 2019 1539 similiter
2050 1501 2112 1538 illa
2145 1513 2244 1550 quae
2277 1501 2500 1540 ordinantur
2525 1502 2575 1540 ad

1517 1557 1618 1593 hunc
1647 1557 1778 1602 finem,
1799 1554 1879 1591 sine
1908 1555 2046 1603 quibus
2065 1554 2152 1591 finis
2179 1554 2311 1592 haberi
2331 1567 2410 1592 non
2437 1563 2576 1604 potest,

1517 1610 1612 1646 sicut
1630 1621 1713 1646 esse
1734 1616 1770 1645 et
1796 1607 1924 1644 vivere
1945 1615 1981 1644 et
2008 1607 2239 1644 huiusmodi.
2261 1607 2345 1644 Alia
2366 1620 2474 1655 vero,
2495 1607 2576 1645 sine

1518 1663 1655 1712 quibus
1674 1661 1760 1698 finis
1778 1661 1909 1698 haberi
1929 1667 2063 1710 potest,
2092 1672 2170 1697 non
2190 1672 2235 1697 ex
2255 1660 2477 1698 necessitate
2495 1661 2580 1698 vult

1518 1716 1584 1765 qui
1610 1715 1694 1752 vult
1721 1715 1863 1752 finem:
1899 1714 1993 1751 sicut
2027 1713 2292 1753 conclusiones
2325 1713 2404 1751 sine
2437 1713 2577 1763 quibus

1518 1768 1700 1818 principia
1727 1775 1887 1816 possunt
1920 1779 2003 1804 esse
2029 1779 2143 1814 vera,
2173 1779 2253 1804 non
2281 1779 2327 1804 ex
2355 1766 2578 1805 necessitate

1520 1822 1638 1859 credit
1665 1820 1730 1869 qui
1758 1820 1873 1858 credit
1900 1820 2093 1870 principia.

1568 1927 1594 1960 γ)
1606 1928 1725 1960 seretur.
1743 1940 1762 1946 -
1773 1926 1868 1960 fertur
1887 1925 1988 1950 PEFla.

1082 2040 1412 2074 Commentario»
1435 2039 1684 2072 Cardjnalis
1706 2039 1905 2072 Caietam

432 2128 452 2149 N
472 2118 563 2148 titulo
584 2117 704 2148 articuli
718 2118 848 2149 secundi
863 2117 1005 2150 eiusdem
1022 2119 1226 2160 quaestionis,
1248 2120 1462 2150 necessarium

406 2130 569 2192 Isumitur
580 2171 651 2192 vere
668 2168 698 2192 et
714 2162 851 2202 proprie,
868 2163 956 2203 quod
972 2163 1089 2194 scilicet
1104 2163 1299 2203 impossibile
1312 2170 1358 2194 est
1375 2163 1463 2194 aliter

403 2216 435 2236 se
451 2206 575 2236 habere.
592 2205 632 2236 Et
647 2213 693 2236 est
708 2216 812 2236 sermo
830 2206 868 2237 de
892 2207 1073 2238 necessitate
1093 2208 1237 2244 naturali,
1261 2217 1325 2248 qua
1348 2207 1464 2238 scilicet

402 2249 524 2290 agentia
549 2257 578 2280 et
601 2250 750 2290 patientia
765 2250 798 2280 in
814 2250 961 2282 universo
985 2258 1225 2287 connectuntur,
1251 2258 1287 2282 ut
1310 2250 1462 2282 calefacti-

402 2293 462 2324 bile
487 2293 678 2331 calefacfivo,
704 2301 734 2325 et
756 2294 842 2325 visus
864 2294 987 2332 visibili,
1013 2302 1070 2327 etc.

456 2338 490 2368 In
513 2338 668 2378 principio
693 2339 833 2379 corporis
856 2339 998 2371 eiusdem
1019 2339 1148 2370 secundi
1171 2338 1302 2376 articuli,
1328 2339 1462 2370 dubium

403 2382 538 2413 occurrit
561 2382 600 2413 de
623 2382 836 2418 conclusione,
857 2390 886 2414 et
902 2383 941 2413 de
957 2383 1024 2414 eius
1038 2383 1168 2414 ratione.
1193 2383 1241 2414 De
1257 2383 1462 2414 conclusione

403 2426 542 2467 quidem,
567 2437 630 2467 qua
653 2427 766 2457 dicitur
780 2427 869 2468 quod
881 2427 1029 2458 voluntas
1053 2438 1071 2457 a
1094 2427 1183 2458 nullo
1199 2427 1323 2458 obiecto
1347 2427 1386 2458 de
1409 2437 1462 2457 ne-

403 2470 542 2501 cessitate
570 2477 717 2501 movetur
740 2471 779 2501 ad
802 2471 983 2502 exercitium
1007 2478 1108 2502 actus:
1133 2471 1288 2512 quoniam
1315 2471 1462 2502 voluntas

402 2525 420 2544 a
437 2515 506 2545 Deo
531 2514 612 2545 clare
634 2514 702 2544 viso
727 2515 902 2546 necessario
925 2522 1071 2546 movetur
1091 2515 1130 2545 ad
1153 2515 1335 2547 exercitium
1357 2522 1460 2552 actus;

402 2569 468 2588 non
484 2558 569 2588 enim
587 2565 692 2599 potest
706 2569 771 2589 non
787 2569 892 2590 amare
907 2570 942 2590 ac
962 2559 1022 2590 frui
1038 2559 1104 2595 illo,
1122 2566 1158 2590 ut
1172 2559 1204 2589 in
1224 2559 1329 2590 Prima
1345 2559 1462 2590 Parte*

402 2603 523 2633 dictum
546 2609 600 2633 est.
617 2620 638 2625 -
655 2603 702 2633 De
726 2602 857 2640 ratione,
873 2614 937 2645 qua
961 2603 1086 2634 dicitur:
1110 2604 1217 2634 Potest
1239 2604 1321 2634 enim
1345 2604 1462 2644 aliquis

401 2647 441 2677 de
455 2657 652 2687 quocumque
667 2647 784 2678 obiecto
809 2657 871 2678 non
887 2649 1043 2689 cogitare,
1060 2653 1090 2678 et
1099 2657 1163 2688 per
1177 2657 1372 2688 consequens
1385 2653 1458 2678 actu

402 2701 464 2721 non
489 2691 569 2721 velle
591 2691 690 2721 illud:
710 2691 784 2732 quia
798 2692 945 2722 voluntas
969 2702 1034 2722 non
1057 2692 1151 2722 habet
1169 2692 1201 2722 in
1225 2698 1381 2732 potestate
1404 2702 1461 2722 sua

402 2735 626 2775 cogitationem
641 2735 902 2775 praesentativam
917 2735 1010 2776 primi
1025 2735 1148 2772 obiecti,
1163 2746 1220 2766 nec
1239 2735 1461 2767 refutationem

400 2779 502 2815 illius;
524 2786 554 2809 et
568 2779 709 2809 similiter
723 2779 853 2809 visionis
867 2780 926 2810 Dei
946 2780 1025 2810 clare
1041 2779 1239 2820 praesentati.
1264 2780 1329 2810 Iam
1346 2781 1431 2810 enirn
1442 2779 1461 2797 '¹‘

401 2823 520 2854 dictum
545 2830 591 2854 est
615 2823 704 2863 quod
722 2823 844 2864 primus
868 2830 955 2855 actus
972 2834 1038 2854 non
1062 2824 1155 2854 estin
1179 2830 1332 2865 potestate
1347 2825 1460 2855 volun-

399 2867 479 2898 tatis.
495 2867 625 2897 Falsum
648 2874 694 2898 est
717 2877 792 2908 ergo
816 2868 904 2908 quod
927 2874 1032 2909 potest
1055 2868 1168 2909 aliquis
1192 2868 1231 2898 de
1254 2878 1460 2910 quocumque

400 2911 524 2942 obiecto
548 2921 614 2941 non
638 2911 783 2952 cogitare.

454 2956 490 2986 11.
511 2956 561 2986 Ad
584 2955 660 2986 haec
676 2955 791 2986 dicitur
812 2955 901 2996 quod
922 2956 1017 2986 verba
1033 2956 1153 2986 litterae
1168 2955 1324 2986 intellecta
1341 2955 1458 2986 forma-

379 2991 476 3035 ffiter,
497 3009 608 3030 omnes
632 2999 760 3030 solvunt
783 2999 992 3031 obiectiones:
1017 3000 1160 3031 doctrina
1191 2999 1348 3040 siquidem
1372 3000 1459 3040 prius

398 3043 510 3074 tradita
532 3053 598 3074 non
626 3043 804 3074 adversatur
828 3044 992 3083 praesenti.
1007 3044 1069 3084 ⁴Ad
1095 3053 1235 3086 quorum
1259 3043 1457 3081 evidentiam,

400 3097 481 3127 opus
493 3094 538 3118 est
550 3086 764 3118 distinctione:
781 3087 896 3119 scilicet
908 3089 997 3128 quod
1014 3087 1100 3118 aliud
1117 3094 1162 3118 est
1178 3088 1289 3124 dicere,
1302 3088 1458 3120 Voluntas

398 3131 574 3161 necessario
598 3138 744 3161 movetur
767 3132 805 3161 ab
829 3132 953 3164 obiecto
970 3132 1009 3162 ad
1033 3131 1214 3162 exercitium
1230 3139 1333 3169 actus;
1358 3138 1389 3162 et
1412 3132 1457 3163 di-

399 3184 477 3211 cere,
500 3175 655 3205 Voluntas
677 3176 724 3206 sic
746 3176 896 3215 disposita
921 3175 1095 3206 necessario
1119 3183 1266 3207 movetur
1289 3177 1327 3207 ad
1343 3176 1467 3215 exerti—-

398 3219 479 3249 tium
503 3225 599 3249 actus.
615 3219 758 3249 Primum
775 3220 860 3249 enim
884 3220 1013 3250 denotat
1033 3220 1203 3250 efficaciam
1227 3220 1341 3251 obiecti
1363 3229 1458 3260 supra

397 3263 605 3299 voluntatem,
631 3263 720 3304 quod
743 3263 859 3295 scilicet
881 3264 950 3294 talis
974 3271 1004 3295 et
1027 3264 1069 3294 sic
1093 3263 1225 3295 efficacis
1248 3271 1295 3295 est
1317 3271 1456 3301 naturae,

398 3308 486 3347 quod
510 3313 615 3347 potest
628 3307 827 3338 voluntatem
849 3308 889 3338 ad
905 3307 1084 3338 exercitium
1108 3315 1195 3339 actus
1210 3308 1383 3340 necessario
1399 3309 1456 3339 du-

399 3361 474 3382 cere.
491 3351 531 3381 Et
554 3351 615 3381 hoc
638 3358 770 3391 negatur
793 3351 825 3381 in
849 3351 1002 3391 praesenti
1027 3352 1249 3388 conclusione,
1276 3352 1355 3383 dum
1378 3362 1457 3383 asse-

398 3395 474 3425 ritur
493 3395 581 3435 quod
596 3395 722 3426 nullum
739 3395 908 3431 obiectum,
934 3403 970 3426 ut
986 3395 1038 3431 sic,
1057 3403 1086 3426 et
1102 3402 1259 3436 quantum
1279 3402 1326 3426 est
1348 3405 1384 3426 ex
1401 3406 1458 3427 sua

398 3438 543 3475 efficacia,
561 3446 666 3479 potest
688 3439 821 3470 naturali
845 3439 1026 3470 necessitate
1050 3439 1239 3480 compellere
1259 3439 1458 3470 voluntatem

398 3483 438 3512 ad
461 3483 641 3514 exercitium
665 3490 762 3515 actus.
780 3483 963 3514 Secundum
986 3493 1061 3514 vero
1082 3484 1212 3514 denotat
1234 3490 1379 3514 naturam
1403 3494 1458 3514 vo-

396 3526 534 3563 luntatis,
552 3527 589 3557 de
605 3538 669 3568 qua
683 3528 803 3559 dictum
826 3534 872 3559 est
887 3527 905 3545 ⁴*
928 3528 1017 3568 quod
1040 3528 1134 3558 habet
1157 3528 1317 3568 quendam
1332 3534 1459 3559 motum

1516 2118 1712 2154 naturalem,
1743 2125 1774 2149 et
1805 2118 1901 2160 quod·
1923 2128 1988 2149 non
2016 2118 2111 2149 habet
2141 2127 2266 2159 semper
2285 2115 2379 2149 illum
2407 2124 2500 2154 actu,
2525 2111 2580 2148 sed

1516 2162 1645 2203 quando
1669 2169 1715 2193 est
1737 2162 1771 2193 in
1794 2169 1876 2194 certa
1892 2162 2099 2203 dispositione
2113 2161 2142 2194 *ἦ
2165 2161 2207 2194 Et
2229 2161 2291 2193 hoc
2309 2160 2507 2203 praedictum
2523 2168 2578 2205 est,

1516 2213 1547 2237 et
1569 2216 1651 2237 vere.
1679 2206 1720 2237 Et
1744 2216 1780 2237 ex
1811 2206 1873 2239 hoc
1897 2206 2042 2248 provenit
2069 2206 2158 2247 quod
2188 2205 2334 2239 voluntas
2363 2205 2471 2240 Deum
2499 2205 2580 2241 clare

1515 2250 1620 2281 visum
1642 2250 1817 2281 necessario
1840 2257 1941 2281 amat:
1967 2257 2014 2281 est
2027 2249 2113 2281 enim
2136 2256 2212 2281 tunc
2234 2249 2268 2281 in
2287 2249 2495 2290 dispositione
2513 2248 2579 2290 tali,

1517 2294 1606 2335 quod
1629 2304 1666 2326 ex
1689 2301 1800 2325 natura
1816 2304 1873 2324 sua
1896 2301 1967 2326 actu
1990 2293 2136 2335 provenit
2151 2303 2243 2324 amor
2267 2300 2299 2325 et
2321 2290 2486 2325 delectatio
2508 2290 2579 2325 talis

1517 2337 1641 2370 obiecti.
1658 2337 1700 2369 Et
1722 2337 1864 2369 similiter
1885 2337 1919 2369 in
1941 2337 2046 2378 primo
2069 2344 2141 2369 actu
2163 2335 2348 2375 voluntatis,
2364 2347 2462 2378 quem
2483 2337 2579 2369 habe-

1516 2392 1588 2413 mus
1611 2382 1801 2418 naturaliter,
1821 2381 1901 2413 velle
1924 2381 2004 2413 illud
2026 2391 2093 2412 non
2115 2381 2210 2413 habet
2224 2381 2442 2413 necessitatem
2465 2380 2578 2413 exerci—

1515 2426 1550 2457 tii
1574 2427 1612 2457 ab
1636 2426 1775 2463 obiecto;
1800 2426 1854 2456 sed
1878 2437 1896 2456 a
1918 2433 2030 2457 natura
2054 2425 2203 2456 existente
2225 2425 2259 2456 in
2281 2425 2337 2456 tali
2360 2424 2578 2466 dispositione,

1515 2471 1603 2511 quod
1618 2471 1657 2500 ad
1672 2481 1742 2501 earn
1758 2470 1894 2501 naturali
1906 2470 2087 2501 necessitate
2102 2469 2244 2510 sequitur
2257 2469 2347 2500 velle.
2365 2469 2458 2500 Unde
2477 2479 2576 2510 quan-

1516 2515 1698 2555 documque
1722 2515 1870 2545 voluntas
1893 2514 2067 2544 necessario
2083 2520 2228 2544 movetur
2251 2513 2292 2543 ad
2314 2513 2506 2550 exercitium,
2525 2523 2579 2543 ne-

1515 2558 1640 2589 cessitas
1663 2558 1716 2589 illa
1739 2567 1906 2599 nunquam
1929 2565 1975 2589 est
1993 2559 2032 2588 ab
2055 2557 2191 2594 obiecto,
2222 2557 2276 2587 sed
2300 2567 2318 2587 a
2341 2564 2452 2588 natura
2475 2564 2506 2588 et
2521 2567 2578 2588 na-

1515 2610 1603 2634 turae
1626 2603 1754 2633 Datore.
2230 2630 2233 2634 .

1566 2647 1608 2677 Et
1630 2656 1686 2687 per
1709 2646 1771 2677 hoc
1794 2652 1881 2686 patet
1903 2645 2068 2686 responsio
2098 2645 2138 2676 ad
2161 2651 2334 2686 utrumque
2366 2645 2574 2676 obiectorum.

1515 2691 1556 2722 Et
1588 2691 1628 2721 ad
1651 2691 1792 2731 primum
1822 2690 1954 2731 quidem
1987 2689 2140 2730 explicite.
2164 2707 2184 2712 —
2207 2689 2259 2719 Ad
2285 2690 2462 2720 secundum
2484 2699 2576 2727 vero,

1514 2745 1581 2775 quo
1605 2735 1645 2766 ad
1669 2734 1833 2765 materiam
1857 2741 1887 2765 et
1909 2734 1949 2764 ad
1973 2733 2126 2770 formam,
2149 2733 2244 2764 dicito
2266 2733 2356 2774 quod
2377 2733 2578 2764 verissimum

1514 2786 1561 2809 est
1589 2779 1678 2819 quod
1700 2778 1847 2809 voluntas
1870 2785 1975 2818 potest
1998 2777 2037 2808 de
2060 2787 2267 2818 quocumque
2285 2777 2409 2808 obiecto
2432 2787 2499 2807 non
2523 2786 2577 2808 co-

1513 2823 1621 2863 gitare,
1644 2829 1801 2863 quantum
1825 2828 1872 2853 est
1895 2832 1932 2852 ex
1953 2828 2041 2862 parte
2057 2821 2185 2852 obiecti:
2209 2821 2253 2852 sic
2276 2821 2363 2853 enim
2384 2823 2507 2852 Auctor
2527 2820 2576 2852 lo-

1514 2866 1630 2908 quitur.
1646 2866 1707 2897 Sed
1723 2866 1885 2907 sophisma
1901 2865 2034 2906 Figurae
2054 2865 2199 2896 dictionis
2215 2871 2262 2896 est
2276 2865 2399 2902 inferre,
2411 2864 2498 2905 Ergo
2519 2873 2576 2896 vo-

1513 2911 1617 2942 luntas
1646 2911 1678 2941 in
1702 2910 1756 2941 tali
1789 2909 1997 2950 dispositione
2027 2909 2160 2940 existens
2189 2914 2296 2950 potest
2323 2918 2398 2940 non.
2420 2907 2574 2949 coffltare:

1513 2961 1655 2986 mutatur
1670 2955 1755 2986 enirn
1778 2955 1855 2995 quid
1869 2954 1902 2984 in
1918 2954 2021 2995 quale.
2037 2953 2174 2994 Oportet
2189 2961 2264 2993 ergo
2282 2952 2447 2993 diligenter
2460 2951 2575 2990 isthoc

1512 2999 1644 3031 articulo
1675 3000 1833 3030 advertere
1864 2999 1953 3039 quod
1984 2997 2126 3029 formalis
2158 3003 2205 3028 est
2226 3006 2336 3028 sermo
2368 2997 2407 3027 de
2437 2994 2577 3032 efficacia

1511 3043 1627 3075 obiecti
1642 3050 1678 3074 ut
1700 3043 1763 3074 sic:
1787 3042 1980 3073 obiectiones
2009 3049 2117 3073 autem
2130 3041 2258 3072 aliunde
2276 3050 2376 3082 quam
2393 3051 2430 3072 ex
2448 3041 2575 3073 obiecto

1511 3088 1609 3119 robur
1623 3087 1749 3124 habent,
1773 3093 1804 3119 et
1818 3086 1890 3119 ideo
1909 3085 1988 3117 nihil
2008 3086 2143 3117 obstant.
2555 3100 2557 3103 .
2573 3119 2577 3122 ,

1567 3132 1608 3162 Et
1627 3131 1652 3161 si
1668 3131 1784 3162 horurn
1799 3130 1944 3161 ultimam
1959 3128 2186 3160 resolutionem
2202 3127 2302 3169 cupis,
2318 3127 2449 3160 recolito
2465 3126 2573 3171 supra-v

1512 3175 1670 3206 dictorum
1681 3175 1708 3212 ⁸²,
1736 3173 1852 3206 scilicet
1874 3174 1963 3215 quod
1984 3173 2143 3209 voluntas,
2164 3173 2272 3213 quoad
2299 3172 2490 3208 exercitium,
2503 3178 2574 3203 ·tres

1511 3226 1636 3250 tantum
1662 3220 1756 3250 habet
1778 3225 1929 3254 motores,
1952 3217 2068 3248 scilicet
2091 3217 2238 3257 seipsam,
2257 3227 2348 3248 suam
2370 3220 2526 3252 naturam,
2543 3222 2575 3246 et

1511 3265 1618 3295 Deum
1639 3264 1853 3303 ut'agentem,
1871 3271 1937 3292 non
1956 3268 1992 3293 ut
2014 3261 2186 3293 obiectum.
2218 3261 2266 3292 Ex
2294 3261 2357 3293 hoc
2379 3260 2464 3292 etnim
2487 3266 2573 3300 patet

1511 3308 1599 3350 quod
1615 3307 1731 3338 modus
1747 3306 1881 3338 exercitii
1896 3315 1962 3336 non
1978 3305 2106 3336 aliunde
2121 3312 2177 3336 est.
2195 3305 2288 3337 Unde
2302 3304 2367 3336 sive
2385 3304 2492 3340 libere,
2507 3303 2573 3334 sive

1511 3351 1686 3383 necessario
1698 3351 1845 3383 voluntas
1861 3356 1999 3381 exerceat
2013 3359 2109 3380 suum
2126 3356 2241 3386 actum,
2257 3357 2423 3390 nunquam
2434 3357 2472 3379 ex
2483 3354 2572 3388 parte

1512 3395 1625 3426 obiecti
1649 3405 1740 3426 causa
1765 3393 1951 3436 requirenda
1975 3400 2030 3430 est,
2060 3393 2115 3424 sed
2143 3393 2277 3435 agentis,
2305 3398 2341 3423 ut
2371 3391 2492 3423 dictum
2515 3398 2572 3428 est,

1511 3439 1650 3480 triplicis.
1680 3439 1721 3470 Et
1741 3438 1774 3469 in
1798 3438 1860 3469 hoc
1883 3438 2023 3479 quiescat
2044 3437 2220 3468 intellectus
2241 3442 2326 3468 tuus.

1565 3484 1616 3514 111.
1635 3484 1669 3513 ln
1686 3483 1829 3513 eiusdem
1845 3482 1985 3522 corporis
2000 3481 2123 3513 articuli
2139 3480 2346 3513 conclusione
2359 3479 2506 3515 secunda,
2517 3478 2572 3509 sci·

1511 3528 1583 3559 licet
1598 3527 1686 3568 quod
1702 3526 1864 3558 obiectum
1879 3526 2021 3567 undique
2039 3527 2164 3558 bonum
2181 3523 2356 3559 necessario
2379 3530 2496 3560 movet,
2513 3533 2570 3554 nec

2599 1085 2610 1096 ⁶
2624 1085 2650 1106 In
2665 1089 2771 1113 corpore.

2600 1344 2611 1356 ⁸¹
2623 1343 2684 1366 lbid.

2605 2167 2617 2180 ⁸
2630 2167 2697 2195 Ibid„
2712 2167 2742 2190 ud
2755 2171 2780 2195 3.

2600 3174 2774 3229 ξιυΑηιὲρηεοη
2789 3177 2814 3196 et
