2852 4152
106 479 115 487 ·
130 477 178 505 Qu.
190 483 228 502 ιι,
242 479 284 498 art.
294 482 316 505 3.

105 630 114 640 α

101 1345 116 1357 O

128 629 184 651 Loc.
195 629 235 651 cit.

129 1344 188 1374 Cup.
202 1351 244 1372 ιιι,
260 1351 284 1367 n.
299 1351 316 1367 ι.

108 2183 194 2211 *Mau
201 2183 254 2206 Did.
260 2189 284 2206 n.
297 2189 319 2205 2.

102 2342 298 2392 §.efflant
307 2353 318 2359 '

105 2503 119 2511 ⁴

101 2533 119 2550 2

127 2500 176 2528 Qu.
185 2506 264 2528 xxxvi,
275 2502 317 2521 art.

1019 235 1284 280 QUAESTIO
1314 235 1452 281 XLVI,
1483 234 1777 271 ARTICULUS
1806 235 1839 270 V

396 312 456 348 An
474 322 663 348 SECUNDUM
682 323 865 349 mcx-:NDUM
884 313 990 359 quod
1009 313 1119 349 bruta
1142 313 1318 350 animalia
1335 314 1401 350 ha-

344 363 434 400 bent
460 363 674 400 instinctum
703 365 913 401 naturalem
942 377 986 402 ex
1015 365 1143 402 divina
1175 365 1320 402 ratione
1349 366 1401 402 eis

343 415 524 462 inditum,
554 428 623 464 per
654 428 771 464 quem
803 417 944 454 habent
975 426 1102 454 motus
1138 418 1333 454 interiores
1367 426 1402 455 et

344 468 546 505 exteriores
575 468 715 505 similes
743 469 910 506 motibus
938 470 1103 517 rationis,
1128 471 1223 507 sicut
1250 483 1364 519 supra
1381 471 1402 492 ’¹‘

343 520 484 558 dictum
514 529 580 558 est.
1197 548 1200 550 -

395 575 454 610 An
482 585 641 610 ’reanum
665 585 851 611 DICENDUM
871 575 986 623 quod,
1009 574 1102 611 sicut
1122 575 1256 612 dicitur
1274 575 1311 611 in
1330 575 1399 612 Vll

341 627 461 663 Ethic.
481 626 512 673 ³¹²,
533 627 591 662 ira
610 627 715 663 audit
740 626 952 674 aliqualiter
972 629 1167 674 rationem,
1188 628 1284 664 sicut
1306 640 1400 664 nun-

341 677 496 716 tiantem
524 678 629 727 quod
665 678 880 716 iniuriaturn
910 687 966 716 est
994 680 1047 716 ei:
1076 681 1142 717 sed
1174 692 1247 717 non
1276 681 1401 728 perfe-

2439 235 2512 282 295

1455 319 1511 350 cte
1538 313 1652 359 audit,
1673 313 1760 361 quia
1789 325 1868 349 non
1896 313 2074 350 observat
2093 314 2260 361 regulam
2291 313 2443 351 rationis
2471 313 2509 351 in

1456 365 1700 414 rependendo
1728 365 1947 402 vindictam.
1977 365 2038 402 Ad
2067 365 2160 402 iram
2191 378 2279 414 ergo
2314 366 2511 414 requiritur

1455 418 1589 467 aliquis
1617 425 1722 454 actus
1750 417 1924 463 rationis;
1954 425 1990 454 et
2017 418 2166 454 additur
2193 418 2509 467 impedimentum

1455 471 1619 508 rationis.
1635 470 1746 507 Unde
1762 469 2016 519 Philosophus
2032 470 2130 518 dicit,
2142 470 2180 507 in
2194 471 2289 507 libro
2304 471 2350 507 de
2358 471 2512 507 Proble-

1455 529 1543 559 mat.
1563 523 1598 570 *,
1625 522 1728 571 quod
1747 523 1799 559 illi
1818 522 1882 572 qui
1902 530 1988 559 sunt
2011 523 2174 559 multum
2200 523 2303 570 ebrii,
2329 530 2509 571 tanquam

1455 575 1546 612 nihil
1565 575 1749 612 habentes
1769 575 1816 612 de
1835 575 1973 612 iudicio
1994 575 2163 622 rationis,
2189 587 2266 611 non
2285 575 2508 612 irascuntur:

1455 629 1521 665 sed
1541 628 1694 677 quando
1714 635 1802 664 sunt
1818 640 1956 676 pamm
1977 628 2078 675 ebrii,
2094 628 2313 674 irascuntur,
2329 635 2510 677 tanquam

1455 681 1637 717 habentes
1665 679 1848 717 iudicium
1876 680 2042 728 rationis,
2071 681 2138 718 sed
2165 680 2403 728 impeditum.

1127 799 1442 874 ARTICULUS
1473 833 1726 884 QUINTUS

825 916 980 947 UTRUM
1004 915 1076 945 IRA
1098 915 1165 946 SIT
1189 915 1473 946 NATURALIOR
1496 916 1621 953 QUAM
1646 915 2020 946 CONCUPISCENTIA

870 985 901 1009 11·
917 985 968 1015 11¹¹,
985 992 1029 1017 qu.
1042 991 1108 1014 cmi,
1122 989 1168 1009 art.
1183 992 1213 1015 4;
1230 984 1271 1008 De
1289 983 1379 1014 Verit„
1395 992 1439 1017 qu.
1452 993 1508 1015 xxV,
1521 990 1568 1010 art.
1583 984 1607 1014 6,
1623 985 1654 1009 ad
1668 992 1698 1016 4;
1715 985 1759 1009 VH
1776 985 1870 1012 Ethic.,
1886 985 1943 1008 lect.
1958 992 1982 1008 v1

376 1082 438 1113 ζμ*
459 1086 469 1104 Q

410 1105 431 1125 ἢ
464 1091 533 1137 aa(
554 1085 576 1110 n
597 1085 758 1116 QmNTUM
786 1085 839 1110 sm
861 1085 1097 1110 PROCEDITUR.
1118 1073 1277 1110 Videtur
1296 1073 1401 1121 quod

387 1111 608 1182 ³55)
645 1138 723 1163 non
757 1125 803 1162 sit
838 1125 1040 1163 naturalior
1075 1137 1189 1173 quam
1223 1126 1402 1174 concupi-

420 1190 483 1230 ξς,
505 1180 525 1215 ἢ
555 1179 708 1215 scentia.
742 1178 943 1227 Proprium
982 1177 1084 1214 enim
1113 1177 1278 1215 hominis
1312 1178 1400 1215 dici-

354 1239 360 1249 ¹
402 1202 499 1258 ἐξῆ
515 1220 614 1267 tur
641 1231 746 1279 quod
766 1230 811 1267 sit
830 1230 969 1267 animal
990 1238 1231 1267 mansuetum
1252 1237 1397 1267 natura.

345 1282 423 1320 Sed
450 1284 693 1320 mansuetudo
722 1283 921 1331 opponitur
939 1283 1030 1327 irae,
1050 1290 1091 1318 ut
1120 1282 1207 1319 dicit
1230 1282 1400 1319 Philoso-

342 1335 455 1384 phus,
475 1335 515 1372 in
535 1336 566 1371 II
590 1335 778 1372 Rhetoric.
798 1334 818 1356 *
837 1336 938 1382 Ergo
954 1334 1008 1370 ira
1028 1347 1106 1371 non
1126 1343 1181 1371 est
1199 1335 1402 1371 naturalior

344 1399 461 1436 quam
490 1387 814 1435 concupiscentia,
844 1388 911 1423 sed
948 1386 1106 1422 omnino
1141 1387 1291 1424 videtur
1319 1399 1401 1424 esse

346 1442 477 1476 contra
503 1439 669 1475 hominis
696 1446 883 1475 naturam.

399 1502 434 1528 2.
454 1491 691 1538 PRAETEREA,
721 1491 814 1527 ratio
844 1498 974 1527 contra
1002 1497 1175 1526 naturam
1205 1490 1401 1528 dividitur:

346 1555 391 1581 ea
419 1543 519 1580 enim
557 1556 653 1592 quae
691 1544 902 1581 secundum
939 1543 1126 1579 rationem
1163 1551 1297 1591 agunt,
1323 1556 1402 1581 non

346 1596 507 1634 dicimus
543 1596 755 1633 secundum
791 1603 965 1632 naturam
1004 1607 1126 1643 agere.
1155 1596 1231 1633 Sed
1261 1596 1318 1632 ira
1351 1603 1405 1633 est

345 1661 432 1688 cum
459 1649 616 1695 ratione,
645 1649 942 1697 concupiscentia
977 1654 1103 1685 autem
1129 1648 1209 1685 sine
1235 1649 1401 1695 ratione,

266 1727 272 1734 -
292 1722 320 1734 --
345 1709 388 1739 ut
414 1701 548 1739 dicitur
569 1701 608 1738 in
626 1702 695 1738 VII
713 1702 834 1738 Ethic.
853 1701 874 1724 ²¹⁸
893 1702 995 1749 Ergo
1023 1700 1327 1749 concupiscentia
1347 1710 1403 1738 est

293 1754 300 1760 ”
346 1754 552 1793 naturalior
577 1766 694 1804 quam
722 1754 788 1790 ira.

401 1807 437 1844 3.
457 1807 689 1853 Prummu,
713 1806 768 1844 ira
788 1814 844 1843 est
870 1806 1056 1855 appetitus
1073 1805 1282 1844 vindictae:
1314 1819 1402 1844 con-

347 1859 575 1908 cupiscentia
602 1867 730 1896 autem
759 1859 925 1896 maxime
954 1866 1009 1895 est
1032 1858 1219 1908 appetitus
1243 1859 1403 1896 delecta-

345 1911 478 1951 bilium
514 1912 726 1949 secundum
770 1919 932 1959 tactum,
974 1911 1112 1948 scilicet
1155 1911 1328 1949 ciborum
1366 1919 1403 1949 et

344 1976 611 2002 venereorum.
642 1966 748 2002 Haec
775 1972 903 2001 autem
941 1972 1027 2001 sunt
1062 1964 1182 2011 magis
1219 1965 1402 2002 naturalia

346 2017 492 2055 homini
520 2029 634 2066 quam
667 2017 844 2055 vindicta.
873 2018 976 2064 Ergo
1010 2012 1316 2065 concupiscentia
1348 2025 1403 2054 est

346 2069 552 2107 naturalior
578 2082 694 2119 quarn
722 2070 788 2107 ira.

401 2123 476 2160 SED
505 2134 650 2160 CONTRA
668 2134 734 2160 EST
757 2122 863 2170 quod
881 2121 1134 2170 Philosophus
1155 2121 1253 2168 dicit,
1274 2122 1312 2160 in
1332 2123 1399 2159 VII

346 2175 467 2215 Ethic.
492 2175 522 2223 *,
553 2176 658 2224 quod
687 2176 745 2212 ira
773 2181 828 2212 est
853 2175 1063 2211 naturalior
1090 2186 1203 2223 quam
1228 2175 1401 2223 concupi-

344 2228 495 2265 scentia.

399 2281 624 2318 Rrsponmzo
646 2292 831 2317 nlcENDUM
850 2280 954 2327 quod
973 2280 1141 2316 naturale
1162 2279 1295 2316 dicitur
1313 2279 1403 2316 illud

345 2333 452 2383 quod
480 2341 656 2370 causatur
683 2345 704 2369 a
733 2341 877 2379 natura,
906 2339 948 2368 ut
973 2339 1078 2380 patet
1104 2332 1142 2368 in
1166 2333 1198 2368 ΙΙ
1217 2333 1365 2380 Pitysic.
1381 2331 1401 2353 '¹‘

345 2385 457 2433 Unde
483 2393 610 2423 utrum
645 2385 769 2433 aliqua
800 2384 927 2433 passio
960 2384 1006 2421 sit
1038 2384 1159 2432 magis
1186 2385 1248 2421 vel
1276 2384 1402 2421 minus

345 2438 541 2485 naturalis,
571 2437 801 2475 considerari
837 2449 915 2474 non
948 2445 1072 2485 potest
1108 2436 1176 2473 nisi
1211 2449 1255 2473 ex
1289 2449 1403 2474 causa

345 2503 424 2529 sua.
461 2491 589 2528 Causa
615 2498 744 2528 autem
777 2489 979 2539 passionis,
1009 2497 1051 2526 ut
1077 2502 1192 2538 supra
1208 2489 1229 2511 ²¹²
1257 2489 1399 2526 dictum

346 2551 413 2590 est,
442 2543 639 2592 dupliciter
663 2543 781 2592 accipi
809 2550 954 2591 potest:
982 2554 1061 2579 uno
1081 2542 1211 2588 modo,
1233 2554 1279 2578 ex
1296 2549 1403 2590 parte

346 2596 504 2643 obiecti3
537 2596 611 2632 alio
643 2595 784 2642 modo,
818 2607 864 2632 ex
895 2602 1002 2643 parte
1036 2594 1205 2631 subiecti.
1240 2594 1280 2630 Si
1313 2606 1402 2642 ergo

347 2648 606 2687 consideretur
649 2660 762 2684 causa
803 2647 881 2684 irae
922 2654 959 2683 et
996 2646 1320 2694 concupiscentiae
1359 2659 1405 2683 ex

346 2709 452 2750 parte
482 2700 635 2747 obiecti,
665 2700 716 2736 sic
748 2699 1066 2747 concupiscentia,
1097 2707 1133 2735 et
1160 2698 1326 2736 maxime
1356 2699 1404 2736 ci-

347 2755 485 2793 borum
515 2760 552 2790 et
577 2764 845 2798 venereorum,
871 2751 1076 2788 naturalior
1104 2759 1158 2788 est
1187 2763 1302 2799 quam
1330 2751 1404 2788 ira:

347 2807 572 2855 inquantum
600 2805 670 2842 ista
698 2811 786 2842 sunt
812 2804 931 2852 magis
965 2802 1150 2841 naturalia
1177 2815 1293 2852 quam
1321 2804 1402 2841 vin-

349 2858 459 2897 dicta.
897 2899 902 2902 ,

403 2910 443 2948 si
470 2918 598 2948 autem
619 2910 877 2947 consideretur
896 2921 1010 2946 causa
1028 2909 1106 2946 irae
1126 2921 1171 2946 ex
1194 2916 1298 2957 parte
1318 2910 1406 2946 sub-

348 2964 445 3010 iecti,
466 2963 518 2999 sic
538 2963 827 3011 quodammodo
856 2962 910 2998 ira
934 2969 989 2998 est
1017 2961 1232 3008 naturalior,
1254 2969 1290 2998 et
1313 2974 1407 3010 quo-

350 3017 559 3054 dammodo
580 3015 895 3063 concupiscentia.
922 3016 1051 3051 Potest
1069 3014 1170 3050 enim
1191 3021 1323 3051 natura
1343 3014 1405 3051 ali—

350 3069 455 3106 cuius
475 3068 642 3105 hominis
661 3067 892 3104 considerari
911 3067 973 3104 vel
1001 3067 1211 3103 secundum
1231 3074 1407 3103 naturam

349 3121 508 3170 generis,
525 3121 587 3158 vel
607 3121 817 3157 secundum
833 3127 1007 3157 naturam
1028 3118 1177 3167 speciei,
1193 3119 1255 3155 vel
1274 3131 1407 3156 secun—

351 3175 443 3212 dum
472 3173 776 3222 complexionem
795 3172 990 3222 propriam
1010 3171 1206 3208 individui.
1237 3171 1278 3208 Si
1298 3171 1408 3219 igitur

351 3227 611 3264 consideretur
628 3233 762 3263 natura
780 3225 938 3271 generis,
955 3236 1052 3272 quae
1073 3232 1128 3260 est
1147 3231 1279 3261 natura
1298 3224 1407 3261 huius

303 3276 307 3278 “
350 3279 516 3316 hominis
548 3279 773 3327 inquantum
807 3286 862 3315 est
883 3278 1046 3322 ‘animal;
1076 3277 1128 3314 sic
1156 3277 1362 3314 naturalior
1390 3282 1407 3297 ‘²

351 3340 407 3370 est
427 3331 730 3380 concupiscentia
754 3343 871 3379 quam
899 3330 973 3368 ira:
1002 3329 1091 3378 quia
1111 3341 1155 3366 ex
1175 3329 1257 3378 ipsa
1275 3336 1409 3366 natura

403 3446 431 3477 α)
451 3446 610 3470 naturalior.
629 3459 647 3463 -
666 3445 815 3469 naturalius
834 3443 1054 3468 ABCDEHlKLa.

404 3480 428 3513 β)
449 3480 590 3505 humanius
609 3483 656 3504 est.
674 3493 692 3498 -—
711 3480 854 3503 humanum
878 3482 916 3503 est
940 3478 1025 3510 magis
1045 3479 1082 3507 H,
1102 3478 1244 3502 humanius
1263 3481 1302 3502 cst
1322 3478 1408 3510 magis

366 3516 437 3541 eteri-

351 3524 364 3542 ε
403 3551 430 3584 γ)
451 3551 653 3583 unumquodque
672 3550 750 3574 enim.
768 3564 786 3568 -
804 3550 866 3581 quia
886 3548 1087 3580 unumquodque
1107 3549 1215 3573 codices.

1457 1073 1654 1110 communi
1673 1073 1788 1109 habet
1810 1073 1928 1109 homo
1949 1073 2142 1121 quandam
2163 1071 2441 1111 inclinationem
2461 1074 2511 1111 ad

1456 1125 1714 1174 appetendum
1733 1137 1777 1161 ea
1797 1137 1895 1172 quae
1921 1132 2007 1161 sunt
2035 1125 2297 1162 conservativa
2315 1126 2427 1174 vitae,
2446 1127 2509 1163 vel

1456 1178 1667 1214 secundum
1696 1177 1862 1226 speciem
1891 1178 1952 1214 vel
1981 1177 2191 1215 secundum
2220 1178 2509 1215 individuum.-

1457 1230 1496 1266 Si
1512 1237 1639 1267 autem
1660 1229 1943 1267 consideremus
1963 1236 2134 1266 naturam
2155 1230 2321 1267 hominis
2341 1243 2386 1267 ex
2404 1239 2508 1279 parte

1456 1282 1607 1331 speciei,
1637 1282 1774 1319 scilicet
1801 1282 2026 1330 inquantum
2057 1289 2112 1319 est
2139 1282 2345 1327 rationalis;
2375 1283 2428 1320 sic
2456 1283 2510 1320 ira

1457 1342 1512 1371 est
1531 1335 1650 1381 magis
1678 1334 1855 1371 naturalis
1882 1334 2028 1371 homini
2047 1345 2163 1382 quam
2185 1335 2508 1384 concupiscentia:

1458 1387 1680 1435 inquantum
1708 1387 1763 1423 ira
1792 1395 1846 1423 est
1867 1399 1955 1423 curn
1980 1387 2123 1423 ratione
2143 1387 2263 1435 magis
2283 1400 2400 1435 quam
2421 1400 2510 1425 con-

1457 1438 1696 1486 cupiscentia.
1713 1439 1824 1476 Unde
1844 1439 2096 1487 Philosophus
2111 1439 2210 1486 dicit,
2227 1440 2266 1476 in
2281 1441 2332 1476 IV
2345 1441 2464 1477 Ethic.
2475 1441 2508 1488 *,

1456 1491 1560 1539 quod
1592 1491 1793 1527 humanius
1823 1497 1877 1527 est
1900 1489 1915 1519 β
1936 1492 2093 1538 punire,
2130 1492 2233 1540 quod
2269 1493 2430 1540 pertinet
2462 1495 2511 1531 ad

1456 1542 1564 1590 iram,
1575 1555 1689 1591 quam
1705 1549 1938 1579 mansuetum
1954 1555 2048 1579 esse:
2063 1545 2366 1593 unumquodque
2383 1545 2483 1582 enim
2493 1551 2510 1574 Υ

1457 1595 1672 1631 naturaliter
1690 1595 1845 1642 insurgit
1865 1603 1994 1631 contra
2015 1596 2200 1632 contraria
2221 1604 2256 1632 et
2275 1597 2423 1634 nociva.
2435 1619 2459 1625 -
2471 1598 2510 1635 Si

1455 1660 1550 1685 vero
1580 1647 1838 1684 consideretur
1865 1655 1997 1684 natura
2025 1648 2136 1684 huius
2167 1648 2351 1686 individui
2378 1662 2511 1687 secun-

1458 1701 1550 1737 dum
1578 1700 1773 1748 propriam
1803 1700 2120 1748 complexionem,
2150 1700 2203 1736 sic
2235 1701 2289 1738 ira
2307 1702 2512 1739 naturalior

1457 1760 1514 1790 est
1537 1764 1653 1800 quarn
1683 1752 2005 1800 concupiscentia:
2035 1753 2124 1801 quia
2156 1753 2295 1790 scilicet
2325 1753 2510 1792 habitudi-

1457 1817 1546 1843 nem
1566 1806 1776 1842 naturalem
1796 1805 1844 1842 ad
1863 1805 2114 1852 irascendum,
2136 1817 2234 1854 quae
2258 1814 2314 1843 est
2333 1818 2378 1843 ex
2406 1818 2510 1844 com-

1455 1858 1642 1907 plexione,
1662 1857 1782 1905 magis
1810 1857 1857 1894 de
1885 1858 1982 1894 facili
2009 1858 2178 1906 sequitur
2195 1858 2260 1905 ira,
2280 1871 2398 1907 quam
2423 1872 2512 1897 con-

1457 1910 1687 1959 cupiscentia
1707 1911 1770 1946 vel
1788 1910 1911 1958 aliqua
1934 1910 2006 1947 alia
2023 1910 2162 1958 passio.
2183 1911 2252 1947 Est
2271 1911 2371 1948 enirn
2389 1912 2509 1949 homo

1458 1963 1659 2011 dispositus
1679 1963 1727 1999 ad
1745 1963 2003 2010 irascendum,
2027 1963 2237 2000 secundum
2265 1964 2370 2012 quod
2397 1965 2511 2002 habet

1457 2016 1685 2053 cholericam
1714 2015 2039 2063 complexionem:
2070 2015 2220 2052 cholera
2244 2023 2385 2063 autern,
2414 2017 2511 2054 inter

1456 2068 1550 2105 alios
1568 2066 1581 2090 δ
1605 2069 1799 2115 humores,
1819 2067 1925 2104 citius
1949 2076 2144 2113 movetur;
2165 2068 2388 2106 assimilatur
2408 2070 2510 2107 enim

1457 2121 1542 2168 igni.
1573 2122 1622 2157 Et
1639 2121 1726 2158 ideo
1751 2120 1870 2168 magis
1890 2128 1946 2157 est
1964 2121 2002 2158 in
2022 2128 2203 2169 promptu
2230 2129 2271 2158 ut
2289 2122 2348 2158 ille
2368 2122 2434 2170 qui
2456 2130 2512 2159 est

1458 2173 1660 2222 dispositus
1675 2173 1887 2210 secundum
1907 2174 2116 2210 naturalem
2137 2174 2442 2221 complexionem
2461 2175 2511 2212 ad

1457 2227 1564 2273 iram,
1584 2226 1765 2262 irascatur
1790 2230 1822 2271 ⁸3
1853 2237 1967 2274 quam
1997 2225 2044 2262 de
2070 2238 2115 2262 eo
2144 2226 2208 2274 qui
2228 2233 2282 2262 est
2311 2226 2512 2275 dispositus

1457 2279 1506 2315 ad
1540 2278 1907 2326 concupiscendum,
1937 2278 2041 2326 quod
2070 2278 2321 2326 concupiscat.
2349 2280 2397 2316 Et
2423 2292 2510 2327 pro-

1454 2339 1537 2379 pter
1564 2331 1639 2367 hoc
1666 2330 1920 2378 Philosophus
1949 2329 2047 2377 dicit,
2066 2330 2106 2367 in
2119 2331 2187 2367 VII
2208 2332 2327 2368 Ethic.
2354 2331 2385 2379 ²¹⁶,
2406 2332 2512 2380 quod

1456 2384 1511 2420 ira
1530 2383 1649 2430 magis
1668 2383 1874 2419 traducitur
1901 2395 1924 2420 a
1951 2382 2170 2431 parentibus
2197 2383 2235 2420 in
2262 2383 2374 2431 filios,
2394 2397 2510 2433 quam

1458 2435 1774 2484 concupiscentia.

1510 2491 1568 2525 An
1588 2499 1724 2525 Palmum
1743 2499 1841 2524 ERGO
1861 2499 2044 2524 DlCENDuM
2068 2488 2172 2535 quod
2191 2488 2228 2525 in
2247 2488 2404 2525 homine
2424 2502 2513 2526 con-

1458 2540 1612 2578 siderari
1626 2547 1751 2589 potest
1765 2547 1801 2576 et
1814 2539 1991 2576 naturalis
2010 2540 2222 2588 complexio
2243 2553 2287 2577 ex
2306 2549 2412 2589 parte
2431 2554 2513 2578 cor-

1457 2594 1572 2642 poris,
1593 2605 1692 2641 quae
1713 2600 1768 2629 est
1785 2599 2014 2640 temperata;
2044 2600 2080 2628 et
2098 2592 2180 2640 ipsa
2198 2593 2305 2630 ratio.
2330 2594 2388 2635 Ex
2406 2601 2512 2642 parte

1457 2646 1565 2694 igitur
1593 2644 1864 2693 complexionis
1893 2645 2108 2692 corporalis,
2137 2646 2351 2682 naturaliter
2378 2647 2510 2694 homo,

1458 2697 1669 2735 secundum
1694 2709 1803 2734 suam
1831 2697 2010 2745 speciem,
2031 2705 2086 2734 est
2114 2710 2192 2734 non
2218 2698 2363 2735 habens
2383 2711 2513 2747 super—

1459 2750 1716 2788 excellentiam
1749 2762 1872 2798 neque
1907 2749 1984 2786 irae
2018 2762 2143 2798 neque
2177 2750 2331 2788 alicuius
2363 2751 2512 2788 alterius

1458 2803 1657 2852 passionis,
1677 2810 1833 2851 propter
1859 2809 2202 2851 temperamentum
2231 2815 2321 2840 suae
2347 2805 2513 2852 comple-

1458 2856 1591 2893 xionis.
1613 2855 1697 2892 Alia
1722 2867 1817 2892 vero
1841 2854 2028 2902 animalia,
2054 2855 2266 2892 secundum
2286 2857 2390 2904 quod
2410 2869 2514 2894 rece-

1461 2909 1554 2946 dunt
1581 2910 1629 2945 ab
1655 2909 1727 2945 hac
1756 2907 1931 2956 qualitate
1951 2906 1962 2932 ζ
1992 2907 2263 2956 complexionis
2286 2909 2335 2945 ad
2353 2908 2513 2957 disposi-

1459 2962 1604 2998 tionem
1625 2961 1780 2997 alicuius
1796 2959 2068 3008 complexionis
2084 2968 2286 3007 extremae,
2301 2961 2515 2999 secundum

1461 3015 1534 3050 hoc
1563 3013 1677 3050 etiam
1705 3013 1918 3050 naturaliter
1952 3012 2203 3061 disponuntur
2236 3014 2284 3050 ad
2317 3025 2514 3052 excessum

1461 3066 1616 3103 alicuius
1644 3065 1849 3114 passionis:
1878 3072 1920 3102 ut
1945 3066 2005 3102 leo
2034 3065 2082 3102 ad
2111 3065 2322 3113 audaciam,
2344 3067 2447 3104 canis
2465 3067 2515 3104 ad

1462 3119 1568 3165 iram,
1585 3119 1693 3166 lepus
1713 3117 1761 3154 ad
1781 3117 1967 3163 timorem,
1989 3125 2025 3154 et
2043 3117 2096 3154 sic
2116 3118 2163 3155 de
2183 3118 2274 3156 aliis.
2292 3139 2316 3146 -
2331 3120 2388 3156 Ex
2407 3127 2512 3168 parte

1461 3183 1554 3208 vero
1569 3170 1734 3218 rationis,
1751 3177 1806 3207 est
1824 3171 1992 3208 naturale
2010 3170 2157 3207 homini
2177 3178 2214 3207 et
2231 3171 2340 3208 irasci
2359 3179 2395 3208 et
2410 3184 2516 3208 man-

1462 3231 1612 3260 suetum
1632 3235 1733 3260 esse:
1759 3224 1969 3260 seeundum
1988 3223 2093 3271 quod
2111 3223 2204 3260 ratio
2225 3224 2516 3272 quodammodo

1463 3283 1592 3313 causat
1619 3276 1726 3322 iram,
1746 3275 1971 3323 inquantum
1999 3275 2144 3312 nuntiat
2172 3288 2326 3313 causam
2355 3277 2451 3322 irae;
2481 3285 2516 3315 et

1462 3328 1753 3377 quodammodo
1782 3327 1889 3365 sedat
1914 3327 2022 3375 iram,
2051 3328 2276 3377 inquantum
2300 3329 2414 3366 iratus
2438 3342 2512 3366 non

1514 3442 1538 3473 δ)
1559 3443 1635 3466 alios.
1654 3455 1672 3460 —
1690 3449 1779 3466 omnes
1797 3442 1865 3466 alios
1883 3441 1934 3466 EF.

1516 3479 1536 3508 ε)
1558 3478 1700 3502 irascatur.
1718 3490 1737 3496 ·-
1755 3477 1826 3509 quod
1846 3477 1978 3501 irascatur
1996 3478 2043 3501 Pa.

1515 3512 1540 3543 ζ)
1560 3512 1696 3543 qualitate.
1715 3525 1733 3530 -
1751 3512 1912 3544 aequalitate
1935 3512 2045 3537 EFKsB.
2068 3525 2086 3530 -
2110 3511 2159 3535 Pro
2187 3510 2383 3544 complexionis
2405 3513 2519 3536 secundo

1464 3549 1529 3575 loco,
1549 3547 1746 3578 compositionis
1769 3547 1950 3571 ABCDGHH..

2539 533 2547 542 ·
2553 532 2613 554 Sect.
2622 533 2660 559 111,
2669 533 2749 556 Probl.

2538 564 2562 585 n,
2578 565 2649 580 xxvn.

2536 1445 2683 1532 §.cit-{2311
2693 1452 2746 1494 ἑζῑῑ

2635 1549 2651 1573 Υ

2540 2340 2548 2348 ·
2563 2339 2619 2387 effi.
2629 2346 2660 2366 vr,
2675 2345 2697 2361 n.
2707 2345 2727 2361 2.
2736 2349 2748 2355 -

2539 2366 2563 2388 S.
2612 2381 2618 2387 .
2633 2366 2684 2387 leet.
2698 2371 2727 2387 vi.
