<?xml version="1.0" encoding="UTF-8"?>
<!DOCTYPE html PUBLIC "-//W3C//DTD XHTML 1.0 Transitional//EN"
    "http://www.w3.org/TR/xhtml1/DTD/xhtml1-transitional.dtd">
<html xmlns="http://www.w3.org/1999/xhtml" xml:lang="en" lang="en">
 <head>
  <title>
</title>
<meta http-equiv="Content-Type" content="text/html;charset=utf-8" />
  <meta name='ocr-system' content='tesseract 3.04.00' />
  <meta name='ocr-capabilities' content='ocr_page ocr_carea ocr_par ocr_line ocrx_word'/>
</head>
<body>
  <div class='ocr_page' id='page_1' title='image "./operaomniaiussui06thom/operaomniaiussui06thom_0456.png"; bbox 0 0 2846 4146; ppageno 0'>
   <div class='ocr_carea' id='block_1_1' title="bbox 374 288 452 322">
    <p class='ocr_par' dir='ltr' id='par_1_1' title="bbox 374 288 452 322">
     <span class='ocr_line' id='line_1_1' title="bbox 374 288 452 322; baseline 0 0"><span class='ocrx_word' id='word_1_1' title='bbox 374 288 452 322; x_wconf 88' lang='lat'>444</span> 
     </span>
    </p>
   </div>
   <div class='ocr_carea' id='block_1_2' title="bbox 373 353 1426 819">
    <p class='ocr_par' dir='ltr' id='par_1_2' title="bbox 373 353 1426 770">
     <span class='ocr_line' id='line_1_2' title="bbox 376 353 1426 402; baseline -0.002 -12"><span class='ocrx_word' id='word_1_2' title='bbox 376 354 605 401; x_wconf 83' lang='lat' dir='ltr'>designativa</span> <span class='ocrx_word' id='word_1_3' title='bbox 624 354 780 402; x_wconf 82' lang='lat' dir='ltr'>generis,</span> <span class='ocrx_word' id='word_1_4' title='bbox 802 361 948 390; x_wconf 88' lang='lat' dir='ltr'>remota</span> <span class='ocrx_word' id='word_1_5' title='bbox 967 353 1188 400; x_wconf 84' lang='lat' dir='ltr'>differentia,</span> <span class='ocrx_word' id='word_1_6' title='bbox 1206 365 1284 389; x_wconf 90' lang='lat' dir='ltr'>non</span> <span class='ocrx_word' id='word_1_7' title='bbox 1299 358 1426 401; x_wconf 90' lang='lat' dir='ltr'>potest</span> 
     </span>
     <span class='ocr_line' id='line_1_3' title="bbox 375 404 1422 454; baseline -0.004 -11"><span class='ocrx_word' id='word_1_8' title='bbox 375 406 580 444; x_wconf 90' lang='lat' dir='ltr'>substantia</span> <span class='ocrx_word' id='word_1_9' title='bbox 612 407 756 454; x_wconf 89' lang='lat' dir='ltr'>generis</span> <span class='ocrx_word' id='word_1_10' title='bbox 793 407 926 443; x_wconf 90' lang='lat' dir='ltr'>eadem</span> <span class='ocrx_word' id='word_1_11' title='bbox 964 418 1181 442; x_wconf 87' lang='lat' dir='ltr'>remanere:</span> <span class='ocrx_word' id='word_1_12' title='bbox 1212 417 1289 441; x_wconf 91' lang='lat' dir='ltr'>non</span> <span class='ocrx_word' id='word_1_13' title='bbox 1323 404 1422 440; x_wconf 92' lang='lat' dir='ltr'>enim</span> 
     </span>
     <span class='ocr_line' id='line_1_4' title="bbox 374 457 1422 504; baseline -0.003 -9"><span class='ocrx_word' id='word_1_14' title='bbox 374 467 543 495; x_wconf 85' lang='lat' dir='ltr'><strong>remanet</strong></span> <span class='ocrx_word' id='word_1_15' title='bbox 563 459 697 496; x_wconf 90' lang='lat' dir='ltr'>eadem</span> <span class='ocrx_word' id='word_1_16' title='bbox 726 459 946 504; x_wconf 85' lang='lat' dir='ltr'>animalitas,</span> <span class='ocrx_word' id='word_1_17' title='bbox 967 459 997 494; x_wconf 92' lang='lat' dir='ltr'>si</span> <span class='ocrx_word' id='word_1_18' title='bbox 1025 459 1069 494; x_wconf 92' lang='lat' dir='ltr'>sit</span> <span class='ocrx_word' id='word_1_19' title='bbox 1088 458 1159 494; x_wconf 86' lang='lat' dir='ltr'>alia</span> <span class='ocrx_word' id='word_1_20' title='bbox 1183 457 1310 493; x_wconf 88' lang='lat' dir='ltr'>anima</span> <span class='ocrx_word' id='word_1_21' title='bbox 1334 468 1422 492; x_wconf 92' lang='lat' dir='ltr'>con·</span> 
     </span>
     <span class='ocr_line' id='line_1_5' title="bbox 374 509 1422 559; baseline -0.005 -11"><span class='ocrx_word' id='word_1_22' title='bbox 374 511 528 548; x_wconf 84' lang='lat' dir='ltr'>stituens</span> <span class='ocrx_word' id='word_1_23' title='bbox 555 512 706 549; x_wconf 91' lang='lat' dir='ltr'>animal.</span> <span class='ocrx_word' id='word_1_24' title='bbox 727 512 836 548; x_wconf 88' lang='lat' dir='ltr'>Unde</span> <span class='ocrx_word' id='word_1_25' title='bbox 866 523 943 548; x_wconf 92' lang='lat' dir='ltr'>non</span> <span class='ocrx_word' id='word_1_26' title='bbox 967 518 1091 559; x_wconf 89' lang='lat' dir='ltr'>potest</span> <span class='ocrx_word' id='word_1_27' title='bbox 1119 521 1200 546; x_wconf 93' lang='lat' dir='ltr'>esse</span> <span class='ocrx_word' id='word_1_28' title='bbox 1229 509 1333 557; x_wconf 92' lang='lat' dir='ltr'>quod</span> <span class='ocrx_word' id='word_1_29' title='bbox 1362 521 1422 544; x_wconf 89' lang='lat' dir='ltr'>ea-</span> 
     </span>
     <span class='ocr_line' id='line_1_6' title="bbox 375 561 1423 612; baseline -0.005 -12"><span class='ocrx_word' id='word_1_30' title='bbox 375 564 462 600; x_wconf 87' lang='lat' dir='ltr'>dem</span> <span class='ocrx_word' id='word_1_31' title='bbox 491 576 651 600; x_wconf 89' lang='lat' dir='ltr'>nurnero</span> <span class='ocrx_word' id='word_1_32' title='bbox 681 564 854 611; x_wconf 80' lang='lat' dir='ltr'>cognitio,</span> <span class='ocrx_word' id='word_1_33' title='bbox 879 575 977 612; x_wconf 88' lang='lat' dir='ltr'>quae</span> <span class='ocrx_word' id='word_1_34' title='bbox 1005 562 1108 611; x_wconf 90' lang='lat' dir='ltr'>prius</span> <span class='ocrx_word' id='word_1_35' title='bbox 1137 561 1205 597; x_wconf 91' lang='lat' dir='ltr'>fuit</span> <span class='ocrx_word' id='word_1_36' title='bbox 1233 561 1423 607; x_wconf 88' lang='lat' dir='ltr'>aenigma-</span> 
     </span>
     <span class='ocr_line' id='line_1_7' title="bbox 373 612 1423 665; baseline -0.005 -12"><span class='ocrx_word' id='word_1_37' title='bbox 373 616 455 662; x_wconf 86' lang='lat' dir='ltr'>tica,</span> <span class='ocrx_word' id='word_1_38' title='bbox 481 625 612 665; x_wconf 88' lang='lat' dir='ltr'>postea</span> <span class='ocrx_word' id='word_1_39' title='bbox 640 617 705 653; x_wconf 89' lang='lat' dir='ltr'>fiat</span> <span class='ocrx_word' id='word_1_40' title='bbox 730 616 826 653; x_wconf 88' lang='lat' dir='ltr'>visio</span> <span class='ocrx_word' id='word_1_41' title='bbox 856 623 995 663; x_wconf 89' lang='lat' dir='ltr'>aperta.</span> <span class='ocrx_word' id='word_1_42' title='bbox 1026 615 1073 650; x_wconf 88' lang='lat' dir='ltr'>Et</span> <span class='ocrx_word' id='word_1_43' title='bbox 1101 614 1152 650; x_wconf 91' lang='lat' dir='ltr'>sic</span> <span class='ocrx_word' id='word_1_44' title='bbox 1179 621 1280 661; x_wconf 91' lang='lat' dir='ltr'>patet</span> <span class='ocrx_word' id='word_1_45' title='bbox 1318 612 1423 661; x_wconf 92' lang='lat' dir='ltr'>quod</span> 
     </span>
     <span class='ocr_line' id='line_1_8' title="bbox 373 665 1420 715; baseline -0.004 -11"><span class='ocrx_word' id='word_1_46' title='bbox 373 668 463 705; x_wconf 86' lang='lat' dir='ltr'>nihil</span> <span class='ocrx_word' id='word_1_47' title='bbox 491 669 593 706; x_wconf 89' lang='lat' dir='ltr'>idem</span> <span class='ocrx_word' id='word_1_48' title='bbox 622 681 782 708; x_wconf 88' lang='lat' dir='ltr'>numero</span> <span class='ocrx_word' id='word_1_49' title='bbox 811 669 871 704; x_wconf 90' lang='lat' dir='ltr'>vel</span> <span class='ocrx_word' id='word_1_50' title='bbox 901 667 1024 715; x_wconf 88' lang='lat' dir='ltr'>specie</span> <span class='ocrx_word' id='word_1_51' title='bbox 1050 666 1155 713; x_wconf 90' lang='lat' dir='ltr'>quod</span> <span class='ocrx_word' id='word_1_52' title='bbox 1185 673 1239 701; x_wconf 92' lang='lat' dir='ltr'>est</span> <span class='ocrx_word' id='word_1_53' title='bbox 1266 665 1304 701; x_wconf 89' lang='lat' dir='ltr'>in</span> <span class='ocrx_word' id='word_1_54' title='bbox 1324 665 1420 711; x_wconf 83' lang='lat' dir='ltr'>fide,</span> 
     </span>
     <span class='ocr_line' id='line_1_9' title="bbox 374 719 1331 770; baseline -0.005 -12"><span class='ocrx_word' id='word_1_55' title='bbox 374 729 544 758; x_wconf 81' lang='lat' dir='ltr'>remanet</span> <span class='ocrx_word' id='word_1_56' title='bbox 571 721 608 757; x_wconf 87' lang='lat' dir='ltr'>in</span> <span class='ocrx_word' id='word_1_57' title='bbox 636 721 774 770; x_wconf 90' lang='lat' dir='ltr'>patria;</span> <span class='ocrx_word' id='word_1_58' title='bbox 804 721 869 756; x_wconf 91' lang='lat' dir='ltr'>sed</span> <span class='ocrx_word' id='word_1_59' title='bbox 900 721 1023 756; x_wconf 89' lang='lat' dir='ltr'>solum</span> <span class='ocrx_word' id='word_1_60' title='bbox 1052 719 1154 755; x_wconf 90' lang='lat' dir='ltr'>idern</span> <span class='ocrx_word' id='word_1_61' title='bbox 1181 729 1331 765; x_wconf 87' lang='lat' dir='ltr'>genere.</span> 
     </span>
    </p>

    <p class='ocr_par' dir='ltr' id='par_1_3' title="bbox 424 769 1425 819">
     <span class='ocr_line' id='line_1_10' title="bbox 424 769 1425 819; baseline -0.006 -9"><span class='ocrx_word' id='word_1_62' title='bbox 424 776 483 810; x_wconf 85' lang='lat' dir='ltr'>AD</span> <span class='ocrx_word' id='word_1_63' title='bbox 512 785 647 810; x_wconf 75' lang='lat' dir='ltr'>PRiMUM</span> <span class='ocrx_word' id='word_1_64' title='bbox 675 785 771 810; x_wconf 82' lang='lat' dir='ltr'>ERGO</span> <span class='ocrx_word' id='word_1_65' title='bbox 796 784 978 809; x_wconf 82' lang='lat' dir='ltr'><strong>DICENDUM</strong></span> <span class='ocrx_word' id='word_1_66' title='bbox 998 771 1114 819; x_wconf 83' lang='lat' dir='ltr'>quod,</span> <span class='ocrx_word' id='word_1_67' title='bbox 1136 777 1282 806; x_wconf 90' lang='lat' dir='ltr'>remoto</span> <span class='ocrx_word' id='word_1_68' title='bbox 1311 769 1425 806; x_wconf 70' lang='lat' dir='ltr'>ratio-&#39;</span> 
     </span>
    </p>
   </div>
   <div class='ocr_carea' id='block_1_3' title="bbox 339 822 1420 873">
    <p class='ocr_par' dir='ltr' id='par_1_4' title="bbox 339 822 1420 873">
     <span class='ocr_line' id='line_1_11' title="bbox 339 822 1420 873; baseline -0.006 -9"><span class='ocrx_word' id='word_1_69' title='bbox 339 848 340 852; x_wconf 66' lang='lat'><em>=</em></span> <span class='ocrx_word' id='word_1_70' title='bbox 372 827 457 873; x_wconf 82' lang='lat' dir='ltr'>nali,</span> <span class='ocrx_word' id='word_1_71' title='bbox 479 838 556 862; x_wconf 92' lang='lat' dir='ltr'>non</span> <span class='ocrx_word' id='word_1_72' title='bbox 576 833 746 862; x_wconf 84' lang='lat' dir='ltr'>remanet</span> <span class='ocrx_word' id='word_1_73' title='bbox 763 825 895 861; x_wconf 89' lang='lat' dir='ltr'>vivum</span> <span class='ocrx_word' id='word_1_74' title='bbox 914 825 1016 861; x_wconf 90' lang='lat' dir='ltr'>idem</span> <span class='ocrx_word' id='word_1_75' title='bbox 1036 835 1209 869; x_wconf 89' lang='lat' dir='ltr'>numer0‚</span> <span class='ocrx_word' id='word_1_76' title='bbox 1231 822 1299 859; x_wconf 90' lang='lat' dir='ltr'>sed</span> <span class='ocrx_word' id='word_1_77' title='bbox 1318 822 1420 859; x_wconf 90' lang='lat' dir='ltr'>idem</span> 
     </span>
    </p>
   </div>
   <div class='ocr_carea' id='block_1_4' title="bbox 134 887 307 914">
    <p class='ocr_par' dir='ltr' id='par_1_5' title="bbox 134 887 307 914">
     <span class='ocr_line' id='line_1_12' title="bbox 134 887 307 914; baseline -0.006 -6"><span class='ocrx_word' id='word_1_78' title='bbox 134 888 145 899; x_wconf 70' lang='lat'>⁸</span> <span class='ocrx_word' id='word_1_79' title='bbox 160 887 184 909; x_wconf 89' lang='lat' dir='ltr'>ln</span> <span class='ocrx_word' id='word_1_80' title='bbox 204 892 307 914; x_wconf 86' lang='lat' dir='ltr'>corpore.</span> 
     </span>
    </p>
   </div>
   <div class='ocr_carea' id='block_1_5' title="bbox 127 2738 333 2766">
    <p class='ocr_par' dir='ltr' id='par_1_6' title="bbox 127 2738 333 2766">
     <span class='ocr_line' id='line_1_13' title="bbox 127 2738 333 2766; baseline 0 -7"><span class='ocrx_word' id='word_1_81' title='bbox 127 2738 138 2749; x_wconf 79' lang='lat'>¹*</span> <span class='ocrx_word' id='word_1_82' title='bbox 152 2738 178 2759; x_wconf 92' lang='lat' dir='ltr'>In</span> <span class='ocrx_word' id='word_1_83' title='bbox 192 2742 251 2766; x_wconf 87' lang='lat' dir='ltr'>resp.</span> <span class='ocrx_word' id='word_1_84' title='bbox 268 2738 296 2759; x_wconf 82' lang='lat' dir='ltr'>ad</span> <span class='ocrx_word' id='word_1_85' title='bbox 312 2744 333 2759; x_wconf 87' lang='lat'>2.</span> 
     </span>
    </p>
   </div>
   <div class='ocr_carea' id='block_1_6' title="bbox 371 877 1422 1031">
    <p class='ocr_par' dir='ltr' id='par_1_7' title="bbox 371 877 1422 1031">
     <span class='ocr_line' id='line_1_14' title="bbox 371 877 973 927; baseline -0.005 -11"><span class='ocrx_word' id='word_1_86' title='bbox 371 891 519 927; x_wconf 81' lang='lat' dir='ltr'>genere,</span> <span class='ocrx_word' id='word_1_87' title='bbox 539 886 581 914; x_wconf 93' lang='lat' dir='ltr'>ut</span> <span class='ocrx_word' id='word_1_88' title='bbox 610 890 653 913; x_wconf 85' lang='lat' dir='ltr'>ex</span> <span class='ocrx_word' id='word_1_89' title='bbox 681 877 786 914; x_wconf 91' lang='lat' dir='ltr'>dictis</span> <span class='ocrx_word' id='word_1_90' title='bbox 814 877 834 898; x_wconf 79' lang='lat'>’¹‘</span> <span class='ocrx_word' id='word_1_91' title='bbox 861 884 973 925; x_wconf 89' lang='lat' dir='ltr'>patet.</span> 
     </span>
     <span class='ocr_line' id='line_1_15' title="bbox 423 927 1422 977; baseline -0.005 -10"><span class='ocrx_word' id='word_1_92' title='bbox 423 933 481 968; x_wconf 82' lang='lat' dir='ltr'>An</span> <span class='ocrx_word' id='word_1_93' title='bbox 509 942 695 967; x_wconf 78' lang='lat' dir='ltr'>SECUNDUM</span> <span class='ocrx_word' id='word_1_94' title='bbox 716 941 898 967; x_wconf 69' lang='lat' dir='ltr'>Dici-:noum</span> <span class='ocrx_word' id='word_1_95' title='bbox 926 928 1030 977; x_wconf 93' lang='lat' dir='ltr'>quod</span> <span class='ocrx_word' id='word_1_96' title='bbox 1049 927 1283 976; x_wconf 89' lang='lat' dir='ltr'>imperfectio</span> <span class='ocrx_word' id='word_1_97' title='bbox 1312 927 1422 963; x_wconf 90' lang='lat' dir='ltr'>lumi—</span> 
     </span>
     <span class='ocr_line' id='line_1_16' title="bbox 371 979 1422 1031; baseline -0.005 -11"><span class='ocrx_word' id='word_1_98' title='bbox 371 984 427 1020; x_wconf 91' lang='lat' dir='ltr'>nis</span> <span class='ocrx_word' id='word_1_99' title='bbox 465 983 642 1019; x_wconf 84' lang='lat' dir='ltr'>candelae</span> <span class='ocrx_word' id='word_1_100' title='bbox 677 995 754 1019; x_wconf 94' lang='lat' dir='ltr'>non</span> <span class='ocrx_word' id='word_1_101' title='bbox 792 981 996 1031; x_wconf 90' lang='lat' dir='ltr'>opponitur</span> <span class='ocrx_word' id='word_1_102' title='bbox 1032 979 1253 1029; x_wconf 88' lang='lat' dir='ltr'>perfectioni</span> <span class='ocrx_word' id='word_1_103' title='bbox 1291 980 1422 1016; x_wconf 91' lang='lat' dir='ltr'>solaris</span> 
     </span>
    </p>
   </div>
   <div class='ocr_carea' id='block_1_7' title="bbox 369 1092 1421 1160">
    <p class='ocr_par' dir='ltr' id='par_1_8' title="bbox 369 1092 1421 1160">
     <span class='ocr_line' id='line_1_17' title="bbox 421 1092 1421 1129; baseline -0.004 -9"><span class='ocrx_word' id='word_1_104' title='bbox 421 1095 446 1129; x_wconf 77' lang='grc' dir='ltr'>ὃ)</span> <span class='ocrx_word' id='word_1_105' title='bbox 467 1103 527 1120; x_wconf 84' lang='grc' dir='ltr'><em>ηοη.</em></span> <span class='ocrx_word' id='word_1_106' title='bbox 541 1110 559 1114; x_wconf 93' lang='grc'>-</span> <span class='ocrx_word' id='word_1_107' title='bbox 573 1103 624 1120; x_wconf 82' lang='lat' dir='ltr'>non</span> <span class='ocrx_word' id='word_1_108' title='bbox 643 1103 746 1127; x_wconf 84' lang='lat' dir='ltr'>semper</span> <span class='ocrx_word' id='word_1_109' title='bbox 764 1096 816 1120; x_wconf 75' lang='lat' dir='ltr'>EF.</span> <span class='ocrx_word' id='word_1_110' title='bbox 828 1109 847 1115; x_wconf 93' lang='lat'>—</span> <span class='ocrx_word' id='word_1_111' title='bbox 861 1095 910 1119; x_wconf 88' lang='lat' dir='ltr'>Pro</span> <span class='ocrx_word' id='word_1_112' title='bbox 926 1095 993 1119; x_wconf 83' lang='lat' dir='ltr'>idem</span> <span class='ocrx_word' id='word_1_113' title='bbox 1013 1095 1164 1122; x_wconf 79' lang='lat' dir='ltr'>subiectum,</span> <span class='ocrx_word' id='word_1_114' title='bbox 1181 1101 1261 1118; x_wconf 82' lang='lat' dir='ltr'>unum</span> <span class='ocrx_word' id='word_1_115' title='bbox 1278 1092 1421 1117; x_wconf 79' lang='lat' dir='ltr'>subiectum</span> 
     </span>
     <span class='ocr_line' id='line_1_18' title="bbox 369 1131 969 1160; baseline 0 -5"><span class='ocrx_word' id='word_1_116' title='bbox 369 1135 396 1155; x_wconf 84' lang='lat' dir='ltr'>et</span> <span class='ocrx_word' id='word_1_117' title='bbox 413 1131 480 1155; x_wconf 84' lang='lat' dir='ltr'>idem</span> <span class='ocrx_word' id='word_1_118' title='bbox 501 1132 529 1160; x_wconf 83' lang='lat' dir='ltr'>E,</span> <span class='ocrx_word' id='word_1_119' title='bbox 549 1139 628 1155; x_wconf 80' lang='lat' dir='ltr'>unum</span> <span class='ocrx_word' id='word_1_120' title='bbox 647 1134 673 1155; x_wconf 79' lang='lat' dir='ltr'>et</span> <span class='ocrx_word' id='word_1_121' title='bbox 692 1131 759 1155; x_wconf 78' lang='lat' dir='ltr'>idem</span> <span class='ocrx_word' id='word_1_122' title='bbox 778 1131 921 1155; x_wconf 78' lang='lat' dir='ltr'>subiectum</span> <span class='ocrx_word' id='word_1_123' title='bbox 941 1131 969 1154; x_wconf 84' lang='lat' dir='ltr'>F.</span> 
     </span>
    </p>
   </div>
   <div class='ocr_carea' id='block_1_8' title="bbox 1041 274 1875 322">
    <p class='ocr_par' dir='ltr' id='par_1_9' title="bbox 1041 274 1875 322">
     <span class='ocr_line' id='line_1_19' title="bbox 1041 274 1875 322; baseline 0 -10"><span class='ocrx_word' id='word_1_124' title='bbox 1041 275 1304 321; x_wconf 90' lang='lat' dir='ltr'>QUAESTIO</span> <span class='ocrx_word' id='word_1_125' title='bbox 1335 275 1488 322; x_wconf 82' lang='lat' dir='ltr'>LXVII,</span> <span class='ocrx_word' id='word_1_126' title='bbox 1518 274 1811 312; x_wconf 90' lang='lat' dir='ltr'>ARTICULUS</span> <span class='ocrx_word' id='word_1_127' title='bbox 1839 275 1875 312; x_wconf 94' lang='lat' dir='ltr'>V</span> 
     </span>
    </p>
   </div>
   <div class='ocr_carea' id='block_1_9' title="bbox 1475 351 2532 1017">
    <p class='ocr_par' dir='ltr' id='par_1_10' title="bbox 1477 351 2532 600">
     <span class='ocr_line' id='line_1_20' title="bbox 1479 351 2529 402; baseline 0.005 -15"><span class='ocrx_word' id='word_1_128' title='bbox 1479 351 1650 388; x_wconf 84' lang='lat' dir='ltr'>luminis:</span> <span class='ocrx_word' id='word_1_129' title='bbox 1676 352 1764 399; x_wconf 92' lang='lat' dir='ltr'>quia</span> <span class='ocrx_word' id='word_1_130' title='bbox 1793 365 1870 390; x_wconf 91' lang='lat' dir='ltr'>non</span> <span class='ocrx_word' id='word_1_131' title='bbox 1898 351 1912 376; x_wconf 57' lang='grc' dir='ltr'><strong>ὅ</strong></span> <span class='ocrx_word' id='word_1_132' title='bbox 1938 355 2142 402; x_wconf 87' lang='lat' dir='ltr'>respiciunt</span> <span class='ocrx_word' id='word_1_133' title='bbox 2169 355 2270 391; x_wconf 90' lang='lat' dir='ltr'>idem</span> <span class='ocrx_word' id='word_1_134' title='bbox 2305 355 2529 393; x_wconf 87' lang='lat' dir='ltr'>subiectum.</span> 
     </span>
     <span class='ocr_line' id='line_1_21' title="bbox 1480 404 2532 456; baseline 0.006 -17"><span class='ocrx_word' id='word_1_135' title='bbox 1480 404 1555 440; x_wconf 89' lang='lat' dir='ltr'>Sed</span> <span class='ocrx_word' id='word_1_136' title='bbox 1571 404 1804 452; x_wconf 83' lang='lat' dir='ltr'>imperfectio</span> <span class='ocrx_word' id='word_1_137' title='bbox 1819 405 1909 442; x_wconf 91' lang='lat' dir='ltr'>fidei</span> <span class='ocrx_word' id='word_1_138' title='bbox 1928 413 1966 442; x_wconf 89' lang='lat' dir='ltr'>et</span> <span class='ocrx_word' id='word_1_139' title='bbox 1978 407 2157 455; x_wconf 86' lang='lat' dir='ltr'>perfectio</span> <span class='ocrx_word' id='word_1_140' title='bbox 2173 408 2315 455; x_wconf 87' lang='lat' dir='ltr'>gloriae</span> <span class='ocrx_word' id='word_1_141' title='bbox 2330 419 2532 456; x_wconf 88' lang='lat' dir='ltr'>opponun-</span> 
     </span>
     <span class='ocr_line' id='line_1_22' title="bbox 1478 454 2530 507; baseline 0.006 -16"><span class='ocrx_word' id='word_1_142' title='bbox 1478 463 1538 492; x_wconf 88' lang='lat' dir='ltr'>tur</span> <span class='ocrx_word' id='word_1_143' title='bbox 1566 457 1613 492; x_wconf 91' lang='lat' dir='ltr'>ad</span> <span class='ocrx_word' id='word_1_144' title='bbox 1642 456 1818 503; x_wconf 82' lang='lat' dir='ltr'>invicem,</span> <span class='ocrx_word' id='word_1_145' title='bbox 1841 465 1876 493; x_wconf 93' lang='lat' dir='ltr'>et</span> <span class='ocrx_word' id='word_1_146' title='bbox 1903 454 2106 507; x_wconf 61' lang='lat' dir='ltr'>respiciunt</span> <span class='ocrx_word' id='word_1_147' title='bbox 2133 459 2234 497; x_wconf 88' lang='lat' dir='ltr'>idern</span> <span class='ocrx_word' id='word_1_148' title='bbox 2265 460 2476 497; x_wconf 89' lang='lat' dir='ltr'>subiectum</span> <span class='ocrx_word' id='word_1_149' title='bbox 2505 466 2530 497; x_wconf 72' lang='lat'>⁸.</span> 
     </span>
     <span class='ocr_line' id='line_1_23' title="bbox 1477 509 2530 556; baseline 0.005 -12"><span class='ocrx_word' id='word_1_150' title='bbox 1477 509 1587 545; x_wconf 89' lang='lat' dir='ltr'>Unde</span> <span class='ocrx_word' id='word_1_151' title='bbox 1607 520 1686 545; x_wconf 90' lang='lat' dir='ltr'>non</span> <span class='ocrx_word' id='word_1_152' title='bbox 1713 517 1872 556; x_wconf 91' lang='lat' dir='ltr'>possunt</span> <span class='ocrx_word' id='word_1_153' title='bbox 1892 521 1973 546; x_wconf 90' lang='lat' dir='ltr'>esse</span> <span class='ocrx_word' id='word_1_154' title='bbox 2002 511 2134 549; x_wconf 88' lang='lat' dir='ltr'>simul:</span> <span class='ocrx_word' id='word_1_155' title='bbox 2165 512 2260 550; x_wconf 90' lang='lat' dir='ltr'>sicut</span> <span class='ocrx_word' id='word_1_156' title='bbox 2287 524 2358 549; x_wconf 89' lang='lat' dir='ltr'>nec</span> <span class='ocrx_word' id='word_1_157' title='bbox 2386 513 2530 554; x_wconf 80' lang='lat' dir='ltr'>claritas</span> 
     </span>
     <span class='ocr_line' id='line_1_24' title="bbox 1477 561 2064 600; baseline 0.007 -4"><span class='ocrx_word' id='word_1_158' title='bbox 1477 561 1574 596; x_wconf 91' lang='lat' dir='ltr'>aeris</span> <span class='ocrx_word' id='word_1_159' title='bbox 1602 572 1689 597; x_wconf 90' lang='lat' dir='ltr'>cum</span> <span class='ocrx_word' id='word_1_160' title='bbox 1719 562 1945 598; x_wconf 87' lang='lat' dir='ltr'>obscuritate</span> <span class='ocrx_word' id='word_1_161' title='bbox 1974 563 2064 600; x_wconf 90' lang='lat' dir='ltr'>eius.</span> 
     </span>
    </p>

    <p class='ocr_par' dir='ltr' id='par_1_11' title="bbox 1475 614 2531 1017">
     <span class='ocr_line' id='line_1_25' title="bbox 1529 614 2530 665; baseline 0.006 -17"><span class='ocrx_word' id='word_1_162' title='bbox 1529 614 1588 649; x_wconf 81' lang='lat' dir='ltr'>An</span> <span class='ocrx_word' id='word_1_163' title='bbox 1615 624 1774 650; x_wconf 77' lang='lat' dir='ltr'>TERTmM</span> <span class='ocrx_word' id='word_1_164' title='bbox 1802 625 1985 651; x_wconf 79' lang='lat' dir='ltr'><strong>DICENDUM</strong></span> <span class='ocrx_word' id='word_1_165' title='bbox 2005 615 2110 662; x_wconf 90' lang='lat' dir='ltr'>quod</span> <span class='ocrx_word' id='word_1_166' title='bbox 2138 616 2197 653; x_wconf 92' lang='lat' dir='ltr'>ille</span> <span class='ocrx_word' id='word_1_167' title='bbox 2217 617 2281 665; x_wconf 89' lang='lat' dir='ltr'>qui</span> <span class='ocrx_word' id='word_1_168' title='bbox 2312 616 2447 653; x_wconf 77' lang='lat' dir='ltr'>amittit</span> <span class='ocrx_word' id='word_1_169' title='bbox 2459 628 2530 665; x_wconf 83' lang='lat' dir='ltr'>pe-</span> 
     </span>
     <span class='ocr_line' id='line_1_26' title="bbox 1478 663 2530 717; baseline 0.005 -16"><span class='ocrx_word' id='word_1_170' title='bbox 1478 665 1641 711; x_wconf 87' lang='lat' dir='ltr'>cuniam,</span> <span class='ocrx_word' id='word_1_171' title='bbox 1662 677 1740 701; x_wconf 92' lang='lat' dir='ltr'>non</span> <span class='ocrx_word' id='word_1_172' title='bbox 1769 666 1904 702; x_wconf 87' lang='lat' dir='ltr'>amittit</span> <span class='ocrx_word' id='word_1_173' title='bbox 1921 667 2205 715; x_wconf 88' lang='lat' dir='ltr'>possibilitatem</span> <span class='ocrx_word' id='word_1_174' title='bbox 2229 663 2395 714; x_wconf 77' lang='lat' dir='ltr'>hab&#39;endi</span> <span class='ocrx_word' id='word_1_175' title='bbox 2414 680 2530 717; x_wconf 89' lang='lat' dir='ltr'>pecu·</span> 
     </span>
     <span class='ocr_line' id='line_1_27' title="bbox 1476 717 2531 758; baseline 0.005 -5"><span class='ocrx_word' id='word_1_176' title='bbox 1476 717 1599 754; x_wconf 89' lang='lat' dir='ltr'>niam:</span> <span class='ocrx_word' id='word_1_177' title='bbox 1622 725 1657 754; x_wconf 89' lang='lat' dir='ltr'>et</span> <span class='ocrx_word' id='word_1_178' title='bbox 1675 717 1761 754; x_wconf 92' lang='lat' dir='ltr'>ideo</span> <span class='ocrx_word' id='word_1_179' title='bbox 1783 719 2054 756; x_wconf 86' lang='lat' dir='ltr'>convenienter</span> <span class='ocrx_word' id='word_1_180' title='bbox 2081 729 2252 758; x_wconf 85' lang='lat' dir='ltr'>remanet</span> <span class='ocrx_word' id='word_1_181' title='bbox 2270 722 2420 758; x_wconf 89' lang='lat' dir='ltr'>habitus</span> <span class='ocrx_word' id='word_1_182' title='bbox 2438 721 2531 758; x_wconf 87' lang='lat' dir='ltr'>libe-</span> 
     </span>
     <span class='ocr_line' id='line_1_28' title="bbox 1476 769 2531 819; baseline 0.006 -14"><span class='ocrx_word' id='word_1_183' title='bbox 1476 769 1638 806; x_wconf 89' lang='lat' dir='ltr'>ralitatis.</span> <span class='ocrx_word' id='word_1_184' title='bbox 1660 770 1737 807; x_wconf 92' lang='lat' dir='ltr'>Sed</span> <span class='ocrx_word' id='word_1_185' title='bbox 1756 770 1794 807; x_wconf 91' lang='lat' dir='ltr'>in</span> <span class='ocrx_word' id='word_1_186' title='bbox 1822 778 1920 807; x_wconf 91' lang='lat' dir='ltr'>statu</span> <span class='ocrx_word' id='word_1_187' title='bbox 1939 772 2080 819; x_wconf 84' lang='lat' dir='ltr'>gloriae</span> <span class='ocrx_word' id='word_1_188' title='bbox 2103 785 2181 810; x_wconf 91' lang='lat' dir='ltr'>non</span> <span class='ocrx_word' id='word_1_189' title='bbox 2204 775 2329 810; x_wconf 87' lang='lat' dir='ltr'>solum</span> <span class='ocrx_word' id='word_1_190' title='bbox 2358 781 2443 811; x_wconf 88' lang='lat' dir='ltr'>actu</span> <span class='ocrx_word' id='word_1_191' title='bbox 2461 774 2531 810; x_wconf 91' lang='lat' dir='ltr'>tol-</span> 
     </span>
     <span class='ocr_line' id='line_1_29' title="bbox 1475 820 2530 873; baseline 0.006 -15"><span class='ocrx_word' id='word_1_192' title='bbox 1475 822 1562 858; x_wconf 88' lang='lat' dir='ltr'>litur</span> <span class='ocrx_word' id='word_1_193' title='bbox 1595 822 1787 859; x_wconf 84' lang='lat' dir='ltr'>obiectum</span> <span class='ocrx_word' id='word_1_194' title='bbox 1816 823 1927 870; x_wconf 83' lang='lat' dir='ltr'>fidei,</span> <span class='ocrx_word' id='word_1_195' title='bbox 1961 825 2067 872; x_wconf 89' lang='lat' dir='ltr'>quod</span> <span class='ocrx_word' id='word_1_196' title='bbox 2095 820 2151 862; x_wconf 78' lang='lat' dir='ltr'>est</span> <span class='ocrx_word' id='word_1_197' title='bbox 2185 826 2428 873; x_wconf 83' lang='lat' dir='ltr'>non-visum3</span> <span class='ocrx_word' id='word_1_198' title='bbox 2463 827 2530 864; x_wconf 83' lang='lat' dir='ltr'>sed</span> 
     </span>
     <span class='ocr_line' id='line_1_30' title="bbox 1476 875 2529 927; baseline 0.006 -17"><span class='ocrx_word' id='word_1_199' title='bbox 1476 875 1588 911; x_wconf 86' lang='lat' dir='ltr'>etiam</span> <span class='ocrx_word' id='word_1_200' title='bbox 1613 876 1822 912; x_wconf 90' lang='lat' dir='ltr'>secundum</span> <span class='ocrx_word' id='word_1_201' title='bbox 1843 876 2141 924; x_wconf 86' lang='lat' dir='ltr'>possibilitatem,</span> <span class='ocrx_word' id='word_1_202' title='bbox 2160 886 2315 927; x_wconf 87' lang='lat' dir='ltr'>propter</span> <span class='ocrx_word' id='word_1_203' title='bbox 2332 879 2529 916; x_wconf 85' lang='lat' dir='ltr'>beatitudi-</span> 
     </span>
     <span class='ocr_line' id='line_1_31' title="bbox 1476 927 2530 968; baseline 0.005 -5"><span class='ocrx_word' id='word_1_204' title='bbox 1476 927 1533 963; x_wconf 91' lang='lat' dir='ltr'>nis</span> <span class='ocrx_word' id='word_1_205' title='bbox 1562 927 1812 966; x_wconf 85' lang='lat' dir='ltr'>stabilitatem.</span> <span class='ocrx_word' id='word_1_206' title='bbox 1834 929 1883 965; x_wconf 92' lang='lat' dir='ltr'>Et</span> <span class='ocrx_word' id='word_1_207' title='bbox 1909 929 1996 966; x_wconf 90' lang='lat' dir='ltr'>ideo</span> <span class='ocrx_word' id='word_1_208' title='bbox 2025 930 2161 966; x_wconf 88' lang='lat' dir='ltr'>frustra</span> <span class='ocrx_word' id='word_1_209' title='bbox 2189 931 2269 968; x_wconf 88' lang='lat' dir='ltr'>talis</span> <span class='ocrx_word' id='word_1_210' title='bbox 2295 931 2446 968; x_wconf 84' lang='lat' dir='ltr'>habitus</span> <span class='ocrx_word' id='word_1_211' title='bbox 2474 940 2530 968; x_wconf 83' lang='lat' dir='ltr'>re-</span> 
     </span>
     <span class='ocr_line' id='line_1_32' title="bbox 1475 988 1656 1017; baseline 0.011 -2"><span class='ocrx_word' id='word_1_212' title='bbox 1475 988 1656 1017; x_wconf 86' lang='lat' dir='ltr'>maneret.</span> 
     </span>
    </p>
   </div>
   <div class='ocr_carea' id='block_1_10' title="bbox 1529 1091 1961 1126">
    <p class='ocr_par' dir='ltr' id='par_1_12' title="bbox 1529 1091 1961 1126">
     <span class='ocr_line' id='line_1_33' title="bbox 1529 1091 1961 1126; baseline 0.007 -10"><span class='ocrx_word' id='word_1_213' title='bbox 1529 1091 1551 1126; x_wconf 87' lang='grc' dir='ltr'>ε)</span> <span class='ocrx_word' id='word_1_214' title='bbox 1569 1093 1722 1118; x_wconf 74' lang='lat' dir='ltr'>subiectum.</span> <span class='ocrx_word' id='word_1_215' title='bbox 1733 1107 1752 1112; x_wconf 99' lang='lat'>-</span> <span class='ocrx_word' id='word_1_216' title='bbox 1770 1094 1897 1119; x_wconf 76' lang='lat' dir='ltr'>obiectum</span> <span class='ocrx_word' id='word_1_217' title='bbox 1916 1094 1961 1119; x_wconf 79' lang='lat' dir='ltr'>Pa.</span> 
     </span>
    </p>
   </div>
   <div class='ocr_carea' id='block_1_11' title="bbox 1037 1205 1858 1241">
    <p class='ocr_par' dir='ltr' id='par_1_13' title="bbox 1037 1205 1858 1241">
     <span class='ocr_line' id='line_1_34' title="bbox 1037 1205 1858 1241; baseline 0.001 -1"><span class='ocrx_word' id='word_1_218' title='bbox 1037 1207 1366 1240; x_wconf 78' lang='lat' dir='ltr'>commentaria</span> <span class='ocrx_word' id='word_1_219' title='bbox 1389 1205 1637 1238; x_wconf 70' lang='lat' dir='ltr'>Oardjnalis</span> <span class='ocrx_word' id='word_1_220' title='bbox 1659 1206 1858 1241; x_wconf 69' lang='lat' dir='ltr'>Caietam</span> 
     </span>
    </p>
   </div>
   <div class='ocr_carea' id='block_1_12' title="bbox 363 1284 1422 3256">
    <p class='ocr_par' dir='ltr' id='par_1_14' title="bbox 368 1284 1422 1845">
     <span class='ocr_line' id='line_1_35' title="bbox 399 1284 1419 1329; baseline -0.005 -10"><span class='ocrx_word' id='word_1_221' title='bbox 399 1300 419 1319; x_wconf 85' lang='lat' dir='ltr'>N</span> <span class='ocrx_word' id='word_1_222' title='bbox 442 1289 646 1329; x_wconf 86' lang='lat' dir='ltr'>responsione</span> <span class='ocrx_word' id='word_1_223' title='bbox 677 1289 715 1319; x_wconf 88' lang='lat' dir='ltr'>ad</span> <span class='ocrx_word' id='word_1_224' title='bbox 745 1289 920 1318; x_wconf 89' lang='lat' dir='ltr'>secundum</span> <span class='ocrx_word' id='word_1_225' title='bbox 944 1294 974 1318; x_wconf 91' lang='lat' dir='ltr'>et</span> <span class='ocrx_word' id='word_1_226' title='bbox 1005 1287 1131 1318; x_wconf 89' lang='lat' dir='ltr'>tertium</span> <span class='ocrx_word' id='word_1_227' title='bbox 1155 1285 1256 1326; x_wconf 92' lang='lat' dir='ltr'>quinti</span> <span class='ocrx_word' id='word_1_228' title='bbox 1285 1284 1419 1320; x_wconf 84' lang='lat' dir='ltr'>articuli,</span> 
     </span>
     <span class='ocr_line' id='line_1_36' title="bbox 373 1302 1420 1372; baseline -0.004 -10"><span class='ocrx_word' id='word_1_229' title='bbox 373 1302 533 1363; x_wconf 83' lang='lat' dir='ltr'>Idubium</span> <span class='ocrx_word' id='word_1_230' title='bbox 556 1333 690 1363; x_wconf 91' lang='lat' dir='ltr'>occurrit</span> <span class='ocrx_word' id='word_1_231' title='bbox 713 1333 902 1372; x_wconf 89' lang='lat' dir='ltr'>simpliciter,</span> <span class='ocrx_word' id='word_1_232' title='bbox 925 1338 955 1361; x_wconf 88' lang='lat' dir='ltr'>et</span> <span class='ocrx_word' id='word_1_233' title='bbox 978 1332 1017 1361; x_wconf 93' lang='lat' dir='ltr'>ad</span> <span class='ocrx_word' id='word_1_234' title='bbox 1040 1331 1218 1365; x_wconf 87' lang='lat' dir='ltr'>hominem,</span> <span class='ocrx_word' id='word_1_235' title='bbox 1248 1331 1420 1359; x_wconf 89' lang='lat' dir='ltr'>Auctorem</span> 
     </span>
     <span class='ocr_line' id='line_1_37' title="bbox 370 1372 1422 1415; baseline -0.005 -8"><span class='ocrx_word' id='word_1_236' title='bbox 370 1377 499 1407; x_wconf 88' lang='lat' dir='ltr'>scilicet:</span> <span class='ocrx_word' id='word_1_237' title='bbox 521 1387 560 1406; x_wconf 90' lang='lat' dir='ltr'>an</span> <span class='ocrx_word' id='word_1_238' title='bbox 584 1376 707 1406; x_wconf 84' lang='lat' dir='ltr'>habitus</span> <span class='ocrx_word' id='word_1_239' title='bbox 730 1375 813 1412; x_wconf 88' lang='lat' dir='ltr'>fidei,</span> <span class='ocrx_word' id='word_1_240' title='bbox 838 1383 868 1406; x_wconf 92' lang='lat' dir='ltr'>et</span> <span class='ocrx_word' id='word_1_241' title='bbox 887 1375 1027 1405; x_wconf 88' lang='lat' dir='ltr'>similiter</span> <span class='ocrx_word' id='word_1_242' title='bbox 1051 1374 1126 1415; x_wconf 89' lang='lat' dir='ltr'>spei,</span> <span class='ocrx_word' id='word_1_243' title='bbox 1148 1380 1245 1404; x_wconf 89' lang='lat' dir='ltr'>cesset</span> <span class='ocrx_word' id='word_1_244' title='bbox 1267 1373 1300 1402; x_wconf 91' lang='lat' dir='ltr'>in</span> <span class='ocrx_word' id='word_1_245' title='bbox 1324 1372 1422 1413; x_wconf 87' lang='lat' dir='ltr'>patria</span> 
     </span>
     <span class='ocr_line' id='line_1_38' title="bbox 369 1416 1420 1461; baseline -0.004 -11"><span class='ocrx_word' id='word_1_246' title='bbox 369 1421 443 1461; x_wconf 92' lang='lat' dir='ltr'>quia</span> <span class='ocrx_word' id='word_1_247' title='bbox 467 1420 684 1460; x_wconf 88' lang='lat' dir='ltr'>superflueret;</span> <span class='ocrx_word' id='word_1_248' title='bbox 710 1430 749 1450; x_wconf 88' lang='lat' dir='ltr'>an</span> <span class='ocrx_word' id='word_1_249' title='bbox 766 1420 840 1460; x_wconf 88' lang='lat' dir='ltr'>quia</span> <span class='ocrx_word' id='word_1_250' title='bbox 863 1419 1000 1449; x_wconf 88' lang='lat' dir='ltr'>succedit</span> <span class='ocrx_word' id='word_1_251' title='bbox 1016 1419 1058 1449; x_wconf 90' lang='lat' dir='ltr'>eis</span> <span class='ocrx_word' id='word_1_252' title='bbox 1082 1419 1188 1458; x_wconf 79' lang='lat' dir='ltr'>aliqua</span> <span class='ocrx_word' id='word_1_253' title='bbox 1209 1416 1359 1457; x_wconf 86' lang='lat' dir='ltr'>perfectio</span> <span class='ocrx_word' id='word_1_254' title='bbox 1373 1416 1420 1447; x_wconf 89' lang='lat' dir='ltr'>in-</span> 
     </span>
     <span class='ocr_line' id='line_1_39' title="bbox 370 1460 1420 1504; baseline -0.004 -10"><span class='ocrx_word' id='word_1_255' title='bbox 370 1464 607 1504; x_wconf 88' lang='lat' dir='ltr'>compossibilis.</span> <span class='ocrx_word' id='word_1_256' title='bbox 632 1464 819 1504; x_wconf 86' lang='lat' dir='ltr'>Simpliciter</span> <span class='ocrx_word' id='word_1_257' title='bbox 845 1463 974 1503; x_wconf 90' lang='lat' dir='ltr'>quidem</span> <span class='ocrx_word' id='word_1_258' title='bbox 1002 1462 1136 1493; x_wconf 91' lang='lat' dir='ltr'>occurrit</span> <span class='ocrx_word' id='word_1_259' title='bbox 1166 1461 1320 1496; x_wconf 86' lang='lat' dir='ltr'>dubium,</span> <span class='ocrx_word' id='word_1_260' title='bbox 1346 1460 1420 1501; x_wconf 92' lang='lat' dir='ltr'>quia</span> 
     </span>
     <span class='ocr_line' id='line_1_40' title="bbox 369 1504 1420 1547; baseline -0.004 -9"><span class='ocrx_word' id='word_1_261' title='bbox 369 1509 490 1544; x_wconf 84' lang='lat' dir='ltr'>Scotus‚</span> <span class='ocrx_word' id='word_1_262' title='bbox 515 1508 547 1537; x_wconf 92' lang='lat' dir='ltr'>in</span> <span class='ocrx_word' id='word_1_263' title='bbox 571 1508 628 1544; x_wconf 87' lang='lat'>111,</span> <span class='ocrx_word' id='word_1_264' title='bbox 653 1508 722 1538; x_wconf 92' lang='lat' dir='ltr'>dist.</span> <span class='ocrx_word' id='word_1_265' title='bbox 746 1518 831 1543; x_wconf 78' lang='lat' dir='ltr'>xxxx,</span> <span class='ocrx_word' id='word_1_266' title='bbox 858 1514 942 1537; x_wconf 90' lang='lat' dir='ltr'>tenet</span> <span class='ocrx_word' id='word_1_267' title='bbox 965 1506 1053 1547; x_wconf 91' lang='lat' dir='ltr'>quod</span> <span class='ocrx_word' id='word_1_268' title='bbox 1077 1506 1206 1536; x_wconf 87' lang='lat' dir='ltr'>cessatio</span> <span class='ocrx_word' id='word_1_269' title='bbox 1232 1511 1278 1535; x_wconf 88' lang='lat' dir='ltr'>est</span> <span class='ocrx_word' id='word_1_270' title='bbox 1299 1504 1420 1534; x_wconf 85' lang='lat' dir='ltr'>ratione</span> 
     </span>
     <span class='ocr_line' id='line_1_41' title="bbox 369 1548 1419 1591; baseline -0.004 -9"><span class='ocrx_word' id='word_1_271' title='bbox 369 1551 608 1591; x_wconf 84' lang='lat' dir='ltr'>superfluitatis,</span> <span class='ocrx_word' id='word_1_272' title='bbox 633 1558 663 1581; x_wconf 88' lang='lat' dir='ltr'>et</span> <span class='ocrx_word' id='word_1_273' title='bbox 686 1561 750 1581; x_wconf 90' lang='lat' dir='ltr'>non</span> <span class='ocrx_word' id='word_1_274' title='bbox 780 1550 1111 1591; x_wconf 88' lang='lat' dir='ltr'>incompossibilitatis.</span> <span class='ocrx_word' id='word_1_275' title='bbox 1134 1550 1175 1581; x_wconf 93' lang='lat' dir='ltr'>Et</span> <span class='ocrx_word' id='word_1_276' title='bbox 1205 1549 1319 1589; x_wconf 87' lang='lat' dir='ltr'>probat</span> <span class='ocrx_word' id='word_1_277' title='bbox 1341 1548 1419 1578; x_wconf 86' lang='lat' dir='ltr'>hoc:</span> 
     </span>
     <span class='ocr_line' id='line_1_42' title="bbox 369 1592 1419 1636; baseline -0.004 -11"><span class='ocrx_word' id='word_1_278' title='bbox 369 1596 442 1636; x_wconf 87' lang='lat' dir='ltr'>quia</span> <span class='ocrx_word' id='word_1_279' title='bbox 465 1596 496 1625; x_wconf 92' lang='lat' dir='ltr'>in</span> <span class='ocrx_word' id='word_1_280' title='bbox 520 1596 617 1635; x_wconf 88' lang='lat' dir='ltr'>patria</span> <span class='ocrx_word' id='word_1_281' title='bbox 640 1596 745 1625; x_wconf 92' lang='lat' dir='ltr'>nullus</span> <span class='ocrx_word' id='word_1_282' title='bbox 769 1595 892 1625; x_wconf 86' lang='lat' dir='ltr'>habitus</span> <span class='ocrx_word' id='word_1_283' title='bbox 917 1602 962 1625; x_wconf 89' lang='lat' dir='ltr'>est</span> <span class='ocrx_word' id='word_1_284' title='bbox 990 1594 1179 1624; x_wconf 87' lang='lat' dir='ltr'>necessarius</span> <span class='ocrx_word' id='word_1_285' title='bbox 1204 1592 1263 1622; x_wconf 92' lang='lat' dir='ltr'>nisi</span> <span class='ocrx_word' id='word_1_286' title='bbox 1295 1592 1419 1629; x_wconf 84' lang='lat' dir='ltr'>caritas;</span> 
     </span>
     <span class='ocr_line' id='line_1_43' title="bbox 369 1636 1418 1680; baseline -0.004 -10"><span class='ocrx_word' id='word_1_287' title='bbox 369 1640 444 1680; x_wconf 91' lang='lat' dir='ltr'>quia</span> <span class='ocrx_word' id='word_1_288' title='bbox 466 1650 522 1669; x_wconf 88' lang='lat' dir='ltr'>nec</span> <span class='ocrx_word' id='word_1_289' title='bbox 545 1640 584 1669; x_wconf 85' lang='lat' dir='ltr'>ad</span> <span class='ocrx_word' id='word_1_290' title='bbox 608 1639 834 1675; x_wconf 85' lang='lat' dir='ltr'>facilitandum,</span> <span class='ocrx_word' id='word_1_291' title='bbox 851 1649 909 1669; x_wconf 90' lang='lat' dir='ltr'>nec</span> <span class='ocrx_word' id='word_1_292' title='bbox 932 1639 970 1668; x_wconf 82' lang='lat' dir='ltr'>ad</span> <span class='ocrx_word' id='word_1_293' title='bbox 991 1637 1221 1669; x_wconf 83' lang='lat' dir='ltr'>habilitandum</span> <span class='ocrx_word' id='word_1_294' title='bbox 1235 1636 1418 1676; x_wconf 79' lang='lat' dir='ltr'>potentiam,</span> 
     </span>
     <span class='ocr_line' id='line_1_44' title="bbox 368 1680 1419 1723; baseline -0.004 -9"><span class='ocrx_word' id='word_1_295' title='bbox 368 1694 426 1714; x_wconf 90' lang='lat' dir='ltr'>nec</span> <span class='ocrx_word' id='word_1_296' title='bbox 450 1684 488 1713; x_wconf 87' lang='lat' dir='ltr'>ad</span> <span class='ocrx_word' id='word_1_297' title='bbox 511 1683 773 1723; x_wconf 86' lang='lat' dir='ltr'>praesentandum</span> <span class='ocrx_word' id='word_1_298' title='bbox 802 1683 976 1713; x_wconf 87' lang='lat' dir='ltr'>obiectum..</span> <span class='ocrx_word' id='word_1_299' title='bbox 995 1684 1093 1712; x_wconf 85' lang='lat' dir='ltr'>Actus</span> <span class='ocrx_word' id='word_1_300' title='bbox 1122 1687 1229 1712; x_wconf 87' lang='lat' dir='ltr'>autem</span> <span class='ocrx_word' id='word_1_301' title='bbox 1251 1680 1419 1711; x_wconf 87' lang='lat' dir='ltr'>succeden-</span> 
     </span>
     <span class='ocr_line' id='line_1_45' title="bbox 369 1724 1418 1768; baseline -0.004 -11"><span class='ocrx_word' id='word_1_302' title='bbox 369 1734 414 1757; x_wconf 88' lang='lat' dir='ltr'>tes</span> <span class='ocrx_word' id='word_1_303' title='bbox 428 1727 460 1757; x_wconf 90' lang='lat' dir='ltr'>in</span> <span class='ocrx_word' id='word_1_304' title='bbox 480 1727 587 1767; x_wconf 89' lang='lat' dir='ltr'>patria,</span> <span class='ocrx_word' id='word_1_305' title='bbox 604 1737 669 1757; x_wconf 91' lang='lat' dir='ltr'>non</span> <span class='ocrx_word' id='word_1_306' title='bbox 685 1726 811 1768; x_wconf 89' lang='lat' dir='ltr'>proprie</span> <span class='ocrx_word' id='word_1_307' title='bbox 826 1733 1034 1767; x_wconf 91' lang='lat' dir='ltr'>opponuntur</span> <span class='ocrx_word' id='word_1_308' title='bbox 1049 1724 1216 1756; x_wconf 81' lang='lat' dir='ltr'>habitibus.</span> <span class='ocrx_word' id='word_1_309' title='bbox 1235 1724 1331 1761; x_wconf 92' lang='lat' dir='ltr'>Quod</span> <span class='ocrx_word' id='word_1_310' title='bbox 1345 1734 1418 1764; x_wconf 90' lang='lat' dir='ltr'>pro—</span> 
     </span>
     <span class='ocr_line' id='line_1_46' title="bbox 368 1767 1418 1811; baseline -0.004 -10"><span class='ocrx_word' id='word_1_311' title='bbox 368 1771 476 1801; x_wconf 87' lang='lat' dir='ltr'>batur:</span> <span class='ocrx_word' id='word_1_312' title='bbox 501 1771 575 1811; x_wconf 89' lang='lat' dir='ltr'>quia</span> <span class='ocrx_word' id='word_1_313' title='bbox 598 1771 713 1801; x_wconf 86' lang='lat' dir='ltr'>Paulus</span> <span class='ocrx_word' id='word_1_314' title='bbox 736 1770 769 1800; x_wconf 89' lang='lat' dir='ltr'>in</span> <span class='ocrx_word' id='word_1_315' title='bbox 792 1777 882 1811; x_wconf 90' lang='lat' dir='ltr'>raptu</span> <span class='ocrx_word' id='word_1_316' title='bbox 905 1769 1029 1800; x_wconf 86' lang='lat' dir='ltr'>videbat</span> <span class='ocrx_word' id='word_1_317' title='bbox 1053 1770 1167 1804; x_wconf 87' lang='lat' dir='ltr'>Deum,</span> <span class='ocrx_word' id='word_1_318' title='bbox 1184 1775 1214 1798; x_wconf 90' lang='lat' dir='ltr'>et</span> <span class='ocrx_word' id='word_1_319' title='bbox 1237 1767 1418 1798; x_wconf 76' lang='lat' dir='ltr'>tamen-ha-</span> 
     </span>
     <span class='ocr_line' id='line_1_47' title="bbox 368 1813 730 1845; baseline -0.006 0"><span class='ocrx_word' id='word_1_320' title='bbox 368 1815 460 1845; x_wconf 90' lang='lat' dir='ltr'>bebat</span> <span class='ocrx_word' id='word_1_321' title='bbox 482 1814 624 1844; x_wconf 86' lang='lat' dir='ltr'>habitum</span> <span class='ocrx_word' id='word_1_322' title='bbox 647 1813 730 1844; x_wconf 88' lang='lat' dir='ltr'>fidei.</span> 
     </span>
    </p>

    <p class='ocr_par' dir='ltr' id='par_1_15' title="bbox 366 1855 1418 2072">
     <span class='ocr_line' id='line_1_48' title="bbox 420 1855 1418 1897; baseline -0.003 -9"><span class='ocrx_word' id='word_1_323' title='bbox 420 1859 471 1888; x_wconf 87' lang='lat' dir='ltr'>Ad</span> <span class='ocrx_word' id='word_1_324' title='bbox 494 1858 657 1888; x_wconf 87' lang='lat' dir='ltr'>hominem</span> <span class='ocrx_word' id='word_1_325' title='bbox 678 1867 762 1893; x_wconf 89' lang='lat' dir='ltr'>vero,</span> <span class='ocrx_word' id='word_1_326' title='bbox 780 1858 855 1897; x_wconf 87' lang='lat' dir='ltr'>quia</span> <span class='ocrx_word' id='word_1_327' title='bbox 877 1860 997 1887; x_wconf 85' lang='lat' dir='ltr'>Auctor</span> <span class='ocrx_word' id='word_1_328' title='bbox 1018 1857 1079 1888; x_wconf 77' lang='lat' dir='ltr'>hic.</span> <span class='ocrx_word' id='word_1_329' title='bbox 1094 1856 1128 1886; x_wconf 92' lang='lat' dir='ltr'>in</span> <span class='ocrx_word' id='word_1_330' title='bbox 1151 1855 1356 1895; x_wconf 82' lang='lat' dir='ltr'>responsione</span> <span class='ocrx_word' id='word_1_331' title='bbox 1379 1856 1418 1885; x_wconf 81' lang='lat' dir='ltr'>ad</span> 
     </span>
     <span class='ocr_line' id='line_1_49' title="bbox 367 1899 1417 1941; baseline -0.003 -9"><span class='ocrx_word' id='word_1_332' title='bbox 367 1902 552 1938; x_wconf 88' lang='lat' dir='ltr'>secundum,</span> <span class='ocrx_word' id='word_1_333' title='bbox 575 1902 699 1932; x_wconf 86' lang='lat' dir='ltr'>videtur</span> <span class='ocrx_word' id='word_1_334' title='bbox 726 1901 826 1932; x_wconf 87' lang='lat' dir='ltr'>dicere</span> <span class='ocrx_word' id='word_1_335' title='bbox 849 1901 938 1941; x_wconf 86' lang='lat' dir='ltr'>quod</span> <span class='ocrx_word' id='word_1_336' title='bbox 961 1907 1008 1931; x_wconf 86' lang='lat' dir='ltr'>est</span> <span class='ocrx_word' id='word_1_337' title='bbox 1028 1899 1336 1939; x_wconf 78' lang='lat' dir='ltr'>incompossibilitas·</span> <span class='ocrx_word' id='word_1_338' title='bbox 1350 1909 1417 1939; x_wconf 89' lang='lat' dir='ltr'>per-</span> 
     </span>
     <span class='ocr_line' id='line_1_50' title="bbox 367 1943 1416 1985; baseline -0.004 -9"><span class='ocrx_word' id='word_1_339' title='bbox 367 1946 510 1976; x_wconf 89' lang='lat' dir='ltr'>fectionis</span> <span class='ocrx_word' id='word_1_340' title='bbox 524 1945 641 1985; x_wconf 86' lang='lat' dir='ltr'>gloriae</span> <span class='ocrx_word' id='word_1_341' title='bbox 656 1945 696 1974; x_wconf 86' lang='lat' dir='ltr'>ad</span> <span class='ocrx_word' id='word_1_342' title='bbox 712 1944 938 1985; x_wconf 84' lang='lat' dir='ltr'>perfectionem</span> <span class='ocrx_word' id='word_1_343' title='bbox 957 1944 1048 1974; x_wconf 90' lang='lat' dir='ltr'>fidei:</span> <span class='ocrx_word' id='word_1_344' title='bbox 1073 1944 1106 1974; x_wconf 90' lang='lat' dir='ltr'>in</span> <span class='ocrx_word' id='word_1_345' title='bbox 1122 1943 1326 1983; x_wconf 86' lang='lat' dir='ltr'>responsione</span> <span class='ocrx_word' id='word_1_346' title='bbox 1342 1953 1416 1973; x_wconf 90' lang='lat' dir='ltr'>vero</span> 
     </span>
     <span class='ocr_line' id='line_1_51' title="bbox 367 1986 1415 2031; baseline -0.003 -12"><span class='ocrx_word' id='word_1_347' title='bbox 367 1990 406 2019; x_wconf 88' lang='lat' dir='ltr'>ad</span> <span class='ocrx_word' id='word_1_348' title='bbox 428 1989 563 2025; x_wconf 89' lang='lat' dir='ltr'>tertium,</span> <span class='ocrx_word' id='word_1_349' title='bbox 590 1988 663 2019; x_wconf 90' lang='lat' dir='ltr'>dicit</span> <span class='ocrx_word' id='word_1_350' title='bbox 678 1988 766 2028; x_wconf 93' lang='lat' dir='ltr'>quod</span> <span class='ocrx_word' id='word_1_351' title='bbox 789 1994 868 2018; x_wconf 86' lang='lat' dir='ltr'>esset</span> <span class='ocrx_word' id='word_1_352' title='bbox 891 1987 1097 2027; x_wconf 87' lang='lat' dir='ltr'>superfluitas,</span> <span class='ocrx_word' id='word_1_353' title='bbox 1119 1986 1143 2016; x_wconf 89' lang='lat' dir='ltr'>si</span> <span class='ocrx_word' id='word_1_354' title='bbox 1167 1993 1340 2031; x_wconf 83' lang='lat' dir='ltr'>remaneret</span> <span class='ocrx_word' id='word_1_355' title='bbox 1362 1987 1415 2017; x_wconf 89' lang='lat' dir='ltr'>ha-</span> 
     </span>
     <span class='ocr_line' id='line_1_52' title="bbox 366 2031 1291 2072; baseline -0.002 -9"><span class='ocrx_word' id='word_1_356' title='bbox 366 2033 449 2063; x_wconf 90' lang='lat' dir='ltr'>bitus</span> <span class='ocrx_word' id='word_1_357' title='bbox 464 2032 536 2062; x_wconf 88' lang='lat' dir='ltr'>fidei</span> <span class='ocrx_word' id='word_1_358' title='bbox 560 2042 625 2062; x_wconf 91' lang='lat' dir='ltr'>non</span> <span class='ocrx_word' id='word_1_359' title='bbox 648 2039 760 2072; x_wconf 90' lang='lat' dir='ltr'>potens</span> <span class='ocrx_word' id='word_1_360' title='bbox 784 2031 864 2061; x_wconf 85' lang='lat' dir='ltr'>exire</span> <span class='ocrx_word' id='word_1_361' title='bbox 886 2032 919 2062; x_wconf 86' lang='lat' dir='ltr'>in</span> <span class='ocrx_word' id='word_1_362' title='bbox 943 2038 1057 2062; x_wconf 85' lang='lat' dir='ltr'>actum.</span> <span class='ocrx_word' id='word_1_363' title='bbox 1284 2036 1291 2038; x_wconf 54' lang='lat'><strong><em>⁴</em></strong></span> 
     </span>
    </p>

    <p class='ocr_par' dir='ltr' id='par_1_16' title="bbox 363 2073 1416 2851">
     <span class='ocr_line' id='line_1_53' title="bbox 421 2073 1416 2116; baseline -0.001 -10"><span class='ocrx_word' id='word_1_364' title='bbox 421 2077 457 2107; x_wconf 87' lang='lat'>11.</span> <span class='ocrx_word' id='word_1_365' title='bbox 474 2077 524 2106; x_wconf 90' lang='lat' dir='ltr'>Ad</span> <span class='ocrx_word' id='word_1_366' title='bbox 543 2076 628 2106; x_wconf 87' lang='lat' dir='ltr'>aliud</span> <span class='ocrx_word' id='word_1_367' title='bbox 647 2076 759 2106; x_wconf 89' lang='lat' dir='ltr'>dicitur</span> <span class='ocrx_word' id='word_1_368' title='bbox 774 2076 862 2116; x_wconf 90' lang='lat' dir='ltr'>quod</span> <span class='ocrx_word' id='word_1_369' title='bbox 883 2075 1045 2105; x_wconf 84' lang='lat' dir='ltr'>evacuatio</span> <span class='ocrx_word' id='word_1_370' title='bbox 1062 2073 1186 2106; x_wconf 84' lang='lat' dir='ltr'>habitus</span> <span class='ocrx_word' id='word_1_371' title='bbox 1209 2074 1281 2105; x_wconf 79' lang='lat' dir='ltr'>fidei</span> <span class='ocrx_word' id='word_1_372' title='bbox 1305 2081 1335 2105; x_wconf 89' lang='lat' dir='ltr'>et</span> <span class='ocrx_word' id='word_1_373' title='bbox 1350 2075 1416 2115; x_wconf 86' lang='lat' dir='ltr'>spei</span> 
     </span>
     <span class='ocr_line' id='line_1_54' title="bbox 366 2118 1416 2160; baseline -0.001 -10"><span class='ocrx_word' id='word_1_374' title='bbox 366 2127 412 2151; x_wconf 91' lang='lat' dir='ltr'>est</span> <span class='ocrx_word' id='word_1_375' title='bbox 435 2130 471 2150; x_wconf 85' lang='lat' dir='ltr'>ex</span> <span class='ocrx_word' id='word_1_376' title='bbox 492 2126 625 2160; x_wconf 89' lang='lat' dir='ltr'>utraque</span> <span class='ocrx_word' id='word_1_377' title='bbox 647 2119 777 2155; x_wconf 83' lang='lat' dir='ltr'>ratione,</span> <span class='ocrx_word' id='word_1_378' title='bbox 798 2119 914 2150; x_wconf 86' lang='lat' dir='ltr'>scilicet</span> <span class='ocrx_word' id='word_1_379' title='bbox 935 2118 1168 2159; x_wconf 78' lang='lat' dir='ltr'>superfluitatis,</span> <span class='ocrx_word' id='word_1_380' title='bbox 1184 2125 1215 2149; x_wconf 88' lang='lat' dir='ltr'>et</span> <span class='ocrx_word' id='word_1_381' title='bbox 1236 2119 1416 2159; x_wconf 86' lang='lat' dir='ltr'>incompos-</span> 
     </span>
     <span class='ocr_line' id='line_1_55' title="bbox 365 2163 1416 2204; baseline -0.001 -9"><span class='ocrx_word' id='word_1_382' title='bbox 365 2164 527 2196; x_wconf 86' lang='lat' dir='ltr'>sibilitatis.</span> <span class='ocrx_word' id='word_1_383' title='bbox 545 2164 688 2195; x_wconf 89' lang='lat' dir='ltr'>Succedit</span> <span class='ocrx_word' id='word_1_384' title='bbox 704 2163 789 2194; x_wconf 90' lang='lat' dir='ltr'>enim</span> <span class='ocrx_word' id='word_1_385' title='bbox 812 2164 936 2204; x_wconf 89' lang='lat' dir='ltr'>utrique</span> <span class='ocrx_word' id='word_1_386' title='bbox 959 2163 1079 2194; x_wconf 84' lang='lat' dir='ltr'>habitui</span> <span class='ocrx_word' id='word_1_387' title='bbox 1096 2163 1215 2203; x_wconf 87' lang='lat' dir='ltr'>aliquid</span> <span class='ocrx_word' id='word_1_388' title='bbox 1232 2163 1416 2203; x_wconf 84' lang='lat' dir='ltr'>incompos-</span> 
     </span>
     <span class='ocr_line' id='line_1_56' title="bbox 366 2206 1415 2251; baseline 0.002 -13"><span class='ocrx_word' id='word_1_389' title='bbox 366 2208 463 2244; x_wconf 85' lang='lat' dir='ltr'>sibile,</span> <span class='ocrx_word' id='word_1_390' title='bbox 479 2208 551 2238; x_wconf 90' lang='lat' dir='ltr'>licet</span> <span class='ocrx_word' id='word_1_391' title='bbox 574 2218 639 2238; x_wconf 91' lang='lat' dir='ltr'>non</span> <span class='ocrx_word' id='word_1_392' title='bbox 663 2207 887 2241; x_wconf 52' lang='lat' dir='ltr'>uniformiter:</span> <span class='ocrx_word' id='word_1_393' title='bbox 901 2207 1055 2247; x_wconf 81' lang='lat' dir='ltr'>quoniam</span> <span class='ocrx_word' id='word_1_394' title='bbox 1077 2207 1191 2238; x_wconf 86' lang='lat' dir='ltr'>lumini</span> <span class='ocrx_word' id='word_1_395' title='bbox 1214 2206 1415 2251; x_wconf 42' lang='lat' dir='ltr'>fidei&#39;spcce-</span> 
     </span>
     <span class='ocr_line' id='line_1_57' title="bbox 366 2249 1414 2292; baseline 0.002 -10"><span class='ocrx_word' id='word_1_396' title='bbox 366 2252 411 2282; x_wconf 92' lang='lat' dir='ltr'>dit</span> <span class='ocrx_word' id='word_1_397' title='bbox 426 2253 534 2282; x_wconf 89' lang='lat' dir='ltr'>lumen</span> <span class='ocrx_word' id='word_1_398' title='bbox 551 2251 677 2292; x_wconf 84' lang='lat' dir='ltr'>gloriae,</span> <span class='ocrx_word' id='word_1_399' title='bbox 695 2251 722 2281; x_wconf 92' lang='lat' dir='ltr'>ei</span> <span class='ocrx_word' id='word_1_400' title='bbox 738 2249 995 2292; x_wconf 84' lang='lat' dir='ltr'>incompossibile</span> <span class='ocrx_word' id='word_1_401' title='bbox 1005 2260 1012 2288; x_wconf 85' lang='lat'>;</span> <span class='ocrx_word' id='word_1_402' title='bbox 1033 2250 1152 2281; x_wconf 89' lang='lat' dir='ltr'>habitui</span> <span class='ocrx_word' id='word_1_403' title='bbox 1168 2260 1243 2281; x_wconf 90' lang='lat' dir='ltr'>vero</span> <span class='ocrx_word' id='word_1_404' title='bbox 1260 2251 1326 2291; x_wconf 91' lang='lat' dir='ltr'>spei</span> <span class='ocrx_word' id='word_1_405' title='bbox 1345 2263 1414 2284; x_wconf 92' lang='lat' dir='ltr'>suc-</span> 
     </span>
     <span class='ocr_line' id='line_1_58' title="bbox 367 2292 1416 2335; baseline 0 -9"><span class='ocrx_word' id='word_1_406' title='bbox 367 2296 447 2326; x_wconf 91' lang='lat' dir='ltr'>cedit</span> <span class='ocrx_word' id='word_1_407' title='bbox 469 2302 555 2326; x_wconf 91' lang='lat' dir='ltr'>actus</span> <span class='ocrx_word' id='word_1_408' title='bbox 574 2295 642 2326; x_wconf 85' lang='lat' dir='ltr'>talis</span> <span class='ocrx_word' id='word_1_409' title='bbox 667 2292 828 2331; x_wconf 69' lang='lat' dir='ltr'>efficaciae,</span> <span class='ocrx_word' id='word_1_410' title='bbox 847 2305 901 2325; x_wconf 85' lang='lat' dir='ltr'>seu</span> <span class='ocrx_word' id='word_1_411' title='bbox 919 2301 1026 2330; x_wconf 82' lang='lat' dir='ltr'>status,</span> <span class='ocrx_word' id='word_1_412' title='bbox 1044 2301 1079 2324; x_wconf 89' lang='lat' dir='ltr'>ut</span> <span class='ocrx_word' id='word_1_413' title='bbox 1094 2295 1360 2335; x_wconf 88' lang='lat' dir='ltr'>incompossibilis</span> <span class='ocrx_word' id='word_1_414' title='bbox 1377 2295 1416 2326; x_wconf 91' lang='lat' dir='ltr'>sit</span> 
     </span>
     <span class='ocr_line' id='line_1_59' title="bbox 366 2336 1415 2379; baseline 0 -10"><span class='ocrx_word' id='word_1_415' title='bbox 366 2339 479 2370; x_wconf 88' lang='lat' dir='ltr'>eidem.</span> <span class='ocrx_word' id='word_1_416' title='bbox 495 2339 707 2379; x_wconf 72' lang='lat' dir='ltr'>Ad&#39;quorurn</span> <span class='ocrx_word' id='word_1_417' title='bbox 727 2338 925 2374; x_wconf 84' lang='lat' dir='ltr'>evidentiam,</span> <span class='ocrx_word' id='word_1_418' title='bbox 943 2337 1020 2368; x_wconf 83' lang='lat' dir='ltr'>sciro</span> <span class='ocrx_word' id='word_1_419' title='bbox 1043 2338 1164 2377; x_wconf 91' lang='lat' dir='ltr'>primo,</span> <span class='ocrx_word' id='word_1_420' title='bbox 1189 2336 1276 2378; x_wconf 86' lang='lat' dir='ltr'>quod</span> <span class='ocrx_word' id='word_1_421' title='bbox 1298 2338 1415 2369; x_wconf 86' lang='lat' dir='ltr'>falsum</span> 
     </span>
     <span class='ocr_line' id='line_1_60' title="bbox 366 2381 1413 2422; baseline 0 -9"><span class='ocrx_word' id='word_1_422' title='bbox 366 2389 413 2413; x_wconf 90' lang='lat' dir='ltr'>est</span> <span class='ocrx_word' id='word_1_423' title='bbox 443 2383 475 2412; x_wconf 90' lang='lat' dir='ltr'>in</span> <span class='ocrx_word' id='word_1_424' title='bbox 499 2383 597 2422; x_wconf 84' lang='lat' dir='ltr'>patria</span> <span class='ocrx_word' id='word_1_425' title='bbox 627 2382 733 2412; x_wconf 84' lang='lat' dir='ltr'>solum</span> <span class='ocrx_word' id='word_1_426' title='bbox 757 2381 889 2412; x_wconf 82' lang='lat' dir='ltr'>caritatis</span> <span class='ocrx_word' id='word_1_427' title='bbox 907 2382 1065 2412; x_wconf 27' lang='lat' dir='ltr'>*habitum</span> <span class='ocrx_word' id='word_1_428' title='bbox 1097 2389 1163 2411; x_wconf 80' lang='lat' dir='ltr'>esse</span> <span class='ocrx_word' id='word_1_429' title='bbox 1193 2383 1413 2414; x_wconf 78' lang='lat' dir='ltr'>necessarium.</span> 
     </span>
     <span class='ocr_line' id='line_1_61' title="bbox 365 2425 1414 2466; baseline 0 -9"><span class='ocrx_word' id='word_1_430' title='bbox 365 2426 503 2466; x_wconf 91' lang='lat' dir='ltr'>Oportet</span> <span class='ocrx_word' id='word_1_431' title='bbox 525 2426 610 2457; x_wconf 90' lang='lat' dir='ltr'>enim</span> <span class='ocrx_word' id='word_1_432' title='bbox 633 2426 726 2456; x_wconf 80' lang='lat' dir='ltr'>etiam</span> <span class='ocrx_word' id='word_1_433' title='bbox 750 2435 868 2466; x_wconf 88' lang='lat' dir='ltr'>ponere</span> <span class='ocrx_word' id='word_1_434' title='bbox 888 2425 1032 2456; x_wconf 80' lang='lat' dir='ltr'>habiturn</span> <span class='ocrx_word' id='word_1_435' title='bbox 1054 2425 1184 2456; x_wconf 86' lang='lat' dir='ltr'>luminis</span> <span class='ocrx_word' id='word_1_436' title='bbox 1205 2426 1332 2466; x_wconf 66' lang='lat' dir='ltr'>gloriae,</span> <span class='ocrx_word' id='word_1_437' title='bbox 1348 2437 1414 2458; x_wconf 90' lang='lat' dir='ltr'>non</span> 
     </span>
     <span class='ocr_line' id='line_1_62' title="bbox 367 2469 1416 2510; baseline 0.002 -10"><span class='ocrx_word' id='word_1_438' title='bbox 367 2471 406 2500; x_wconf 91' lang='lat' dir='ltr'>ad</span> <span class='ocrx_word' id='word_1_439' title='bbox 429 2470 548 2510; x_wconf 90' lang='lat' dir='ltr'>aliquid</span> <span class='ocrx_word' id='word_1_440' title='bbox 579 2479 690 2500; x_wconf 88' lang='lat' dir='ltr'>eorum</span> <span class='ocrx_word' id='word_1_441' title='bbox 713 2479 794 2510; x_wconf 91' lang='lat' dir='ltr'>quae</span> <span class='ocrx_word' id='word_1_442' title='bbox 818 2469 892 2500; x_wconf 84' lang='lat' dir='ltr'>dicit</span> <span class='ocrx_word' id='word_1_443' title='bbox 913 2479 1064 2509; x_wconf 87' lang='lat' dir='ltr'>arguens,</span> <span class='ocrx_word' id='word_1_444' title='bbox 1086 2470 1140 2500; x_wconf 87' lang='lat' dir='ltr'>sed</span> <span class='ocrx_word' id='word_1_445' title='bbox 1165 2470 1204 2502; x_wconf 89' lang='lat' dir='ltr'>ad</span> <span class='ocrx_word' id='word_1_446' title='bbox 1227 2470 1416 2502; x_wconf 84' lang='lat' dir='ltr'>elevandum</span> 
     </span>
     <span class='ocr_line' id='line_1_63' title="bbox 366 2510 1414 2555; baseline 0.002 -12"><span class='ocrx_word' id='word_1_447' title='bbox 366 2513 504 2544; x_wconf 86' lang='lat' dir='ltr'>animam</span> <span class='ocrx_word' id='word_1_448' title='bbox 520 2513 559 2543; x_wconf 90' lang='lat' dir='ltr'>ad</span> <span class='ocrx_word' id='word_1_449' title='bbox 574 2513 755 2543; x_wconf 89' lang='lat' dir='ltr'>videndum.</span> <span class='ocrx_word' id='word_1_450' title='bbox 773 2513 813 2544; x_wconf 91' lang='lat' dir='ltr'>Et</span> <span class='ocrx_word' id='word_1_451' title='bbox 829 2512 889 2542; x_wconf 92' lang='lat' dir='ltr'>hoc</span> <span class='ocrx_word' id='word_1_452' title='bbox 906 2519 1031 2552; x_wconf 89' lang='lat' dir='ltr'>oportet</span> <span class='ocrx_word' id='word_1_453' title='bbox 1045 2510 1193 2543; x_wconf 87' lang='lat' dir='ltr'>Scotistas</span> <span class='ocrx_word' id='word_1_454' title='bbox 1213 2512 1317 2544; x_wconf 87' lang='lat' dir='ltr'>fateri:</span> <span class='ocrx_word' id='word_1_455' title='bbox 1333 2524 1414 2555; x_wconf 92' lang='lat' dir='ltr'>quo-</span> 
     </span>
     <span class='ocr_line' id='line_1_64' title="bbox 366 2556 1415 2595; baseline 0.001 -8"><span class='ocrx_word' id='word_1_456' title='bbox 366 2557 451 2588; x_wconf 89' lang='lat' dir='ltr'>niam</span> <span class='ocrx_word' id='word_1_457' title='bbox 479 2557 719 2587; x_wconf 87' lang='lat' dir='ltr'>determinatum</span> <span class='ocrx_word' id='word_1_458' title='bbox 742 2566 798 2595; x_wconf 90' lang='lat' dir='ltr'>per</span> <span class='ocrx_word' id='word_1_459' title='bbox 819 2556 991 2586; x_wconf 86' lang='lat' dir='ltr'>Ecclesiam</span> <span class='ocrx_word' id='word_1_460' title='bbox 1016 2563 1062 2586; x_wconf 90' lang='lat' dir='ltr'>est</span> <span class='ocrx_word' id='word_1_461' title='bbox 1084 2556 1117 2586; x_wconf 90' lang='lat' dir='ltr'>in</span> <span class='ocrx_word' id='word_1_462' title='bbox 1141 2556 1360 2593; x_wconf 89' lang='lat' dir='ltr'>Clementinis,</span> <span class='ocrx_word' id='word_1_463' title='bbox 1382 2558 1415 2588; x_wconf 90' lang='lat' dir='ltr'>in</span> 
     </span>
     <span class='ocr_line' id='line_1_65' title="bbox 366 2599 1416 2641; baseline 0.001 -10"><span class='ocrx_word' id='word_1_464' title='bbox 366 2611 433 2641; x_wconf 84' lang='lat' dir='ltr'>cap.</span> <span class='ocrx_word' id='word_1_465' title='bbox 445 2601 496 2631; x_wconf 88' lang='lat' dir='ltr'>Ad</span> <span class='ocrx_word' id='word_1_466' title='bbox 512 2606 666 2638; x_wconf 86' lang='lat' dir='ltr'>nostrum,</span> <span class='ocrx_word' id='word_1_467' title='bbox 678 2600 718 2630; x_wconf 88' lang='lat' dir='ltr'>de</span> <span class='ocrx_word' id='word_1_468' title='bbox 735 2600 925 2635; x_wconf 78' lang='lat' dir='ltr'>Haereticis,</span> <span class='ocrx_word' id='word_1_469' title='bbox 947 2599 1000 2629; x_wconf 90' lang='lat' dir='ltr'>ubi</span> <span class='ocrx_word' id='word_1_470' title='bbox 1015 2599 1096 2630; x_wconf 87' lang='lat' dir='ltr'>inter</span> <span class='ocrx_word' id='word_1_471' title='bbox 1111 2609 1229 2630; x_wconf 89' lang='lat' dir='ltr'>errores</span> <span class='ocrx_word' id='word_1_472' title='bbox 1248 2601 1416 2632; x_wconf 84' lang='lat' dir='ltr'>damnatur</span> 
     </span>
     <span class='ocr_line' id='line_1_66' title="bbox 364 2644 1413 2685; baseline 0 -10"><span class='ocrx_word' id='word_1_473' title='bbox 364 2645 447 2685; x_wconf 83' lang='lat' dir='ltr'>quod</span> <span class='ocrx_word' id='word_1_474' title='bbox 469 2646 578 2674; x_wconf 87' lang='lat' dir='ltr'>anima</span> <span class='ocrx_word' id='word_1_475' title='bbox 602 2653 663 2674; x_wconf 85' lang='lat' dir='ltr'>non</span> <span class='ocrx_word' id='word_1_476' title='bbox 688 2644 831 2684; x_wconf 83' lang='lat' dir='ltr'>indigeat</span> <span class='ocrx_word' id='word_1_477' title='bbox 854 2644 974 2674; x_wconf 82' lang='lat' dir='ltr'>lumine</span> <span class='ocrx_word' id='word_1_478' title='bbox 994 2644 1122 2684; x_wconf 79' lang='lat' dir='ltr'>gloriae</span> <span class='ocrx_word' id='word_1_479' title='bbox 1148 2645 1291 2675; x_wconf 79' lang='lat' dir='ltr'>elevante</span> <span class='ocrx_word' id='word_1_480' title='bbox 1313 2647 1413 2685; x_wconf 82' lang='lat' dir='ltr'>ipsam</span> 
     </span>
     <span class='ocr_line' id='line_1_67' title="bbox 364 2687 1415 2729; baseline 0.001 -9"><span class='ocrx_word' id='word_1_481' title='bbox 364 2690 407 2720; x_wconf 83' lang='lat' dir='ltr'>ad</span> <span class='ocrx_word' id='word_1_482' title='bbox 428 2689 595 2719; x_wconf 81' lang='lat' dir='ltr'>videndum</span> <span class='ocrx_word' id='word_1_483' title='bbox 618 2689 734 2725; x_wconf 85' lang='lat' dir='ltr'>Deum,</span> <span class='ocrx_word' id='word_1_484' title='bbox 751 2693 781 2718; x_wconf 88' lang='lat' dir='ltr'>et</span> <span class='ocrx_word' id='word_1_485' title='bbox 804 2697 840 2718; x_wconf 86' lang='lat' dir='ltr'>eo</span> <span class='ocrx_word' id='word_1_486' title='bbox 863 2688 952 2718; x_wconf 84' lang='lat' dir='ltr'>beate</span> <span class='ocrx_word' id='word_1_487' title='bbox 965 2687 1157 2727; x_wconf 85' lang='lat' dir='ltr'>fruendum.</span> <span class='ocrx_word' id='word_1_488' title='bbox 1175 2689 1308 2728; x_wconf 84' lang='lat' dir='ltr'>Propter</span> <span class='ocrx_word' id='word_1_489' title='bbox 1325 2691 1415 2729; x_wconf 85' lang='lat' dir='ltr'>quod</span> 
     </span>
     <span class='ocr_line' id='line_1_68' title="bbox 363 2731 1415 2775; baseline 0 -11"><span class='ocrx_word' id='word_1_490' title='bbox 363 2734 396 2764; x_wconf 92' lang='lat' dir='ltr'>in</span> <span class='ocrx_word' id='word_1_491' title='bbox 411 2733 512 2763; x_wconf 88' lang='lat' dir='ltr'>littera</span> <span class='ocrx_word' id='word_1_492' title='bbox 526 2732 544 2750; x_wconf 49' lang='lat' dir='ltr'><strong>ff</strong></span> <span class='ocrx_word' id='word_1_493' title='bbox 559 2732 670 2762; x_wconf 89' lang='lat' dir='ltr'>dicitur</span> <span class='ocrx_word' id='word_1_494' title='bbox 690 2732 777 2772; x_wconf 90' lang='lat' dir='ltr'>quod</span> <span class='ocrx_word' id='word_1_495' title='bbox 800 2731 1144 2775; x_wconf 72' lang='lat' dir='ltr'>imperfectioluminis</span> <span class='ocrx_word' id='word_1_496' title='bbox 1158 2731 1241 2769; x_wconf 83' lang='lat' dir='ltr'>fidei,</span> <span class='ocrx_word' id='word_1_497' title='bbox 1257 2734 1347 2772; x_wconf 91' lang='lat' dir='ltr'>quod</span> <span class='ocrx_word' id='word_1_498' title='bbox 1369 2740 1415 2767; x_wconf 85' lang='lat' dir='ltr'>est</span> 
     </span>
     <span class='ocr_line' id='line_1_69' title="bbox 363 2774 1415 2818; baseline 0.002 -11"><span class='ocrx_word' id='word_1_499' title='bbox 363 2778 430 2817; x_wconf 88' lang='lat' dir='ltr'>ipse</span> <span class='ocrx_word' id='word_1_500' title='bbox 453 2777 576 2807; x_wconf 85' lang='lat' dir='ltr'>habitus</span> <span class='ocrx_word' id='word_1_501' title='bbox 596 2775 677 2812; x_wconf 88' lang='lat' dir='ltr'>fidei,</span> <span class='ocrx_word' id='word_1_502' title='bbox 695 2782 725 2805; x_wconf 91' lang='lat' dir='ltr'>et</span> <span class='ocrx_word' id='word_1_503' title='bbox 740 2775 888 2815; x_wconf 88' lang='lat' dir='ltr'>perfectio</span> <span class='ocrx_word' id='word_1_504' title='bbox 912 2775 1040 2805; x_wconf 88' lang='lat' dir='ltr'>luminis</span> <span class='ocrx_word' id='word_1_505' title='bbox 1063 2774 1179 2814; x_wconf 85' lang='lat' dir='ltr'>gloriae</span> <span class='ocrx_word' id='word_1_506' title='bbox 1205 2785 1415 2818; x_wconf 87' lang='lat' dir='ltr'>opponuntur</span> 
     </span>
     <span class='ocr_line' id='line_1_70' title="bbox 365 2818 1041 2851; baseline -0.003 0"><span class='ocrx_word' id='word_1_507' title='bbox 365 2821 443 2851; x_wconf 90' lang='lat' dir='ltr'>sicut</span> <span class='ocrx_word' id='word_1_508' title='bbox 467 2820 586 2851; x_wconf 83' lang='lat' dir='ltr'>claritas</span> <span class='ocrx_word' id='word_1_509' title='bbox 610 2819 686 2850; x_wconf 84' lang='lat' dir='ltr'>aeris</span> <span class='ocrx_word' id='word_1_510' title='bbox 717 2826 747 2849; x_wconf 93' lang='lat' dir='ltr'>et</span> <span class='ocrx_word' id='word_1_511' title='bbox 769 2819 941 2850; x_wconf 85' lang='lat' dir='ltr'>obscuritas</span> <span class='ocrx_word' id='word_1_512' title='bbox 964 2818 1041 2849; x_wconf 91' lang='lat' dir='ltr'>eius.</span> 
     </span>
    </p>

    <p class='ocr_par' dir='ltr' id='par_1_17' title="bbox 363 2863 1414 3167">
     <span class='ocr_line' id='line_1_71' title="bbox 419 2863 1414 2904; baseline 0.001 -10"><span class='ocrx_word' id='word_1_513' title='bbox 419 2864 502 2895; x_wconf 89' lang='lat' dir='ltr'>Scito</span> <span class='ocrx_word' id='word_1_514' title='bbox 526 2863 664 2894; x_wconf 91' lang='lat' dir='ltr'>secundo</span> <span class='ocrx_word' id='word_1_515' title='bbox 689 2863 786 2904; x_wconf 91' lang='lat' dir='ltr'>quod,</span> <span class='ocrx_word' id='word_1_516' title='bbox 807 2863 878 2893; x_wconf 90' lang='lat' dir='ltr'>licet</span> <span class='ocrx_word' id='word_1_517' title='bbox 901 2869 988 2893; x_wconf 87' lang='lat' dir='ltr'>actus</span> <span class='ocrx_word' id='word_1_518' title='bbox 1011 2873 1076 2893; x_wconf 93' lang='lat' dir='ltr'>non</span> <span class='ocrx_word' id='word_1_519' title='bbox 1097 2863 1210 2893; x_wconf 87' lang='lat' dir='ltr'>directe</span> <span class='ocrx_word' id='word_1_520' title='bbox 1233 2871 1414 2904; x_wconf 83' lang='lat' dir='ltr'>opponatur</span> 
     </span>
     <span class='ocr_line' id='line_1_72' title="bbox 363 2906 1413 2947; baseline 0 -8"><span class='ocrx_word' id='word_1_521' title='bbox 363 2908 493 2944; x_wconf 85' lang='lat' dir='ltr'>habitui,</span> <span class='ocrx_word' id='word_1_522' title='bbox 505 2914 571 2938; x_wconf 90' lang='lat' dir='ltr'>tam</span> <span class='ocrx_word' id='word_1_523' title='bbox 585 2908 617 2937; x_wconf 89' lang='lat' dir='ltr'>in</span> <span class='ocrx_word' id='word_1_524' title='bbox 633 2907 790 2947; x_wconf 88' lang='lat' dir='ltr'>acquisitis</span> <span class='ocrx_word' id='word_1_525' title='bbox 805 2917 902 2947; x_wconf 80' lang='lat' dir='ltr'>quarn</span> <span class='ocrx_word' id='word_1_526' title='bbox 914 2907 947 2937; x_wconf 87' lang='lat' dir='ltr'>in</span> <span class='ocrx_word' id='word_1_527' title='bbox 961 2907 1072 2937; x_wconf 86' lang='lat' dir='ltr'>infusis</span> <span class='ocrx_word' id='word_1_528' title='bbox 1085 2906 1255 2944; x_wconf 80' lang='lat' dir='ltr'>habitibus3</span> <span class='ocrx_word' id='word_1_529' title='bbox 1272 2908 1413 2939; x_wconf 85' lang='lat' dir='ltr'>differen-</span> 
     </span>
     <span class='ocr_line' id='line_1_73' title="bbox 364 2951 1413 2991; baseline 0.001 -8"><span class='ocrx_word' id='word_1_530' title='bbox 364 2960 411 2983; x_wconf 86' lang='lat' dir='ltr'>ter</span> <span class='ocrx_word' id='word_1_531' title='bbox 432 2959 536 2982; x_wconf 88' lang='lat' dir='ltr'>tamen</span> <span class='ocrx_word' id='word_1_532' title='bbox 560 2961 592 2981; x_wconf 88' lang='lat' dir='ltr'>se</span> <span class='ocrx_word' id='word_1_533' title='bbox 615 2951 730 2981; x_wconf 90' lang='lat' dir='ltr'>habent</span> <span class='ocrx_word' id='word_1_534' title='bbox 752 2951 791 2981; x_wconf 82' lang='lat' dir='ltr'>ad</span> <span class='ocrx_word' id='word_1_535' title='bbox 815 2951 1060 2991; x_wconf 83' lang='lat' dir='ltr'>corruptionem,</span> <span class='ocrx_word' id='word_1_536' title='bbox 1085 2951 1176 2991; x_wconf 83' lang='lat' dir='ltr'>quasi</span> <span class='ocrx_word' id='word_1_537' title='bbox 1199 2962 1254 2991; x_wconf 87' lang='lat' dir='ltr'>per</span> <span class='ocrx_word' id='word_1_538' title='bbox 1277 2953 1413 2984; x_wconf 87' lang='lat' dir='ltr'>modum</span> 
     </span>
     <span class='ocr_line' id='line_1_74' title="bbox 364 2994 1412 3036; baseline 0 -9"><span class='ocrx_word' id='word_1_539' title='bbox 364 2996 518 3036; x_wconf 87' lang='lat' dir='ltr'>sequelae,</span> <span class='ocrx_word' id='word_1_540' title='bbox 535 2995 658 3025; x_wconf 88' lang='lat' dir='ltr'>habitus</span> <span class='ocrx_word' id='word_1_541' title='bbox 674 2994 768 3025; x_wconf 84' lang='lat' dir='ltr'>infusi</span> <span class='ocrx_word' id='word_1_542' title='bbox 792 3001 822 3025; x_wconf 93' lang='lat' dir='ltr'>et</span> <span class='ocrx_word' id='word_1_543' title='bbox 844 2995 998 3035; x_wconf 84' lang='lat' dir='ltr'>acquisiti.</span> <span class='ocrx_word' id='word_1_544' title='bbox 1015 2996 1098 3032; x_wconf 88' lang='lat' dir='ltr'>Quia</span> <span class='ocrx_word' id='word_1_545' title='bbox 1121 2995 1263 3036; x_wconf 85' lang='lat' dir='ltr'>acquisiti</span> <span class='ocrx_word' id='word_1_546' title='bbox 1287 3006 1323 3027; x_wconf 83' lang='lat' dir='ltr'>ex</span> <span class='ocrx_word' id='word_1_547' title='bbox 1346 3007 1412 3027; x_wconf 91' lang='lat' dir='ltr'>uno</span> 
     </span>
     <span class='ocr_line' id='line_1_75' title="bbox 365 3039 1412 3080; baseline 0.001 -10"><span class='ocrx_word' id='word_1_548' title='bbox 365 3047 435 3070; x_wconf 89' lang='lat' dir='ltr'>actu</span> <span class='ocrx_word' id='word_1_549' title='bbox 458 3039 613 3070; x_wconf 88' lang='lat' dir='ltr'>contrario</span> <span class='ocrx_word' id='word_1_550' title='bbox 637 3049 701 3069; x_wconf 91' lang='lat' dir='ltr'>non</span> <span class='ocrx_word' id='word_1_551' title='bbox 727 3046 981 3079; x_wconf 91' lang='lat' dir='ltr'>corrumpuntur,</span> <span class='ocrx_word' id='word_1_552' title='bbox 1003 3046 1038 3070; x_wconf 91' lang='lat' dir='ltr'>ut</span> <span class='ocrx_word' id='word_1_553' title='bbox 1060 3046 1160 3080; x_wconf 82' lang='lat' dir='ltr'>patet:</span> <span class='ocrx_word' id='word_1_554' title='bbox 1187 3039 1282 3070; x_wconf 89' lang='lat' dir='ltr'>infusi</span> <span class='ocrx_word' id='word_1_555' title='bbox 1306 3047 1412 3072; x_wconf 81' lang='lat' dir='ltr'>autem</span> 
     </span>
     <span class='ocr_line' id='line_1_76' title="bbox 365 3082 1412 3122; baseline 0.002 -9"><span class='ocrx_word' id='word_1_556' title='bbox 365 3089 610 3122; x_wconf 86' lang='lat' dir='ltr'>corrumpuntur</span> <span class='ocrx_word' id='word_1_557' title='bbox 633 3093 669 3113; x_wconf 84' lang='lat' dir='ltr'>ex</span> <span class='ocrx_word' id='word_1_558' title='bbox 692 3093 757 3113; x_wconf 92' lang='lat' dir='ltr'>uno</span> <span class='ocrx_word' id='word_1_559' title='bbox 781 3089 851 3113; x_wconf 85' lang='lat' dir='ltr'>actu</span> <span class='ocrx_word' id='word_1_560' title='bbox 876 3083 1047 3119; x_wconf 83' lang='lat' dir='ltr'>contrario;</span> <span class='ocrx_word' id='word_1_561' title='bbox 1072 3082 1145 3113; x_wconf 91' lang='lat' dir='ltr'>fidei</span> <span class='ocrx_word' id='word_1_562' title='bbox 1175 3083 1260 3114; x_wconf 89' lang='lat' dir='ltr'>enim</span> <span class='ocrx_word' id='word_1_563' title='bbox 1288 3083 1412 3115; x_wconf 88' lang='lat' dir='ltr'>habitus</span> 
     </span>
     <span class='ocr_line' id='line_1_77' title="bbox 365 3126 1305 3167; baseline 0.002 -11"><span class='ocrx_word' id='word_1_564' title='bbox 365 3137 430 3157; x_wconf 89' lang='lat' dir='ltr'>non</span> <span class='ocrx_word' id='word_1_565' title='bbox 453 3134 592 3156; x_wconf 82' lang='lat' dir='ltr'>remanet</span> <span class='ocrx_word' id='word_1_566' title='bbox 614 3126 646 3156; x_wconf 91' lang='lat' dir='ltr'>in</span> <span class='ocrx_word' id='word_1_567' title='bbox 670 3136 707 3156; x_wconf 89' lang='lat' dir='ltr'>eo</span> <span class='ocrx_word' id='word_1_568' title='bbox 731 3126 786 3167; x_wconf 90' lang='lat' dir='ltr'>qui</span> <span class='ocrx_word' id='word_1_569' title='bbox 809 3136 874 3156; x_wconf 92' lang='lat' dir='ltr'>uno</span> <span class='ocrx_word' id='word_1_570' title='bbox 899 3133 968 3157; x_wconf 89' lang='lat' dir='ltr'>actu</span> <span class='ocrx_word' id='word_1_571' title='bbox 993 3134 1086 3167; x_wconf 88' lang='lat' dir='ltr'>negat</span> <span class='ocrx_word' id='word_1_572' title='bbox 1107 3126 1305 3158; x_wconf 81' lang='lat' dir='ltr'>Trinitatem.</span> 
     </span>
    </p>

    <p class='ocr_par' dir='ltr' id='par_1_18' title="bbox 364 3170 1414 3256">
     <span class='ocr_line' id='line_1_78' title="bbox 419 3170 1413 3211; baseline 0.002 -11"><span class='ocrx_word' id='word_1_573' title='bbox 419 3171 504 3201; x_wconf 92' lang='lat' dir='ltr'>Scito</span> <span class='ocrx_word' id='word_1_574' title='bbox 527 3170 618 3200; x_wconf 90' lang='lat' dir='ltr'>tertio</span> <span class='ocrx_word' id='word_1_575' title='bbox 643 3171 741 3210; x_wconf 84' lang='lat' dir='ltr'>quod,</span> <span class='ocrx_word' id='word_1_576' title='bbox 764 3170 836 3200; x_wconf 91' lang='lat' dir='ltr'>licet</span> <span class='ocrx_word' id='word_1_577' title='bbox 859 3171 978 3201; x_wconf 82' lang='lat' dir='ltr'>habitui</span> <span class='ocrx_word' id='word_1_578' title='bbox 1001 3171 1114 3201; x_wconf 88' lang='lat' dir='ltr'>directe</span> <span class='ocrx_word' id='word_1_579' title='bbox 1137 3181 1203 3201; x_wconf 89' lang='lat' dir='ltr'>non</span> <span class='ocrx_word' id='word_1_580' title='bbox 1232 3178 1413 3211; x_wconf 84' lang='lat' dir='ltr'>opponatur</span> 
     </span>
     <span class='ocr_line' id='line_1_79' title="bbox 364 3213 1414 3256; baseline 0.005 -13"><span class='ocrx_word' id='word_1_581' title='bbox 364 3214 497 3253; x_wconf 89' lang='lat' dir='ltr'>positive</span> <span class='ocrx_word' id='word_1_582' title='bbox 526 3214 585 3244; x_wconf 91' lang='lat' dir='ltr'>nisi</span> <span class='ocrx_word' id='word_1_583' title='bbox 613 3213 714 3244; x_wconf 83' lang='lat' dir='ltr'>forma</span> <span class='ocrx_word' id='word_1_584' title='bbox 741 3214 906 3245; x_wconf 80' lang='lat' dir='ltr'>habitualis</span> <span class='ocrx_word' id='word_1_585' title='bbox 936 3214 970 3244; x_wconf 89' lang='lat' dir='ltr'>in</span> <span class='ocrx_word' id='word_1_586' title='bbox 993 3215 1106 3245; x_wconf 89' lang='lat' dir='ltr'>eodem</span> <span class='ocrx_word' id='word_1_587' title='bbox 1129 3215 1285 3252; x_wconf 86' lang='lat' dir='ltr'>subiecto,</span> <span class='ocrx_word' id='word_1_588' title='bbox 1309 3222 1414 3256; x_wconf 58' lang='lat' dir='ltr'>potat</span> 
     </span>
    </p>
   </div>
   <div class='ocr_carea' id='block_1_13' title="bbox 364 3257 1435 3299">
    <p class='ocr_par' dir='ltr' id='par_1_19' title="bbox 364 3257 1435 3299">
     <span class='ocr_line' id='line_1_80' title="bbox 364 3257 1435 3299; baseline 0.004 -12"><span class='ocrx_word' id='word_1_589' title='bbox 364 3265 469 3288; x_wconf 87' lang='lat' dir='ltr'>tamen</span> <span class='ocrx_word' id='word_1_590' title='bbox 493 3257 558 3288; x_wconf 83' lang='lat' dir='ltr'>sine</span> <span class='ocrx_word' id='word_1_591' title='bbox 581 3257 634 3288; x_wconf 85' lang='lat' dir='ltr'>tali</span> <span class='ocrx_word' id='word_1_592' title='bbox 658 3258 805 3298; x_wconf 85' lang='lat' dir='ltr'>opposita</span> <span class='ocrx_word' id='word_1_593' title='bbox 826 3257 944 3294; x_wconf 85' lang='lat' dir='ltr'>forma,</span> <span class='ocrx_word' id='word_1_594' title='bbox 969 3258 1144 3290; x_wconf 86' lang='lat' dir='ltr'>subiectum</span> <span class='ocrx_word' id='word_1_595' title='bbox 1174 3259 1301 3299; x_wconf 86' lang='lat' dir='ltr'>disponi</span> <span class='ocrx_word' id='word_1_596' title='bbox 1330 3266 1412 3292; x_wconf 83' lang='lat' dir='ltr'>statu</span> <span class='ocrx_word' id='word_1_597' title='bbox 1433 3280 1435 3282; x_wconf 59' lang='lat'>&gt;</span> 
     </span>
    </p>
   </div>
   <div class='ocr_carea' id='block_1_14' title="bbox 363 3300 1416 3606">
    <p class='ocr_par' dir='ltr' id='par_1_20' title="bbox 363 3300 1413 3429">
     <span class='ocr_line' id='line_1_81' title="bbox 363 3300 1412 3343; baseline 0.003 -12"><span class='ocrx_word' id='word_1_598' title='bbox 363 3301 612 3343; x_wconf 89' lang='lat' dir='ltr'>incompossibili</span> <span class='ocrx_word' id='word_1_599' title='bbox 636 3300 689 3331; x_wconf 87' lang='lat' dir='ltr'>tali</span> <span class='ocrx_word' id='word_1_600' title='bbox 713 3301 841 3342; x_wconf 67' lang='lat' dir='ltr'>habitui.</span> <span class='ocrx_word' id='word_1_601' title='bbox 857 3301 978 3332; x_wconf 90' lang='lat' dir='ltr'>Desinit</span> <span class='ocrx_word' id='word_1_602' title='bbox 1000 3312 1138 3343; x_wconf 83' lang='lat' dir='ltr'>namque</span> <span class='ocrx_word' id='word_1_603' title='bbox 1153 3302 1257 3333; x_wconf 84' lang='lat' dir='ltr'>forma</span> <span class='ocrx_word' id='word_1_604' title='bbox 1279 3314 1345 3334; x_wconf 90' lang='lat' dir='ltr'>non</span> <span class='ocrx_word' id='word_1_605' title='bbox 1361 3314 1412 3334; x_wconf 91' lang='lat' dir='ltr'>so-</span> 
     </span>
     <span class='ocr_line' id='line_1_82' title="bbox 363 3344 1413 3384; baseline 0.004 -10"><span class='ocrx_word' id='word_1_606' title='bbox 363 3344 431 3375; x_wconf 89' lang='lat' dir='ltr'>lum</span> <span class='ocrx_word' id='word_1_607' title='bbox 455 3355 509 3384; x_wconf 91' lang='lat' dir='ltr'>per</span> <span class='ocrx_word' id='word_1_608' title='bbox 532 3344 763 3375; x_wconf 86' lang='lat' dir='ltr'>successionem</span> <span class='ocrx_word' id='word_1_609' title='bbox 793 3345 980 3382; x_wconf 88' lang='lat' dir='ltr'>contrariae;</span> <span class='ocrx_word' id='word_1_610' title='bbox 1007 3346 1061 3376; x_wconf 89' lang='lat' dir='ltr'>sed</span> <span class='ocrx_word' id='word_1_611' title='bbox 1108 3356 1140 3376; x_wconf 92' lang='lat' dir='ltr'>er</span> <span class='ocrx_word' id='word_1_612' title='bbox 1168 3347 1413 3378; x_wconf 86' lang='lat' dir='ltr'>subtractionem</span> 
     </span>
     <span class='ocr_line' id='line_1_83' title="bbox 365 3388 1268 3429; baseline 0.003 -11"><span class='ocrx_word' id='word_1_613' title='bbox 365 3398 476 3419; x_wconf 87' lang='lat' dir='ltr'>eorum</span> <span class='ocrx_word' id='word_1_614' title='bbox 499 3388 613 3429; x_wconf 91' lang='lat' dir='ltr'>quibus</span> <span class='ocrx_word' id='word_1_615' title='bbox 637 3388 890 3425; x_wconf 84' lang='lat' dir='ltr'>conservabatur,</span> <span class='ocrx_word' id='word_1_616' title='bbox 914 3396 948 3419; x_wconf 91' lang='lat' dir='ltr'>ut</span> <span class='ocrx_word' id='word_1_617' title='bbox 970 3396 1056 3429; x_wconf 87' lang='lat' dir='ltr'>patet</span> <span class='ocrx_word' id='word_1_618' title='bbox 1100 3400 1116 3420; x_wconf 92' lang='lat' dir='ltr'>e</span> <span class='ocrx_word' id='word_1_619' title='bbox 1138 3391 1268 3421; x_wconf 86' lang='lat' dir='ltr'>lumine.</span> 
     </span>
    </p>

    <p class='ocr_par' dir='ltr' id='par_1_21' title="bbox 365 3432 1416 3606">
     <span class='ocr_line' id='line_1_84' title="bbox 420 3432 1414 3473; baseline 0.003 -11"><span class='ocrx_word' id='word_1_620' title='bbox 420 3433 534 3463; x_wconf 79' lang='lat' dir='ltr'>111.Ex</span> <span class='ocrx_word' id='word_1_621' title='bbox 556 3432 671 3473; x_wconf 88' lang='lat' dir='ltr'>quibus</span> <span class='ocrx_word' id='word_1_622' title='bbox 694 3433 807 3463; x_wconf 84' lang='lat' dir='ltr'>habere</span> <span class='ocrx_word' id='word_1_623' title='bbox 830 3439 920 3472; x_wconf 88' lang='lat' dir='ltr'>potes</span> <span class='ocrx_word' id='word_1_624' title='bbox 943 3434 1031 3473; x_wconf 92' lang='lat' dir='ltr'>quod</span> <span class='ocrx_word' id='word_1_625' title='bbox 1050 3434 1123 3464; x_wconf 85' lang='lat' dir='ltr'>fidei</span> <span class='ocrx_word' id='word_1_626' title='bbox 1146 3434 1270 3466; x_wconf 82' lang='lat' dir='ltr'>babitus</span> <span class='ocrx_word' id='word_1_627' title='bbox 1287 3445 1414 3466; x_wconf 81' lang='lat' dir='ltr'>evacua·</span> 
     </span>
     <span class='ocr_line' id='line_1_85' title="bbox 365 3476 1413 3518; baseline 0.004 -13"><span class='ocrx_word' id='word_1_628' title='bbox 365 3482 415 3505; x_wconf 90' lang='lat' dir='ltr'>tur</span> <span class='ocrx_word' id='word_1_629' title='bbox 437 3476 469 3506; x_wconf 92' lang='lat' dir='ltr'>in</span> <span class='ocrx_word' id='word_1_630' title='bbox 493 3476 590 3515; x_wconf 84' lang='lat' dir='ltr'>patria</span> <span class='ocrx_word' id='word_1_631' title='bbox 614 3486 650 3506; x_wconf 85' lang='lat' dir='ltr'>ex</span> <span class='ocrx_word' id='word_1_632' title='bbox 673 3476 869 3507; x_wconf 90' lang='lat' dir='ltr'>successione</span> <span class='ocrx_word' id='word_1_633' title='bbox 893 3477 1057 3516; x_wconf 83' lang='lat' dir='ltr'>oppositae</span> <span class='ocrx_word' id='word_1_634' title='bbox 1080 3478 1210 3515; x_wconf 88' lang='lat' dir='ltr'>formae,</span> <span class='ocrx_word' id='word_1_635' title='bbox 1228 3479 1344 3518; x_wconf 82' lang='lat' dir='ltr'>scilicet</span> <span class='ocrx_word' id='word_1_636' title='bbox 1366 3479 1413 3509; x_wconf 91' lang='lat' dir='ltr'>lu-</span> 
     </span>
     <span class='ocr_line' id='line_1_86' title="bbox 365 3519 1414 3562; baseline 0.005 -14"><span class='ocrx_word' id='word_1_637' title='bbox 365 3519 457 3549; x_wconf 89' lang='lat' dir='ltr'>minis</span> <span class='ocrx_word' id='word_1_638' title='bbox 480 3519 596 3559; x_wconf 89' lang='lat' dir='ltr'>gloriae</span> <span class='ocrx_word' id='word_1_639' title='bbox 606 3530 669 3559; x_wconf 85' lang='lat' dir='ltr'>per</span> <span class='ocrx_word' id='word_1_640' title='bbox 690 3520 816 3551; x_wconf 88' lang='lat' dir='ltr'>modum</span> <span class='ocrx_word' id='word_1_641' title='bbox 840 3520 965 3551; x_wconf 79' lang='lat' dir='ltr'>habitus</span> <span class='ocrx_word' id='word_1_642' title='bbox 984 3519 1097 3562; x_wconf 92' lang='lat' dir='ltr'>(Quod</span> <span class='ocrx_word' id='word_1_643' title='bbox 1125 3522 1195 3552; x_wconf 92' lang='lat' dir='ltr'>dico</span> <span class='ocrx_word' id='word_1_644' title='bbox 1215 3529 1343 3562; x_wconf 90' lang='lat' dir='ltr'>propter</span> <span class='ocrx_word' id='word_1_645' title='bbox 1365 3523 1414 3553; x_wconf 93' lang='lat' dir='ltr'>lu-</span> 
     </span>
     <span class='ocr_line' id='line_1_87' title="bbox 365 3563 1416 3606; baseline 0.005 -14"><span class='ocrx_word' id='word_1_646' title='bbox 365 3572 438 3593; x_wconf 89' lang='lat' dir='ltr'>men</span> <span class='ocrx_word' id='word_1_647' title='bbox 461 3563 576 3602; x_wconf 89' lang='lat' dir='ltr'>gloriae</span> <span class='ocrx_word' id='word_1_648' title='bbox 600 3574 655 3603; x_wconf 92' lang='lat' dir='ltr'>per</span> <span class='ocrx_word' id='word_1_649' title='bbox 669 3564 803 3594; x_wconf 89' lang='lat' dir='ltr'>modum</span> <span class='ocrx_word' id='word_1_650' title='bbox 827 3564 981 3604; x_wconf 86' lang='lat' dir='ltr'>passionis</span> <span class='ocrx_word' id='word_1_651' title='bbox 995 3564 1028 3594; x_wconf 92' lang='lat' dir='ltr'>in</span> <span class='ocrx_word' id='word_1_652' title='bbox 1052 3572 1143 3605; x_wconf 85' lang='lat' dir='ltr'>raptu</span> <span class='ocrx_word' id='word_1_653' title='bbox 1161 3566 1259 3602; x_wconf 85' lang='lat' dir='ltr'>Pauli,</span> <span class='ocrx_word' id='word_1_654' title='bbox 1282 3573 1317 3597; x_wconf 91' lang='lat' dir='ltr'>ut</span> <span class='ocrx_word' id='word_1_655' title='bbox 1331 3573 1416 3606; x_wconf 83' lang='lat' dir='ltr'>patet</span> 
     </span>
    </p>
   </div>
   <div class='ocr_carea' id='block_1_15' title="bbox 1464 1284 2530 3608">
    <p class='ocr_par' dir='ltr' id='par_1_22' title="bbox 1464 1284 2530 3608">
     <span class='ocr_line' id='line_1_88' title="bbox 1474 1284 2528 1328; baseline 0.006 -13"><span class='ocrx_word' id='word_1_656' title='bbox 1474 1284 1506 1315; x_wconf 91' lang='lat' dir='ltr'>in</span> <span class='ocrx_word' id='word_1_657' title='bbox 1524 1287 1561 1316; x_wconf 87' lang='lat'>11·</span> <span class='ocrx_word' id='word_1_658' title='bbox 1579 1286 1638 1323; x_wconf 73' lang='lat'>11⁰,</span> <span class='ocrx_word' id='word_1_659' title='bbox 1650 1297 1704 1328; x_wconf 92' lang='lat' dir='ltr'>qu.</span> <span class='ocrx_word' id='word_1_660' title='bbox 1718 1299 1824 1326; x_wconf 58' lang='lat' dir='ltr'>cxxxv,</span> <span class='ocrx_word' id='word_1_661' title='bbox 1842 1297 1897 1321; x_wconf 84' lang='lat' dir='ltr'>art.</span> <span class='ocrx_word' id='word_1_662' title='bbox 1918 1291 1933 1320; x_wconf 86' lang='lat'><strong>3</strong></span> <span class='ocrx_word' id='word_1_663' title='bbox 1950 1290 1977 1320; x_wconf 85' lang='lat'>*.</span> <span class='ocrx_word' id='word_1_664' title='bbox 2001 1290 2066 1325; x_wconf 89' lang='lat' dir='ltr'>Nec</span> <span class='ocrx_word' id='word_1_665' title='bbox 2089 1290 2194 1320; x_wconf 90' lang='lat' dir='ltr'>obstat</span> <span class='ocrx_word' id='word_1_666' title='bbox 2216 1289 2352 1320; x_wconf 87' lang='lat' dir='ltr'>obiectio</span> <span class='ocrx_word' id='word_1_667' title='bbox 2375 1289 2528 1327; x_wconf 74' lang='lat' dir='ltr'>nutandi,</span> 
     </span>
     <span class='ocr_line' id='line_1_89' title="bbox 1475 1332 2530 1374; baseline 0.004 -14"><span class='ocrx_word' id='word_1_668' title='bbox 1475 1340 1528 1370; x_wconf 92' lang='lat' dir='ltr'>qu.</span> <span class='ocrx_word' id='word_1_669' title='bbox 1549 1341 1598 1367; x_wconf 86' lang='lat'>111,</span> <span class='ocrx_word' id='word_1_670' title='bbox 1622 1341 1692 1362; x_wconf 71' lang='lat' dir='ltr'>xxia</span> <span class='ocrx_word' id='word_1_671' title='bbox 1714 1332 1784 1363; x_wconf 90' lang='lat' dir='ltr'>dist.</span> <span class='ocrx_word' id='word_1_672' title='bbox 1806 1334 1846 1364; x_wconf 93' lang='lat'>111</span> <span class='ocrx_word' id='word_1_673' title='bbox 1870 1334 1973 1371; x_wconf 88' lang='lat' dir='ltr'>Sent.,</span> <span class='ocrx_word' id='word_1_674' title='bbox 1998 1334 2131 1364; x_wconf 88' lang='lat' dir='ltr'>scilicet:</span> <span class='ocrx_word' id='word_1_675' title='bbox 2157 1334 2247 1370; x_wconf 89' lang='lat' dir='ltr'>Quae</span> <span class='ocrx_word' id='word_1_676' title='bbox 2276 1341 2411 1374; x_wconf 87' lang='lat' dir='ltr'>possunt</span> <span class='ocrx_word' id='word_1_677' title='bbox 2434 1334 2530 1365; x_wconf 87' lang='lat' dir='ltr'>simul</span> 
     </span>
     <span class='ocr_line' id='line_1_90' title="bbox 1474 1374 2527 1418; baseline 0.004 -15"><span class='ocrx_word' id='word_1_678' title='bbox 1474 1384 1530 1413; x_wconf 90' lang='lat' dir='ltr'>per</span> <span class='ocrx_word' id='word_1_679' title='bbox 1543 1374 1661 1405; x_wconf 83' lang='lat' dir='ltr'>instans</span> <span class='ocrx_word' id='word_1_680' title='bbox 1677 1386 1753 1413; x_wconf 91' lang='lat' dir='ltr'>esse,</span> <span class='ocrx_word' id='word_1_681' title='bbox 1770 1385 1905 1417; x_wconf 88' lang='lat' dir='ltr'>possunt</span> <span class='ocrx_word' id='word_1_682' title='bbox 1919 1378 2015 1408; x_wconf 86' lang='lat' dir='ltr'>simul</span> <span class='ocrx_word' id='word_1_683' title='bbox 2027 1388 2094 1408; x_wconf 91' lang='lat' dir='ltr'>esse</span> <span class='ocrx_word' id='word_1_684' title='bbox 2109 1378 2266 1413; x_wconf 86' lang='lat' dir='ltr'>absolute;</span> <span class='ocrx_word' id='word_1_685' title='bbox 2291 1377 2366 1418; x_wconf 83' lang='lat' dir='ltr'>quia</span> <span class='ocrx_word' id='word_1_686' title='bbox 2381 1387 2527 1418; x_wconf 88' lang='lat' dir='ltr'>compos-</span> 
     </span>
     <span class='ocr_line' id='line_1_91' title="bbox 1473 1417 2527 1461; baseline 0.005 -14"><span class='ocrx_word' id='word_1_687' title='bbox 1473 1417 1654 1449; x_wconf 84' lang='lat' dir='ltr'>sibilitatem</span> <span class='ocrx_word' id='word_1_688' title='bbox 1669 1419 1687 1439; x_wconf 83' lang='lat'>*</span> <span class='ocrx_word' id='word_1_689' title='bbox 1709 1430 1775 1450; x_wconf 90' lang='lat' dir='ltr'>non</span> <span class='ocrx_word' id='word_1_690' title='bbox 1795 1421 2117 1461; x_wconf 79' lang='lat' dir='ltr'>impedit,longitudo</span> <span class='ocrx_word' id='word_1_691' title='bbox 2141 1421 2310 1461; x_wconf 80' lang='lat' dir='ltr'>temporiS‚</span> <span class='ocrx_word' id='word_1_692' title='bbox 2337 1421 2391 1451; x_wconf 90' lang='lat' dir='ltr'>sed</span> <span class='ocrx_word' id='word_1_693' title='bbox 2417 1428 2527 1452; x_wconf 88' lang='lat' dir='ltr'>natura</span> 
     </span>
     <span class='ocr_line' id='line_1_92' title="bbox 1475 1462 2527 1505; baseline 0.005 -14"><span class='ocrx_word' id='word_1_694' title='bbox 1475 1462 1695 1502; x_wconf 89' lang='lat' dir='ltr'>oppositionis.</span> <span class='ocrx_word' id='word_1_695' title='bbox 1707 1482 1726 1486; x_wconf 98' lang='lat'><strong>—</strong></span> <span class='ocrx_word' id='word_1_696' title='bbox 1737 1464 1859 1496; x_wconf 89' lang='lat' dir='ltr'>Dicitur</span> <span class='ocrx_word' id='word_1_697' title='bbox 1878 1465 1964 1496; x_wconf 85' lang='lat' dir='ltr'>enim</span> <span class='ocrx_word' id='word_1_698' title='bbox 1982 1466 2021 1495; x_wconf 90' lang='lat' dir='ltr'>ad</span> <span class='ocrx_word' id='word_1_699' title='bbox 2044 1465 2105 1495; x_wconf 92' lang='lat' dir='ltr'>hoc</span> <span class='ocrx_word' id='word_1_700' title='bbox 2122 1465 2210 1505; x_wconf 94' lang='lat' dir='ltr'>quod</span> <span class='ocrx_word' id='word_1_701' title='bbox 2228 1464 2527 1505; x_wconf 85' lang='lat' dir='ltr'>incompossibilitas</span> 
     </span>
     <span class='ocr_line' id='line_1_93' title="bbox 1474 1505 2527 1549; baseline 0.004 -14"><span class='ocrx_word' id='word_1_702' title='bbox 1474 1505 1636 1546; x_wconf 87' lang='lat' dir='ltr'>consurgit</span> <span class='ocrx_word' id='word_1_703' title='bbox 1658 1517 1694 1537; x_wconf 86' lang='lat' dir='ltr'>ex</span> <span class='ocrx_word' id='word_1_704' title='bbox 1717 1515 1828 1539; x_wconf 87' lang='lat' dir='ltr'>natura</span> <span class='ocrx_word' id='word_1_705' title='bbox 1847 1508 2069 1549; x_wconf 89' lang='lat' dir='ltr'>oppositionis.</span> <span class='ocrx_word' id='word_1_706' title='bbox 2090 1509 2151 1539; x_wconf 88' lang='lat' dir='ltr'>Sed</span> <span class='ocrx_word' id='word_1_707' title='bbox 2168 1508 2330 1549; x_wconf 86' lang='lat' dir='ltr'>oppositio</span> <span class='ocrx_word' id='word_1_708' title='bbox 2349 1509 2527 1549; x_wconf 85' lang='lat' dir='ltr'>aliquarum</span> 
     </span>
     <span class='ocr_line' id='line_1_94' title="bbox 1473 1550 2527 1589; baseline 0.003 -10"><span class='ocrx_word' id='word_1_709' title='bbox 1473 1550 1649 1589; x_wconf 84' lang='lat' dir='ltr'>specierum</span> <span class='ocrx_word' id='word_1_710' title='bbox 1676 1561 1741 1582; x_wconf 88' lang='lat' dir='ltr'>non</span> <span class='ocrx_word' id='word_1_711' title='bbox 1765 1559 1812 1583; x_wconf 86' lang='lat' dir='ltr'>est</span> <span class='ocrx_word' id='word_1_712' title='bbox 1833 1553 1865 1582; x_wconf 90' lang='lat' dir='ltr'>in</span> <span class='ocrx_word' id='word_1_713' title='bbox 1896 1560 1967 1584; x_wconf 86' lang='lat' dir='ltr'>actu</span> <span class='ocrx_word' id='word_1_714' title='bbox 1991 1553 2123 1583; x_wconf 85' lang='lat' dir='ltr'>exercita</span> <span class='ocrx_word' id='word_1_715' title='bbox 2154 1553 2214 1582; x_wconf 88' lang='lat' dir='ltr'>nisi</span> <span class='ocrx_word' id='word_1_716' title='bbox 2243 1553 2276 1582; x_wconf 91' lang='lat' dir='ltr'>in</span> <span class='ocrx_word' id='word_1_717' title='bbox 2307 1559 2388 1582; x_wconf 82' lang='lat' dir='ltr'>statu</span> <span class='ocrx_word' id='word_1_718' title='bbox 2417 1562 2527 1583; x_wconf 87' lang='lat' dir='ltr'>earum</span> 
     </span>
     <span class='ocr_line' id='line_1_95' title="bbox 1473 1594 2527 1636; baseline 0.004 -13"><span class='ocrx_word' id='word_1_719' title='bbox 1473 1594 1642 1633; x_wconf 90' lang='lat' dir='ltr'>completo,</span> <span class='ocrx_word' id='word_1_720' title='bbox 1660 1602 1695 1625; x_wconf 94' lang='lat' dir='ltr'>ut</span> <span class='ocrx_word' id='word_1_721' title='bbox 1718 1603 1802 1635; x_wconf 91' lang='lat' dir='ltr'>patet</span> <span class='ocrx_word' id='word_1_722' title='bbox 1824 1596 1857 1626; x_wconf 91' lang='lat' dir='ltr'>in</span> <span class='ocrx_word' id='word_1_723' title='bbox 1880 1597 1947 1627; x_wconf 89' lang='lat' dir='ltr'>viro</span> <span class='ocrx_word' id='word_1_724' title='bbox 1968 1603 2133 1627; x_wconf 88' lang='lat' dir='ltr'>mansueto</span> <span class='ocrx_word' id='word_1_725' title='bbox 2153 1602 2300 1636; x_wconf 87' lang='lat' dir='ltr'>peccante</span> <span class='ocrx_word' id='word_1_726' title='bbox 2321 1606 2357 1626; x_wconf 86' lang='lat' dir='ltr'>ex</span> <span class='ocrx_word' id='word_1_727' title='bbox 2381 1596 2527 1636; x_wconf 86' lang='lat' dir='ltr'>passione</span> 
     </span>
     <span class='ocr_line' id='line_1_96' title="bbox 1473 1638 2526 1679; baseline 0.005 -12"><span class='ocrx_word' id='word_1_728' title='bbox 1473 1647 1529 1673; x_wconf 84' lang='lat' dir='ltr'>seu</span> <span class='ocrx_word' id='word_1_729' title='bbox 1552 1638 1758 1678; x_wconf 79' lang='lat' dir='ltr'>dispositione</span> <span class='ocrx_word' id='word_1_730' title='bbox 1774 1640 1900 1671; x_wconf 85' lang='lat' dir='ltr'>modica</span> <span class='ocrx_word' id='word_1_731' title='bbox 1915 1640 1994 1671; x_wconf 83' lang='lat' dir='ltr'>irae:</span> <span class='ocrx_word' id='word_1_732' title='bbox 2011 1641 2044 1670; x_wconf 91' lang='lat' dir='ltr'>in</span> <span class='ocrx_word' id='word_1_733' title='bbox 2067 1640 2130 1671; x_wconf 89' lang='lat' dir='ltr'>hoc</span> <span class='ocrx_word' id='word_1_734' title='bbox 2150 1640 2235 1671; x_wconf 87' lang='lat' dir='ltr'>enim</span> <span class='ocrx_word' id='word_1_735' title='bbox 2258 1640 2354 1670; x_wconf 83' lang='lat' dir='ltr'>simul</span> <span class='ocrx_word' id='word_1_736' title='bbox 2374 1640 2526 1679; x_wconf 61' lang='lat' dir='ltr'>stambu-</span> 
     </span>
     <span class='ocr_line' id='line_1_97' title="bbox 1473 1680 2525 1730; baseline 0.004 -19"><span class='ocrx_word' id='word_1_737' title='bbox 1473 1681 1556 1712; x_wconf 87' lang='lat' dir='ltr'>bitus</span> <span class='ocrx_word' id='word_1_738' title='bbox 1579 1683 1839 1720; x_wconf 70' lang='lat' dir='ltr'>mansuetudinis,</span> <span class='ocrx_word' id='word_1_739' title='bbox 1856 1690 1887 1714; x_wconf 92' lang='lat' dir='ltr'>et</span> <span class='ocrx_word' id='word_1_740' title='bbox 1909 1694 1975 1714; x_wconf 91' lang='lat' dir='ltr'>non</span> <span class='ocrx_word' id='word_1_741' title='bbox 1999 1685 2106 1714; x_wconf 81' lang='lat' dir='ltr'>solum</span> <span class='ocrx_word' id='word_1_742' title='bbox 2124 1690 2211 1715; x_wconf 85' lang='lat' dir='ltr'>actus</span> <span class='ocrx_word' id='word_1_743' title='bbox 2234 1683 2306 1726; x_wconf 66' lang='lat' dir='ltr'>irae,</span> <span class='ocrx_word' id='word_1_744' title='bbox 2323 1680 2525 1730; x_wconf 65' lang='lat' dir='ltr'>sedhabilqs</span> 
     </span>
     <span class='ocr_line' id='line_1_98' title="bbox 1471 1724 2525 1769; baseline 0.003 -14"><span class='ocrx_word' id='word_1_745' title='bbox 1471 1724 1534 1755; x_wconf 87' lang='lat' dir='ltr'>irae</span> <span class='ocrx_word' id='word_1_746' title='bbox 1556 1725 1743 1763; x_wconf 84' lang='lat' dir='ltr'>inchoative,</span> <span class='ocrx_word' id='word_1_747' title='bbox 1759 1727 1814 1767; x_wconf 91' lang='lat' dir='ltr'>qui</span> <span class='ocrx_word' id='word_1_748' title='bbox 1837 1727 1915 1758; x_wconf 93' lang='lat' dir='ltr'>nihil</span> <span class='ocrx_word' id='word_1_749' title='bbox 1934 1727 2017 1758; x_wconf 88' lang='lat' dir='ltr'>aliud</span> <span class='ocrx_word' id='word_1_750' title='bbox 2043 1734 2089 1758; x_wconf 90' lang='lat' dir='ltr'>est</span> <span class='ocrx_word' id='word_1_751' title='bbox 2112 1737 2210 1769; x_wconf 88' lang='lat' dir='ltr'>quam</span> <span class='ocrx_word' id='word_1_752' title='bbox 2224 1726 2296 1767; x_wconf 79' lang='lat' dir='ltr'>ipsa</span> <span class='ocrx_word' id='word_1_753' title='bbox 2314 1726 2359 1758; x_wconf 64' lang='lat' dir='ltr'>iri</span> <span class='ocrx_word' id='word_1_754' title='bbox 2374 1727 2436 1768; x_wconf 51' lang='grc' dir='ltr'>,ῥεῖ</span> <span class='ocrx_word' id='word_1_755' title='bbox 2451 1731 2525 1759; x_wconf 69' lang='lat' dir='ltr'>mo—</span> 
     </span>
     <span class='ocr_line' id='line_1_99' title="bbox 1471 1763 2525 1812; baseline 0.004 -14"><span class='ocrx_word' id='word_1_756' title='bbox 1471 1769 1549 1799; x_wconf 89' lang='lat' dir='ltr'>dum</span> <span class='ocrx_word' id='word_1_757' title='bbox 1564 1770 1729 1809; x_wconf 87' lang='lat' dir='ltr'>passionis.</span> <span class='ocrx_word' id='word_1_758' title='bbox 1745 1770 1796 1801; x_wconf 90' lang='lat' dir='ltr'>Sic</span> <span class='ocrx_word' id='word_1_759' title='bbox 1812 1771 1897 1801; x_wconf 89' lang='lat' dir='ltr'>enim</span> <span class='ocrx_word' id='word_1_760' title='bbox 1915 1771 2202 1811; x_wconf 65' lang='lat' dir='ltr'>proportionaliter,</span> <span class='ocrx_word' id='word_1_761' title='bbox 2223 1778 2252 1801; x_wconf 91' lang='lat' dir='ltr'>et</span> <span class='ocrx_word' id='word_1_762' title='bbox 2268 1763 2525 1812; x_wconf 48' lang='lat' dir='ltr'>eaddmjr&#39;uionss</span> 
     </span>
     <span class='ocr_line' id='line_1_100' title="bbox 1470 1811 2526 1856; baseline 0.001 -13"><span class='ocrx_word' id='word_1_763' title='bbox 1470 1813 1530 1844; x_wconf 81' lang='lat' dir='ltr'>fuit</span> <span class='ocrx_word' id='word_1_764' title='bbox 1552 1814 1585 1843; x_wconf 89' lang='lat' dir='ltr'>in</span> <span class='ocrx_word' id='word_1_765' title='bbox 1614 1812 1713 1844; x_wconf 85' lang='lat' dir='ltr'>Paulo</span> <span class='ocrx_word' id='word_1_766' title='bbox 1738 1813 1776 1844; x_wconf 87' lang='lat' dir='ltr'>de</span> <span class='ocrx_word' id='word_1_767' title='bbox 1804 1812 1911 1845; x_wconf 86' lang='lat' dir='ltr'>habitu</span> <span class='ocrx_word' id='word_1_768' title='bbox 1934 1814 2008 1845; x_wconf 83' lang='lat' dir='ltr'>fidei</span> <span class='ocrx_word' id='word_1_769' title='bbox 2040 1821 2071 1845; x_wconf 88' lang='lat' dir='ltr'>et</span> <span class='ocrx_word' id='word_1_770' title='bbox 2092 1812 2213 1847; x_wconf 84' lang='lat' dir='ltr'>lumine</span> <span class='ocrx_word' id='word_1_771' title='bbox 2228 1811 2526 1856; x_wconf 28' lang='lat' dir='ltr'>*glofiuezffsproptee</span> 
     </span>
     <span class='ocr_line' id='line_1_101' title="bbox 1470 1856 2526 1899; baseline 0.002 -12"><span class='ocrx_word' id='word_1_772' title='bbox 1470 1857 1690 1897; x_wconf 86' lang='lat' dir='ltr'>imperfectum</span> <span class='ocrx_word' id='word_1_773' title='bbox 1705 1858 1791 1889; x_wconf 83' lang='lat' dir='ltr'>enim</span> <span class='ocrx_word' id='word_1_774' title='bbox 1801 1859 1943 1888; x_wconf 73' lang='lat' dir='ltr'>modum</span> <span class='ocrx_word' id='word_1_775' title='bbox 1958 1858 2090 1895; x_wconf 80' lang='lat' dir='ltr'>essendi,</span> <span class='ocrx_word' id='word_1_776' title='bbox 2108 1856 2271 1899; x_wconf 58' lang='lat' dir='ltr'>oppositio</span> <span class='ocrx_word' id='word_1_777' title='bbox 2285 1862 2366 1899; x_wconf 61' lang='lat' dir='ltr'>quiue</span> <span class='ocrx_word' id='word_1_778' title='bbox 2381 1863 2428 1889; x_wconf 78' lang='lat' dir='ltr'>est</span> <span class='ocrx_word' id='word_1_779' title='bbox 2444 1858 2526 1889; x_wconf 65' lang='lat' dir='ltr'>inte?</span> 
     </span>
     <span class='ocr_line' id='line_1_102' title="bbox 1469 1901 2526 1943; baseline 0.004 -12"><span class='ocrx_word' id='word_1_780' title='bbox 1469 1901 1653 1936; x_wconf 80' lang='lat' dir='ltr'>huiusmodi</span> <span class='ocrx_word' id='word_1_781' title='bbox 1672 1902 1800 1939; x_wconf 75' lang='lat' dir='ltr'>formas,</span> <span class='ocrx_word' id='word_1_782' title='bbox 1817 1903 1952 1934; x_wconf 79' lang='lat' dir='ltr'>exerceri</span> <span class='ocrx_word' id='word_1_783' title='bbox 1970 1908 2036 1933; x_wconf 84' lang='lat' dir='ltr'>non</span> <span class='ocrx_word' id='word_1_784' title='bbox 2052 1903 2167 1943; x_wconf 83' lang='lat' dir='ltr'>potuit,</span> <span class='ocrx_word' id='word_1_785' title='bbox 2181 1902 2334 1942; x_wconf 70' lang='lat' dir='ltr'>impedita</span> <span class='ocrx_word' id='word_1_786' title='bbox 2345 1903 2384 1934; x_wconf 76' lang='lat' dir='ltr'>ab</span> <span class='ocrx_word' id='word_1_787' title='bbox 2402 1902 2526 1935; x_wconf 62' lang='lat' dir='ltr'>essendi</span> 
     </span>
     <span class='ocr_line' id='line_1_103' title="bbox 1469 1945 2526 1988; baseline 0 -11"><span class='ocrx_word' id='word_1_788' title='bbox 1469 1945 1558 1977; x_wconf 85' lang='lat' dir='ltr'>modi</span> <span class='ocrx_word' id='word_1_789' title='bbox 1581 1945 1801 1988; x_wconf 78' lang='lat' dir='ltr'>perfectione);</span> <span class='ocrx_word' id='word_1_790' title='bbox 1822 1954 1854 1978; x_wconf 88' lang='lat' dir='ltr'>et</span> <span class='ocrx_word' id='word_1_791' title='bbox 1871 1956 1908 1978; x_wconf 81' lang='lat' dir='ltr'>ex</span> <span class='ocrx_word' id='word_1_792' title='bbox 1923 1946 2065 1978; x_wconf 60' lang='lat' dir='ltr'>efficacia,</span> <span class='ocrx_word' id='word_1_793' title='bbox 2077 1946 2334 1987; x_wconf 49' lang='lat' dir='ltr'>oppositi&#39;actuffi</span> <span class='ocrx_word' id='word_1_794' title='bbox 2347 1946 2464 1987; x_wconf 58' lang='lat' dir='ltr'>scilicet</span> <span class='ocrx_word' id='word_1_795' title='bbox 2479 1946 2526 1988; x_wconf 54' lang='lat' dir='ltr'>qis-J</span> 
     </span>
     <span class='ocr_line' id='line_1_104' title="bbox 1470 1989 2525 2041; baseline 0.006 -22"><span class='ocrx_word' id='word_1_796' title='bbox 1470 1989 1542 2020; x_wconf 88' lang='lat' dir='ltr'>dere</span> <span class='ocrx_word' id='word_1_797' title='bbox 1564 1990 1670 2034; x_wconf 83' lang='lat' dir='ltr'>Deum</span> <span class='ocrx_word' id='word_1_798' title='bbox 1688 2001 1755 2022; x_wconf 90' lang='lat' dir='ltr'>non</span> <span class='ocrx_word' id='word_1_799' title='bbox 1777 2001 1833 2031; x_wconf 91' lang='lat' dir='ltr'>per</span> <span class='ocrx_word' id='word_1_800' title='bbox 1848 1992 1984 2023; x_wconf 85' lang='lat' dir='ltr'>modum</span> <span class='ocrx_word' id='word_1_801' title='bbox 2007 1991 2212 2028; x_wconf 76' lang='lat' dir='ltr'>transeuntis3</span> <span class='ocrx_word' id='word_1_802' title='bbox 2232 1997 2267 2033; x_wconf 83' lang='lat' dir='ltr'>et</span> <span class='ocrx_word' id='word_1_803' title='bbox 2286 2001 2322 2022; x_wconf 86' lang='lat' dir='ltr'>ex</span> <span class='ocrx_word' id='word_1_804' title='bbox 2338 1991 2525 2041; x_wconf 44' lang='lat' dir='ltr'>incoqpoa-dx</span> 
     </span>
     <span class='ocr_line' id='line_1_105' title="bbox 1469 2030 2524 2079; baseline 0.003 -16"><span class='ocrx_word' id='word_1_805' title='bbox 1469 2032 1551 2064; x_wconf 85' lang='lat' dir='ltr'>sibili</span> <span class='ocrx_word' id='word_1_806' title='bbox 1575 2040 1656 2064; x_wconf 86' lang='lat' dir='ltr'>statu</span> <span class='ocrx_word' id='word_1_807' title='bbox 1684 2031 1864 2077; x_wconf 76' lang='lat' dir='ltr'>suppositi,</span> <span class='ocrx_word' id='word_1_808' title='bbox 1887 2041 1934 2066; x_wconf 85' lang='lat' dir='ltr'>est</span> <span class='ocrx_word' id='word_1_809' title='bbox 1961 2035 2046 2066; x_wconf 84' lang='lat' dir='ltr'>enim</span> <span class='ocrx_word' id='word_1_810' title='bbox 2077 2035 2187 2066; x_wconf 83' lang='lat' dir='ltr'>beatus</span> <span class='ocrx_word' id='word_1_811' title='bbox 2217 2035 2250 2065; x_wconf 89' lang='lat' dir='ltr'>in</span> <span class='ocrx_word' id='word_1_812' title='bbox 2279 2034 2333 2071; x_wconf 77' lang='lat' dir='ltr'>tali</span> <span class='ocrx_word' id='word_1_813' title='bbox 2363 2030 2444 2066; x_wconf 79' lang='lat' dir='ltr'>statu</span> <span class='ocrx_word' id='word_1_814' title='bbox 2473 2045 2524 2079; x_wconf 73' lang='lat' dir='ltr'>cui</span> 
     </span>
     <span class='ocr_line' id='line_1_106' title="bbox 1469 2071 2526 2120; baseline 0.003 -13"><span class='ocrx_word' id='word_1_815' title='bbox 1469 2084 1622 2118; x_wconf 77' lang='lat' dir='ltr'>repugnat</span> <span class='ocrx_word' id='word_1_816' title='bbox 1644 2077 1834 2109; x_wconf 66' lang='lat' dir='ltr'>huiusmodi·</span> <span class='ocrx_word' id='word_1_817' title='bbox 1852 2079 2054 2120; x_wconf 38' lang='lat' dir='ltr'>imperfectio*</span> <span class='ocrx_word' id='word_1_818' title='bbox 2080 2076 2258 2110; x_wconf 70' lang='lat' dir='ltr'>habitualis.</span> <span class='ocrx_word' id='word_1_819' title='bbox 2291 2081 2293 2084; x_wconf 92' lang='lat'>·</span> <span class='ocrx_word' id='word_1_820' title='bbox 2479 2071 2526 2117; x_wconf 59' lang='lat'>²¹2·</span> 
     </span>
     <span class='ocr_line' id='line_1_107' title="bbox 1520 2116 2526 2164; baseline 0.003 -13"><span class='ocrx_word' id='word_1_821' title='bbox 1520 2122 1593 2161; x_wconf 82' lang='lat' dir='ltr'>Spei</span> <span class='ocrx_word' id='word_1_822' title='bbox 1603 2128 1714 2152; x_wconf 64' lang='lat' dir='ltr'>autem·</span> <span class='ocrx_word' id='word_1_823' title='bbox 1721 2123 1846 2153; x_wconf 67' lang='lat' dir='ltr'>habitus</span> <span class='ocrx_word' id='word_1_824' title='bbox 1856 2126 2068 2156; x_wconf 66' lang='lat' dir='ltr'>evacuat-uret</span> <span class='ocrx_word' id='word_1_825' title='bbox 2080 2133 2118 2153; x_wconf 88' lang='lat' dir='ltr'>ex</span> <span class='ocrx_word' id='word_1_826' title='bbox 2129 2122 2264 2155; x_wconf 76' lang='lat' dir='ltr'>efficacia</span> <span class='ocrx_word' id='word_1_827' title='bbox 2273 2123 2415 2164; x_wconf 59' lang='lat' dir='ltr'>oppositi</span> <span class='ocrx_word' id='word_1_828' title='bbox 2425 2116 2526 2160; x_wconf 57' lang='lat' dir='ltr'>actes}</span> 
     </span>
     <span class='ocr_line' id='line_1_108' title="bbox 1468 2165 2526 2211; baseline 0.004 -16"><span class='ocrx_word' id='word_1_829' title='bbox 1468 2165 1586 2198; x_wconf 88' lang='lat' dir='ltr'>scilicet</span> <span class='ocrx_word' id='word_1_830' title='bbox 1601 2166 1716 2199; x_wconf 76' lang='lat' dir='ltr'>hahere</span> <span class='ocrx_word' id='word_1_831' title='bbox 1728 2167 1859 2211; x_wconf 37' lang='lat' dir='ltr'>Deum*</span> <span class='ocrx_word' id='word_1_832' title='bbox 1871 2174 1907 2198; x_wconf 74' lang='lat' dir='ltr'>et</span> <span class='ocrx_word' id='word_1_833' title='bbox 1919 2177 1964 2199; x_wconf 77' lang='lat' dir='ltr'>ex</span> <span class='ocrx_word' id='word_1_834' title='bbox 1974 2166 2227 2207; x_wconf 77' lang='lat' dir='ltr'>incompossibili</span> <span class='ocrx_word' id='word_1_835' title='bbox 2248 2166 2332 2199; x_wconf 65' lang='lat' dir='ltr'>niatu</span> <span class='ocrx_word' id='word_1_836' title='bbox 2349 2167 2526 2208; x_wconf 54' lang='lat' dir='ltr'>suppositis</span> 
     </span>
     <span class='ocr_line' id='line_1_109' title="bbox 1468 2210 2524 2252; baseline -0.001 -2"><span class='ocrx_word' id='word_1_837' title='bbox 1468 2219 1534 2244; x_wconf 67' lang='lat' dir='ltr'>1³0ss</span> <span class='ocrx_word' id='word_1_838' title='bbox 1549 2210 1637 2251; x_wconf 53' lang='lat' dir='ltr'>§.nim</span> <span class='ocrx_word' id='word_1_839' title='bbox 1649 2211 1744 2251; x_wconf 65' lang='lat' dir='ltr'>estin</span> <span class='ocrx_word' id='word_1_840' title='bbox 1760 2210 2094 2252; x_wconf 18' lang='lat' dir='ltr'>statultnobilissvssdff*</span> <span class='ocrx_word' id='word_1_841' title='bbox 2113 2211 2248 2251; x_wconf 53' lang='lat' dir='ltr'>omniuo</span> <span class='ocrx_word' id='word_1_842' title='bbox 2262 2210 2524 2252; x_wconf 53' lang='lat' dir='ltr'>wwntisscui</span> 
     </span>
     <span class='ocr_line' id='line_1_110' title="bbox 1468 2251 2525 2304; baseline 0.002 -20"><span class='ocrx_word' id='word_1_843' title='bbox 1468 2251 1624 2294; x_wconf 69' lang='lat' dir='ltr'>repugnat¹</span> <span class='ocrx_word' id='word_1_844' title='bbox 1630 2252 1829 2298; x_wconf 74' lang='lat' dir='ltr'>imperfectio</span> <span class='ocrx_word' id='word_1_845' title='bbox 1842 2255 2010 2295; x_wconf 79' lang='lat' dir='ltr'>habitualis</span> <span class='ocrx_word' id='word_1_846' title='bbox 2022 2255 2158 2300; x_wconf 27' lang='lat' dir='ltr'>mobilis..</span> <span class='ocrx_word' id='word_1_847' title='bbox 2171 2252 2228 2294; x_wconf 81' lang='lat' dir='ltr'>Est</span> <span class='ocrx_word' id='word_1_848' title='bbox 2241 2255 2326 2300; x_wconf 65' lang='lat' dir='ltr'>enirn</span> <span class='ocrx_word' id='word_1_849' title='bbox 2332 2255 2525 2304; x_wconf 46' lang='lat' dir='ltr'>„huiusmodi</span> 
     </span>
     <span class='ocr_line' id='line_1_111' title="bbox 1468 2291 2525 2343; baseline 0.003 -16"><span class='ocrx_word' id='word_1_850' title='bbox 1468 2296 1601 2329; x_wconf 80' lang='lat' dir='ltr'>mutatio·</span> <span class='ocrx_word' id='word_1_851' title='bbox 1626 2302 1733 2340; x_wconf 69' lang='lat' dir='ltr'>status,</span> <span class='ocrx_word' id='word_1_852' title='bbox 1749 2298 1926 2341; x_wconf 34' lang='lat' dir='ltr'>subtractio.</span> <span class='ocrx_word' id='word_1_853' title='bbox 1941 2295 2098 2343; x_wconf 63' lang='lat' dir='ltr'>quaedam</span> <span class='ocrx_word' id='word_1_854' title='bbox 2114 2291 2283 2341; x_wconf 48' lang='lat' dir='ltr'>subiectisi&#39;</span> <span class='ocrx_word' id='word_1_855' title='bbox 2303 2291 2367 2340; x_wconf 64' lang='lat' dir='ltr'>sius</span> <span class='ocrx_word' id='word_1_856' title='bbox 2385 2296 2525 2343; x_wconf 54' lang='lat' dir='ltr'>habitus*</span> 
     </span>
     <span class='ocr_line' id='line_1_112' title="bbox 1468 2310 2526 2384; baseline 0.003 -13"><span class='ocrx_word' id='word_1_857' title='bbox 1468 2340 1555 2371; x_wconf 88' lang='lat' dir='ltr'>Sicut</span> <span class='ocrx_word' id='word_1_858' title='bbox 1577 2332 1903 2373; x_wconf 56' lang='lat' dir='ltr'>enim&#39;liabituslhon</span> <span class='ocrx_word' id='word_1_859' title='bbox 1923 2336 2170 2383; x_wconf 64' lang='lat' dir='ltr'>generatdr³hisi</span> <span class='ocrx_word' id='word_1_860' title='bbox 2190 2310 2526 2384; x_wconf 37' lang='lat' dir='ltr'>ilistlfiliect&#39;d‘dtspo&#39;ss</span> 
     </span>
     <span class='ocr_line' id='line_1_113' title="bbox 1468 2380 2526 2427; baseline 0.004 -13"><span class='ocrx_word' id='word_1_861' title='bbox 1468 2385 1539 2420; x_wconf 83' lang='lat' dir='ltr'>sito,</span> <span class='ocrx_word' id='word_1_862' title='bbox 1555 2385 1677 2417; x_wconf 54' lang='lat' dir='ltr'>nanee</span> <span class='ocrx_word' id='word_1_863' title='bbox 1688 2390 1902 2422; x_wconf 66' lang='lat' dir='ltr'>eonservamr,</span> <span class='ocrx_word' id='word_1_864' title='bbox 1922 2380 2370 2427; x_wconf 58' lang='lat' dir='ltr'>suetraeminnfflfioffiffl</span> <span class='ocrx_word' id='word_1_865' title='bbox 2386 2392 2405 2418; x_wconf 64' lang='lat' dir='ltr'>a</span> <span class='ocrx_word' id='word_1_866' title='bbox 2416 2383 2526 2418; x_wconf 63' lang='lat' dir='ltr'>subit-ss</span> 
     </span>
     <span class='ocr_line' id='line_1_114' title="bbox 1469 2428 2526 2470; baseline 0.003 -11"><span class='ocrx_word' id='word_1_867' title='bbox 1469 2435 1531 2461; x_wconf 81' lang='lat' dir='ltr'>cto.</span> <span class='ocrx_word' id='word_1_868' title='bbox 1556 2429 1598 2459; x_wconf 86' lang='lat' dir='ltr'>Et</span> <span class='ocrx_word' id='word_1_869' title='bbox 1615 2429 1683 2461; x_wconf 82' lang='lat' dir='ltr'>hoc</span> <span class='ocrx_word' id='word_1_870' title='bbox 1704 2428 1756 2460; x_wconf 82' lang='lat' dir='ltr'>hic</span> <span class='ocrx_word' id='word_1_871' title='bbox 1778 2429 1947 2470; x_wconf 74' lang='lat' dir='ltr'>contingit:</span> <span class='ocrx_word' id='word_1_872' title='bbox 1972 2428 2454 2462; x_wconf 66' lang='lat' dir='ltr'>intellecthssenimzinimobilis</span> <span class='ocrx_word' id='word_1_873' title='bbox 2480 2428 2526 2462; x_wconf 72' lang='grc' dir='ltr'><strong><em>ιὸ</em></strong></span> 
     </span>
     <span class='ocr_line' id='line_1_115' title="bbox 1468 2472 2526 2515; baseline 0.005 -13"><span class='ocrx_word' id='word_1_874' title='bbox 1468 2472 1670 2514; x_wconf 71' lang='lat' dir='ltr'>credendum,</span> <span class='ocrx_word' id='word_1_875' title='bbox 1680 2479 1716 2510; x_wconf 75' lang='lat' dir='ltr'>et</span> <span class='ocrx_word' id='word_1_876' title='bbox 1722 2473 1875 2511; x_wconf 24' lang='lat' dir='ltr'>,voluntas</span> <span class='ocrx_word' id='word_1_877' title='bbox 1889 2474 2074 2514; x_wconf 52' lang='lat' dir='ltr'>immobilis¹</span> <span class='ocrx_word' id='word_1_878' title='bbox 2081 2473 2119 2515; x_wconf 79' lang='lat' dir='ltr'>ad</span> <span class='ocrx_word' id='word_1_879' title='bbox 2126 2497 2130 2514; x_wconf 53' lang='lat'><em>3</em></span> <span class='ocrx_word' id='word_1_880' title='bbox 2136 2475 2336 2515; x_wconf 65' lang='lat' dir='ltr'>sperandum,</span> <span class='ocrx_word' id='word_1_881' title='bbox 2344 2482 2416 2507; x_wconf 79' lang='lat' dir='ltr'>-non</span> <span class='ocrx_word' id='word_1_882' title='bbox 2423 2482 2526 2514; x_wconf 57' lang='lat' dir='ltr'>&#39;fimi</span> 
     </span>
     <span class='ocr_line' id='line_1_116' title="bbox 1468 2514 2525 2567; baseline 0.007 -22"><span class='ocrx_word' id='word_1_883' title='bbox 1468 2515 1523 2550; x_wconf 82' lang='lat' dir='ltr'>sed</span> <span class='ocrx_word' id='word_1_884' title='bbox 1547 2514 1742 2561; x_wconf 55' lang='lat' dir='ltr'>simpliciterg</span> <span class='ocrx_word' id='word_1_885' title='bbox 1763 2517 1847 2551; x_wconf 73' lang='lat' dir='ltr'>,sicut</span> <span class='ocrx_word' id='word_1_886' title='bbox 1869 2527 2046 2559; x_wconf 67' lang='lat' dir='ltr'>nunquam⁴</span> <span class='ocrx_word' id='word_1_887' title='bbox 2067 2519 2266 2565; x_wconf 64' lang='lat' dir='ltr'>susciperent</span> <span class='ocrx_word' id='word_1_888' title='bbox 2280 2518 2356 2559; x_wconf 80' lang='lat' dir='ltr'>fidei</span> <span class='ocrx_word' id='word_1_889' title='bbox 2379 2526 2434 2551; x_wconf 89' lang='lat' dir='ltr'>aut</span> <span class='ocrx_word' id='word_1_890' title='bbox 2454 2519 2525 2567; x_wconf 56' lang='lat' dir='ltr'>spe}</span> 
     </span>
     <span class='ocr_line' id='line_1_117' title="bbox 1467 2556 2523 2605; baseline 0.007 -17"><span class='ocrx_word' id='word_1_891' title='bbox 1467 2559 1621 2595; x_wconf 87' lang='lat' dir='ltr'>habitum,</span> <span class='ocrx_word' id='word_1_892' title='bbox 1638 2558 1682 2590; x_wconf 86' lang='lat' dir='ltr'>ita</span> <span class='ocrx_word' id='word_1_893' title='bbox 1704 2564 1762 2602; x_wconf 77' lang='lat' dir='ltr'>&#39;nec</span> <span class='ocrx_word' id='word_1_894' title='bbox 1786 2562 2095 2602; x_wconf 33' lang='lat' dir='ltr'>conservante-Ex</span> <span class='ocrx_word' id='word_1_895' title='bbox 2119 2563 2138 2601; x_wconf 80' lang='lat' dir='ltr'>&#39;o</span> <span class='ocrx_word' id='word_1_896' title='bbox 2163 2556 2398 2605; x_wconf 62' lang='lat' dir='ltr'>posita⁴autem</span> <span class='ocrx_word' id='word_1_897' title='bbox 2418 2559 2477 2601; x_wconf 20' lang='lat' dir='ltr'>for&amp;</span> <span class='ocrx_word' id='word_1_898' title='bbox 2505 2573 2523 2603; x_wconf 66' lang='lat' dir='ltr'>a</span> 
     </span>
     <span class='ocr_line' id='line_1_118' title="bbox 1467 2573 2524 2681; baseline 0.006 -49"><span class='ocrx_word' id='word_1_899' title='bbox 1467 2602 1618 2633; x_wconf 81' lang='lat' dir='ltr'>habituali</span> <span class='ocrx_word' id='word_1_900' title='bbox 1641 2603 1761 2633; x_wconf 83' lang='lat' dir='ltr'>nonin</span> <span class='ocrx_word' id='word_1_901' title='bbox 1790 2603 1909 2643; x_wconf 51' lang='lat' dir='ltr'>eodem¹</span> <span class='ocrx_word' id='word_1_902' title='bbox 1927 2599 2084 2643; x_wconf 69' lang='lat' dir='ltr'>subiecto,</span> <span class='ocrx_word' id='word_1_903' title='bbox 2106 2573 2189 2636; x_wconf 57' lang='lat' dir='ltr'>iffgst</span> <span class='ocrx_word' id='word_1_904' title='bbox 2207 2573 2524 2681; x_wconf 46' lang='lat' dir='ltr'>hilaritate}&#39;‘sedliig¹</span> 
     </span>
     <span class='ocr_line' id='line_1_119' title="bbox 1468 2647 2513 2691; baseline 0.006 -15"><span class='ocrx_word' id='word_1_905' title='bbox 1468 2647 1539 2677; x_wconf 83' lang='lat' dir='ltr'>eius</span> <span class='ocrx_word' id='word_1_906' title='bbox 1555 2652 1656 2683; x_wconf 82' lang='lat' dir='ltr'>causa,</span> <span class='ocrx_word' id='word_1_907' title='bbox 1671 2647 1786 2678; x_wconf 76' lang='lat' dir='ltr'>scilicet</span> <span class='ocrx_word' id='word_1_908' title='bbox 1801 2647 1972 2685; x_wconf 77' lang='lat' dir='ltr'>intellectu,</span> <span class='ocrx_word' id='word_1_909' title='bbox 1988 2649 2179 2686; x_wconf 56' lang='lat' dir='ltr'>excluditur}</span> <span class='ocrx_word' id='word_1_910' title='bbox 2189 2648 2474 2691; x_wconf 45' lang='lat' dir='ltr'>lumine-seilicet&amp;</span> <span class='ocrx_word' id='word_1_911' title='bbox 2504 2651 2513 2657; x_wconf 58' lang='lat'><em>⁹</em></span> 
     </span>
     <span class='ocr_line' id='line_1_120' title="bbox 1467 2691 2524 2732; baseline 0.006 -12"><span class='ocrx_word' id='word_1_912' title='bbox 1467 2691 1545 2721; x_wconf 87' lang='lat' dir='ltr'>riae:</span> <span class='ocrx_word' id='word_1_913' title='bbox 1567 2691 1610 2721; x_wconf 86' lang='lat' dir='ltr'>ita</span> <span class='ocrx_word' id='word_1_914' title='bbox 1625 2691 1714 2731; x_wconf 91' lang='lat' dir='ltr'>quod</span> <span class='ocrx_word' id='word_1_915' title='bbox 1729 2691 1838 2722; x_wconf 85' lang='lat' dir='ltr'>lumen</span> <span class='ocrx_word' id='word_1_916' title='bbox 1861 2692 1978 2732; x_wconf 85' lang='lat' dir='ltr'>gloriae</span> <span class='ocrx_word' id='word_1_917' title='bbox 1994 2703 2050 2732; x_wconf 92' lang='lat' dir='ltr'>per</span> <span class='ocrx_word' id='word_1_918' title='bbox 2065 2694 2209 2725; x_wconf 60' lang='lat' dir='ltr'>modum,</span> <span class='ocrx_word' id='word_1_919' title='bbox 2219 2691 2524 2730; x_wconf 54' lang='lat' dir='ltr'>habitu&#39;sflidbstim</span> 
     </span>
     <span class='ocr_line' id='line_1_121' title="bbox 1467 2734 2524 2779; baseline 0.006 -15"><span class='ocrx_word' id='word_1_920' title='bbox 1467 2734 1626 2767; x_wconf 85' lang='lat' dir='ltr'>mobiliter</span> <span class='ocrx_word' id='word_1_921' title='bbox 1647 2735 1808 2772; x_wconf 81' lang='lat' dir='ltr'>habitum,</span> <span class='ocrx_word' id='word_1_922' title='bbox 1831 2743 1876 2767; x_wconf 62' lang='lat' dir='ltr'>est</span> <span class='ocrx_word' id='word_1_923' title='bbox 1897 2736 2212 2777; x_wconf 7' lang='lat' dir='ltr'>formaxahabitualis.</span> <span class='ocrx_word' id='word_1_924' title='bbox 2227 2738 2524 2779; x_wconf 55' lang='lat' dir='ltr'>oppositefflabitui</span> 
     </span>
     <span class='ocr_line' id='line_1_122' title="bbox 1466 2777 2525 2829; baseline 0.007 -21"><span class='ocrx_word' id='word_1_925' title='bbox 1466 2777 1539 2811; x_wconf 83' lang='lat' dir='ltr'>fidei</span> <span class='ocrx_word' id='word_1_926' title='bbox 1566 2785 1596 2809; x_wconf 89' lang='lat' dir='ltr'>et</span> <span class='ocrx_word' id='word_1_927' title='bbox 1619 2779 1694 2818; x_wconf 88' lang='lat' dir='ltr'>spei,</span> <span class='ocrx_word' id='word_1_928' title='bbox 1721 2779 1774 2809; x_wconf 90' lang='lat' dir='ltr'>sed</span> <span class='ocrx_word' id='word_1_929' title='bbox 1799 2778 1871 2811; x_wconf 88' lang='lat' dir='ltr'>fidei</span> <span class='ocrx_word' id='word_1_930' title='bbox 1895 2779 2077 2817; x_wconf 85' lang='lat' dir='ltr'>formaliter,</span> <span class='ocrx_word' id='word_1_931' title='bbox 2106 2781 2173 2822; x_wconf 77' lang='lat' dir='ltr'>spei</span> <span class='ocrx_word' id='word_1_932' title='bbox 2193 2781 2374 2822; x_wconf 70' lang='lat' dir='ltr'>virtualiter.</span> <span class='ocrx_word' id='word_1_933' title='bbox 2397 2783 2439 2818; x_wconf 62' lang='lat' dir='ltr'>Ea</span> <span class='ocrx_word' id='word_1_934' title='bbox 2460 2783 2525 2829; x_wconf 56' lang='lat' dir='ltr'>hyp</span> 
     </span>
     <span class='ocr_line' id='line_1_123' title="bbox 1467 2819 2525 2867; baseline 0.006 -15"><span class='ocrx_word' id='word_1_935' title='bbox 1467 2821 1582 2853; x_wconf 84' lang='lat' dir='ltr'>sufficit</span> <span class='ocrx_word' id='word_1_936' title='bbox 1600 2823 1639 2852; x_wconf 81' lang='lat' dir='ltr'>ad</span> <span class='ocrx_word' id='word_1_937' title='bbox 1663 2822 1894 2854; x_wconf 89' lang='lat' dir='ltr'>successionem</span> <span class='ocrx_word' id='word_1_938' title='bbox 1915 2823 2036 2861; x_wconf 75' lang='lat' dir='ltr'>formae</span> <span class='ocrx_word' id='word_1_939' title='bbox 2058 2823 2336 2867; x_wconf 74' lang='lat' dir='ltr'>incompossibilis.</span> <span class='ocrx_word' id='word_1_940' title='bbox 2352 2844 2372 2850; x_wconf 85' lang='lat'>-</span> <span class='ocrx_word' id='word_1_941' title='bbox 2388 2822 2430 2858; x_wconf 80' lang='lat' dir='ltr'>Et&#39;</span> <span class='ocrx_word' id='word_1_942' title='bbox 2447 2819 2525 2866; x_wconf 58' lang='lat' dir='ltr'>haesi</span> 
     </span>
     <span class='ocr_line' id='line_1_124' title="bbox 1467 2857 2526 2913; baseline 0.007 -18"><span class='ocrx_word' id='word_1_943' title='bbox 1467 2866 1580 2896; x_wconf 78' lang='lat' dir='ltr'>ultima</span> <span class='ocrx_word' id='word_1_944' title='bbox 1601 2864 1695 2896; x_wconf 85' lang='lat' dir='ltr'>verba</span> <span class='ocrx_word' id='word_1_945' title='bbox 1718 2867 1785 2897; x_wconf 83' lang='lat' dir='ltr'>sola</span> <span class='ocrx_word' id='word_1_946' title='bbox 1809 2865 1967 2898; x_wconf 85' lang='lat' dir='ltr'>sufficiant</span> <span class='ocrx_word' id='word_1_947' title='bbox 1987 2877 2046 2908; x_wconf 88' lang='lat' dir='ltr'>pro</span> <span class='ocrx_word' id='word_1_948' title='bbox 2070 2867 2130 2909; x_wconf 65' lang='lat' dir='ltr'>hac</span> <span class='ocrx_word' id='word_1_949' title='bbox 2150 2857 2300 2900; x_wconf 55' lang='lat' dir='ltr'>x&#39;t&#39;e‘ritiite‘:¹</span> <span class='ocrx_word' id='word_1_950' title='bbox 2320 2860 2526 2913; x_wconf 53' lang='lat' dir='ltr'>reliqua&#39;sitst</span> 
     </span>
     <span class='ocr_line' id='line_1_125' title="bbox 1467 2910 2434 2950; baseline 0.004 -10"><span class='ocrx_word' id='word_1_951' title='bbox 1467 2911 1506 2940; x_wconf 71' lang='lat' dir='ltr'>ad</span> <span class='ocrx_word' id='word_1_952' title='bbox 1529 2910 1763 2950; x_wconf 84' lang='lat' dir='ltr'>perfectionem.</span> <span class='ocrx_word' id='word_1_953' title='bbox 2018 2923 2021 2928; x_wconf 71' lang='grc'>’</span> <span class='ocrx_word' id='word_1_954' title='bbox 2130 2922 2147 2934; x_wconf 89' lang='lat'>¹·</span> <span class='ocrx_word' id='word_1_955' title='bbox 2198 2914 2235 2933; x_wconf 54' lang='lat'>⁴¹*</span> <span class='ocrx_word' id='word_1_956' title='bbox 2369 2913 2434 2935; x_wconf 52' lang='lat'>&#39;⁸2³&#39;</span> 
     </span>
     <span class='ocr_line' id='line_1_126' title="bbox 1520 2954 2524 2995; baseline 0.005 -11"><span class='ocrx_word' id='word_1_957' title='bbox 1520 2954 1562 2984; x_wconf 87' lang='lat' dir='ltr'>Et</span> <span class='ocrx_word' id='word_1_958' title='bbox 1584 2964 1639 2995; x_wconf 87' lang='lat' dir='ltr'>per</span> <span class='ocrx_word' id='word_1_959' title='bbox 1660 2954 1723 2987; x_wconf 88' lang='lat' dir='ltr'>hoc</span> <span class='ocrx_word' id='word_1_960' title='bbox 1737 2961 1823 2995; x_wconf 84' lang='lat' dir='ltr'>patet</span> <span class='ocrx_word' id='word_1_961' title='bbox 1841 2955 2005 2995; x_wconf 80' lang='lat' dir='ltr'>responsio</span> <span class='ocrx_word' id='word_1_962' title='bbox 2020 2956 2061 2986; x_wconf 79' lang='lat' dir='ltr'>ad</span> <span class='ocrx_word' id='word_1_963' title='bbox 2076 2956 2207 2988; x_wconf 71' lang='lat' dir='ltr'>Statum</span> <span class='ocrx_word' id='word_1_964' title='bbox 2219 2956 2265 2994; x_wconf 57' lang='lat'>:⁴541</span> <span class='ocrx_word' id='word_1_965' title='bbox 2278 2964 2310 2988; x_wconf 81' lang='lat' dir='ltr'>et</span> <span class='ocrx_word' id='word_1_966' title='bbox 2330 2957 2524 2989; x_wconf 64' lang='lat' dir='ltr'>decisionum</span> 
     </span>
     <span class='ocr_line' id='line_1_127' title="bbox 1465 3005 2425 3040; baseline 0.003 -13"><span class='ocrx_word' id='word_1_967' title='bbox 1465 3005 1612 3029; x_wconf 78' lang='lat' dir='ltr'>veritatis.</span> <span class='ocrx_word' id='word_1_968' title='bbox 2032 3030 2034 3034; x_wconf 80' lang='grc'>,</span> <span class='ocrx_word' id='word_1_969' title='bbox 2136 3019 2148 3031; x_wconf 67' lang='grc'>«,</span> <span class='ocrx_word' id='word_1_970' title='bbox 2180 3008 2249 3040; x_wconf 52' lang='lat' dir='ltr'>mnf,</span> <span class='ocrx_word' id='word_1_971' title='bbox 2405 3020 2425 3040; x_wconf 23' lang='grc' dir='ltr'>ς</span> 
     </span>
     <span class='ocr_line' id='line_1_128' title="bbox 1521 3042 2523 3087; baseline 0.005 -15"><span class='ocrx_word' id='word_1_972' title='bbox 1521 3042 1574 3072; x_wconf 89' lang='lat' dir='ltr'>IV.</span> <span class='ocrx_word' id='word_1_973' title='bbox 1592 3042 1739 3073; x_wconf 86' lang='lat' dir='ltr'>Auctoris</span> <span class='ocrx_word' id='word_1_974' title='bbox 1762 3050 1870 3083; x_wconf 72' lang='lat' dir='ltr'>autem</span> <span class='ocrx_word' id='word_1_975' title='bbox 1891 3043 1986 3075; x_wconf 86' lang='lat' dir='ltr'>verba</span> <span class='ocrx_word' id='word_1_976' title='bbox 2009 3054 2075 3083; x_wconf 84' lang='lat' dir='ltr'>non</span> <span class='ocrx_word' id='word_1_977' title='bbox 2089 3044 2256 3087; x_wconf 71' lang='lat' dir='ltr'>dissonant.</span> <span class='ocrx_word' id='word_1_978' title='bbox 2267 3044 2301 3084; x_wconf 33' lang='lat'>*.,</span> <span class='ocrx_word' id='word_1_979' title='bbox 2313 3044 2396 3085; x_wconf 75' lang='lat' dir='ltr'>Nam</span> <span class='ocrx_word' id='word_1_980' title='bbox 2420 3045 2458 3079; x_wconf 73' lang='lat' dir='ltr'>inv</span> <span class='ocrx_word' id='word_1_981' title='bbox 2476 3055 2523 3085; x_wconf 50' lang='lat' dir='ltr'>ref.&gt;</span> 
     </span>
     <span class='ocr_line' id='line_1_129' title="bbox 1466 3079 2524 3130; baseline 0.005 -15"><span class='ocrx_word' id='word_1_982' title='bbox 1466 3086 1637 3126; x_wconf 88' lang='lat' dir='ltr'>sponsione</span> <span class='ocrx_word' id='word_1_983' title='bbox 1653 3086 1693 3116; x_wconf 87' lang='lat' dir='ltr'>ad</span> <span class='ocrx_word' id='word_1_984' title='bbox 1712 3086 1902 3128; x_wconf 73' lang='lat' dir='ltr'>secundum,</span> <span class='ocrx_word' id='word_1_985' title='bbox 1910 3087 2072 3119; x_wconf 84' lang='lat' dir='ltr'>veritatem</span> <span class='ocrx_word' id='word_1_986' title='bbox 2088 3081 2232 3126; x_wconf 76' lang='lat' dir='ltr'>absolute</span> <span class='ocrx_word' id='word_1_987' title='bbox 2248 3087 2337 3130; x_wconf 81' lang='lat' dir='ltr'>dixit:</span> <span class='ocrx_word' id='word_1_988' title='bbox 2358 3088 2448 3130; x_wconf 80' lang='lat' dir='ltr'>quod</span> <span class='ocrx_word' id='word_1_989' title='bbox 2464 3079 2524 3121; x_wconf 62' lang='lat' dir='ltr'>sciss</span> 
     </span>
     <span class='ocr_line' id='line_1_130' title="bbox 1465 3129 2523 3173; baseline 0.004 -14"><span class='ocrx_word' id='word_1_990' title='bbox 1465 3129 1537 3160; x_wconf 87' lang='lat' dir='ltr'>licet</span> <span class='ocrx_word' id='word_1_991' title='bbox 1560 3136 1606 3160; x_wconf 83' lang='lat' dir='ltr'>est</span> <span class='ocrx_word' id='word_1_992' title='bbox 1629 3130 1790 3170; x_wconf 84' lang='lat' dir='ltr'>oppositio</span> <span class='ocrx_word' id='word_1_993' title='bbox 1815 3130 1930 3160; x_wconf 78' lang='lat' dir='ltr'>faciens</span> <span class='ocrx_word' id='word_1_994' title='bbox 1953 3129 2312 3171; x_wconf 72' lang='lat' dir='ltr'>incom&#39;possi&#39;bilita&#39;tem.</span> <span class='ocrx_word' id='word_1_995' title='bbox 2334 3129 2370 3173; x_wconf 78' lang='lat' dir='ltr'>In</span> <span class='ocrx_word' id='word_1_996' title='bbox 2393 3140 2523 3173; x_wconf 82' lang='lat' dir='ltr'>respon-</span> 
     </span>
     <span class='ocr_line' id='line_1_131' title="bbox 1466 3174 2524 3217; baseline 0.004 -14"><span class='ocrx_word' id='word_1_997' title='bbox 1466 3174 1554 3203; x_wconf 86' lang='lat' dir='ltr'>sione</span> <span class='ocrx_word' id='word_1_998' title='bbox 1568 3183 1643 3204; x_wconf 85' lang='lat' dir='ltr'>vero</span> <span class='ocrx_word' id='word_1_999' title='bbox 1658 3174 1699 3204; x_wconf 81' lang='lat' dir='ltr'>ad</span> <span class='ocrx_word' id='word_1_1000' title='bbox 1712 3174 1850 3210; x_wconf 80' lang='lat' dir='ltr'>tertium,</span> <span class='ocrx_word' id='word_1_1001' title='bbox 1865 3174 1906 3204; x_wconf 83' lang='lat' dir='ltr'>ad</span> <span class='ocrx_word' id='word_1_1002' title='bbox 1922 3180 2145 3214; x_wconf 80' lang='lat' dir='ltr'>argumentum</span> <span class='ocrx_word' id='word_1_1003' title='bbox 2161 3176 2337 3216; x_wconf 77' lang='lat' dir='ltr'>respondit:</span> <span class='ocrx_word' id='word_1_1004' title='bbox 2353 3175 2446 3217; x_wconf 59' lang='lat' dir='ltr'>quod*</span> <span class='ocrx_word' id='word_1_1005' title='bbox 2457 3175 2524 3207; x_wconf 63' lang='lat' dir='ltr'>nesi</span> 
     </span>
     <span class='ocr_line' id='line_1_132' title="bbox 1467 3217 2524 3260; baseline 0.003 -12"><span class='ocrx_word' id='word_1_1006' title='bbox 1467 3224 1514 3248; x_wconf 84' lang='lat' dir='ltr'>est</span> <span class='ocrx_word' id='word_1_1007' title='bbox 1535 3218 1639 3248; x_wconf 84' lang='lat' dir='ltr'>simile</span> <span class='ocrx_word' id='word_1_1008' title='bbox 1659 3218 1693 3249; x_wconf 88' lang='lat' dir='ltr'>in</span> <span class='ocrx_word' id='word_1_1009' title='bbox 1715 3218 1814 3258; x_wconf 75' lang='lat' dir='ltr'>patria</span> <span class='ocrx_word' id='word_1_1010' title='bbox 1836 3218 1876 3249; x_wconf 83' lang='lat' dir='ltr'>de</span> <span class='ocrx_word' id='word_1_1011' title='bbox 1896 3217 1969 3255; x_wconf 84' lang='lat' dir='ltr'>fide,</span> <span class='ocrx_word' id='word_1_1012' title='bbox 1979 3225 2019 3250; x_wconf 83' lang='lat' dir='ltr'>et</span> <span class='ocrx_word' id='word_1_1013' title='bbox 2040 3218 2079 3250; x_wconf 84' lang='lat' dir='ltr'>de</span> <span class='ocrx_word' id='word_1_1014' title='bbox 2101 3219 2283 3251; x_wconf 80' lang='lat' dir='ltr'>liberalitate</span> <span class='ocrx_word' id='word_1_1015' title='bbox 2305 3220 2339 3251; x_wconf 88' lang='lat' dir='ltr'>in</span> <span class='ocrx_word' id='word_1_1016' title='bbox 2360 3229 2456 3260; x_wconf 78' lang='lat' dir='ltr'>passo</span> <span class='ocrx_word' id='word_1_1017' title='bbox 2475 3220 2524 3251; x_wconf 65' lang='lat' dir='ltr'>ins.</span> 
     </span>
     <span class='ocr_line' id='line_1_133' title="bbox 1467 3261 2523 3307; baseline 0.005 -15"><span class='ocrx_word' id='word_1_1018' title='bbox 1467 3268 1604 3297; x_wconf 86' lang='lat' dir='ltr'>cturam;</span> <span class='ocrx_word' id='word_1_1019' title='bbox 1625 3261 1700 3303; x_wconf 78' lang='lat' dir='ltr'>quia</span> <span class='ocrx_word' id='word_1_1020' title='bbox 1714 3262 1758 3292; x_wconf 87' lang='lat' dir='ltr'>ibi</span> <span class='ocrx_word' id='word_1_1021' title='bbox 1773 3262 1869 3293; x_wconf 76' lang='lat' dir='ltr'>etiam</span> <span class='ocrx_word' id='word_1_1022' title='bbox 1883 3263 2025 3303; x_wconf 81' lang='lat' dir='ltr'>potentia</span> <span class='ocrx_word' id='word_1_1023' title='bbox 2046 3263 2197 3300; x_wconf 76' lang='lat' dir='ltr'>aufertur,</span> <span class='ocrx_word' id='word_1_1024' title='bbox 2208 3263 2267 3295; x_wconf 25' lang='lat' dir='ltr'>*hic</span> <span class='ocrx_word' id='word_1_1025' title='bbox 2286 3271 2378 3301; x_wconf 14' lang='lat' dir='ltr'>mus,</span> <span class='ocrx_word' id='word_1_1026' title='bbox 2388 3270 2523 3307; x_wconf 57' lang='lat' dir='ltr'>tamt</span> 
     </span>
     <span class='ocr_line' id='line_1_134' title="bbox 1466 3305 2524 3353; baseline 0.005 -18"><span class='ocrx_word' id='word_1_1027' title='bbox 1466 3305 1507 3335; x_wconf 88' lang='lat' dir='ltr'>Et</span> <span class='ocrx_word' id='word_1_1028' title='bbox 1530 3312 1695 3345; x_wconf 87' lang='lat' dir='ltr'>propterea</span> <span class='ocrx_word' id='word_1_1029' title='bbox 1718 3305 1859 3346; x_wconf 89' lang='lat' dir='ltr'>sequitur</span> <span class='ocrx_word' id='word_1_1030' title='bbox 1891 3306 2113 3337; x_wconf 86' lang='lat' dir='ltr'>conditionalis</span> <span class='ocrx_word' id='word_1_1031' title='bbox 2136 3307 2524 3353; x_wconf 46' lang='lat' dir='ltr'>istius,yeritati,s‚‚.fluod</span> 
     </span>
     <span class='ocr_line' id='line_1_135' title="bbox 1467 3348 2523 3390; baseline 0.004 -12"><span class='ocrx_word' id='word_1_1032' title='bbox 1467 3349 1580 3379; x_wconf 88' lang='lat' dir='ltr'>frustra</span> <span class='ocrx_word' id='word_1_1033' title='bbox 1603 3355 1786 3386; x_wconf 80' lang='lat' dir='ltr'>remaneret,</span> <span class='ocrx_word' id='word_1_1034' title='bbox 1807 3349 1832 3379; x_wconf 92' lang='lat' dir='ltr'>si</span> <span class='ocrx_word' id='word_1_1035' title='bbox 1848 3357 2037 3380; x_wconf 84' lang='lat' dir='ltr'>remaneret:</span> <span class='ocrx_word' id='word_1_1036' title='bbox 2062 3350 2143 3381; x_wconf 85' lang='lat' dir='ltr'>hanc</span> <span class='ocrx_word' id='word_1_1037' title='bbox 2167 3350 2252 3381; x_wconf 81' lang='lat' dir='ltr'>enim</span> <span class='ocrx_word' id='word_1_1038' title='bbox 2265 3348 2523 3390; x_wconf 56' lang='lat' dir='ltr'>intendebausexss</span> 
     </span>
     <span class='ocr_line' id='line_1_136' title="bbox 1468 3390 2462 3435; baseline 0.003 -13"><span class='ocrx_word' id='word_1_1039' title='bbox 1468 3392 1634 3432; x_wconf 86' lang='lat' dir='ltr'>primendo</span> <span class='ocrx_word' id='word_1_1040' title='bbox 1658 3392 1764 3423; x_wconf 88' lang='lat' dir='ltr'>solum</span> <span class='ocrx_word' id='word_1_1041' title='bbox 1786 3392 1885 3433; x_wconf 89' lang='lat' dir='ltr'>ipsius</span> <span class='ocrx_word' id='word_1_1042' title='bbox 1909 3402 2115 3435; x_wconf 89' lang='lat' dir='ltr'>consequens.</span> <span class='ocrx_word' id='word_1_1043' title='bbox 2248 3397 2249 3402; x_wconf 63' lang='lat'>¹</span> <span class='ocrx_word' id='word_1_1044' title='bbox 2288 3402 2289 3406; x_wconf 59' lang='lat'>¹</span> <span class='ocrx_word' id='word_1_1045' title='bbox 2365 3392 2367 3402; x_wconf 64' lang='lat'>⁴</span> <span class='ocrx_word' id='word_1_1046' title='bbox 2420 3394 2430 3400; x_wconf 63' lang='lat'>&#39;‘</span> <span class='ocrx_word' id='word_1_1047' title='bbox 2460 3390 2462 3394; x_wconf 67' lang='grc'>’</span> 
     </span>
     <span class='ocr_line' id='line_1_137' title="bbox 1523 3436 2522 3478; baseline 0.003 -12"><span class='ocrx_word' id='word_1_1048' title='bbox 1523 3436 1561 3466; x_wconf 96' lang='lat' dir='ltr'>V.</span> <span class='ocrx_word' id='word_1_1049' title='bbox 1580 3437 1614 3466; x_wconf 90' lang='lat' dir='ltr'>In</span> <span class='ocrx_word' id='word_1_1050' title='bbox 1637 3436 1843 3476; x_wconf 80' lang='lat' dir='ltr'>responsione</span> <span class='ocrx_word' id='word_1_1051' title='bbox 1857 3437 1897 3466; x_wconf 78' lang='lat' dir='ltr'>ad</span> <span class='ocrx_word' id='word_1_1052' title='bbox 1921 3436 2096 3468; x_wconf 83' lang='lat' dir='ltr'>secundum</span> <span class='ocrx_word' id='word_1_1053' title='bbox 2113 3437 2255 3468; x_wconf 84' lang='lat' dir='ltr'>eiusdem</span> <span class='ocrx_word' id='word_1_1054' title='bbox 2271 3437 2372 3478; x_wconf 84' lang='lat' dir='ltr'>quinti</span> <span class='ocrx_word' id='word_1_1055' title='bbox 2391 3437 2522 3474; x_wconf 61' lang='lat' dir='ltr'>antean,</span> 
     </span>
     <span class='ocr_line' id='line_1_138' title="bbox 1469 3480 2524 3520; baseline 0.001 -10"><span class='ocrx_word' id='word_1_1056' title='bbox 1469 3486 1545 3510; x_wconf 91' lang='lat' dir='ltr'>nota</span> <span class='ocrx_word' id='word_1_1057' title='bbox 1567 3480 1655 3520; x_wconf 89' lang='lat' dir='ltr'>quod</span> <span class='ocrx_word' id='word_1_1058' title='bbox 1671 3480 1744 3511; x_wconf 88' lang='lat' dir='ltr'>hinc</span> <span class='ocrx_word' id='word_1_1059' title='bbox 1766 3481 1862 3510; x_wconf 86' lang='lat' dir='ltr'>habes</span> <span class='ocrx_word' id='word_1_1060' title='bbox 1881 3481 1990 3510; x_wconf 88' lang='lat' dir='ltr'>lumen</span> <span class='ocrx_word' id='word_1_1061' title='bbox 2013 3481 2130 3520; x_wconf 89' lang='lat' dir='ltr'>gloriae</span> <span class='ocrx_word' id='word_1_1062' title='bbox 2154 3491 2220 3511; x_wconf 90' lang='lat' dir='ltr'>esse</span> <span class='ocrx_word' id='word_1_1063' title='bbox 2235 3481 2404 3512; x_wconf 88' lang='lat' dir='ltr'>subiective</span> <span class='ocrx_word' id='word_1_1064' title='bbox 2427 3481 2460 3511; x_wconf 90' lang='lat' dir='ltr'>in</span> <span class='ocrx_word' id='word_1_1065' title='bbox 2475 3481 2524 3511; x_wconf 91' lang='lat' dir='ltr'>in-</span> 
     </span>
     <span class='ocr_line' id='line_1_139' title="bbox 1470 3523 2524 3566; baseline 0.002 -13"><span class='ocrx_word' id='word_1_1066' title='bbox 1470 3523 1613 3559; x_wconf 91' lang='lat' dir='ltr'>tellectu;</span> <span class='ocrx_word' id='word_1_1067' title='bbox 1640 3524 1717 3554; x_wconf 89' lang='lat' dir='ltr'>dum</span> <span class='ocrx_word' id='word_1_1068' title='bbox 1741 3524 1854 3554; x_wconf 90' lang='lat' dir='ltr'>dicitur</span> <span class='ocrx_word' id='word_1_1069' title='bbox 1876 3524 1909 3554; x_wconf 90' lang='lat' dir='ltr'>in</span> <span class='ocrx_word' id='word_1_1070' title='bbox 1932 3524 2033 3555; x_wconf 88' lang='lat' dir='ltr'>littera</span> <span class='ocrx_word' id='word_1_1071' title='bbox 2060 3525 2148 3564; x_wconf 93' lang='lat' dir='ltr'>quod</span> <span class='ocrx_word' id='word_1_1072' title='bbox 2163 3524 2369 3566; x_wconf 64' lang='lat' dir='ltr'>imperfectio</span> <span class='ocrx_word' id='word_1_1073' title='bbox 2383 3524 2465 3564; x_wconf 75' lang='lat' dir='ltr'>fidei</span> <span class='ocrx_word' id='word_1_1074' title='bbox 2494 3531 2524 3555; x_wconf 85' lang='lat' dir='ltr'>et</span> 
     </span>
     <span class='ocr_line' id='line_1_140' title="bbox 1464 3567 2522 3608; baseline 0.002 -12"><span class='ocrx_word' id='word_1_1075' title='bbox 1464 3567 1622 3608; x_wconf 86' lang='lat' dir='ltr'>perfectio</span> <span class='ocrx_word' id='word_1_1076' title='bbox 1640 3567 1767 3607; x_wconf 85' lang='lat' dir='ltr'>gloriae</span> <span class='ocrx_word' id='word_1_1077' title='bbox 1780 3573 1994 3607; x_wconf 82' lang='lat' dir='ltr'>opponuntur,</span> <span class='ocrx_word' id='word_1_1078' title='bbox 2009 3573 2038 3598; x_wconf 83' lang='lat' dir='ltr'>et</span> <span class='ocrx_word' id='word_1_1079' title='bbox 2054 3569 2229 3608; x_wconf 77' lang='lat' dir='ltr'>respiciunt</span> <span class='ocrx_word' id='word_1_1080' title='bbox 2243 3568 2323 3599; x_wconf 83' lang='lat' dir='ltr'>idem</span> <span class='ocrx_word' id='word_1_1081' title='bbox 2338 3568 2522 3599; x_wconf 69' lang='lat' dir='ltr'>subiectum.</span> 
     </span>
    </p>
   </div>
   <div class='ocr_carea' id='block_1_16' title="bbox 2119 2926 2213 2935">
    <p class='ocr_par' dir='ltr' id='par_1_23' title="bbox 2119 2926 2213 2935">
     <span class='ocr_line' id='line_1_141' title="bbox 2119 2926 2213 2935; baseline -0.011 0"><span class='ocrx_word' id='word_1_1082' title='bbox 2119 2933 2121 2935; x_wconf 85' lang='lat'>.</span> <span class='ocrx_word' id='word_1_1083' title='bbox 2200 2926 2213 2934; x_wconf 53' lang='lat'><em>4</em></span> 
     </span>
    </p>
   </div>
   <div class='ocr_carea' id='block_1_17' title="bbox 2557 1293 2769 1322">
    <p class='ocr_par' dir='ltr' id='par_1_24' title="bbox 2557 1293 2769 1322">
     <span class='ocr_line' id='line_1_142' title="bbox 2557 1293 2769 1322; baseline 0.019 -6"><span class='ocrx_word' id='word_1_1084' title='bbox 2557 1293 2567 1303; x_wconf 88' lang='grc'><em>·</em></span> <span class='ocrx_word' id='word_1_1085' title='bbox 2590 1294 2616 1315; x_wconf 90' lang='lat' dir='ltr'>In</span> <span class='ocrx_word' id='word_1_1086' title='bbox 2629 1300 2691 1322; x_wconf 75' lang='lat' dir='ltr'>reup-</span> <span class='ocrx_word' id='word_1_1087' title='bbox 2705 1296 2734 1318; x_wconf 73' lang='lat' dir='ltr'>nd</span> <span class='ocrx_word' id='word_1_1088' title='bbox 2746 1303 2769 1320; x_wconf 65' lang='grc' dir='ltr'>ε.</span> 
     </span>
    </p>
   </div>
   <div class='ocr_carea' id='block_1_18' title="bbox 2555 1425 2766 1449">
    <p class='ocr_par' dir='ltr' id='par_1_25' title="bbox 2555 1425 2766 1449">
     <span class='ocr_line' id='line_1_143' title="bbox 2555 1425 2766 1449; baseline 0.014 -3"><span class='ocrx_word' id='word_1_1089' title='bbox 2555 1426 2565 1435; x_wconf 88' lang='grc'><em>·</em></span> <span class='ocrx_word' id='word_1_1090' title='bbox 2571 1425 2648 1447; x_wconf 73' lang='lat' dir='ltr'>incon</span> <span class='ocrx_word' id='word_1_1091' title='bbox 2664 1426 2766 1449; x_wconf 70' lang='lat' dir='ltr'>oeaefflli-</span> 
     </span>
    </p>
   </div>
   <div class='ocr_carea' id='block_1_19' title="bbox 2556 1862 2762 1883">
    <p class='ocr_par' dir='ltr' id='par_1_26' title="bbox 2556 1862 2762 1883">
     <span class='ocr_line' id='line_1_144' title="bbox 2556 1862 2762 1883; baseline -0.005 -1"><span class='ocrx_word' id='word_1_1092' title='bbox 2556 1862 2625 1883; x_wconf 60' lang='lat' dir='ltr'>.il‘l&#39;,.)</span> <span class='ocrx_word' id='word_1_1093' title='bbox 2639 1874 2647 1877; x_wconf 90' lang='lat'>-</span> <span class='ocrx_word' id='word_1_1094' title='bbox 2666 1869 2683 1882; x_wconf 78' lang='lat'>⁷.</span> <span class='ocrx_word' id='word_1_1095' title='bbox 2694 1869 2727 1881; x_wconf 55' lang='lat' dir='ltr'>w*</span> <span class='ocrx_word' id='word_1_1096' title='bbox 2741 1870 2745 1876; x_wconf 58' lang='grc' dir='ltr'>ι</span> <span class='ocrx_word' id='word_1_1097' title='bbox 2758 1867 2762 1870; x_wconf 90' lang='grc'><em>·</em></span> 
     </span>
    </p>
   </div>
   <div class='ocr_carea' id='block_1_20' title="bbox 2550 2216 2762 2301">
    <p class='ocr_par' dir='ltr' id='par_1_27' title="bbox 2550 2216 2762 2301">
     <span class='ocr_line' id='line_1_145' title="bbox 2551 2216 2761 2239; baseline 0 -1"><span class='ocrx_word' id='word_1_1098' title='bbox 2551 2217 2560 2226; x_wconf 85' lang='grc'>·</span> <span class='ocrx_word' id='word_1_1099' title='bbox 2576 2216 2698 2239; x_wconf 64' lang='lat' dir='ltr'>inmobilia·</span> <span class='ocrx_word' id='word_1_1100' title='bbox 2715 2216 2761 2238; x_wconf 72' lang='lat' dir='ltr'>sci—</span> 
     </span>
     <span class='ocr_line' id='line_1_146' title="bbox 2550 2241 2758 2271; baseline 0 -7"><span class='ocrx_word' id='word_1_1101' title='bbox 2550 2242 2655 2265; x_wconf 74' lang='lat' dir='ltr'>licetl’ot</span> <span class='ocrx_word' id='word_1_1102' title='bbox 2663 2241 2699 2265; x_wconf 75' lang='lat' dir='ltr'>od.</span> <span class='ocrx_word' id='word_1_1103' title='bbox 2707 2248 2758 2271; x_wconf 83' lang='lat'>¹5¹5·</span> 
     </span>
     <span class='ocr_line' id='line_1_147' title="bbox 2594 2281 2762 2301; baseline 0.006 -1"><span class='ocrx_word' id='word_1_1104' title='bbox 2594 2283 2612 2300; x_wconf 71' lang='lat' dir='ltr'>&#39;z</span> <span class='ocrx_word' id='word_1_1105' title='bbox 2631 2288 2657 2301; x_wconf 47' lang='grc' dir='ltr'>,τι</span> <span class='ocrx_word' id='word_1_1106' title='bbox 2683 2281 2738 2301; x_wconf 52' lang='grc' dir='ltr'>ὑπ”</span> <span class='ocrx_word' id='word_1_1107' title='bbox 2758 2284 2762 2289; x_wconf 94' lang='grc'><em>“</em></span> 
     </span>
    </p>
   </div>
   <div class='ocr_carea' id='block_1_21' title="bbox 2549 2965 2720 2988">
    <p class='ocr_par' dir='ltr' id='par_1_28' title="bbox 2549 2965 2720 2988">
     <span class='ocr_line' id='line_1_148' title="bbox 2549 2965 2720 2988; baseline 0 0"><span class='ocrx_word' id='word_1_1108' title='bbox 2549 2966 2559 2976; x_wconf 90' lang='grc'><em>“</em></span> <span class='ocrx_word' id='word_1_1109' title='bbox 2574 2965 2612 2988; x_wconf 85' lang='lat' dir='ltr'>cf.</span> <span class='ocrx_word' id='word_1_1110' title='bbox 2626 2972 2691 2988; x_wconf 77' lang='lat' dir='ltr'>nnn.</span> <span class='ocrx_word' id='word_1_1111' title='bbox 2705 2972 2720 2988; x_wconf 85' lang='lat'>1.</span> 
     </span>
    </p>
   </div>
   <div class='ocr_carea' id='block_1_22' title="bbox 2549 3053 2681 3076">
    <p class='ocr_par' dir='ltr' id='par_1_29' title="bbox 2549 3053 2681 3076">
     <span class='ocr_line' id='line_1_149' title="bbox 2549 3053 2681 3076; baseline 0 -1"><span class='ocrx_word' id='word_1_1112' title='bbox 2549 3054 2559 3065; x_wconf 82' lang='grc'><em>“</em></span> <span class='ocrx_word' id='word_1_1113' title='bbox 2574 3053 2610 3076; x_wconf 75' lang='lat' dir='ltr'>Cf.</span> <span class='ocrx_word' id='word_1_1114' title='bbox 2625 3053 2681 3076; x_wconf 79' lang='lat' dir='ltr'>ibid.</span> 
     </span>
    </p>
   </div>
  </div>
 </body>
</html>
