2852 4152
984 261 1249 307 QUAESTIO
1278 261 1400 307 XXV,
1430 259 1723 296 ARTICULUS
1754 261 1766 296 I

813 459 1219 536 QUAESTIO
1259 457 1850 535 VIGESIMAQUIN
1852 457 1967 512 TA

719 585 812 626 DE
855 586 1132 627 ORDINE
1171 585 1598 627 PASSIONUM
1639 586 1734 625 AD
1778 584 2086 625 INVICEM

1088 702 1122 726 IN
1152 701 1323 732 QUATUOR
1349 700 1550 726 ARTICULOS
1578 700 1693 725 DIVISA

391 813 498 839 EINDE
533 802 853 839 considerandum
887 811 943 841 est
971 803 1017 841 de
1055 803 1187 841 ordine
1220 803 1363 852 passio-

68 867 282 916 ·(:f.qu.xxn,1n-
311 812 485 894 Duum
514 855 563 891 ad
590 854 756 892 invicem
776 855 807 892 ²⁸.

127 2096 223 2114 ΙΙ-ΧΣῘΙΙ

77 2092 98 2192 {-
138 2123 175 2140 =.-
163 2093 288 2140 -Css’nm

112 2148 236 2172 quaxn,
247 2146 291 2164 m.

75 2175 162 2250 §3¹22

47 2438 165 2497 ’Ξῖἒὶ

168 2201 199 2223 iv,
210 2195 289 2217 n.6.-

175 2211 227 2244 lect.
242 2221 264 2244 8.

169 2453 194 2475 V,
202 2452 292 2470 2110·-

177 2463 231 2496 l'eet.
239 2479 293 2496 zui.

296 907 358 944 Et
386 907 484 943 circa
511 907 586 944 hoc
614 916 844 955 quaeruntur
871 916 1044 957 quatuor.

361 959 512 996 Primo:
539 960 586 997 de
607 960 739 997 ordine
759 961 980 1009 passionum
1000 960 1194 997 irascibilis
1214 960 1262 997 ad
1281 971 1366 1008 pas-

415 1012 542 1049 siones
571 1013 882 1061 concupiscibilis.

1470 802 1668 839 Secundo:
1699 802 1747 838 de
1775 801 1906 838 ordine
1926 800 2147 849 passionum
2168 801 2466 849 concupiscibilis

1522 855 1571 892 ad
1598 854 1774 890 invicem.

1471 906 1622 943 Tertio:
1653 906 1700 943 de
1729 905 1860 943 ordine
1888 905 2109 954 passionum
2137 905 2326 942 irascibilis
2350 878 2426 942 ad
2418 917 2474 942 1n-

1523 958 1659 996 vicem.

1474 1011 1639 1058 Quarto:
1670 1010 1716 1047 de
1745 1018 1907 1059 quatuor
1933 1009 2198 1058 principalibus
2217 1010 2467 1058 passionibus.

1115 1120 1429 1162 ARTICULUS
1460 1120 1665 1161 PRIMUS

550 1221 705 1252 UTRUM
727 1221 952 1252 PASSIONES
976 1220 1337 1295 IRASCIBILISIESIINI‘}
1353 1220 1829 1295 ggssflgffsgASSIONIBUS
1853 1219 2231 1255 CONCUPISCIBILIS,

768 1350 799 1374 111
819 1349 902 1378 Seni„
922 1349 981 1374 dist.
999 1356 1064 1379 xxvr,
1084 1356 1128 1380 qu.
1145 1356 1166 1378 ι,
1186 1354 1231 1373 art.
1252 1348 1280 1379 33
1299 1356 1343 1381 qu.
1356 1356 1388 1377 n.
1407 1354 1454 1374 art.
1471 1349 1498 1379 3,
1518 1350 1567 1381 qu·
1585 1356 1612 1379 2;
1633 1349 1673 1373 De
1692 1349 1780 1378 Verit„
1800 1357 1844 1382 qu.
1856 1357 1912 1380 xxv,
1932 1355 1978 1375 art.
1994 1357 2018 1374 2.

367 1488 372 1493 ¹
401 1464 406 1473 ι
429 1464 437 1478 ι
475 1444 495 1449 ‘⁷
523 1455 546 1480 1>
575 1455 712 1480 ptumum
740 1455 792 1480 sm
821 1454 1059 1480 pnoeemrua.
1087 1443 1246 1480 Videtur
1265 1442 1368 1491 quod

406 1515 429 1537 2.
393 1496 487 1612 ’,υἱὲ
484 1496 720 1589 passiones
747 1495 941 1554 irascibilis
969 1495 1042 1532 sint
1068 1495 1212 1554 priores
1227 1496 1369 1543 passio-

310 1664 409 1691 rum.
430 1647 506 1690 Sed
526 1653 718 1699 obiectum
737 1653 930 1690 irascibilis
950 1661 1004 1690 est
1023 1654 1168 1690 bonum
1193 1653 1368 1701 arduum,

311 1705 418 1756 quod
447 1697 598 1744 videtur
636 1718 718 1743 esse
755 1718 978 1755 supremum
1016 1706 1112 1745 inter
1147 1705 1218 1742 alia
1254 1706 1367 1743 bona.

313 1758 415 1807 Ergo
443 1758 640 1807 passiones
666 1758 861 1796 irascibilis
888 1759 1066 1796 videntur
1089 1771 1265 1807 praeesse
1284 1770 1368 1807 pas-

313 1810 483 1849 sionibus
512 1812 824 1861 concupiscibilis.

315 1888 318 1889 ν
368 1875 403 1900 2.
428 1864 662 1912 Pinum-nm,
683 1877 845 1901 movens
866 1871 921 1901 est
938 1865 1042 1913 prius
1061 1870 1180 1901 moto.
1204 1863 1280 1900 Sed
1299 1863 1369 1900 ira-

314 1915 452 1953 scibilis
481 1924 724 1965 comparatur
749 1917 797 1954 ad
818 1916 1150 1966 concupiscibilem
1175 1916 1268 1953 sicut
1286 1929 1369 1953 mo-

312 1980 410 2006 vens
438 1969 487 2006 ad
515 1977 682 2006 motum:
712 1970 761 2006 ad
780 1970 855 2006 hoc
875 1970 975 2006 enim
997 1969 1105 2006 datur
1133 1969 1368 2015 animalibus,

314 2028 358 2058 ut
384 2022 561 2058 tollantur
593 2022 866 2073 impedimenta
900 2022 1037 2070 quibus
1071 2021 1370 2070 concupiscibilis

315 2074 538 2122 prohibetur
556 2074 626 2111 frui
645 2087 715 2111 suo
736 2075 898 2122 obiecto7
914 2083 955 2111 ut
973 2087 1087 2123 supra
1099 2074 1120 2096 ’¹‘
1135 2074 1277 2111 dictum
1299 2082 1369 2120 est;

316 2138 512 2163 removens
531 2134 657 2164 autem
672 2128 875 2175 prohibens
893 2128 1002 2164 habet
1020 2127 1201 2163 rationem
1221 2139 1371 2163 moven-

317 2180 372 2225 tis,
392 2186 433 2215 ut
453 2179 585 2216 dicitur
603 2180 640 2216 in
658 2180 744 2216 VIII
764 2180 911 2228 Physic.
923 2180 944 2202 ²¹²
967 2181 1068 2227 Ergo
1088 2179 1283 2228 passiones
1302 2180 1371 2216 ira-

318 2231 455 2268 scibilis
474 2239 560 2268 sunt
577 2232 722 2280 priores
741 2233 978 2281 passionibus
998 2232 1309 2280 concupiscibilis.

374 2285 408 2321 3.
428 2285 661 2330 ΡΚΑΕΤΕΚΕΑ,
682 2285 863 2332 gaudium
893 2292 928 2322 et
955 2285 1098 2321 tristitia
1126 2292 1212 2320 sunt
1230 2283 1373 2332 passio-

318 2348 387 2373 nes
416 2337 728 2396 concupiscibilis.
759 2338 835 2374 Sed
863 2338 1044 2385 gaudium
1070 2345 1105 2373 et
1123 2337 1266 2373 tristitia
1287 2349 1375 2372 con-

319 2395 530 2437 sequuntur
549 2389 597 2426 ad
615 2390 812 2438 passiones
831 2389 1040 2427 irascibilis:
1062 2389 1148 2426 dicit
1167 2389 1269 2426 enim
1288 2388 1375 2425 Phi-

318 2441 542 2502 Iosephus,'
535 2454 574 2478 111
593 2442 646 2479 IV
662 2442 782 2478 Ethzssc
801 2442 832 2489 ³¹⁸,
864 2443 968 2490 quod
981 2442 1127 2490 punitio
1152 2442 1291 2490 quietat
1307 2442 1374 2478 im-

316 2494 444 2543 'petum
472 2494 572 2540 irae,
601 2494 878 2532 delectationem
912 2495 992 2532 loco
1021 2495 1187 2532 tristitiae
1211 2496 1374 2543 faciens.

320 2547 424 2595 Ergo
460 2547 656 2596 passiones
693 2547 994 2597 concupiscibilis
1032 2555 1118 2584 sunt
1148 2548 1376 2597 posteriores

320 2598 562 2649 passionibus
588 2599 793 2637 irascibilis.

377 2652 451 2688 SED
471 2663 628 2698 CONTRA,
645 2651 840 2700 passiones
861 2651 1161 2700 concupiscibilis
1176 2651 1379 2702 respiciunt

322 2703 471 2740 bonum
489 2704 728 2740 absolutum:
752 2703 948 2752 passiones
963 2711 1089 2740 autem
1110 2704 1303 2742 irascibilis
1323 2718 1379 2742 re-

324 2755 487 2804 spiciunt
500 2756 647 2792 bonum
667 2763 914 2803 contractum,
930 2756 1069 2793 scilicet
1083 2757 1258 2794 arduum.
1280 2758 1380 2794 Cum

324 2807 435 2856 igitur
461 2808 608 2845 bonurn
644 2807 858 2856 simpliciter
885 2809 930 2845 sit
956 2809 1059 2858 prius
1087 2822 1204 2858 quam
1233 2810 1379 2848 bonum

327 2862 579 2907 contractum,
607 2859 759 2897 videtur
793 2861 897 2910 quod
924 2861 1120 2909 passiones
1149 2863 1381 2911 concupisci-

326 2911 409 2949 bilis
438 2912 510 2949 sint
535 2913 680 2962 priores
707 2913 946 2961 passionibus
966 2919 983 2935 α
1011 2914 1214 2951 irascibilis.

380 2966 604 3002 Rssspounno
633 2977 816 3002 mCENDUM
844 2966 948 3013 quod
976 2966 1172 3014 passiones
1205 2968 1383 3026 concupi-

328 3017 465 3054 scibilis
485 3019 534 3055 ad
552 3018 660 3077 plura
679 3030 719 3054 se
738 3018 880 3054 habent
899 3030 1015 3066 quam
1034 3018 1232 3066 passiones
1259 3019 1382 3057 irasci-

326 3070 422 3107 bilis.
442 3070 573 3107 Nam
565 3083 604 3107 in
622 3070 860 3120 passionibus
881 3070 1179 3119 concupiscibilis
1197 3071 1385 3110 invenitur

329 3122 470 3171 aliquid
489 3122 680 3172 pertinens
707 3123 756 3160 ad
775 3130 935 3170 motum,
956 3123 1051 3160 sicut
1070 3123 1318 3170 desiderium3
1349 3132 1384 3162 et

330 3175 471 3224 aliquid
497 3175 766 3224 pertinensad
798 3176 987 3224 quietern,
1018 3176 1111 3212 sicut
1139 3176 1319 3224 gaudium
1349 3185 1385 3214 et

332 3227 486 3265 tristitia.
517 3228 594 3265 Sed
621 3227 660 3265 in
686 3228 925 3276 passionibus
953 3229 1145 3265 irascibilis
1173 3241 1250 3266 non
1279 3229 1384 3266 inve-

331 3280 431 3317 nitur
466 3279 606 3330 aliquid
641 3280 832 3330 pertinens
866 3281 915 3318 ad
947 3281 1132 3330 quietem,
1162 3281 1227 3318 sed
1261 3282 1384 3319 solum

331 3333 522 3382 pertinens
551 3333 599 3370 ad
626 3340 787 3370 motum.
818 3333 935 3370 Cuius
964 3333 1055 3371 ratio
1086 3341 1140 3371 est
1167 3333 1253 3382 quia
1280 3334 1318 3371 id
1346 3334 1384 3372 in

1477 1444 1596 1490 Quies
1624 1451 1763 1491 autem,
1786 1457 1873 1482 cum
1902 1445 1947 1482 sit
1974 1445 2060 1482 finis
2084 1453 2222 1492 motus,
2243 1453 2299 1482 est
2316 1444 2419 1494 prior
2436 1445 2475 1483 in

1423 1494 1649 1542 intentione,
1680 1497 1747 1533 sed
1773 1497 1959 1545 posterior
1990 1497 2028 1534 in
2057 1498 2287 1535 executione.
2318 1498 2358 1534 Si
2385 1510 2474 1546 ergo

1424 1555 1692 1596 comparentur
1730 1549 1926 1597 passiones
1967 1549 2158 1586 irascibilis
2195 1550 2243 1587 ad
2279 1550 2474 1598 passiones

1425 1600 1723 1649 concupiscibilis
1752 1613 1847 1649 quae
1872 1601 2082 1648 significant
2110 1602 2276 1649 quietern
2297 1602 2333 1639 in
2353 1603 2472 1649 bono;

1423 1652 1620 1689 manifeste
1648 1653 1844 1701 passiones
1868 1653 2058 1690 irascibilis
2079 1655 2322 1701 praecedunt,
2344 1655 2475 1691 ordine

1424 1705 1664 1752 executionis,
1685 1705 1904 1742 huiusmodi
1931 1706 2127 1754 passiones
2156 1706 2474 1755 concupiscibilis:

1423 1757 1518 1794 sicut
1551 1769 1637 1806 spes
1674 1758 1865 1806 praecedit
1899 1758 2100 1805 gaudium,
2135 1759 2238 1795 unde
2276 1767 2312 1795 et
2349 1767 2478 1796 causat

1422 1809 1560 1862 ipsum,
1589 1811 1800 1847 secundum
1827 1810 1918 1848 illud
1945 1811 2130 1859 Apostoli,
2158 1813 2270 1848 Rom.
2285 1811 2384 1848 xu*:
2405 1813 2513 1860 Spe

1422 1859 1636 1912 gaudentes.
1674 1863 1751 1900 Sed
1778 1863 1904 1912 passio
1942 1863 2242 1923 conwcupiscibilis
2269 1864 2476 1912 importans

1423 1915 1589 1963 quietern
1617 1915 1656 1951 in
1684 1916 1798 1962 malo,
1819 1915 1956 1952 scilicet
1978 1916 2133 1963 tristitia,
2163 1917 2290 1953 media
2310 1924 2364 1953 est
2382 1916 2478 1953 inter

1425 1968 1518 2004 duas
1555 1967 1751 2016 passiones
1787 1945 1990 2004 irascibilis.
2031 1969 2208 2017 Sequitur
2236 1969 2336 2005 enim
2365 1969 2477 2006 timo-

1424 2032 1525 2057 rem:
1555 2032 1643 2056 cum
1673 2020 1774 2056 enim
1803 2021 2005 2057 occurrerit
2031 2022 2175 2058 malum
2198 2021 2302 2069 quod
2320 2022 2477 2058 timeba-
2500 2016 2503 2021 ’

1423 2080 1502 2119 tur,
1534 2070 1707 2109 causatur
1742 2072 1894 2109 tristitia.
1934 2073 2130 2110 Praecedit
2167 2081 2295 2110 autem
2327 2081 2476 2111 motum

1425 2125 1522 2162 irae:
1552 2125 1641 2173 quia
1670 2137 1757 2162 cum
1786 2137 1831 2162 ex
1859 2125 2000 2162 tristitia
2027 2126 2277 2174 praecedente
2315 2124 2479 2175 aliquis!³

1426 2178 1580 2225 insurgit
1616 2178 1654 2214 in
1687 2177 1914 2225 vindictam,
1943 2179 2018 2214 hoc
2048 2179 2209 2226 pertinet
2244 2179 2292 2216 ad
2330 2187 2477 2216 motum

1426 2230 1514 2267 irae.
1544 2231 1593 2266 Et
1621 2230 1708 2278 quia
1737 2230 1945 2278 rependere
1964 2231 2090 2267 vicem
2119 2231 2239 2278 malis,
2269 2233 2478 2280 apprehen-

1428 2283 1526 2320 ditur
1541 2290 1582 2319 ut
1596 2283 1759 2328 bonum;
1776 2294 1864 2319 cum
1883 2282 1997 2319 iratus
2022 2284 2096 2319 hoc
2115 2291 2338 2320 consecutus
2358 2284 2478 2331 fuerit,

1428 2336 1576 2383 gaudet.
1611 2336 1660 2371 Et
1678 2335 1730 2371 sic
1750 2335 1989 2372 manifestum
2010 2343 2064 2372 est
2087 2336 2192 2385 quod
2211 2336 2335 2373 omnis
2354 2336 2479 2385 passio

1427 2387 1620 2424 irascibilis
1635 2387 1856 2424 terminatur
1875 2388 1924 2424 ad
1941 2388 2162 2436 passionem
2182 2388 2481 2438 concupiscibilis

1428 2440 1680 2490 pertinentem
1709 2441 1756 2477 ad
1785 2440 1962 2489 quietem,
1991 2440 2128 2478 scilicet
2151 2441 2214 2478 vel
2234 2442 2282 2478 ad
2299 2441 2481 2490 gaudium

1429 2494 1491 2530 vel
1520 2493 1569 2530 ad
1597 2492 1791 2530 tristitiam.

1484 2546 1560 2583 Sed
1576 2546 1605 2582 si
1621 2553 1888 2594 comparentur
1905 2545 2105 2605 passiones
2120 2545 2312 2583 irascibilis
2331 2546 2380 2583 ad
2398 2525 2483 2595 pas-

1431 2599 1556 2635 siones
1594 2597 1893 2647 concupiscibilis
1930 2611 2027 2647 quae
2069 2598 2274 2647 important
2311 2607 2481 2647 motum,

1431 2651 1484 2688 sic
1512 2651 1709 2687 manifeste
1736 2650 1931 2699 passiones
1961 2651 2260 2699 concupiscibilis
2280 2659 2367 2688 sunt
2384 2652 2484 2701 prio-

1431 2716 1507 2740 res:
1537 2715 1583 2739 eo
1613 2703 1716 2752 quod
1750 2703 1946 2751 passiones
1979 2703 2168 2741 irascibilis
2202 2704 2346 2741 addunt
2372 2717 2486 2753 supra

1432 2755 1629 2806 passiones
1663 2755 1982 2804 concupiscibilis;
2011 2756 2105 2793 sicut
2134 2764 2168 2792 et
2197 2757 2388 2793 obiectum
2416 2757 2486 2794 ira-

1433 2808 1570 2846 scibilis
1599 2808 1702 2846 addit
1733 2821 1846 2856 supra
1883 2808 2075 2846 obiectum
2105 2809 2401 2857 concupiscibilis
2429 2821 2486 2846 ar-

1434 2862 1615 2900 duitatem
1644 2861 1723 2898 sive
1753 2861 2022 2899 difficultatem.
2053 2862 2148 2910 Spes
2168 2861 2270 2898 enim
2290 2874 2403 2910 supra
2423 2861 2486 2898 de-

1434 2914 1614 2952 siderium
1642 2913 1746 2950 addit
1773 2914 1967 2961 quendam
2001 2921 2199 2961 conatum,
2230 2921 2265 2950 et
2293 2913 2486 2962 quandam

1436 2967 1686 3003 elevationem
1716 2966 1831 3003 animi
1859 2966 1907 3003 ad
1936 2966 2247 3014 consequendum
2267 2967 2412 3004 bonum
2432 2978 2488 3003 ar-

1437 3020 1566 3056 duum.
1597 3020 1645 3055 Et
1673 3018 1841 3055 similiter
1867 3019 1980 3055 timor
2005 3019 2109 3055 addit
2132 3031 2246 3067 supra
2273 3019 2400 3066 fugam
2420 3032 2488 3056 seu

1436 3069 1780 3117 abominationem,
1811 3071 2005 3118 quandam
2034 3071 2318 3120 depressionem
2347 3071 2487 3120 animi,

1436 3131 1590 3174 propter
1618 3123 1875 3160 difficultatem
1903 3123 2004 3160 mali.

1491 3176 1553 3214 Sic
1581 3188 1669 3223 ergo
1696 3176 1892 3224 passiones
1919 3175 2111 3213 irascibilis
2143 3176 2291 3214 mediae
2324 3184 2408 3213 sunt
2436 3176 2490 3213 in-

1438 3237 1494 3266 ter
1511 3229 1706 3277 passiones
1735 3228 2034 3277 concupiscibilis
2053 3241 2151 3280 quae
2180 3229 2384 3278 important
2408 3241 2490 3265 mo-

1438 3289 1518 3318 tum
1547 3281 1585 3317 in
1613 3282 1759 3317 bonum
1777 3282 1839 3317 vel
1857 3281 1895 3318 in
1919 3283 2084 3327 malum;
2115 3290 2150 3318 et
2176 3281 2270 3318 inter
2296 3281 2491 3330 passiones

1440 3333 1738 3383 concupiscibilis
1767 3345 1864 3382 quae
1893 3333 2097 3382 important
2129 3334 2294 3383 quietem
2322 3334 2359 3370 in
2388 3334 2490 3370 bono

333 3396 411 3435 quo
440 3385 516 3422 iarn
545 3385 756 3434 quiescitur,
786 3398 865 3423 non
891 3386 1006 3423 habet
1024 3386 1207 3423 rationem
1227 3386 1386 3424 difficilis
1439 3387 1501 3424 vel
1519 3387 1557 3423 in
1586 3387 1700 3423 malo.
1730 3386 1778 3422 Et
1806 3386 1859 3422 sic
1885 3394 1987 3434 patet
2014 3387 2119 3436 quod
2146 3387 2340 3435 passiones
2368 3386 2493 3422 irasci-

329 3448 402 3475 seu
429 3437 548 3485 ardui,
580 3439 683 3487 quod
712 3446 767 3475 est
794 3438 984 3476 obiectum
1014 3438 1215 3476 irascibilis.

1440 3439 1522 3476 bilis
1552 3447 1587 3475 et
1621 3438 1845 3487 principium
1873 3440 2012 3476 habent
2041 3452 2062 3476 a
2089 3439 2327 3487 passionibus
2356 3451 2494 3475 concu-

388 3556 415 3588 α)
430 3556 483 3581 sint
493 3556 599 3588 priores
611 3557 786 3588 passionibus.
798 3570 814 3575 -
823 3557 860 3581 ad
864 3557 947 3589 plura
957 3564 985 3582 se
998 3557 1093 3581 habent
1103 3565 1180 3589 quam
1188 3557 1326 3588 passiones
1341 3557 1385 3581 Pa.
1412 3552 1415 3590 Ι

1495 3555 1518 3588 β)
1538 3557 1642 3588 aliquis.
1661 3570 1679 3574 -
1697 3556 1798 3588 aliquid
1817 3557 1844 3581 P.

2406 257 2474 294 183

2528 1819 2592 1841 Vers.
2608 1825 2638 1841 12.
