2852 4152
162 605 171 613 ·
185 603 212 624 D.
223 609 269 632 53¹›

402 203 479 248 264

402 281 512 316 rebus
541 281 672 329 quibus
689 282 912 329 fruebatur,
940 287 1007 318 aut
1021 282 1112 330 frui
1137 294 1176 318 se
1198 293 1308 330 posse
1334 293 1461 329 spera-

401 332 538 369 verat?
564 334 615 369 Et
648 334 719 370 hoc
756 339 810 370 est
844 339 959 371 totum
995 335 1096 382 quod
1127 334 1262 370 dicitur
1297 334 1461 380 malum,

403 386 493 422 idest
507 391 715 434 peccatum,
737 392 773 422 et
783 398 909 434 poena
929 387 1084 435 peccati.
1106 388 1207 433 Ergo
1232 385 1374 422 tristitia
1393 398 1461 422 seu

404 439 514 475 dolor
541 451 620 475 non
649 446 704 475 est
732 451 929 475 summum
958 440 1103 475 malum
1132 437 1309 475 hominis.

456 492 681 528 REspoNDEo
711 504 893 528 DICENDUM
922 491 1026 539 quod
1054 489 1286 538 impossibile
1316 497 1371 526 est
1399 490 1462 526 ali-

403 555 519 592 quam
548 544 731 580 tristitiam
760 557 827 580 seu
857 544 1030 580 dolorem
1061 555 1142 579 esse
1169 554 1364 578 summurn
1393 542 1461 578 ho-

402 596 512 645 minis
546 597 690 634 malum
719 596 750 633 ³¹³.
781 596 917 633 Omnis
947 595 1048 632 enirn
1075 594 1220 631 tristitia
1252 607 1320 631 seu
1354 595 1463 632 dolor

403 656 467 686 aut
487 657 542 686 est
571 649 618 686 de
636 650 711 686 hoc
740 649 842 697 quod
865 655 919 684 est
945 660 1036 685 vere
1057 648 1223 684 malum:
1246 655 1310 684 aut
1339 655 1394 684 est
1414 647 1461 685 de

400 701 528 750 aliquo
567 701 762 750 apparenti
789 701 913 746 malo,
944 700 1049 748 quod
1087 707 1142 736 est
1173 712 1264 737 vere
1301 700 1460 738 bonum.

399 754 524 793 Dolor
547 761 674 791 autern
700 766 767 790 seu
786 752 931 789 tristitia
959 764 1056 801 quae
1078 760 1133 789 est
1162 752 1210 790 de
1232 765 1325 790 vere
1344 753 1460 801 malo,

402 804 481 843 non
507 813 632 856 potest
660 818 742 843 esse
771 817 966 842 summum
990 806 1153 842 malurn:
1185 813 1240 842 est
1269 805 1369 843 enirn
1398 806 1461 843 ali-

402 858 493 907 quid
522 871 568 895 eo
587 858 705 907 peius,
731 857 870 895 scilicet
897 859 959 894 vel
977 870 1055 894 non
1084 857 1251 895 iudicare
1275 871 1358 895 esse
1382 871 1462 895 ma-

401 912 480 948 lum
509 911 600 948 illud
628 910 734 958 quod
760 923 851 947 vere
881 918 937 947 est
964 911 1122 958 malum,
1149 911 1212 948 vel
1241 911 1354 948 etiam
1383 924 1460 949 non

402 964 560 1000 refutare
593 963 695 1000 illud.
723 962 890 1000 Tristitia
918 971 1046 1000 autem
1078 964 1141 1001 vel
1170 963 1280 1001 dolor
1312 964 1377 1012 qui
1406 972 1461 1001 est

402 1016 448 1053 de
477 1015 672 1064 apparenti
701 1016 816 1063 ma10‚
847 1016 952 1064 quod
982 1023 1037 1053 est
1063 1029 1156 1054 vere
1185 1016 1352 1063 bonum,
1382 1029 1461 1054 non

396 1076 524 1117 ,potest
561 1080 642 1105 esse
671 1080 867 1106 summurn
902 1069 1069 1117 malum,
1099 1068 1188 1118 quia
1219 1069 1328 1117 peius
1365 1077 1462 1106 esset

400 1120 558 1157 omnino
588 1121 741 1158 alienari
770 1134 791 1157 a
818 1133 913 1158 vero
943 1122 1058 1158 bono.
1089 1122 1199 1159 Unde
1227 1121 1460 1170 impossibile

400 1182 454 1211 est
487 1174 592 1223 quod
621 1174 745 1223 aliqua
778 1173 922 1212 tristitia
952 1175 1014 1211 vel
1045 1174 1154 1212 dolor
1185 1174 1231 1211 sit
1263 1187 1460 1211 summum

398 1226 564 1264 hominis
592 1228 749 1265 malum.

452 1281 509 1317 AD
530 1292 667 1317 PR1M1JM
695 1292 793 1318 ERGO
814 1292 998 1318 mcENDUM
1023 1280 1129 1329 quod
1149 1279 1225 1316 duo
1254 1279 1356 1317 bona
1376 1288 1462 1317 sunt

400 1332 620 1370 communia
641 1340 677 1369 et
697 1332 934 1370 delectationi
955 1340 990 1369 et
1008 1332 1192 1370 tristitiae:
1214 1332 1353 1370 scilicet
1367 1333 1461 1371 iudi-

400 1385 539 1423 dicium
567 1398 704 1423 verum
724 1386 772 1423 de
801 1387 904 1423 bono
926 1394 962 1423 et
981 1386 1105 1431 malo;
1136 1393 1172 1422 et
1191 1386 1286 1423 ordo
1312 1385 1460 1423 debitus

1052 204 1318 250 QUAESTIO
1348 204 1527 250 XXXIX,
1557 204 1853 240 ARTICULUS
1883 204 1932 240 IV

1516 281 1721 318 voluntatis
1750 282 1995 330 approbantis
2023 284 2169 321 bonum
2200 292 2235 321 et
2263 285 2469 322 recusantis
2498 298 2577 322 ma-

1515 335 1607 370 lum.
1629 335 1678 371 Et
1706 334 1758 371 sic
1786 342 1889 382 patet
1913 336 2016 383 quod
2044 336 2082 373 in
2111 337 2242 374 dolore
2261 338 2322 374 vel
2351 338 2494 375 tristitia
2523 345 2578 374 est

1517 386 1670 434 aliquod
1691 387 1849 433 bonum,
1870 399 1938 435 per
1958 388 2063 425 cuius
2082 389 2334 438 privationem
2351 398 2475 438 potest
2494 390 2576 428 fieri

1517 439 1692 475 deterius.
1724 439 1801 476 Sed
1828 451 1907 476 non
1942 440 1981 477 in
2009 442 2115 478 omni
2152 442 2400 479 delectatione
2429 450 2485 480 est
2513 443 2577 479 ali-

1517 491 1622 539 quod
1651 491 1807 537 malum,
1832 503 1901 539 per
1929 493 2033 530 cuius
2067 495 2320 531 remotionem
2348 495 2467 543 possit
2493 495 2576 532 fieri

1517 543 1665 580 melius.
1686 543 1797 580 Unde
1820 544 2016 582 delectatio
2037 547 2162 595 aliqua
2184 554 2310 596 potest
2338 559 2419 584 esse
2440 546 2455 576 β
2475 560 2576 584 sum-

1517 608 1626 637 mum
1648 596 1820 635 hominis
1847 598 1994 635 bonum
2021 599 2052 646 ²³⁸,
2074 611 2119 636 eo
2150 600 2268 640 modo
2297 612 2373 648 quo
2403 612 2518 648 supra
2536 599 2577 622 *³¹²

1517 648 1659 686 dictum
1689 656 1764 688 est:
1793 648 1935 693 tristitia
1957 658 2085 689 autem
2112 665 2191 691 non
2219 643 2344 703 potest
2363 664 2445 690 esse
2473 664 2577 691 surn-

1517 713 1626 738 mum
1654 699 1820 739 hominis
1849 703 1994 741 malum
2012 702 2044 741 ²⁸.

1569 755 1628 790 An
1657 765 1847 793 SECUNDUM
1874 749 2059 792 DmENnuM
2082 756 2188 811 quod
2214 741 2291 796 hoc-
2315 758 2442 807 ipsum
2471 758 2577 808 quod

1517 814 1572 844 est
1599 803 1836 844 voluntatem
1855 808 2064 856 repugnare
2085 806 2199 857 malo,
2221 818 2276 848 est
2295 809 2491 860 quoddam
2508 811 2577 847 bo-

1515 872 1621 897 num.
1643 859 1692 896 Et
1718 867 1874 908 propter
1900 861 1988 908 hoc,
2017 860 2160 900 tristitia
2178 862 2241 900 vel
2270 863 2380 902 dolor
2398 876 2478 903 non
2505 876 2577 912 po-

1515 920 1586 949 test
1615 924 1696 949 esse
1725 925 1920 950 summurn
1956 913 2123 951 malum:
2154 914 2244 962 quia
2263 915 2385 963 habet
2408 916 2576 965 aliquam

1514 964 1808 1014 permixtionem
1836 966 1939 1003 boni.

1569 1019 1627 1053 AD
1647 1029 1806 1055 TERTmM
1825 1030 2010 1056 DicaNDUM
2025 1019 2130 1067 quod
2148 1018 2256 1079 peius
2271 1026 2331 1057 est
2339 1020 2445 1068 quod
2465 1028 2578 1059 nocet

1516 1069 1676 1117 meliori⁷
1697 1082 1814 1119 quam
1842 1071 1948 1119 quod
1975 1079 2088 1108 nocet
2113 1070 2421 1121 peiori.Malu1n
2447 1080 2576 1111 autern

1517 1121 1650 1159 dicitur
1665 1123 1752 1170 quia
1768 1129 1885 1169 nocet,
1897 1131 1939 1160 ut
1954 1123 2041 1160 dicit
2054 1124 2311 1172 Augustinus
2302 1137 2341 1163 m
2349 1124 2541 1176 Enchirid.
2558 1125 2578 1148 '¹‘

1516 1175 1628 1212 Unde
1648 1174 1772 1212 maius
1800 1177 1945 1213 malum
1965 1183 2021 1213 est
2040 1177 2146 1225 quod
2175 1185 2230 1215 est
2249 1177 2394 1215 malum
2414 1173 2576 1227 animae,

1516 1240 1633 1276 quarn
1661 1228 1766 1277 quod
1795 1236 1850 1266 est
1886 1229 2045 1268 malum
2060 1230 2240 1279 eorporis.
2270 1230 2382 1268 Unde
2415 1243 2495 1269 non
2523 1239 2579 1269 est

1517 1281 1651 1318 efficax
1683 1281 1798 1329 ratio,
1828 1294 1945 1331 quam
1973 1283 2207 1332 Augustinus
2243 1283 2387 1321 inducit
2422 1296 2501 1321 non
2534 1296 2579 1321 ex

1516 1346 1630 1371 sensu
1658 1347 1740 1382 suo,
1761 1335 1829 1372 sed
1858 1347 1904 1372 ex
1931 1347 2045 1373 sensu
2073 1335 2224 1374 alterius
2251 1336 2282 1373 ³¹⁸.

452 1514 477 1550 β)
497 1522 560 1540 esse.
577 1529 597 1534 —
607 1516 675 1548 fieri
692 1515 967 1548 ABCEFGHIKLpD3
987 1521 1012 1541 et
1029 1517 1065 1542 ita
1083 1524 1144 1541 mox
1162 1517 1203 1542 1⁴¹1.

1078 1595 1408 1629 Conmentaria
1431 1596 1679 1630 Cardinalis
1701 1597 1900 1630 Caietam·

472 1692 564 1712 mssrs
588 1682 727 1713 secundo
757 1688 788 1713 et
814 1682 906 1713 tertio
933 1682 1070 1713 articulis
1099 1683 1242 1713 eiusdem
1264 1683 1457 1723 quaestionis

401 1692 761 1766 Offigesimaenonae,
784 1726 817 1756 in
838 1733 951 1767 quarto
973 1727 1116 1763 articulo,
1137 1727 1170 1757 in
1193 1727 1400 1767 responsione
1419 1728 1459 1758 ad

397 1771 547 1811 primum,
567 1771 692 1801 adverte
715 1771 804 1811 quod
827 1770 993 1811 dupliciter
1015 1771 1148 1811 intelligi
1167 1777 1272 1811 potest
1294 1773 1383 1812 quod
1405 1772 1459 1802 illa

398 1815 463 1845 duo
487 1815 586 1851 bona,
609 1814 725 1845 scilicet
747 1814 859 1844 veritas
882 1814 989 1845 iudicii
1014 1822 1043 1845 et
1066 1815 1220 1845 rectitudo
1245 1815 1373 1852 ordinis,
1398 1816 1459 1846 sint

397 1858 581 1889 communia
597 1858 796 1888 delectationi
813 1865 842 1888 et
858 1858 1012 1888 tristitiae:
1030 1859 1147 1889 scilicet
1165 1859 1388 1896 universaliter,
1409 1860 1459 1889 vel

395 1901 566 1932 indefinite.
579 1901 611 1932 Si
626 1901 810 1941 intelligitur
821 1902 1044 1939 universaliter}
1058 1903 1264 1942 glossandum
1280 1909 1339 1934 est:
1361 1904 1458 1934 dedu-

397 1947 455 1977 ctis
469 1946 707 1986 impedimentis.
725 1945 811 1976 Cum
826 1946 911 1976 enim
926 1947 1049 1976 malurn
1065 1956 1102 1976 ex
1117 1947 1357 1986 particularibus
1374 1947 1458 1978 defe-

395 1990 497 2021 ctibus
509 1990 679 2029 contingat,
693 1995 724 2020 et
739 1989 856 2020 falsum
869 1990 908 2020 sit
924 1990 1046 2020 malum
1057 1991 1243 2027 intellectus,
1255 1998 1286 2022 et
1299 1991 1457 2022 indebitus

396 2034 475 2064 ordo
497 2034 619 2064 malum
637 2034 826 2071 voluntatis;
852 2044 889 2064 ex
906 2034 1030 2065 defectu
1054 2035 1163 2075 aliquo
1187 2045 1314 2066 necesse
1337 2042 1383 2066 est
1407 2046 1455 2066 ac-

396 2078 496 2108 cidere
513 2084 543 2108 et
557 2078 590 2108 in
606 2078 765 2108 intellectu
783 2078 898 2109 falsum
916 2078 1071 2109 iudicium
1088 2079 1126 2110 de
1141 2079 1227 2110 bono
1244 2086 1298 2110 aut
1313 2080 1409 2117 malo,
1427 2087 1456 2111 et

393 2122 428 2152 in
450 2122 613 2153 voluntate
636 2122 795 2153 indebitus
819 2123 988 2163 appetendi
1011 2123 1101 2154 ordo.

1566 1684 1598 1715 Si
1613 1695 1689 1715 vero
1713 1684 1897 1724 intelligitur
1920 1683 2092 1721 indefinite,
2112 1690 2190 1715 tunc
2214 1695 2380 1726 processus
2395 1685 2515 1718 litterae
2530 1688 2579 1718 «ad

1510 1728 1707 1758 inferendam
1730 1729 1950 1765 universalem,
1975 1728 2092 1760 scilicet
2110 1729 2200 1770 quod
2223 1729 2257 1760 in
2281 1730 2371 1760 omni
2389 1730 2514 1762 tristitia
2532 1738 2580 1763 eet

1510 1773 1642 1812 aliquod
1658 1773 1791 1809 bonum,
1808 1782 1864 1812 per
1882 1772 1973 1803 cuius
1993 1773 2205 1804 remotionem
2220 1780 2326 1814 potest
2343 1773 2410 1805 fieri
2425 1774 2576 1812 deterius,

1510 1816 1762 1856 interpretandus
1782 1823 1827 1847 est
1844 1817 2022 1847 secundum
2035 1817 2147 1848 locum
2161 1827 2183 1848 a
2199 1819 2324 1849 maiori.
2339 1818 2476 1850 Maiores
2492 1818 2579 1851 euim

1510 1859 1651 1890 tristitiae
1667 1867 1698 1891 et
1721 1860 1943 1891 delectationes
1959 1867 2033 1892 sunt
2052 1871 2134 1902 quae
2149 1872 2185 1892 ex
2203 1872 2275 1892 vere
2292 1862 2469 1893 coniunctis
2485 1863 2578 1894 malis

1510 1911 1565 1934 aut
1586 1904 1688 1941 bonis,
1707 1911 1737 1935 et
1761 1915 1833 1935 vere
1857 1905 2069 1945 apprehensis,
2088 1913 2293 1946 consurgunt,
2313 1916 2412 1947 quam
2434 1916 2517 1948 quae
2541 1916 2579 1938 ex

1509 1948 1733 1989 apparentibus
1752 1956 1963 1989 consurgunt:
1988 1950 2171 1990 apparentia
2195 1950 2282 1981 enim
2303 1950 2445 1982 imitatur
2466 1951 2578 1982 verita-

1509 1998 1584 2023 tem.
1602 1993 1702 2030 Quasi
1719 1993 1834 2024 diceret
1857 1994 1955 2034 quod,
1973 1994 2048 2034 quia
2071 1993 2218 2025 maximis
2238 1994 2368 2026 tristitiis
2390 2001 2422 2026 et
2443 1995 2576 2027 delecta-

1509 2036 1650 2067 tionibus
1676 2037 1862 2068 communia
1884 2044 1958 2068 sunt
1987 2038 2064 2069 haec
2087 2038 2153 2069 duo
2177 2039 2278 2076 bona,
2304 2048 2503 2080 consequens
2525 2045 2579 2070 est

1510 2087 1546 2111 ut
1569 2081 1658 2111 omni
1681 2081 1804 2112 tristitia
1826 2081 1927 2122 possit
1947 2092 2013 2112 esse
2038 2082 2184 2120 deterius,
2208 2093 2265 2124 per
2291 2083 2504 2123 privationem
2523 2082 2578 2115 ali-

1511 2124 1601 2156 cuius
1615 2124 1745 2156 illorum
1767 2125 1908 2156 duorum
1932 2126 2103 2158 bonorum.

2705 547 2719 581 β

2604 609 2656 631 'D-
2671 615 2721 638 437

2616 635 2694 663 Qu.
2713 642 2796 662 xxxxv,

2605 662 2648 683 art.
2661 668 2682 690 3.

2603 714 2659 736 D.
2673 721 2739 748 {⁰93¹
2753 715 2814 742 10²8·

2605 1133 2664 1180 :fica
2677 1139 2768 1182 αἳμ-
2778 1133 2819 1185 C}

2606 1185 2680 1208 cath:
2684 1187 2715 1207 ’κ
2722 1185 2753 1208 de

2565 1208 2771 1267 aare
2753 1209 2818 1241 ³¹³·

2607 1343 2616 1353 '¹
2631 1341 2735 1382 Comfiii
2740 1342 2819 1384 germ*
