2852 4152
130 309 138 317 '
155 308 202 335 Qu.
216 314 279 335 xxvi,
295 312 337 329 art.

126 341 149 360 4.

128 924 139 935 '
155 923 211 951 Cap.
227 929 259 944 rx.

131 1091 150 1136 L]
161 1089 235 1136 Εδίῗ.
255 1088 325 1110 CCXI
335 1104 340 1114 ,

130 1194 138 1202 ·
156 1193 211 1214 Loc.
226 1192 266 1214 cit.

134 1347 142 1355 ·
153 1345 189 1366 De
198 1345 255 1366 Fide
265 1345 340 1371 Orth„

129 1372 170 1393 lib.
185 1371 215 1398 11,
229 1377 280 1399 cap.
294 1377 340 1392 xvi.

132 1401 141 1408 ¹
155 1397 290 1424 Nemesius,
313 1398 342 1419 de

131 1423 187 1445 Nat.
197 1424 275 1449 Hom„
290 1430 316 1445 ca
335 1439 342 1445 .

133 1457 185 1478 xxx,
201 1450 229 1471 al.
245 1451 285 1471 lib.
299 1430 340 1477 13,

133 1483 184 1504 cap.
194 1483 233 1498 xw
243 1477 277 1498 vel
291 1483 341 1498 1111.

134 1715 142 1722 ·
159 1712 206 1740 Qu.
220 1718 285 1739 xxm,
301 1716 342 1734 art.

131 1745 146 1761 1.

132 2030 141 2038 ¹
156 2029 208 2050 Art.
223 2028 327 2055 praeced.

139 3214 146 3222 ¹
161 3212 193 3234 Ca
213 3228 218 3233 .
233 3218 263 3237 vr.
278 3218 346 3233 ιιι.-

138 3239 163 3260 S.
173 3238 194 3260 Τ
213 3254 218 3259 .
233 3238 284 3260 lect.
294 3244 323 3260 vr.

134 3271 146 3281 ·
160 3270 211 3291 Art.
226 3275 246 3291 2.

365 196 440 233 294

981 188 1246 234 QUAESTIO
1276 188 1416 234 XLV1,
1445 186 1741 223 ARTICULUS
1770 186 1840 232 Ill,
1870 186 1921 221 lV

364 265 484 300 vinum,
505 265 630 305 respicit
653 275 756 295 unum
780 266 938 296 obiectum
963 272 1102 296 tantum:
1127 275 1200 296 cum
1224 265 1281 295 sibi
1305 271 1427 294 ametur
1479 264 1512 293 in
1531 263 1672 299 obiecto,
1698 263 1778 293 sicut
1798 273 1872 293 cum
1895 269 2017 294 amatur
2031 263 2161 299 amicus,
2179 270 2232 293 aut
2255 262 2418 292 irascimur
2435 259 2537 310 alicui,

365 308 414 338 vel
437 309 533 344 alteri,
552 316 587 339 ut
610 309 754 350 superius
772 309 789 328 *
814 310 907 340 etiam
927 310 1047 340 dictum
1070 309 1139 340 fuit.
1159 309 1200 339 Et
1223 308 1364 338 similiter
1387 307 1425 337 de
1480 314 1534 337 aut
1557 307 1632 337 odio
1661 307 1814 337 habemus
1837 306 1976 346 aliquem
2004 307 2079 337 odio
2107 306 2296 337 inimicitiae.
2322 306 2357 335 In
2381 305 2428 335 his
2453 313 2538 334 enlm

367 352 442 382 odio
467 353 721 383 abominationis.
739 371 760 376 -
781 354 868 384 Patet
892 353 976 384 enim
1007 353 1170 393 utriusque
1195 352 1326 382 solutio:
1352 350 1426 390 quia
1479 351 1578 381 tribus
1608 351 1683 380 solis
1713 350 1855 391 explicita
1879 350 2047 390 applicatio
2079 351 2174 381 huius
2198 351 2236 380 ad
2266 350 2327 379 hoc
2357 349 2389 378 in
2414 348 2538 378 obiecto

367 396 483 427 scilicet
498 407 564 427 non
588 397 730 437 explicite
746 397 920 438 important
934 397 1178 437 applicationem
1200 395 1294 426 huius
1310 394 1350 424 ad
1364 394 1426 424 hoe
1480 401 1618 434 apparet,
1636 402 1692 425 etc.

1168 546 1484 588 ARTICULUS
1513 545 1740 587 TERTIUS

1063 640 1217 670 UTRUM
1242 640 1312 669 1RA
1337 639 1403 670 sn·
1427 639 1469 669 IN
1494 638 1833 670 CONCUPISCIBILI

1199 718 1229 742 111
1249 718 1332 749 Sent.,
1352 718 1410 743 dist.
1430 725 1495 747 xxm,
1515 725 1560 750 qu.
1578 725 1595 747 1,
1616 722 1662 742 art.
1683 724 1705 741 2.

457 830 463 843 ι
501 839 531 853 st.
582 820 604 844 D
632 819 789 844 TER-rum
811 819 863 843 stc
883 818 1122 843 PROCEDITUR.
1142 806 1303 843 Videtur
1321 806 1427 853 quod

438 862 446 871 ⁴
489 851 493 861 ’
513 835 562 912 5³<
581 860 634 897 ira
653 860 699 896 sit
718 860 755 895 in
776 856 1069 907 concupiscibili.
1091 859 1190 896 Dicit
1218 859 1319 896 enim
1335 860 1427 896 Tul-

549 904 662 960 lius,
682 913 720 948 in
736 913 787 948 IV
802 912 846 948 de
865 911 1083 948 Tusculanis
1103 912 1250 954 Quaest.
1271 912 1302 958 ²¹²,
1324 911 1427 960 quod

581 965 635 1001 ira
664 973 719 1001 est
747 965 858 1001 libido
892 964 1093 1013 quaedam.
1117 966 1193 1002 Sed
1222 964 1338 1002 libido
1376 971 1430 1000 est

368 1021 405 1056 in
435 1017 727 1067 concupiscibili.
747 1018 849 1065 Ergo
879 1025 915 1053 et
942 1016 1006 1054 ira.

423 1084 457 1109 2.
470 1072 702 1118 PRAETEREA,
715 1069 945 1118 Augustinus
961 1069 1059 1116 dicit,
1072 1069 1109 1106 in
1119 1070 1271 1119 Regula
1280 1069 1312 1117 *,
1324 1070 1429 1118 quod

369 1126 427 1161 ira
455 1124 587 1161 crescit
612 1123 648 1159 in
679 1123 817 1159 odium.
843 1123 892 1159 Et
919 1123 1066 1159 Tullius
1094 1122 1192 1169 dicit,
1222 1123 1259 1159 in
1290 1123 1428 1159 eodem

368 1177 462 1214 libro
482 1177 513 1224 ²⁸,
535 1176 640 1224 quod
659 1176 785 1212 odium
805 1181 859 1212 est
875 1175 933 1212 ira
953 1175 1168 1212 inveterata.
1190 1175 1268 1212 Sed
1296 1175 1429 1212 odium

370 1238 424 1267 est
453 1230 490 1266 in
520 1228 812 1277 concupiscibili,
834 1228 929 1264 sicut
956 1239 1077 1264 amor.
1099 1228 1200 1276 Ergo
1226 1228 1279 1265 ira
1308 1236 1364 1265 est
1391 1228 1429 1265 in

370 1281 664 1331 concupiscibili.
864 1318 866 1322 ,

424 1337 457 1372 3.
480 1336 711 1380 PRAETEREA,
732 1334 995 1370 Damascenus
1009 1332 1030 1354 '¹‘
1049 1339 1086 1369 et
1105 1333 1310 1381 Gregorius
1330 1334 1429 1382 Nys-

370 1400 483 1425 senus
510 1387 530 1409 ²⁸
559 1387 688 1424 dicunt
715 1386 821 1434 quod
850 1385 908 1422 ira
942 1386 1177 1433 componitur
1209 1398 1258 1422 ex
1286 1387 1430 1424 tristitia

369 1447 406 1477 et
430 1439 622 1477 desiderio.
646 1439 722 1476 Sed
749 1447 955 1487 utrumque
974 1438 1112 1475 horum
1143 1446 1198 1475 est
1224 1439 1262 1476 in
1291 1452 1430 1476 concu—

369 1493 539 1542 piscibili.
560 1493 662 1540 Ergo
691 1492 745 1530 ira
774 1499 829 1528 est
857 1491 895 1528 in
924 1491 1218 1540 concupiscibili.

425 1547 498 1583 SED
527 1557 684 1592 CONTRA,
704 1545 763 1582 vis
788 1544 1089 1592 concupiscibilis
1118 1551 1174 1580 est
1201 1544 1272 1581 alia
1292 1546 1339 1581 ab
1359 1545 1429 1582 ira-

371 1599 500 1636 scibili.
531 1599 571 1636 Si
599 1598 708 1646 igitur
741 1597 796 1634 ira
825 1605 922 1634 esset
949 1597 988 1633 in
1020 1597 1321 1646 concupiscibili,
1351 1611 1430 1635 non

372 1651 680 1689 denominaretur
707 1651 754 1687 ab
785 1663 829 1687 ea
857 1650 915 1687 vis
942 1649 1145 1686 irascibilis.

424 1706 648 1742 RESPONDEO
668 1715 851 1740 mcENDUM
871 1702 988 1752 quod,
1008 1702 1103 1739 sieut
1122 1714 1235 1751 supra
1253 1702 1273 1724 ’¹‘
1288 1702 1430 1740 dictum

372 1765 437 1805 est,
458 1758 653 1806 passiones
676 1755 870 1793 irascibilis
890 1755 928 1792 in
954 1756 1030 1792 hoc
1049 1754 1227 1791 differunt
1245 1768 1267 1792 a
1286 1755 1430 1804 passio—

370 1810 480 1847 nibus
497 1808 809 1858 concupiscibilis,
822 1808 926 1857 quod
941 1807 1089 1844 obiecta
1103 1808 1325 1856 passionum
1342 1820 1431 1844 con-

370 1862 595 1911 cupiscibilis
616 1869 704 1898 sunt
721 1862 868 1898 bonum
890 1868 927 1897 et
945 1861 1090 1897 malurn
1110 1860 1301 1906 absolute;
1329 1861 1431 1897 obie-

370 1923 428 1952 cta
457 1923 584 1952 autem
618 1913 841 1963 passionum
869 1913 1061 1950 irascibilis
1098 1920 1187 1950 sunt
1218 1913 1365 1949 bonum
1396 1921 1432 1949 et

370 1968 515 2004 malum
555 1980 644 2004 curn
683 1966 850 2014 quadam
889 1966 1097 2002 elevatione
1135 1966 1197 2002 vel
1235 1966 1429 2003 arduitate.

370 2020 524 2057 Dictum
553 2027 609 2057 est
636 2027 763 2056 autem
791 2019 811 2040 '¹‘
836 2018 941 2068 quod
969 2018 1023 2055 ira'
1041 2018 1192 2066 respicit
1221 2017 1297 2055 duo
1328 2018 1431 2055 obie-

423 2135 449 2166 α)
471 2135 570 2167 aliqua.
587 2148 606 2153 -
624 2142 682 2159 cum
701 2134 791 2166 aliqua
810 2133 861 2158 EF.
880 2147 898 2152 -·
916 2133 988 2158 circa
1012 2135 1152 2165 utrumque
1175 2133 1308 2158 existente
1326 2141 1378 2157 om.
1397 2133 1432 2163 133

368 2171 500 2195 existente
518 2178 572 2195 om.
591 2169 666 2194 ceteri
686 2174 711 2194 et
729 2176 754 2194 a.

1483 813 1558 842 cta:
1588 805 1727 842 scilicet
1753 798 1975 852 vindictam,
1999 817 2115 852 quarn
2136 806 2294 855 appetit3
2322 815 2357 844 et
2385 819 2472 843 eum
2492 807 2539 843 de

1482 871 1559 906 quo
1579 858 1785 895 vindictam
1815 858 1970 906 quaerit.
1992 858 2040 894 Et
2069 858 2166 894 circa
2193 866 2394 908 utrumque
2422 872 2541 907 quan-

1483 911 1572 947 dam
1602 910 1825 947 arduitatem
1851 911 1905 947 ira
1934 910 2104 958 requirit:
2134 923 2213 947 non
2250 911 2351 948 enim
2386 912 2542 959 insurgit

1482 971 1608 999 motus
1627 963 1716 1009 irae,
1738 962 1807 999 nisi
1827 962 1952 1011 aliqua
1968 968 1984 984 α
2004 962 2263 1010 magnitudine
2284 964 2379 1001 circa
2397 972 2540 1001 utrum-

1484 1028 1557 1064 que
1588 1015 1787 1060 existente;
1816 1027 2074 1064 quaecumque
2105 1016 2207 1052 enim
2236 1017 2328 1053 nihil
2352 1023 2448 1064 sunt,
2477 1023 2543 1054 aut

1483 1068 1630 1104 modica
1658 1067 1786 1114 valde,
1817 1067 1918 1104 nullo
1947 1066 1962 1097 β
1989 1069 2105 1117 digna
2124 1069 2438 1116 aestimamus‚.ut
2454 1071 2543 1108 dicit

1484 1120 1749 1169 Philosophus,
1766 1120 1804 1156 in
1820 1121 1851 1156 II
1867 1121 2054 1158 Rhetoric.
2071 1120 2091 1143 '¹‘
2105 1122 2215 1159 Unde
2231 1122 2472 1163 manifestum
2487 1131 2542 1160 est

1483 1173 1588 1223 quod
1602 1173 1656 1210 ira
1677 1185 1754 1209 non
1775 1180 1830 1209 est
1850 1173 1886 1209 in
1907 1174 2200 1223 concupiscibili,
2217 1175 2285 1212 sed
2303 1175 2341 1225 in
2356 1174 2541 1212 irascibili.

1537 1228 1596 1263 An
1615 1237 1751 1262 ramum
1775 1237 1872 1263 ERGO
1897 1238 2080 1264 DICENDUM
2105 1227 2209 1276 quod
2223 1228 2370 1265 Tullius
2388 1227 2543 1266 *libidi-

1484 1291 1573 1316 nem
1593 1279 1765 1316 nominat
1784 1279 1991 1328 appetitum
2012 1279 2287 1329 cuiuscumque
2307 1281 2398 1318 boni
2417 1281 2542 1329 futuri,

1484 1344 1563 1369 non
1599 1332 1726 1369 habita
1759 1331 1982 1368 discretione
2011 1333 2118 1370 ardui
2144 1334 2217 1370 'vel
2245 1345 2324 1371 non
2352 1334 2470 1372 ardui.
2495 1335 2545 1372 Et

1484 1385 1696 1422 secundum
1725 1385 1810 1431 hoc,
1839 1385 1947 1433 ponit
1974 1385 2069 1422 iram
2099 1387 2169 1422 sub
2197 1386 2364 1434 libidine,
2384 1387 2545 1436 inquan-

1484 1445 1564 1474 tum
1581 1445 1636 1474 est
1654 1437 1842 1486 appetitus
1860 1437 2060 1475 vindictae.
2078 1439 2140 1475 Sic
2158 1446 2288 1476 autem
2306 1439 2423 1477 libido
2440 1451 2544 1477 com-

1485 1490 1620 1527 munis
1640 1498 1694 1526 est
1722 1490 1772 1527 ad
1799 1490 2024 1527 irascibilem
2057 1499 2093 1527 et
2122 1492 2471 1541 concupiscibilem.

1537 1544 1596 1580 Ar>
1616 1554 1805 1580 SECUNDUM
1824 1554 2006 1580 DICENDUM
2028 1544 2133 1591 quod
2151 1544 2206 1581 ira
2226 1545 2359 1582 dicitur
2378 1557 2545 1584 crescere

1484 1595 1522 1632 in
1551 1595 1693 1642 odium,
1715 1608 1793 1632 non
1817 1597 1920 1644 quod
1941 1595 2077 1632 eadem
2105 1609 2265 1633 numero
2290 1597 2417 1646 passio
2446 1610 2546 1646 quae

1485 1649 1587 1697 prius
1616 1648 1683 1684 fuit
1710 1647 1775 1694 ira,
1796 1648 2045 1696 postmodum
2073 1649 2141 1685 fiat
2169 1649 2302 1687 odium
2329 1662 2399 1699 per
2426 1663 2544 1700 quan-

1485 1703 1574 1738 dam
1595 1700 1929 1737 inveterationem:
1955 1700 2023 1738 sed
2045 1713 2116 1750 per
2135 1702 2329 1751 quandam
2354 1703 2547 1741 causalita-

1483 1762 1573 1790 tem.
1595 1755 1655 1790 Ira
1674 1753 1789 1800 enim,
1809 1765 1878 1802 per
1906 1753 2199 1802 diuturnitatem,
2222 1763 2351 1792 causat
2374 1756 2518 1794 odium.

1537 1808 1595 1843 AD
1637 1817 1796 1843 TERTIUM
1832 1818 2016 1844 DICENDUM
2052 1807 2157 1855 quod
2184 1807 2238 1845 ira
2271 1807 2405 1845 dicitur
2442 1821 2547 1846 com-

1483 1859 1576 1908 poni
1606 1871 1651 1895 ex
1679 1858 1822 1896 tristitia
1851 1866 1887 1895 et
1915 1859 2115 1907 desiderio,
2136 1873 2215 1898 non
2243 1861 2338 1898 sicut
2362 1873 2407 1898 ex
2433 1861 2548 1911 parti-

1484 1913 1568 1959 bus,
1585 1913 1652 1949 sed
1671 1911 1766 1949 sicut
1782 1924 1827 1948 ex
1847 1912 1981 1950 causis.
1998 1913 2153 1950 Dictum
2174 1921 2229 1950 est
2249 1921 2377 1951 autern
2396 1926 2512 1964 supra
2525 1913 2547 1935 ¹³

1485 1964 1588 2013 quod
1617 1964 1814 2014 passiones
1844 1965 2146 2014 concupiscibilis
2179 1974 2266 2003 sunt
2299 1971 2550 2016 causaetpas‘-

1485 2018 1635 2055 sionum
1663 2017 1868 2054 irascibilis.

1541 2131 1565 2164 β)
1586 2134 1666 2158 nullo.
1684 2146 1703 2151 -
1722 2133 1800 2158 modo
1819 2134 1915 2158 addunt
1934 2133 1980 2158 Pa.

1150 2311 1466 2354 ARTICULUS
1495 2312 1767 2364 QUARTUS

1051 2405 1234 2436 UTRUM
1267 2405 1352 2435 IRA
1383 2404 1462 2435 SIT
1495 2404 1603 2436 CUM
1635 2405 1868 2436 RATIONE

1111 2483 1141 2507 ΙΙ·
1161 2483 1204 2508 ῙΙ“·
1224 2501 1230 2513 ,
1250 2491 1293 2516 qu.
1313 2490 1379 2512 erm,
1400 2488 1446 2507 art.
1463 2491 1493 2514 45
1511 2483 1557 2508 VII
1578 2483 1672 2512 Ethic„
1695 2484 1753 2508 lect.
1771 2491 1806 2508 v1.

488 2612 497 2621 .,
551 2594 557 2605 ι
581 2584 603 2609 D
624 2584 797 2615 QUARTUM
817 2583 870 2608 src
891 2583 1130 2609 paocnmrua.
1147 2571 1305 2609 Videtur
1323 2571 1429 2618 quod

496 2629 522 2644 '³
548 2640 559 2670 j
579 2625 634 2662 ira
654 2637 732 2662 non
761 2625 806 2661 sit
834 2637 922 2661 curn
942 2625 1099 2661 ratione.
1122 2626 1180 2661 Ira
1203 2624 1319 2671 enim,
1341 2635 1428 2661 cum

386 2676 506 2726 '3'qu
528 2683 549 2726 ἦ
563 2675 627 2724 ¹sit
645 2677 771 2727 passio
791 2678 994 2726 quaedam,
1016 2685 1071 2714 est
1090 2677 1129 2714 in
1151 2677 1319 2727 appetitu
1346 2689 1430 2714 sen·

426 2706 515 2759 532³*
538 2722 702 2768 Xsitivo.
725 2730 801 2767 Sed
829 2730 1017 2779 appetitus
1045 2730 1246 2767 sensitivus
1274 2743 1353 2767 non
1373 2742 1429 2767 se-

372 2783 497 2832 quitur
533 2783 686 2821 rationis
730 2783 1096 2832 apprehensionem,
1125 2783 1194 2820 sed
1230 2782 1431 2821 sensitivae

370 2835 496 2885 partis.
518 2836 619 2884 Ergo
649 2837 703 2873 ira
730 2849 809 2873 non
838 2843 894 2873 est
922 2848 1009 2872 cum
1039 2835 1195 2872 ratione.

426 2901 460 2925 2.
481 2889 713 2936 PRAETEREA,
734 2889 911 2926 animalia
931 2889 1040 2926 bruta
1061 2896 1188 2925 carent
1207 2889 1363 2928 ratione.
1384 2889 1432 2925 Et

371 2950 499 2978 tamen
528 2942 566 2978 in
587 2941 639 2979 eis
667 2942 857 2980 invenitur
879 2941 944 2978 ira.
965 2942 1068 2989 Ergo
1087 2942 1142 2978 ira
1171 2954 1248 2978 non
1269 2949 1324 2979 est
1344 2954 1431 2978 cum

372 2994 527 3031 ratione.

428 3047 462 3083 3.
482 3047 714 3095 PRAETEREA,
745 3047 905 3085 ebrietas
933 3048 1019 3096 ligat
1048 3048 1245 3085 rationem.
1267 3047 1434 3085 Adiuvat

372 3107 501 3136 autem
530 3099 579 3136 ad
606 3099 714 3138 iram.
735 3101 837 3148 Ergo
867 3101 920 3138 ira
949 3113 1027 3138 non
1056 3109 1112 3138 est
1139 3113 1227 3137 cum
1256 3101 1413 3138 ratione.

427 3153 501 3189 SED
522 3164 665 3190 CONTRA
689 3165 754 3190 es’r
774 3153 877 3202 quod
902 3154 1156 3203 Philosophus
1186 3153 1285 3202 dicit,
1305 3154 1343 3190 in
1363 3153 1431 3190 VII

372 3205 491 3242 Ethic.
511 3205 542 3252 ³⁸,
565 3206 669 3255 quod
684 3206 742 3243 ira
758 3208 994 3255 consequitur
1007 3207 1190 3244 rationem
1210 3206 1430 3256 aliqualiter.

427 3258 651 3296 RESPONDEO
666 3271 849 3300 mcENDUM
869 3260 984 3308 quod,
1001 3259 1096 3296 sicut
1114 3272 1229 3309 supra
1249 3261 1268 3282 *²
1289 3259 1431 3298 dictum

375 3318 439 3357 est,
462 3311 515 3348 ira
545 3319 599 3348 est
627 3312 813 3360 appetitus
841 3312 1042 3350 vindictae.
1066 3313 1172 3349 Haec
1201 3320 1328 3349 autem
1357 3313 1432 3349 col-

375 3363 555 3400 lationem
590 3364 768 3413 importat
797 3377 946 3413 poenae
974 3365 1200 3412 infligendae
1235 3366 1283 3403 ad
1316 3378 1432 3402 nocu-

1485 2578 1658 2608 mentum
1686 2571 1757 2608 sibi
1779 2571 1948 2609 illatum:
1978 2574 2092 2621 unde,
2113 2574 2152 2611 in
2170 2575 2239 2612 VII
2254 2576 2380 2613 ΧΕΙΙιίε.
2408 2577 2439 2623 *,
2461 2575 2549 2614 dicit

1484 2624 1742 2673 Philosophus
1771 2625 1876 2672 quod
1899 2626 2130 2676 syllogizans
2152 2632 2169 2648 ²
2196 2629 2376 2676 quoniam
2403 2635 2548 2679 oportet

1485 2677 1596 2714 talem
1633 2689 1876 2726 oppugnare,
1911 2679 2086 2716 irascitur
2121 2682 2327 2729 confestim.
2363 2682 2548 2724 Conferre

1486 2737 1614 2767 autem
1643 2738 1680 2766 et
1707 2730 1926 2778 syllogizare
1953 2739 2009 2769 est
2040 2732 2206 2771 rationis.
2227 2734 2276 2771 Et
2301 2734 2391 2771 ideo
2410 2735 2464 2772 ira
2493 2742 2548 2774 est

1486 2783 1777 2831 quodammodo
1807 2795 1895 2820 cum
1924 2785 2081 2822 ratione.

1539 2837 1597 2872 An
1626 2847 1763 2873 ptumum
1791 2848 1888 2873 ERGO
1917 2849 2101 2876 DICENDUM
2120 2839 2226 2888 quod
2249 2847 2376 2877 motus
2405 2840 2547 2889 appeti-

1486 2888 1586 2926 tivae
1613 2888 1760 2925 virtutis
1787 2897 1913 2938 potest
1941 2903 2022 2928 esse
2052 2904 2141 2929 cum
2165 2892 2309 2930 ratione
2339 2893 2547 2943 dupliciter.

1487 2942 1574 2978 Uno
1603 2942 1734 2988 modo,
1756 2954 1844 2979 cum
1874 2943 2016 2981 ratione
2037 2945 2312 2994 praecipiente:
2343 2954 2378 2983 et
2407 2946 2460 2983 sic
2478 2958 2548 2984 vo-

1487 2995 1610 3032 luntas
1631 3003 1687 3032 est
1715 3007 1803 3032 cum
1823 2995 1986 3043 ratione3
2017 2997 2118 3034 unde
2147 3006 2182 3035 et
2201 2998 2335 3035 dicitur
2358 2999 2546 3048 appetitus

1488 3047 1688 3084 rationalis.
1710 3048 1795 3085 Alio
1825 3049 1960 3097 modo,
1990 3062 2079 3087 curn
2108 3050 2252 3088 ratione
2281 3051 2546 3089 denuntiante:

1489 3107 1524 3136 et
1551 3100 1604 3137 sic
1640 3101 1694 3138 ira
1723 3108 1779 3138 est
1815 3113 1903 3139 cum
1931 3102 2088 3140 ratione.
2118 3103 2218 3140 Dicit
2246 3104 2347 3142 enim
2376 3104 2547 3147 Philoso—

1486 3154 1596 3202 phus,
1617 3153 1655 3191 in
1684 3154 1778 3192 libro
1802 3154 1848 3191 de
1869 3155 2095 3193 Problemat.
2118 3157 2150 3204 *‚
2171 3157 2278 3205 quod
2296 3158 2354 3195 ira
2383 3163 2438 3195 est
2461 3169 2547 3195 cum

1487 3207 1642 3254 ratione,
1664 3219 1738 3244 non
1757 3208 1853 3244 sicut
1871 3209 2126 3257 praecipiente
2143 3210 2300 3256 ratione,
2318 3211 2385 3248 sed
2411 3216 2452 3247 ut
2467 3221 2548 3247 ma·

1487 3260 1682 3307 nzfestante
1705 3261 1895 3298 iniuriam.
1916 3261 2238 3310 Appetitusenim
2258 3262 2458 3300 sensitivus
2477 3262 2547 3299 im-

1486 3313 1649 3401 lmediate
1683 3313 1816 3350 rationi
1851 3325 1930 3351 non
1962 3315 2112 3363 obedit,
2147 3315 2215 3352 sed
2252 3315 2442 3370 mediante
2478 3327 2547 3352 vo—

1499 3373 1638 3403 untate.

430 3487 455 3518 α)
469 3487 641 3520 syllogizans.
658 3501 676 3506 -
693 3488 853 3521 conserendo
872 3488 968 3512 addunt
987 3489 1032 3513 Pa.
1050 3502 1069 3507 —
1087 3489 1136 3513 Pro
1156 3490 1243 3519 talem,
1264 3490 1355 3514 taliter
1373 3490 1598 3521 ABCEFGHIKL,
1618 3491 1738 3516 totaliter
1756 3491 1832 3521 PDa,·
1851 3491 1882 3516 cf.
1902 3497 1960 3516 text.
1981 3492 2021 3516 cit.

2569 1134 2580 1145 “
2594 1133 2651 1161 cap.
2667 1139 2694 1160 ιι,
2708 1138 2732 1155 u.
2745 1138 2766 1161 3.

2571 1235 2580 1244 ”
2598 1234 2651 1256 Lib.
2670 1233 2710 1256 cit.
2728 1238 2781 1261 cap.

2569 1266 2601 1288 vx,
2615 1266 2656 1282 vn.

2576 1921 2585 1932 ·
2596 1920 2645 1949 Qu.
2651 1925 2705 1948 xxv,
2715 1923 2758 1942 m.
2765 1925 2784 1942 π.

2575 2589 2586 2600 “
2600 2587 2657 2614 Luc.
2671 2588 2711 2610 cit.

2574 3167 2661 3217 iffi:
2669 3166 2785 3216 ἕω*
