2852 4152
386 195 459 230 316

383 273 507 304 habitus
532 283 597 303 esse
617 279 662 303 est
686 283 740 313 per
756 284 788 304 se
808 280 920 304 notum
945 274 1148 314 experientia;
1171 281 1201 305 et
1224 274 1443 314 quaestionem

384 327 510 347 movere
535 318 573 347 de
597 317 677 353 hoc,
703 325 783 348 esset
805 318 987 358 impotentis
1012 318 1186 348 discernere
1218 318 1299 348 inter
1329 324 1443 347 notum

383 371 438 401 per
454 371 486 391 se
510 368 540 392 et
560 368 674 392 notum
698 369 826 402 propter
841 362 936 393 aliud.
954 379 974 385 -
991 362 1148 397 Secundo,
1161 369 1196 391 ut
1212 361 1326 391 sciatur
1350 370 1443 390 causa

383 415 479 445 quare
503 412 558 436 est.
582 406 623 435 Et
645 406 721 436 haec
740 406 883 446 quaestio
914 413 959 436 est
980 406 1135 445 posterior
1159 404 1344 445 quaestione
1367 404 1443 443 quid

383 455 447 480 est:
470 449 625 489 quoniam
647 450 734 489 prius
759 457 885 490 oportet
900 450 976 480 scire
1000 449 1208 489 quidditatem
1227 448 1260 477 in
1284 457 1326 485 se,
1343 457 1441 487 quam

304 500 322 521 ⁰,
349 510 354 516 ·
382 500 418 523 ut
441 503 568 523 causam
588 504 654 523 esse
678 494 738 530 rei;
761 500 884 524 constat
906 493 990 523 enim
1008 503 1043 522 ex
1068 493 1093 522 11
1116 493 1236 522 Foster.
1254 491 1280 526 *‚
1298 491 1441 521 medium

349 537 354 542 '
382 538 421 567 ad
444 537 664 578 quaestionem
696 547 738 567 an
763 543 825 574 est,
850 547 915 567 esse
938 537 1022 577 quid.
1046 537 1178 575 Propter
1208 535 1296 575 quod
1320 537 1441 565 Auctor

382 581 485 621 primo
508 582 684 621 praedicata
706 581 912 621 quidditativa
935 580 1069 615 habitus,
1087 579 1119 609 in
1143 578 1252 618 primis
1276 578 1379 609 tribus
1391 588 1439 609 ar-

381 625 494 661 ticulis,
515 625 682 666 quaesivit:
707 632 737 655 et
751 635 845 660 nunc,
863 631 985 664 quarto,
1003 623 1040 653 de
1062 623 1183 653 ratione
1205 632 1260 653 seu
1277 632 1370 652 causa
1394 632 1440 653 es-

383 669 471 699 sendi
495 669 562 699 eius
585 668 722 709 inquirit.

436 713 474 743 ΙΙ.
491 713 526 742 In
551 723 682 752 corpore
706 711 846 742 eiusdem
863 710 964 751 quarti
986 709 1118 747 articuli,
1136 711 1259 741 adverte
1284 710 1358 740 duc.
1375 710 1440 754 Pri-

380 767 472 787 mum
492 763 546 793 est,
563 757 651 797 quod
667 755 838 786 differentia
853 754 934 785 inter
957 754 1127 784 secundam
1142 761 1172 784 et
1187 753 1311 784 tertiam
1335 755 1440 784 condi-

380 801 501 831 tionem
516 800 698 840 requisitam
722 800 761 829 ad
784 799 966 829 habendum
981 798 1134 835 habiturn,
1157 798 1298 828 consistit
1318 797 1351 828 in
1367 798 1438 835 hoc,

381 845 483 884 quod,
512 844 613 884 prima
639 843 820 874 conditione
852 842 1080 882 complectente
1106 849 1293 883 utrumque,
1323 842 1440 874 scilicet

380 888 554 928 potentiam
578 894 608 917 et
626 894 749 923 actum;
774 887 911 917 secunda
930 886 1080 922 conditio,
1102 896 1138 916 ex
1152 893 1239 926 parte
1254 893 1351 922 actus,
1368 887 1438 927 plu-

379 932 532 962 ralitatem
560 938 625 961 tam
653 937 782 961 actuum
810 940 908 970 quam
938 930 1111 960 modorum
1135 930 1325 966 eorundem;
1350 931 1438 961 tertia

379 982 494 1011 autem,
520 985 556 1005 ex
579 981 664 1015 parte
688 974 856 1014 potentiae,
877 974 1088 1014 pluralitatem
1111 981 1177 1004 tam
1201 974 1439 1014 disponentium

379 1029 476 1059 quam
499 1019 672 1049 modorum
694 1018 839 1058 ipsorum
863 1018 963 1058 ponit.

433 1063 616 1095 Secundum
631 1069 686 1098 est,
704 1063 792 1103 quod
816 1072 852 1092 ex
869 1062 936 1102 ipsa
960 1061 1142 1093 definitione
1166 1061 1300 1097 habitus,
1317 1065 1439 1093 Auctor

377 1107 454 1137 haec
469 1106 617 1147 requisita
632 1107 735 1137 habet.
751 1107 798 1136 Ex
817 1106 937 1138 ratione
953 1116 1091 1147 namque
1108 1105 1332 1146 dispositionis,
1346 1106 1439 1136 habet

378 1151 612 1182 distinctionem
641 1151 721 1181 inter
754 1150 930 1190 potentiam
957 1157 987 1181 et
1017 1157 1138 1187 actum,
1163 1150 1437 1191 diversitatemque

377 1201 524 1231 actuum,
549 1201 580 1225 et
607 1205 714 1225 rursus
737 1194 949 1234 pluralitatem
980 1194 1227 1234 disponentium.
1250 1194 1438 1235 Disponitur

378 1238 463 1269 enim
486 1249 581 1269 omne
605 1239 693 1280 quod
717 1238 904 1279 disponitur,
922 1239 960 1268 ad
978 1245 1083 1268 actum
1107 1238 1259 1279 aliquem;
1283 1249 1340 1269 nec
1356 1248 1438 1278 opus

378 1289 424 1313 est
439 1282 565 1323 disponi
582 1283 671 1324 quod
688 1282 781 1313 unius
797 1289 922 1313 tantum
939 1289 1026 1312 actus
1037 1289 1083 1313 est
1098 1291 1207 1322 capax;
1226 1288 1256 1312 et
1272 1282 1438 1323 dispositio

377 1327 519 1358 habentis
543 1334 588 1358 est
611 1333 723 1367 partes,
741 1327 821 1357 idest
842 1326 992 1366 partialia.
1014 1327 1061 1356 Ex
1078 1326 1198 1358 ratione
1215 1333 1322 1357 autem
1340 1326 1438 1357 varie-

377 1370 448 1401 tatis
464 1371 639 1402 secundum
656 1372 735 1402 bene
753 1371 804 1401 vel
817 1371 910 1407 male,
928 1370 1088 1401 diversitas
1104 1371 1238 1402 habetur
1252 1371 1436 1401 modorum.

432 1415 483 1445 III.
502 1415 594 1446 Circa
616 1415 764 1456 requisita
787 1415 827 1445 ad
850 1415 1011 1451 habitum,
1035 1415 1170 1445 dubium
1193 1415 1225 1451 in
1250 1415 1364 1445 eodem
1388 1425 1439 1445 oc—

378 1459 472 1490 currit
504 1459 647 1491 articulo.
673 1459 836 1497 Quoniam
869 1466 924 1490 aut
954 1459 1152 1490 conditiones
1183 1466 1383 1490 enumeratae
1405 1459 1438 1489 in

1055 196 1320 242 QUAESTIO
1350 197 1488 242 xmx,
1518 197 1814 234 ARTmULus
1845 197 1895 233 1v

1498 273 1599 303 littera
1622 273 1782 304 sufficiunt
1805 275 1843 304 ad
1859 275 2075 307 necessitatem
2098 276 2234 316 habitus,
2251 284 2306 309 aut
2328 288 2403 310 non.
2421 278 2452 309 Si
2472 278 2556 309 suffi-

1499 317 1602 354 ciunt,
1627 327 1701 357 ergo
1725 317 1758 348 in
1781 317 1893 354 mixtis,
1911 319 1962 348 vel
1985 320 2095 350 saltem
2117 321 2149 351 in
2173 322 2407 361 vegetabilibus,
2432 333 2556 363 ponen-

1498 360 1557 390 dus
1581 367 1627 391 est
1648 361 1786 397 habitus;
1813 368 1922 392 contra
1944 362 2119 394 doctrinam
2141 366 2300 405 sequentis
2324 367 2517 406 quaestionis
2529 367 2554 397 *.

1497 405 1537 434 Et
1560 411 1644 435 tenet
1673 405 1816 445 sequela:
1841 405 1916 445 quia
1938 406 1972 436 in
1999 406 2047 437 his
2075 415 2122 438 est
2151 409 2308 439 distinctio
2337 410 2497 449 potentiae
2526 418 2556 441 et

1496 455 1593 484 actus,
1614 455 1644 479 et
1659 449 1750 488 plura
1766 456 1958 480 concurrunt
1980 450 2188 483 diversimode
2205 454 2502 484 commensurabilia
2515 455 2555 484 ad

1496 491 1751 531 disponendum,
1775 499 1832 523 etc.
1848 493 1916 523 —Si
1943 503 2009 524 non
2039 494 2214 532 sufficiunt,
2240 506 2314 536 ergo
2342 497 2443 527 littera
2473 498 2554 528 male

1495 536 1640 575 probavit
1663 536 1878 567 necessitatem
1897 537 2031 574 habitus,
2047 546 2121 578 post
2137 547 2333 570 enumeratas
2357 540 2554 571 conditiones

1495 579 1704 619 subiungens:
1733 580 1819 617 Quia
1849 581 1951 621 igitur
1973 583 2074 614 multa
2096 589 2172 614 sunt
2202 585 2321 615 entium
2352 585 2396 614 ad
2417 593 2552 624 quorum

1495 629 1631 654 naturas
1654 629 1684 653 et
1707 625 1907 664 operationes
1921 635 2047 657 necesse
2068 632 2116 657 est
2132 628 2234 667 plura
2250 637 2444 659 concurrere
2469 637 2552 669 quae

1494 667 1627 699 diversis
1657 667 1758 698 modis
1788 671 2041 700 commensurari
2063 677 2220 710 possunt,
2253 672 2322 703 ideo
2352 681 2478 703 necesse
2506 677 2554 703 est

1493 711 1619 742 habitus
1642 721 1718 742 esse.
2381 727 2385 731 -

1549 755 1600 786 IV.
1618 755 1669 785 Ad
1691 755 1754 785 hoc
1777 754 1891 786 dicitur
1920 757 2017 796 quod,
2042 763 2078 787 ut
2101 767 2142 787 ex—
2161 759 2346 798 quaestione
2369 759 2511 800 sequenti
2535 757 2550 774 *

1494 799 1660 838 colligitur,
1677 799 1802 829 habitus
1825 799 1962 831 sumitur
1983 800 2159 840 dupliciter.
2179 802 2251 833 Uno
2275 804 2388 840 modo,
2413 804 2550 844 proprie.

1493 843 1534 874 Et
1556 843 1600 874 sic
1619 853 1685 873 non
1699 843 1823 874 videtur
1838 850 1922 875 extra
1936 843 2076 874 animam
2091 845 2276 876 rationalem
2290 846 2432 879 inveniri.
2444 865 2465 871 -—
2478 847 2551 878 Alio

1493 887 1603 923 modo,
1627 887 1839 918 communiter
1861 898 1919 928 pro
1942 888 2094 919 habituali
2118 889 2333 929 dispositione,
2353 891 2417 922 sive
2435 892 2475 922 ad
2499 901 2552 922 na—

1492 937 1596 961 turam
1617 931 1681 961 sive
1704 932 1742 961 ad
1768 941 1859 971 opus,
1883 932 1916 962 in
1940 931 2084 971 pluribus
2111 932 2314 970 consistente;
2338 941 2374 964 ut
2395 935 2428 965 in
2451 935 2552 966 littera

1493 975 1550 1005 hac
1570 975 1692 1005 dicitur.
1716 975 1757 1006 Et
1773 975 1831 1012 sic,
1843 986 1917 1006 cum
1933 976 2071 1016 quadam
2087 976 2260 1013 latitudine,
2276 977 2434 1010 invenitur
2457 979 2552 1010 etiam

1492 1018 1525 1048 in
1548 1018 1652 1049 mixtis
1675 1018 1871 1055 inanimatis;
1900 1026 1936 1050 ut
1958 1026 2043 1059 patet
2072 1020 2110 1050 de
2138 1020 2380 1060 pulchritudine.
2406 1022 2448 1053 Et
2477 1023 2552 1064 quia

1491 1064 1623 1098 Auctor,
1647 1062 1787 1093 imitatus
1810 1069 1964 1099 naturam,
1981 1063 2135 1104 paulatim
2154 1064 2192 1094 ab
2215 1063 2405 1104 imperfectis
2421 1066 2460 1096 ad
2482 1076 2550 1106 per-

1492 1105 1580 1143 fecta,
1598 1116 1616 1136 a
1639 1106 1864 1137 communibus
1883 1108 1922 1138 ad
1938 1107 2067 1147 propria
2082 1108 2259 1138 doctrinam
2281 1108 2388 1145 tradit;
2405 1109 2550 1140 habitum

1492 1150 1542 1180 hic
1567 1150 1827 1181 communissime
1854 1151 2008 1191 sumpsit,
2033 1151 2236 1182 distincturus
2268 1153 2488 1192 postmodum.
2511 1154 2553 1184 Et

1492 1193 1564 1224 ideo
1588 1194 1770 1225 conceditur
1792 1195 1880 1235 quod
1902 1195 1974 1225 illae
1997 1195 2194 1226 conditiones
2218 1195 2378 1227 sufficiunt
2401 1196 2440 1226 ad
2462 1196 2552 1228 habi-

1491 1245 1562 1268 tum
1575 1238 1625 1268 vel
1641 1238 1892 1279 dispositionem,
1910 1239 2047 1281 primam
2064 1239 2201 1280 speciem
2216 1239 2373 1281 qualitatis
2394 1238 2452 1283 (sic
2468 1240 2553 1271 enim

1493 1282 1629 1313 sumitur
1650 1282 1702 1313 hic
1724 1281 1880 1325 habitus):
1905 1289 1936 1314 et
1961 1282 2034 1313 ideo
2057 1283 2144 1314 nulla
2167 1284 2288 1314 mentio
2311 1283 2347 1315 fit
2369 1284 2408 1314 de
2435 1283 2553 1315 difficili

1493 1326 1676 1363 mobilitate,
1693 1337 1775 1367 quae
1799 1333 1845 1358 est
1875 1327 1970 1358 altera
1993 1327 2134 1358 conditio
2165 1328 2290 1359 habitus
2313 1328 2441 1369 proprie
2467 1328 2551 1359 dicti.

1492 1371 1533 1401 Et
1555 1371 1644 1411 quod
1667 1381 1734 1401 non
1756 1371 1939 1402 inconvenit
1961 1371 2105 1402 habitum
2128 1372 2340 1403 communiter
2363 1372 2484 1404 dictum
2506 1373 2552 1403 in-

1492 1415 1591 1445 veniri
1613 1415 1647 1445 in
1675 1415 1870 1452 inanimatis,
1894 1426 1912 1446 a
1935 1415 2051 1456 quibus
2080 1416 2245 1456 negabitur
2268 1416 2392 1448 habitus
2425 1416 2552 1457 proprie

1493 1466 1651 1499 sumptus.

2583 369 2594 380 ⁴*
2608 369 2660 391 Art.
2675 375 2692 397 1,
2707 376 2728 399 3.

2639 762 2657 781 t.
2670 765 2693 786 ις
2707 763 2749 782 art.
2764 765 2790 788 3,

2579 785 2608 806 ad
2622 790 2642 806 2.
