2846 4146
359 187 431 224 352

363 274 490 296 causam
515 265 648 295 activam
672 275 727 306 per
750 275 792 295 se.
818 265 951 296 Constat
975 271 1082 295 autem
1106 265 1194 304 quod
1217 264 1296 294 ordo
1317 269 1363 293 est
1376 273 1421 292 re-

361 308 447 339 latio.
463 326 484 331 —
501 309 671 344 Praeterea,
697 308 823 340 effectus
846 308 994 348 proprius
1018 308 1089 338 artis
1112 318 1168 348 per
1187 317 1218 337 se
1234 307 1269 337 fit
1285 307 1322 336 ab
1338 312 1417 336 arte:

362 352 416 383 sed
433 352 511 382 ordo
536 352 700 383 manifeste
723 351 758 383 fit
782 353 819 382 ab
844 352 969 388 artibus,
993 351 1137 392 videmus
1158 351 1243 381 enim
1264 356 1343 380 artes
1363 349 1418 378 do-

360 395 469 426 lativas
483 396 521 426 ad
534 395 595 426 hoc
608 396 733 426 tendere
746 402 781 426 ut
794 396 934 426 ordinate
949 402 978 425 et
991 401 1168 424 mensurate
1181 394 1328 428 incidant,
1339 399 1419 422 etc.—

361 439 403 469 Et
426 439 469 470 sic
492 439 617 470 habitus
639 439 762 470 virtutis
778 439 905 469 moralis
929 438 1002 468 facit
1025 438 1257 468 ordinationem
1280 436 1312 466 in
1337 442 1417 466 actu.

361 483 454 513 Unde
477 483 510 513 in
533 483 739 523 responsione
758 483 797 513 ad
820 483 960 522 primum
984 482 1015 511 in
1032 482 1094 524 hoc
1118 480 1256 511 secundo
1276 479 1418 515 articulo,

359 526 461 557 littera
485 526 558 558 dicit
580 527 668 568 quod
693 528 793 557 virtus
807 526 896 567 facit
919 526 1132 565 operationem
1156 524 1347 555 ordinatam.

420 570 596 607 Quomodo
625 577 732 602 autem
755 570 815 600 hoc
838 568 904 604 fiat,
936 578 1002 598 non
1026 574 1071 598 est
1095 567 1218 598 difficile
1241 567 1356 596 videre.
1386 566 1418 598 Si

361 613 431 655 quis
448 614 532 644 enim
557 614 731 644 consideret
747 613 835 654 quod
851 612 975 642 habitus
992 611 1114 641 virtutis
1130 621 1195 641 non
1213 617 1319 641 causat
1334 620 1417 640 seor-

361 667 433 688 sum
456 668 474 687 a
496 658 646 698 potentia,
672 658 725 687 sed
749 663 794 686 est
817 655 966 695 perfectio
991 654 1150 694 potentiae
1167 655 1205 684 ad
1223 654 1419 684 causandum

361 707 467 732 actum
495 701 692 736 ordinatum
716 699 833 730 videbit
863 699 951 739 quod
974 698 1114 738 potentia
1145 698 1282 739 perfecta
1309 697 1417 728 habitu

361 745 500 775 causabit
523 754 578 784 per
605 755 637 774 se
660 743 852 774 intendendo
877 752 942 773 non
966 742 1073 772 solum
1103 742 1337 782 operationem,
1363 742 1418 772 sed

361 789 579 828 operationem
596 788 772 818 ordinatam
788 786 831 816 sic
840 795 848 822 ;
864 793 894 816 et
910 785 1098 826 experientia
1118 792 1196 817 teste
1215 786 1418 816 convincetur

360 832 449 872 quod
472 838 518 862 est
541 831 618 862 ratio
642 831 687 861 illi
710 830 869 870 potentiae
894 830 982 870 quod
999 836 1105 860 causet
1119 829 1293 869 regulatam
1309 839 1418 869 opera-

359 875 489 905 tionem.
514 875 555 905 Et
577 874 651 910 hoc,
675 881 711 904 ut
734 874 854 904 dictum
877 880 936 910 est,
962 873 1127 904 manifeste
1149 873 1249 915 liquet
1272 873 1304 903 in
1328 873 1419 904 artifi-

360 918 503 953 cialibus,
529 929 546 948 a
570 918 685 958 quibus
709 917 907 957 concipimus
934 917 1011 958 quid
1034 917 1163 948 interius
1187 917 1296 957 agitur.
1326 917 1418 957 Unde

359 961 602 992 fundamentum
626 962 703 991 illud
728 961 806 991 nihil
830 961 902 991 facit
925 971 984 1001 pro
1008 961 1104 992 Scoto
1127 962 1166 991 ad
1182 960 1394 1001 propositum.

1061 186 1326 232 QUAEsTio
1357 185 1435 231 Lv,
1464 185 1759 221 ARTicULUs
1789 185 1837 220 111

1527 263 1565 293 V.
1591 262 1688 299 Quod
1712 269 1818 293 autern
1842 263 1939 301 addit,
1963 264 2052 304 quod
2075 264 2183 294 relatio
2207 263 2309 303 prima
2328 264 2531 304 consequitur

1472 312 1618 342 extrema,
1635 306 1768 345 dignum
1783 306 1990 337 admiratione
2003 307 2136 338 videtur.
2156 307 2239 337 Nam
2254 317 2309 346 per
2325 314 2461 338 extrema
2476 314 2531 338 aut

1471 349 1605 380 intendit
1633 349 1794 385 absoluta,
1819 356 1873 381 aut
1901 350 2078 382 relationes.
2107 351 2139 382 Si
2168 350 2349 387 relationes,
2375 350 2434 381 hae
2458 358 2531 382 sunt

1471 402 1553 433 quae
1568 393 1601 422 in
1621 393 1841 433 quaestionem
1859 393 1990 424 veniunt
2005 404 2023 424 a
2042 394 2158 435 quibus
2182 400 2364 424 causantur:
2389 401 2466 435 puta
2484 405 2530 426 re-

1470 436 1603 466 lationes
1631 436 1772 476 singulae
1796 437 1835 467 ad
1858 443 1994 477 tempus,
2018 438 2058 468 ad
2084 438 2203 474 locum,
2229 438 2268 467 ad
2291 438 2477 477 potentiam,
2501 445 2532 469 et

1471 486 1589 510 ceterae
1610 480 1870 511 circumstantiae.
1887 499 1908 504 —
1924 481 1956 512 Si
1979 481 2137 518 absoluta,
2162 482 2279 512 falsum
2300 481 2424 512 videtur
2446 482 2532 522 apud

1471 530 1517 559 te,
1542 524 1640 564 quod.
1658 524 1762 563 posito
1787 531 1858 555 actu
1881 525 1989 565 quoad
2011 525 2156 556 absoluta
2164 532 2307 561 ‘tantum‚
2325 532 2356 556 et
2379 531 2462 556 recta
2484 535 2532 556 ra-

1471 567 1558 597 tione
1572 567 1605 596 in
1622 577 1698 603 esse,
1715 574 1860 607 oporteat
1876 569 1965 610 sequi
1982 569 2246 600 conformitatem.
2268 569 2423 606 Quamvis
2446 570 2532 609 apud

1472 621 1540 646 nos,
1565 610 1668 651 posita
1690 618 1772 641 recta
1799 611 1919 642 ratione
1942 611 1974 642 in
1998 619 2068 644 actu
2093 613 2242 649 secundo,
2268 619 2337 649 etc„
2354 620 2390 643 ut
2412 611 2493 643 infra
2515 612 2533 632 *

1472 654 1606 690 dicetur,
1630 654 1826 694 impossibile
1849 655 1888 686 sit
1911 655 2000 696 sequi
2023 662 2129 687 actum
2160 656 2348 687 difformem.
2379 656 2439 687 Sed
2470 656 2532 687 hoc

1472 708 1536 728 non
1561 705 1607 728 est
1637 698 1713 739 quia
1740 699 1849 729 relatio
1882 699 2100 740 consequitur:
2124 701 2178 730 sed
2206 701 2281 741 quia
2307 700 2378 731 talis
2405 699 2532 730 effectus

1471 752 1538 772 non
1561 748 1621 772 stat
1643 752 1718 772 cum
1740 742 1795 773 tali
1818 751 1920 774 causa.
2134 781 2137 783 μ

1498 792 1506 799 ·
1527 785 1632 817 Dicito
1660 795 1734 826 ergo
1763 787 1852 827 quod
1879 786 1977 817 virtus
2007 786 2081 818 facit
2107 787 2326 826 operationem
2355 787 2533 818 ordinatam

1471 837 1624 871 tanquam
1640 830 1787 860 effectum
1802 830 1977 871 proprium.
1998 830 2039 861 Et
2054 830 2144 871 quod
2158 831 2344 862 relationem
2359 832 2473 862 habere
2488 831 2533 862 sic

1473 873 1645 904 effectivam
1675 884 1730 914 per
1761 874 1793 904 se
1824 884 1970 910 causam,
2002 883 2068 904 non
2096 873 2295 911 inconvenit,
2323 875 2379 905 sed
2407 882 2533 915 oportet

1472 918 1676 958 quandoque.

1448 1055 1607 1064 Μ

1165 1129 1479 1172 ARTICULUS
1507 1130 1736 1172 TERTIUS

940 1223 1096 1253 UTRUM
1120 1223 1276 1254 VlaTUS
1301 1223 1487 1254 HUMANA
1511 1223 1578 1254 SIT
1602 1222 1789 1253 HAsstTUs
1811 1222 1953 1254 BONUS

793 1300 823 1324 ΙΙΙ
843 1300 925 1330 8εηΐ.,
947 1300 1006 1325 dist.
1024 1308 1098 1329 nm,
1118 1308 1162 1333 qu.
1181 1308 1202 1332 1,
1222 1305 1268 1325 art.
1290 1300 1318 1330 3,
1338 1302 1384 1332 qu·
1405 1308 1430 1331 13
1450 1301 1509 1326 dist.
1527 1307 1599 1331 xxm,
1618 1308 1661 1333 qu.
1680 1308 1712 1331 11,
1731 1305 1778 1325 art.
1797 1307 1822 1331 13
1842 1300 1861 1325 11
1881 1301 1976 1330 Ethic„
1996 1301 2053 1326 lect.
2066 1308 2100 1327 Vl.

443 1416 450 1429 ι
476 1431 490 1444 ,,
546 1418 554 1421 <
569 1410 591 1435 D
620 1409 778 1435 TERTIUM
802 1410 855 1434 su:
874 1409 1115 1435 PRocEDrrUR.
1136 1397 1296 1436 Videtur
1314 1398 1421 1446 quod

498 1450 648 1487 '⁴²
678 1451 723 1488 sit
751 1450 798 1487 de
828 1451 971 1487 ratione
990 1450 1138 1488 virtutis
1164 1451 1270 1500 quod
1289 1450 1336 1488 sit
1353 1451 1419 1488 ha-

414 1531 725 1606 Qsemper
752 1556 923 1593 sumitur.
956 1557 1033 1594 Sed
1063 1556 1176 1594 etiam
1199 1556 1345 1606 peccati
1366 1564 1420 1593 est

359 1608 485 1658 aliqua
503 1608 640 1655 virtus;
661 1609 873 1646 secundum
894 1609 985 1646 illud
1006 1610 1019 1645 I
1041 1609 1091 1646 ad
1113 1610 1200 1646 Cor.
1216 1621 1264 1646 xv
1278 1609 1315 1645 *ε
1338 1610 1419 1647 Vir-

360 1667 415 1698 tus
437 1662 587 1710 peccati
613 1662 685 1698 lex.
715 1663 817 1709 Ergo
845 1661 965 1699 virtus
995 1674 1072 1699 non
1101 1674 1252 1711 semper
1280 1669 1335 1698 est
1354 1662 1419 1698 ha-

359 1714 458 1751 bitus
487 1715 623 1751 bonus.

415 1778 449 1803 2.
471 1768 704 1813 PRAETEREA,
733 1767 852 1804 virtus
880 1766 1072 1815 potentiae
1097 1767 1312 1815 respondet.
1342 1767 1420 1803 Sed

359 1820 530 1867 potentia
544 1833 623 1856 non
638 1820 762 1856 solum
784 1831 823 1856 se
844 1820 959 1855 habet
974 1819 1023 1856 ad
1042 1819 1201 1866 bonurn,
1217 1819 1285 1856 sed
1306 1819 1418 1856 etiam

359 1871 407 1909 ad
437 1873 602 1919 malum;
632 1871 844 1908 secundum
873 1871 963 1908 illud
993 1871 1111 1908 Isaiae
1130 1884 1154 1908 v
1172 1871 1208 1908 *ε
1244 1872 1336 1917 Vae,
1357 1872 1423 1920 qui

352 1930 521 1973 potentes
553 1925 636 1961 estis
663 1925 714 1961 ad
740 1924 938 1961 bibendum
966 1924 1115 1970 vinum,
1145 1930 1181 1961 et
1205 1924 1281 1961 viri
1294 1925 1420 1972 sortes

358 1978 410 2014 ad
436 1978 663 2014 miscendam
699 1977 925 2014 ebrietatem.
960 1977 1062 2024 Ergo
1093 1976 1204 2013 etiarn
1231 1976 1350 2013 virtus
1378 1989 1418 2013 se

358 2030 473 2067 habet
502 2037 537 2067 et
565 2031 613 2067 ad
641 2031 790 2067 bonum
820 2037 856 2066 et
884 2029 931 2066 ad
961 2030 1119 2066 malurn.

414 2083 448 2119 3.
483 2083 724 2131 PRAETEREA,
763 2082 976 2119 secundum
1013 2082 1263 2131 Apostolum,
1303 2083 1335 2118 ΙΙ
1370 2083 1422 2119 ad

364 2136 450 2172 Cor.
471 2148 518 2172 ΧΠ
538 2135 573 2184 *,
602 2137 719 2173 virtus
739 2136 776 2172 in
806 2135 1021 2183 infirmitate
1037 2136 1246 2183 perficitur.
1267 2135 1344 2172 Sed
1363 2135 1419 2171 in-

358 2188 518 2225 firmitas
552 2196 608 2225 est
640 2188 835 2237 quoddam
868 2188 1025 2224 malum.
1064 2189 1167 2235 Ergo
1194 2186 1313 2224 virtus
1342 2200 1419 2224 non

360 2242 484 2278 solum
514 2254 554 2278 se
582 2242 696 2278 habet
721 2241 769 2278 ad
789 2242 948 2288 bonum,
970 2240 1038 2277 sed
1058 2240 1171 2278 etiam
1192 2240 1240 2277 ad
1260 2241 1416 2277 malum.

120 1617 128 1624 '
143 1615 210 1637 Vers.
227 1615 264 1643 56.

121 1883 130 1894 ⁸¹
146 1882 211 1904 Vers.
226 1888 260 1904 22.

118 2147 126 2155 ·
142 2145 208 2167 Vers.
224 2152 245 2173 9.

414 2295 487 2330 SED
508 2306 654 2331 CONTRA
677 2306 743 2330 EST
762 2293 866 2342 quod
894 2293 1127 2341 Augustinus
1148 2293 1245 2340 dicit,
1266 2293 1305 2329 in
1324 2292 1419 2329 libro

359 2347 404 2383 de
431 2347 607 2384 Moribus
634 2346 774 2384 Eccles.
799 2346 837 2382 *τ
865 2346 991 2383 Nemo
1017 2351 1142 2383 autem
1166 2346 1420 2382 dubitaverit²

359 2400 461 2448 quod
485 2400 602 2436 virtus
631 2400 799 2436 animam
816 2399 919 2447 facit
944 2399 1135 2447 optimam.
1171 2399 1220 2435 Et
1247 2398 1420 2435 Philoso-

358 2453 458 2501 phus
492 2452 595 2499 dicit,
626 2452 663 2489 in
693 2453 724 2488 ΙΙ
752 2452 872 2488 Ethic.
898 2451 934 2499 ²⁸,
964 2453 1067 2500 quod
1094 2452 1213 2488 virtus
1240 2457 1294 2488 est
1323 2463 1420 2499 quae

359 2506 498 2542 honum
515 2506 619 2555 facit
639 2506 847 2551 habentem,
868 2509 905 2541 et
921 2516 1013 2552 opus
1033 2505 1110 2540 eius
1129 2505 1268 2541 honum
1289 2504 1417 2541 reddit.

412 2559 637 2595 RESPONDEO
657 2569 841 2595 nlcaNDUM
861 2557 978 2606 quod,
994 2557 1090 2604 sicut
1108 2569 1223 2605 supra
1241 2556 1261 2578 '¹‘
1277 2556 1418 2594 dictum

360 2619 426 2659 est,
446 2611 565 2648 virtus
584 2611 764 2660 importat
782 2610 1056 2659 perfectionem
1075 2609 1287 2659 potentiae:
1316 2610 1418 2648 unde

356 2664 475 2702 virtus
499 2664 698 2701 cuiuslibet
724 2663 779 2711 rei
807 2663 1079 2701 determinatur
1107 2662 1155 2700 ad
1183 2662 1359 2699 ultimum
1379 2662 1419 2699 in

357 2717 464 2765 quod
492 2729 551 2754 res
578 2724 714 2766 potest,
743 2724 784 2754 ut
812 2716 947 2754 dicitur
974 2716 1012 2752 in
1041 2717 1054 2752 I
1085 2716 1130 2752 de
1163 2715 1275 2752 Caelo
1294 2715 1324 2752 ³⁸.
1354 2715 1418 2752 Ul—

357 2770 493 2807 timum
523 2777 650 2806 autem
679 2769 717 2806 in
751 2769 855 2819 quod
882 2780 1137 2818 unaquaeque
1162 2768 1331 2817 potentia
1349 2780 1418 2818 po-

356 2830 438 2871 test,
460 2830 609 2871 oportet
633 2822 737 2871 quod
757 2822 802 2860 sit
820 2823 987 2862 bonum:
1017 2834 1106 2859 narn
1128 2833 1244 2858 omne
1273 2821 1417 2858 malum

358 2876 548 2917 defectum
568 2876 762 2925 quendam
781 2875 981 2924 importat;
1010 2875 1113 2912 unde
1137 2874 1344 2922 Dionysius
1364 2873 1418 2911 di-

122 2358 129 2366 '
148 2356 204 2383 Cap.
220 2362 251 2377 v1.

221 2393 237 2408 α

121 2468 130 2476 ·
146 2466 176 2488 Ca
197 2471 331 2493 .v1,n.2.-

125 2493 150 2514 S.
160 2492 180 2514 T
200 2508 206 2514 .
220 2493 272 2514 lect.
287 2498 318 2513 vu.

121 2573 128 2581 ·
144 2571 196 2593 Art.
212 2577 227 2592 1.

118 2731 129 2742 ⁸
138 2730 169 2752 Ca
189 2746 194 2751 .
204 2731 331 2757 x1,n.7,8.-

118 2757 172 2779 s.T
190 2773 196 2778 .
210 2757 262 2778 lect.
276 2763 328 2778 ην.

1473 1397 1547 1446 cit,
1566 1398 1604 1435 in
1633 1410 1668 1435 1v
1697 1410 1779 1447 cap.
1801 1399 1846 1436 de
1871 1399 1959 1436 Div.
1979 1398 2097 1436 Nom.
2118 1398 2150 1447 ³³⁸,
2181 1399 2286 1448 quod
2314 1411 2429 1436 omne
2454 1411 2534 1437 ma-

1472 1451 1552 1488 lurn
1582 1458 1637 1487 est
1665 1451 1870 1498 infirmum.
1901 1451 1950 1492 Et
1977 1458 2132 1500 propter
2157 1452 2232 1489 hoc
2251 1458 2402 1501 oportet
2429 1452 2535 1502 quod

1470 1503 1590 1541 virtus
1619 1503 1815 1540 cuiuslibet
1843 1503 1896 1540 rei
1924 1502 2069 1540 dicatur
2094 1503 2132 1540 in
2152 1504 2285 1542 ordine
2305 1505 2354 1542 ad
2372 1505 2531 1542 bonum.

1472 1556 1584 1593 Unde
1602 1556 1720 1595 virtus
1739 1557 1922 1603 humana,
1939 1568 2036 1604 quae
2057 1563 2113 1593 est
2131 1556 2282 1594 habitus
2302 1558 2536 1606 operativus,

1474 1615 1529 1645 est
1556 1609 1681 1646 bonus
1709 1609 1872 1655 habitus,
1902 1616 1939 1645 et
1966 1608 2058 1645 boni
2085 1609 2304 1657 operativus
2331 1609 2363 1647 ²¹⁸.

1525 1662 1584 1698 AD
1605 1673 1742 1698 PRIMUM
1761 1672 1859 1698 ERGO
1876 1672 2060 1698 mcaNDUM
2076 1661 2182 1709 quod
2197 1661 2291 1699 sicut
2308 1661 2534 1711 perfectum,

1473 1713 1523 1750 ita
1551 1721 1587 1750 et
1615 1714 1762 1750 bonum
1792 1713 1926 1750 dieitur
1957 1713 2218 1762 metaphorice
2254 1714 2294 1751 in
2321 1714 2452 1752 malis:
2482 1713 2536 1752 di-

1474 1765 1568 1802 citur
1596 1766 1698 1804 enirn
1727 1773 1764 1802 et
1790 1766 1979 1815 perfectus
2006 1766 2066 1803 fur
2094 1766 2175 1804 sive
2205 1767 2315 1815 latro,
2344 1774 2383 1804 et
2407 1767 2534 1810 bonus

1473 1819 1532 1855 fur
1560 1818 1639 1856 sive
1668 1819 1782 1864 latro;
1815 1825 1856 1856 ut
1882 1825 1986 1867 patet
2013 1831 2081 1867 per
2109 1819 2410 1869 Philosophum,
2438 1820 2478 1858 in
2499 1820 2536 1857 V

1472 1872 1688 1919 Metaphys.
1704 1871 1724 1893 '¹‘
1739 1870 1962 1908 Secundum
1977 1872 2052 1908 hoc
2073 1884 2174 1920 ergo,
2191 1871 2305 1909 etiam
2319 1873 2440 1910 virtus
2457 1885 2537 1910 me-

1472 1923 1667 1972 taphorice
1695 1924 1734 1961 in
1771 1923 1878 1961 malis
1913 1924 2058 1962 dicitur.
2088 1925 2138 1962 Et
2165 1924 2219 1962 sic
2245 1919 2366 1963 virtus⁴
2389 1934 2536 1974 peccatz

1474 1976 1608 2014 dicitur
1626 1977 1697 2024 lex,
1717 1975 1943 2024 inquantum
1969 1975 2109 2015 scilicet
2127 1989 2196 2026 per
2213 1978 2338 2027 legem
2367 1977 2536 2016 occasio-

1473 2029 1606 2066 naliter
1635 2037 1690 2066 est
1716 2036 1917 2078 peccatum
1950 2037 2255 2080 augmentatum,
2286 2038 2323 2068 et
2349 2031 2460 2079 quasi
2487 2031 2537 2069 ad

1474 2082 1683 2119 maximum
1713 2094 1826 2118 suum
1854 2094 1967 2131 posse
1995 2083 2181 2131 pervenit.

1525 2136 1585 2171 AD
1613 2147 1803 2172 SECUNDUM
1826 2146 2010 2172 DICENDUM
2039 2136 2145 2183 quod
2173 2136 2319 2173 malum
2348 2136 2536 2174 ebrietatis

1474 2195 1509 2224 et
1537 2187 1677 2224 nimiae
1705 2187 1924 2236 potationis,
1955 2188 2122 2225 consistit
2149 2188 2186 2225 in
2215 2188 2365 2226 defectu
2393 2189 2535 2227 ordinis

1473 2240 1638 2277 rationis.
1669 2240 1861 2286 Contingit
1888 2247 2032 2287 autem,
2063 2253 2152 2278 cum
2181 2241 2332 2279 defectu
2359 2241 2492 2280 ration'

1474 2305 1556 2330 esse
1585 2292 1750 2342 aliquam
1779 2293 1986 2341 potentiam
2015 2292 2234 2330 inferiorem
2257 2294 2466 2343 perfectam
2485 2296 2535 2332 ad

1472 2345 1510 2383 id
1539 2345 1645 2393 quod
1674 2353 1730 2382 est
1757 2345 1814 2382 sui
1841 2345 1999 2393 generis,
2030 2345 2142 2382 etiarn
2172 2358 2260 2383 cum
2285 2347 2533 2395 repugnantia

1471 2398 1535 2435 vel
1554 2410 1643 2435 cum
1661 2398 1809 2435 defectu
1825 2397 1989 2435 rationis.
2012 2398 2196 2435 Perfectio
2216 2406 2345 2436 autem
2364 2399 2447 2436 talis
2464 2411 2535 2448 po-

1472 2451 1621 2498 tentiae,
1643 2463 1732 2487 curn
1752 2450 1797 2487 sit
1817 2462 1905 2487 curn
1935 2451 2084 2487 defectu
2103 2451 2269 2499 rationis,
2297 2463 2377 2488 non
2404 2459 2534 2501 posset

1474 2503 1545 2541 dici
1573 2503 1694 2541 virtus
1722 2503 1902 2540 humana.

1525 2558 1584 2593 AD
1611 2567 1772 2593 'reanum
1799 2567 1984 2593 D1CENDUM
2017 2555 2123 2605 quod
2155 2563 2260 2593 tanto
2289 2556 2383 2594 ratio
2410 2557 2534 2606 perfe-

1473 2609 1566 2646 ctior
1595 2621 1678 2646 esse
1698 2608 1920 2656 ostenditur,
1942 2615 2085 2657 quanto
2103 2608 2338 2647 infirmitates
2363 2609 2534 2659 corporis

1473 2669 1509 2698 et
1536 2661 1758 2699 inferiorum
1795 2661 1959 2710 partium
1986 2661 2106 2709 magis
2134 2669 2259 2710 potest
2284 2662 2439 2699 vincere
2466 2674 2534 2700 seu

1471 2715 1643 2752 tolerare.
1674 2715 1722 2751 Et
1749 2714 1836 2752 ideo
1864 2714 1984 2751 virtus
2007 2715 2186 2761 humana,
2207 2726 2305 2764 quae
2326 2715 2460 2752 rationi
2481 2722 2534 2752 at-

1471 2767 1660 2814 tribuitur,
1689 2767 1726 2804 in
1756 2767 1971 2815 infirmitate
1996 2767 2134 2816 perfici
2159 2766 2314 2816 dicitur,
2344 2780 2424 2805 non
2452 2767 2534 2818 qui—

1472 2820 1562 2858 dem
1582 2819 1747 2867 rationis,
1778 2819 1846 2857 sed
1874 2820 1913 2857 in
1942 2819 2348 2870 infirmitate‘corporis
2376 2829 2413 2858 et
2439 2821 2536 2859 infe-

1472 2873 1615 2910 riorum
1644 2873 1820 2921 partium.
2055 2886 2059 2889 ·

409 2989 437 3023 α)
458 2989 628 3014 dubitaverit.
645 3003 664 3008 -
683 2988 788 3013 dubitat
807 2988 837 3018 K,
857 2988 988 3013 dubitabit
1007 2988 1053 3012 Pa.

2560 615 2568 624 ⁴
2605 618 2770 640 u-nxxvumm

2559 645 2579 667 2,
2615 644 2727 662 omment.

2562 1409 2571 1418 ·
2578 1408 2650 1431 8.ΤΙι.
2657 1409 2709 1431 leet.
2715 1414 2775 1437 xm,

2562 1441 2631 1457 xxm.

2563 1617 2776 1667 &aava

2563 1676 2605 1699 pra
2662 1685 2669 1692 .

2563 1883 2573 1892 ·
2579 1881 2776 1904 S.Tl1.lect.xvm.

2531 1925 2539 1934 ,
2564 1907 2776 1936 -uid.2ib.1v,‹ap.

2563 1939 2610 1962 ιπ,
2624 1939 2648 1956 n.
2663 1939 2681 1956 ι.
