2852 4152
0 2435 7 2438 ι
0 2371 10 2426 tun-w
0 2262 15 2359 ς-ῃ--Αμ
0 2198 4 2220 -ν

4 2599 5 2602 Α
0 2514 38 2561 §.f
6 2476 9 2487 Ἀ
6 2458 7 2463 ⁴

1022 245 1286 295 QUAESTIO
1314 242 1457 289 XXIX,
1486 237 1780 277 ARTICULUS
1811 237 1824 272 Ι

2435 233 2508 269 203

900 409 1307 491 QUAESTIO
1343 399 1964 491 VIGESIMANONA

1300 536 1384 576 DE
1418 533 1564 575 omo

1186 645 1220 670 IN
1249 643 1314 669 SEX
1340 641 1540 667 ARTICULOS
1567 639 1684 665 DIVISA

105 750 159 799 {¹2ss
168 750 319 779 ‹iu-mum·
351 751 541 834 DfflNDE
569 739 887 777 considerandum
916 746 971 776 est
999 738 1046 776 de
1075 738 1164 776 odio
1183 737 1214 774 ³¹⁴.

160 793 166 799 ’
487 794 536 830 Εῖ
565 793 662 830 circa
690 793 764 829 hoc
793 799 1024 841 quaeruntur
1052 803 1128 828 sex.

404 847 557 884 Primo:
586 853 714 883 utrum
744 857 857 882 causa
886 852 922 881 et
945 845 1137 881 obiectum
1158 842 1235 879 odii
1263 841 1307 878 sit
1330 852 1410 877 ma-

458 899 549 935 lum.

407 951 607 989 Secundo:
637 958 763 987 utrum
793 950 926 987 odium
956 956 1130 985 causetur
1157 958 1202 983 ex
1229 957 1372 982 amore.

407 1004 559 1041 Tertio:
588 1011 716 1040 utrum
745 1003 876 1041 odium
905 1002 950 1038 sit
976 1001 1107 1038 fortius
1135 1011 1252 1048 quam
1277 1010 1395 1035 amor.

1518 734 1685 780 Quarto:
1714 738 1840 768 utrum
1869 728 2001 777 aliquis
2032 726 2151 777 possit
2176 725 2318 763 habere
2347 724 2436 761 odio
2466 736 2521 760 se-

1570 797 1708 833 1psum.

1519 838 1683 884 Quinto:
1712 843 1840 872 utrum
1869 834 2000 883 aliquis
2027 833 2146 883 possit
2172 832 2312 869 habere
2341 829 2431 867 odio
2458 841 2524 865 ve-

1571 890 1731 926 ritatem.

1521 944 1656 980 Sexto:
1689 949 1817 978 utrum
1853 939 1993 988 aliquid
2027 938 2146 988 possit
2181 936 2312 974 haberi
2354 934 2443 972 odio
2486 933 2524 970 in

1571 994 1786 1032 universali.

1167 1105 1483 1152 ARTICULUS
1513 1102 1717 1145 PRIMUS

929 1201 1084 1232 UTRUM
1106 1199 1247 1230 CAUSA
1269 1199 1327 1228 ET
1351 1186 1576 1228 OBI‘ECTUM
1599 1194 1687 1226 onn
1712 1194 1778 1225 SIT
1801 1158 1983 1224 MALUM‘

1272 1276 1346 1307 Infra,
1365 1283 1410 1308 qu.
1429 1283 1499 1305 nvi,
1519 1279 1565 1299 art.
1586 1281 1610 1299 2.

494 1402 505 1411 J
540 1393 545 1402 f
567 1381 590 1406 n
618 1379 755 1404 ptumum
783 1379 836 1403 Sic
864 1377 1102 1402 PROCEDITUR.
1131 1364 1290 1401 Videtur
1309 1362 1414 1412 quod
1469 1375 1579 1399 amor
1608 1369 1664 1398 est
1691 1360 1940 1397 consonantia
1963 1359 2154 1408 quaedam
2181 1358 2370 1407 appetitus
2389 1357 2437 1395 ad
2457 1357 2496 1394 id
2515 1355 2530 1386 β
2656 1355 2672 1388 β

469 1458 475 1465 ,
543 1434 545 1436 ·
568 1420 760 1457 obiectum
790 1426 827 1456 et
850 1430 964 1455 causa
984 1417 1061 1454 odii
1089 1429 1168 1453 non
1187 1417 1233 1452 sit
1255 1417 1413 1452 malum.

474 1522 483 1529 ,
544 1472 695 1512 Omne
712 1471 813 1508 enim
833 1471 940 1519 quod
959 1477 1025 1518 est⁷
1045 1469 1270 1517 inquantum
1290 1468 1417 1504 huius-

358 1579 436 1616 odii
464 1578 510 1615 sit
537 1578 694 1624 malum,
724 1576 892 1625 sequitur
919 1575 1025 1624 quod
1043 1575 1146 1612 nulla
1164 1586 1224 1611 res
1244 1573 1333 1611 odio
1353 1573 1419 1610 ha-

358 1632 517 1678 beatur,
551 1630 619 1668 sed
655 1630 779 1667 solum
813 1629 982 1666 defectus
1018 1627 1174 1665 alicuius
1207 1626 1272 1663 rei.
1303 1625 1419 1673 Quod

358 1691 462 1733 patet
490 1695 570 1720 esse
599 1683 747 1720 falsum.

415 1748 450 1773 2.
471 1737 703 1783 PRAETEREA,
725 1735 830 1772 odire
850 1735 995 1771 malum
1015 1740 1072 1770 est
1089 1732 1298 1769 laudabile:
1318 1731 1420 1768 unde

359 1788 399 1826 in
426 1788 580 1826 laudem
619 1787 861 1837 quorundam
895 1786 1029 1824 dicitur
1056 1787 1088 1822 II
1115 1785 1297 1822 Machab.
1327 1797 1363 1821 111
1387 1785 1419 1831 ⁹,

361 1841 466 1891 quod
493 1841 595 1891 leges
622 1841 759 1889 optime
786 1840 1098 1884 custodiebantur,
1117 1844 1273 1890 propter
1305 1838 1423 1874 Oniae

354 1894 542 1943 pontificis
561 1894 750 1942 pietatem,
779 1898 815 1929 et
840 1893 987 1930 animos
1010 1892 1094 1929 odio
1113 1892 1288 1928 habentes
1306 1890 1421 1927 mala.

363 1947 404 1984 Si
431 1946 541 1995 igitur
568 1946 658 1983 nihil
686 1946 812 1983 oditur
839 1945 909 1982 nisi
937 1945 1094 1991 malum,
1124 1944 1290 1992 sequitur
1318 1943 1420 1992 quod

363 2011 479 2036 omne
497 1999 631 2036 odium
647 1999 692 2035 sit
706 1998 906 2036 laudabile.
922 1998 1038 2045 Quod
1054 2004 1156 2046 patet
1172 2009 1253 2033 esse
1273 1997 1420 2033 falsum.

419 2053 453 2089 3.
482 2053 719 2099 Pmmmm,
748 2051 852 2088 idem
880 2063 960 2087 non
989 2058 1044 2087 est
1071 2049 1184 2086 simul
1212 2050 1357 2086 bonum
1388 2057 1423 2085 et

363 2105 522 2142 malum.
554 2105 631 2142 Sed
658 2104 761 2141 idem
782 2103 940 2140 diversis
960 2111 1015 2140 est
1034 2102 1171 2139 odibile
1193 2109 1229 2138 et
1247 2102 1421 2138 amabile.

363 2158 466 2205 Ergo
496 2157 628 2194 odium
657 2169 735 2193 non
758 2157 884 2193 solum
905 2163 961 2192 est
979 2156 1080 2203 mali,
1100 2155 1167 2192 sed
1188 2154 1299 2191 etiam
1320 2154 1422 2191 boni.

419 2211 492 2246 SED
526 2221 693 2257 CONTRA,
727 2209 860 2246 odium
895 2209 1142 2245 contrariatur
1174 2207 1307 2244 amori.
1347 2207 1424 2244 Sed

127 2269 337 2324 :gg-xxxxvffffi·
365 2262 558 2299 obiectum
587 2262 728 2298 amoris
757 2270 813 2299 est
841 2262 1000 2308 bonum,
1029 2269 1071 2297 ut
1099 2273 1212 2308 supra
1231 2260 1251 2281 ’¹‘
1280 2260 1423 2297 dictum

141 2312 147 2323 ¹
189 2311 195 2318 ’
268 2311 275 2322 ’
331 2310 337 2316 ’
367 2322 432 2352 est.
462 2316 564 2362 Ergo
594 2315 786 2351 obiectum
815 2314 892 2351 odii
921 2322 975 2350 est
1003 2314 1158 2350 malum.

117 1800 138 1833 ᾖ
145 1799 214 1823 Ven-
227 1806 246 1822 ι.

418 2368 644 2404 ΒΕεΡοΝῡι-ῑο
671 2379 855 2404 monimum
883 2366 1001 2415 quod,
1026 2378 1115 2402 curn
1143 2365 1331 2414 appetitus
1359 2377 1424 2401 na—

364 2420 493 2457 turalis
521 2419 712 2457 derivetur
745 2420 793 2456 ab
828 2419 954 2468 aliqua
987 2417 1311 2468 apprehensione,
1340 2417 1426 2454 licet

365 2485 444 2510 non
473 2473 689 2517 coniuncta;
721 2472 855 2510 eadem
884 2471 978 2508 ratio
1006 2471 1156 2508 videtur
1184 2483 1265 2507 esse
1295 2471 1341 2507 de
1370 2470 1424 2507 in-

367 2525 565 2563 clinatione
594 2525 781 2574 appetitus
809 2524 999 2571 naturalis,
1021 2532 1057 2560 et
1076 2523 1263 2572 appetitus
1283 2523 1426 2560 anima-

365 2578 420 2626 lis,
437 2578 502 2627 qui
516 2578 685 2627 sequitur
699 2577 1044 2626 apprehensionem
1061 2576 1314 2622 coniunctam,
1331 2576 1427 2613 sicut

130 2641 342 2670 *Qu.xxv1‚m.1.
367 2643 482 2679 supra
494 2630 514 2652 ’¹‘
533 2630 676 2668 dictum
697 2637 763 2666 est.
785 2630 828 2666 In
847 2629 1014 2677 appetitu
1033 2636 1161 2665 autem
1181 2628 1338 2665 naturali
1352 2629 1426 2665 hoc

367 2682 566 2720 manifeste
581 2689 748 2731 apparet,
760 2681 865 2730 quod
879 2681 974 2718 sicut
990 2681 1297 2730 unumquodque
1310 2680 1428 2726 *habet

368 2736 578 2772 naturalem
611 2733 899 2771 consonantiam
930 2734 993 2771 vel
1025 2733 1274 2782 aptitudinem
1308 2733 1357 2770 ad
1389 2733 1426 2771 id

370 2787 475 2836 quod
494 2787 566 2823 sibi
582 2786 770 2833 convenit,
786 2798 884 2835 quae
901 2793 956 2823 est
974 2798 1083 2823 amor
1097 2786 1292 2832 naturalis;
1312 2786 1363 2822 ita
1377 2787 1426 2823 ad

229 2850 246 2867 α
369 2840 408 2877 id
426 2840 530 2889 quod
552 2847 607 2876 est
630 2839 664 2876 ei
689 2851 904 2888 repugnans
923 2844 941 2860 ‘²
965 2846 1002 2876 et
1020 2839 1292 2888 corruptivum,
1312 2839 1428 2875 habet

371 2892 643 2930 dissonantiam
663 2892 885 2939 naturalem,
901 2903 999 2940 quae
1019 2899 1075 2928 est
1093 2891 1225 2929 odium
1245 2892 1425 2929 naturale.

1470 1414 1578 1462 quod
1605 1413 1902 1462 apprehenditur
1928 1419 1970 1448 ut
1998 1411 2247 1449 conveniens:
2277 1411 2409 1448 odium
2433 1422 2529 1447 vero

1472 1468 1526 1503 est
1561 1466 1790 1503 dissonantia
1827 1465 2017 1514 quaedam
2054 1464 2241 1513 appetitus
2273 1464 2322 1501 ad
2354 1463 2394 1501 id
2426 1464 2531 1512 quod

1472 1519 1766 1567 apprehenditur
1802 1525 1843 1554 ut
1870 1530 2084 1566 repugnans
2122 1524 2158 1553 et
2193 1517 2386 1554 nocivum.
2426 1516 2532 1553 Sicut

1473 1579 1600 1608 autem
1630 1583 1745 1608 omne
1775 1570 2019 1617 conveniens,
2039 1570 2264 1618 inquantum
2292 1569 2530 1616 huiusmodi,

1473 1625 1588 1661 habet
1602 1623 1789 1660 rationem
1805 1623 1913 1668 boni;
1933 1623 1984 1659 ita
2003 1634 2119 1658 omne
2134 1634 2358 1670 repugnans,
2374 1622 2533 1671 inquan-

1473 1685 1555 1714 tum
1592 1675 1831 1722 huiusmodi,
1860 1675 1975 1712 habet
2003 1675 2188 1711 rationem
2217 1675 2316 1712 mali.
2351 1676 2400 1711 Et
2426 1675 2532 1722 ideo,

1475 1730 1569 1767 sicut
1595 1730 1742 1766 bonum
1773 1736 1827 1765 est
1855 1728 2048 1764 obiectum
2072 1726 2225 1775 amoris,
2246 1727 2296 1764 ita
2315 1728 2458 1764 malum
2479 1735 2537 1764 est

1476 1782 1668 1820 obiectum
1697 1781 1784 1818 odii.

1528 1837 1587 1873 An
1607 1847 1744 1872 PRIMUM
1764 1846 1861 1871 ERGO
1882 1846 2066 1872 D1CENDUM
2086 1835 2190 1883 quod
2211 1847 2288 1881 ens,
2310 1834 2534 1882 inquantum

1477 1901 1556 1936 ens,
1586 1901 1665 1925 non
1693 1888 1808 1924 habet
1835 1888 2020 1924 rationem
2049 1887 2302 1936 repugnantis,
2329 1888 2397 1924 sed
2415 1887 2536 1935 magis

1477 1941 1756 1980 convenientis:
1790 1941 1878 1989 quia
1912 1941 2042 1978 omnia
2060 1945 2075 1968 'f
2105 1940 2338 1977 conveniunt
2370 1940 2408 1977 in
2437 1948 2535 1977 ente.
2660 1938 2677 1963 Υ

1478 1995 1555 2032 Sed
1584 2006 1650 2030 ens
1678 1994 1905 2041 inquantum
1938 2001 1993 2030 est
2023 1994 2098 2029 hoc
2127 2005 2193 2030 ens
2222 1993 2536 2041 determinatum,

1476 2048 1591 2084 habet
1619 2046 1804 2083 rationem
1837 2046 2080 2095 repugnantis
2115 2046 2164 2082 ad
2197 2046 2350 2094 aliquod
2379 2058 2446 2082 ens
2475 2046 2538 2083 de-

1477 2100 1732 2137 terminatum.
1749 2100 1798 2136 Et
1817 2100 2029 2136 secundum
2049 2099 2135 2145 hoc,
2156 2111 2276 2135 unum
2297 2111 2364 2136 ens
2385 2106 2439 2135 est
2459 2099 2538 2135 odi-

1478 2153 1550 2190 bile
1579 2152 1695 2200 alteri‚
1726 2160 1762 2188 et
1790 2159 1845 2189 est
1872 2153 2034 2198 malum,
2066 2151 2132 2188 etsi
2159 2164 2238 2188 non
2266 2152 2305 2188 in
2325 2164 2382 2198 se,
2409 2159 2538 2188 tamen

1477 2218 1547 2254 per
1575 2205 1901 2254 comparationem
1930 2205 1979 2241 ad
2007 2205 2178 2241 alterum.

1530 2261 1589 2295 AD
1618 2270 1807 2294 SECUNDUM
1831 2269 2015 2294 nicENDUM
2044 2257 2159 2305 quod,
2181 2256 2276 2293 sieut
2308 2256 2448 2305 aliquid
2475 2269 2541 2305 ap-

1477 2311 1723 2359 prehenditur
1754 2318 1796 2346 ut
1827 2311 1995 2356 bonum,
2026 2310 2129 2358 quod
2164 2322 2243 2346 non
2272 2317 2327 2346 est
2353 2321 2444 2346 vere
2471 2310 2540 2345 bo-

1479 2376 1595 2409 num3
1623 2363 1673 2400 ita
1700 2363 1840 2411 aliquid
1869 2362 2165 2411 apprehenditur
2191 2370 2232 2398 ut
2258 2363 2414 2409 malum,
2434 2362 2541 2411 quod

1480 2429 1559 2454 non
1588 2424 1644 2453 est
1670 2428 1761 2453 vere
1790 2416 1947 2452 malum.
1968 2415 2079 2452 Unde
2105 2415 2284 2463 contingit
2308 2415 2540 2464 quandoque

1480 2482 1553 2507 nec
1581 2469 1713 2506 odium
1741 2468 1840 2516 mali,
1869 2481 1941 2505 nec
1968 2480 2140 2505 amorem
2167 2468 2258 2505 boni
2279 2480 2360 2504 esse
2380 2468 2539 2504 bonum.

1533 2524 1592 2559 AD
1619 2534 1779 2559 TERTIUM
1806 2533 1990 2558 D1CENDUM
2013 2521 2118 2569 quod
2138 2520 2318 2568 contingit
2335 2520 2439 2558 idem
2460 2533 2541 2557 esse

1481 2575 1644 2612 amabile
1674 2581 1710 2611 et
1737 2574 1875 2612 odibile
1906 2573 2075 2621 diversis,
2101 2573 2312 2610 secundum
2331 2568 2542 2622 appetitum

1483 2627 1638 2676 quidem
1667 2627 1889 2674 naturalem,
1911 2639 1956 2663 ex
1989 2627 2064 2663 hoc
2091 2626 2196 2674 quod
2223 2638 2345 2663 unum
2375 2633 2411 2674 et
2438 2626 2542 2663 idem

1484 2687 1539 2717 est
1567 2680 1800 2717 conveniens
1827 2679 1893 2716 uni
1921 2679 2133 2716 secundum
2162 2691 2272 2716 suam
2297 2682 2488 2726 naturam‚'
2506 2686 2543 2716 et

1483 2745 1700 2781 repugnans
1727 2731 1850 2769 alteri:
1879 2732 1974 2768 sicut
2002 2732 2104 2768 calor
2122 2731 2300 2769 convenit
2322 2731 2411 2779 igni,
2432 2739 2469 2768 et
2487 2744 2543 2768 re-

1481 2793 1626 2834 pugnat
1652 2798 1786 2834 aquae.
1818 2785 2038 2822 Secundum
2058 2785 2266 2834 appetitum
2285 2796 2378 2821 vero
2399 2784 2543 2821 anima-

1482 2839 1571 2886 lem,
1593 2850 1637 2874 ex
1664 2839 1739 2875 hoc
1768 2838 1873 2887 quod
1904 2850 2024 2874 unum
2054 2845 2090 2874 et
2116 2838 2219 2874 idem
2247 2837 2544 2886 apprehenditur

1484 2891 1532 2928 ab
1560 2903 1639 2928 uno
1667 2892 1738 2928 sub
1767 2890 1910 2928 ratione
1938 2890 2046 2938 boni7
2077 2898 2112 2927 et
2139 2891 2187 2927 ab
2216 2890 2288 2927 alio
2309 2890 2378 2926 sub
2398 2891 2543 2927 ratione

1483 2944 1586 2980 mali.

373 2945 434 2982 Sic
452 2945 563 2993 igitur
579 2952 615 2982 et
629 2944 668 2982 in
683 2945 850 2994 appetitu
865 2944 1030 2992 animali,
1046 2956 1114 2981 seu
1133 2944 1171 2981 in
1185 2944 1425 2991 intellectivo,

425 3053 452 3086 α)
472 3053 497 3078 ei
515 3060 676 3086 repugnans.
694 3066 713 3071 —
731 3059 886 3085 repugnans
904 3052 951 3077 Pa.

425 3087 451 3121 β)
470 3088 508 3113 ad
525 3089 562 3113 id.
579 3102 598 3107 -
616 3088 643 3113 in
663 3088 691 3112 id
710 3087 757 3112 Pa.

1536 3051 1563 3084 γ)
1583 3051 1682 3076 omnia.
1694 3065 1712 3069 —
1731 3051 1820 3076 omnia
1839 3050 1990 3076 communia
2007 3050 2211 3082 ABGDEGHIL,
2231 3051 2320 3076 omnia
2338 3052 2476 3076 contraria
2492 3051 2526 3076 K.

1043 3157 1373 3190 Conmentaria
1395 3157 1645 3190 Cardinalis
1666 3156 1867 3189 Caietam

401 3248 422 3268 u
437 3238 569 3269 articulo
582 3237 685 3278 primo
699 3236 893 3278 quaestionis
906 3236 1189 3276 vigesimaenonae,
1202 3241 1278 3266 nota
1291 3235 1359 3272 tria,
1372 3245 1430 3266 no-

375 3249 485 3313 Ivitie.
507 3282 625 3318 Primo,
639 3281 673 3311 in
689 3281 791 3317 titulo,
807 3281 896 3321 quod
914 3280 961 3310 bis
981 3280 1094 3311 dicitur
1112 3280 1264 3310 obiectum
1281 3285 1312 3310 et
1331 3288 1428 3310 causa

371 3326 453 3357 odii:
468 3326 584 3356 scilicet
607 3335 681 3356 cum
703 3331 928 3355 enumerantur
950 3324 1081 3360 articuli,
1099 3330 1129 3354 et
1153 3333 1227 3354 cum
1250 3323 1430 3363 proceditur

372 3370 412 3400 ad
435 3370 585 3410 primum.
603 3369 650 3400 Ex
665 3369 726 3399 hoc
749 3368 843 3405 enim,
870 3374 901 3399 et
918 3368 1023 3408 primo
1049 3374 1245 3407 argumento,
1263 3366 1428 3398 manifeste

371 3413 468 3444 habes
491 3414 614 3444 malum
636 3422 702 3444 non
725 3413 831 3443 solum
853 3411 1024 3448 obiectum,
1043 3412 1098 3442 sed
1121 3421 1248 3442 causam
1271 3421 1338 3441 esse
1353 3410 1428 3442 odii.

428 3457 590 3493 Secundo,
612 3457 645 3487 in
669 3455 814 3497 corpore,
839 3456 928 3497 quod
955 3455 1128 3486 similitudo
1151 3455 1231 3486 inter
1254 3454 1428 3495 appetitum

373 3502 547 3532 naturalem
564 3508 594 3532 et
617 3500 795 3537 animalem,
816 3500 919 3530 sobrie
937 3500 1141 3540 intelligatur:
1159 3499 1276 3529 scilicet
1298 3509 1430 3539 propor-

373 3544 538 3582 tionaliter,
559 3545 734 3576 secundum
750 3551 876 3575 naturas
891 3544 1138 3575 inanimatorum
1158 3550 1188 3574 et
1205 3542 1429 3574 animatorum.

1484 3236 1519 3265 In
1541 3235 1603 3265 illis
1627 3235 1722 3271 enim,
1740 3241 1776 3265 ut
1797 3235 1830 3264 in
1853 3244 1908 3275 qu.
1923 3245 1998 3265 xxm
2010 3234 2028 3254 *
2046 3235 2166 3266 dictum
2189 3242 2244 3272 est,
2261 3235 2347 3266 idem
2362 3243 2408 3267 est
2431 3247 2542 3268 conso·
2568 3243 2577 3251 ·
2592 3242 2643 3264 Art.
2658 3248 2690 3269 4,
2710 3242 2782 3264 eom-

1484 3279 1591 3310 nantia
1610 3285 1640 3309 et
1656 3278 1858 3315 dissonantia,
1874 3279 1908 3309 in
1931 3278 1997 3310 istis
2013 3278 2112 3309 aliud:
2138 3279 2219 3310 sicut
2233 3279 2266 3309 in
2281 3280 2342 3310 illis
2366 3290 2543 3312 consonan-
2570 3272 2640 3290 ment.
2656 3275 2710 3291 ”⁰¹¹¹
2726 3275 2756 3291 ¹v'

1483 3323 1526 3354 tia
1550 3329 1596 3353 est
1617 3322 1802 3363 proprietas,
1818 3322 1851 3353 in
1873 3322 1940 3353 istis
1963 3329 2010 3354 est
2032 3330 2118 3354 actus
2142 3323 2310 3364 appetitus.

1538 3366 1659 3402 Tertio,
1671 3367 1704 3397 in
1717 3367 1923 3407 responsione
1939 3367 1978 3397 ad
1993 3367 2149 3407 primum,
2168 3368 2256 3408 quod
2271 3367 2414 3399 consistit
2424 3369 2458 3398 in
2470 3369 2540 3406 hoc,

1484 3411 1573 3452 quod
1596 3410 1757 3441 obiectum
1781 3417 1810 3442 et
1833 3421 1927 3441 causa
1949 3411 2014 3441 odii
2037 3421 2103 3441 non
2127 3418 2173 3442 est
2201 3412 2322 3442 malum
2345 3411 2540 3452 simpliciter,

1485 3455 1539 3485 sed
1562 3455 1684 3485 malum
1714 3454 1802 3491 huic,
1825 3455 1914 3495 quod
1937 3462 1983 3485 est
2012 3455 2176 3496 quoddam
2200 3465 2270 3492 ens;
2290 3457 2379 3496 quod
2406 3466 2472 3486 non
2496 3463 2542 3488 est

1484 3499 1606 3529 malum
1624 3498 1698 3529 huic
1714 3499 1904 3540 inquantum
1923 3503 1987 3535 ens,
2004 3499 2079 3539 quia
2102 3499 2144 3530 sic
2161 3500 2316 3536 convenit,
2335 3500 2389 3530 sed
2407 3500 2541 3541 inquan-

1484 3549 1554 3573 tum
1570 3543 1630 3574 tale
1646 3553 1710 3579 ens,
1731 3543 1806 3583 quia
1820 3543 1864 3574 sic
1882 3550 2044 3583 repugnat.
2061 3543 2240 3574 Percutiens
2257 3544 2342 3574 enim
2358 3554 2419 3581 me,
2437 3545 2541 3585 quod-
