2852 4152
199 655 253 675 xxx,
263 652 304 670 art.
314 654 334 671 2.

127 2074 139 2086 ⁶
151 2073 219 2096 Vere.
233 2079 280 2102 ¹⁰³·

126 2178 207 2228 §.effa

0 2269 35 2480 we*

127 2647 180 2670 ·1>.
194 2653 247 2670 ¹122.

127 2859 139 2872 ⁸
153 2859 272 2891 Cf-Arist.
282 2859 340 2888 Phy-

127 2886 169 2908 εἰς.
181 2886 222 2908 hb.
232 2886 264 2908 m
288 2891 314 2907 ca
333 2902 339 2908 .

127 2918 163 2940 ιιι,
176 2918 201 2934 n.
211 2918 226 2934 ι.
237 2924 248 2929 -
258 2902 283 2935 ἐ.
293 2893 339 2934 Tli.

125 2939 180 2961 leet.
195 2945 226 2961 iv.

1033 256 1298 303 QUAESTIO
1328 256 1470 302 XXXI,
1499 254 1792 291 ARTICULUS
1820 254 1855 290 V

417 336 468 367 Ad
497 335 690 370 secundum,
715 335 818 375 quod,
847 345 971 365 summe
998 334 1125 366 nolente
1148 334 1273 365 Socrate
1297 333 1416 374 aliquid
1441 331 1444 368 Ι

361 380 493 416 evenire,
511 386 541 410 et
559 386 666 409 tamen
682 378 851 414 eveniente,
870 378 1049 415 tristabitur,
1066 378 1234 409 resultante
1250 387 1286 407 ex
1302 384 1415 407 eventu

361 420 557 464 apprehenso
580 422 613 452 in
636 421 798 452 voluntate
822 432 907 452 novo
931 429 1021 453 motu
1045 421 1194 453 tristitiae.
1222 421 1288 451 Nec
1310 421 1417 451 incon-

361 466 455 502 venit,
477 465 743 497 communicando
767 475 839 496 cum
864 465 929 496 istis
953 466 984 495 in
1009 465 1160 496 abusione
1175 465 1415 500 vocabulorum,

362 510 450 551 quod
477 520 551 540 cum
579 519 705 540 summa
735 509 887 539 nolitione
918 509 1030 539 obiecti
1057 509 1199 539 absolute
1222 509 1272 539 vel
1299 508 1415 544 futuri,

362 553 506 584 adveniat
519 553 579 583 alia
593 552 705 583 nolitio
722 552 863 583 eiusdem
877 553 941 583 iam
955 553 1124 593 praesentis
1140 552 1197 595 (sic
1212 553 1297 583 enim
1313 559 1418 582 causat

362 595 556 640 tristitiam):
584 597 671 627 aliter
699 596 784 626 enim
813 604 919 627 movet
946 607 1110 636 praesens,
1141 604 1171 628 et
1198 597 1285 627 aliter
1307 596 1417 626 absens

365 641 534 677 obiectum,
554 647 591 671 ut
613 639 733 670 dictum
757 647 803 670 est
817 640 844 670 *.

2446 265 2521 301 219

1526 333 1578 363 Ad
1599 332 1737 367 tertium,
1762 338 1893 371 negatur
1908 332 1995 372 quod
2012 332 2116 362 omnis
2133 331 2274 371 operatio
2291 331 2330 362 sit
2344 331 2523 362 immediate

1469 377 1502 407 in
1525 382 1678 417 potestate
1703 375 1883 406 voluntatis.
1904 376 2007 406 Immo
2031 375 2136 416 aliqua
2158 385 2332 416 nunquam,
2355 382 2390 405 ut
2405 375 2522 415 prima:

1470 420 1575 461 aliqua
1597 419 1745 455 mediate,
1771 426 1806 450 ut
1829 419 2006 455 delectatio,
2031 419 2187 450 mediante
2216 419 2330 449 scilicet
2353 419 2524 458 apprehen-

1470 464 1557 494 sione
1579 463 1630 493 vel
1653 472 1760 492 amore
1784 463 1907 493 obiecti.

1525 507 1576 537 Ad
1598 513 1748 547 quartum
1772 506 1885 538 dicitur
1907 506 2012 547 quod,
2036 516 2110 537 cum
2132 506 2193 536 hoc
2217 506 2305 546 quod
2334 505 2456 535 tristitia
2479 512 2525 535 est

1470 551 1510 582 de
1531 552 1580 582 his
1601 559 1694 591 quae,
1711 550 1800 581 nobis
1818 551 2005 587 nolentibus,
2023 550 2182 587 accidunt,
2202 556 2262 580 stat
2275 549 2364 590 quod
2379 548 2418 578 sit
2433 559 2451 578 a
2468 559 2524 578 vo-

1470 595 1590 626 luntate
1614 602 1649 625 ut
1672 599 1783 624 natura
1803 594 1994 625 immediate.

1523 722 1576 730 Μκ

1148 788 1358 830 ARTICU
1365 788 1462 830 LUS
1492 788 1747 839 QUINTUS

689 881 846 921 vUTRUM
869 880 1229 912 DELECTATIONES
1253 879 1535 910 CORPORALES
1558 879 1616 909 ET
1639 879 1873 910 SENSIBILES
1896 880 1992 910 SINT
2015 879 2203 911 MAIORES

830 923 1234 955 DELECTATIONIBUS
1258 923 1575 953 SPIRITUALIBUS
1599 923 1656 952 ET
1681 923 2060 954 INTELLIGIBILIBUS

638 994 671 1018 lV
691 994 772 1023 Sent„
793 994 850 1018 dist.
869 1001 934 1022 xcix,
954 1001 999 1025 qu.
1017 1001 1053 1023 m,
1073 998 1119 1017 art.
1141 992 1162 1022 5,
1182 993 1228 1024 qu·
1253 1000 1278 1022 ¹3
1300 992 1329 1016 In
1349 992 1447 1016 Psalm.
1466 991 1559 1022 XV111;
1579 992 1588 1015 1
1613 991 1707 1021 Ethic„
1728 993 1784 1016 lect.
1803 999 1861 1022 x1113
1880 993 1925 1016 XII
1944 992 2103 1026 Metaphys„
2124 994 2180 1017 lect.
2199 1000 2253 1017 vm.

420 1092 423 1095 ·
451 1087 457 1100 l

400 1096 460 1126 *few
483 1091 561 1141 κς(
575 1084 597 1108 D
623 1083 783 1114 QU1NTUM
808 1084 861 1108 εις
880 1083 1116 1108 PROCEDITUR.
1136 1070 1293 1108 Videtur
1317 1070 1420 1119 quod

392 1114 446 1181 ‘J
494 1111 566 1187 ξ
577 1124 842 1161 delectationes
862 1125 1075 1172 corporales
1092 1131 1127 1160 et
1142 1124 1334 1161 sensibiles
1348 1123 1420 1159 sint

382 1173 430 1230 Α
443 1190 504 1224 *Vq>
524 1179 553 1223 (ιε
576 1177 739 1213 maiores
759 1176 1068 1213 delectationibus
1096 1176 1345 1225 spiritualibus
1365 1175 1419 1211 in-

384 1230 386 1232 ’
422 1203 834 1276 ἑῧῦΧῑεΙΙὶςίὺὶΙίὺυε.
866 1229 1012 1265 Omnes
1042 1228 1143 1265 enim
1169 1229 1336 1276 aliquam
1357 1228 1420 1264 de-

365 1281 606 1318 lectationem
633 1288 860 1329 sequuntur,
891 1282 1100 1318 secundum
1129 1280 1418 1328 Philosophum,

249 1357 280 1369 ·¹
331 1358 337 1364 -
364 1333 404 1370 in
431 1334 467 1369 X
484 1334 602 1369 Ethic.
622 1333 643 1355 '¹‘
662 1333 738 1369 Sed
765 1333 891 1380 plures
919 1339 1128 1380 sequuntur
1155 1332 1421 1369 delectationes

331 1384 337 1390 “
366 1385 581 1431 sensibiles,
611 1396 727 1432 quam
756 1383 1023 1420 delectationes
1055 1384 1264 1432 spirituales
1292 1383 1422 1420 intelli-

365 1434 513 1494 gibiless
531 1436 633 1483 Ergo
672 1435 939 1472 delectationes
976 1437 1192 1484 corporales
1229 1442 1315 1472 sunt
1342 1447 1421 1471 ma-

364 1500 475 1524 iores.

420 1551 455 1576 2.
494 1540 731 1586 PRAETEREA,
761 1539 981 1587 magnitudo
1029 1552 1165 1576 causae
1204 1552 1249 1576 ex
1287 1540 1422 1576 effectu

367 1591 615 1639 cognoscitur.
647 1591 722 1628 Sed
753 1592 1020 1629 delectationes
1049 1593 1263 1640 corporales
1282 1593 1424 1629 habent

365 1644 538 1681 fortiores
575 1644 750 1681 effectus:
784 1650 1036 1681 transmutant
1069 1645 1167 1681 enim
1205 1656 1360 1692 corpus,
1390 1650 1426 1680 et

276 1720 283 1727 ·
327 1715 339 1721 -
365 1697 587 1744 quibusdam
602 1697 767 1734 insanias
774 1698 934 1745 faciunt,
950 1705 992 1734 ut
1007 1697 1140 1734 dicitur
1153 1697 1191 1734 in
1205 1697 1424 1734 VllEthic.*

365 1750 469 1797 Ergo
499 1749 764 1786 delectationes
793 1751 1008 1798 corporales
1036 1757 1123 1787 sunt
1149 1749 1333 1787 fortiores.

421 1802 455 1838 3.
477 1803 709 1848 PRAETEREA,
740 1802 1006 1839 delectationes
1035 1803 1250 1851 corporales
1275 1809 1424 1851 oportet

365 1861 577 1902 temperare
594 1863 629 1891 et
653 1855 877 1903 refraenare,
893 1863 1047 1904 propter
1071 1867 1202 1892 earum
1217 1855 1424 1892 vehemen-

364 1906 466 1943 tiam.
489 1907 564 1944 Sed
585 1907 850 1945 delectationes
874 1908 1083 1957 spirituales
1102 1920 1181 1945 non
1200 1915 1349 1956 oportet
1368 1920 1424 1944 re-

365 1960 547 1997 fraenare.
590 1961 692 2008 Ergo
735 1960 1001 1997 delectationes
1048 1961 1264 2010 corporales
1285 1965 1302 1981 0‘
1338 1968 1424 1997 sunt

366 2012 543 2051 maiores.

420 2065 494 2101 SED
514 2076 659 2101 CONTRA
678 2076 743 2101 EST
758 2065 861 2112 quod
882 2065 1014 2102 dicitur
1032 2065 1070 2101 in
1089 2066 1242 2102 Psalmo
1264 2077 1370 2102 cxvm
1384 2065 1421 2101 *ε

371 2117 494 2162 Quam
513 2117 637 2154 dulcia
649 2117 831 2165 faucibus
849 2118 940 2154 meis
959 2118 1106 2166 eloquia
1126 2124 1201 2163 tua,
1221 2130 1333 2166 super
1350 2118 1425 2154 mel

367 2171 427 2207 ori
443 2182 537 2207 meo.
559 2170 608 2206 Et
626 2169 880 2219 Philosophus
899 2170 997 2217 dicit,
1018 2170 1055 2207 in
1075 2171 1110 2207 X
1127 2171 1246 2207 Ethic.
1265 2171 1296 2217 *,
1317 2171 1422 2219 quod

366 2223 537 2259 maxima
565 2222 754 2258 delectatio
783 2228 837 2259 est
862 2234 959 2271 quae
985 2229 1040 2260 est
1059 2224 1262 2260 secundum
1290 2235 1422 2271 opera-

366 2275 503 2312 tionem
529 2275 742 2322 sapientiae.

418 2329 640 2364 RESPONDEO
667 2339 850 2364 DiOENDUM
879 2328 994 2376 quod,
1024 2327 1119 2364 sicut
1145 2327 1222 2364 iam
1241 2327 1261 2348 ’¹‘
1280 2327 1421 2364 dictum

366 2386 433 2428 est,
462 2379 659 2417 delectatio
695 2379 873 2428 provenit
902 2392 947 2416 ex
980 2379 1244 2416 coniunctione
1283 2392 1421 2417 conve-

364 2432 499 2469 nientis
518 2444 615 2481 quae
633 2431 790 2468 sentitur
802 2433 864 2468 vel
879 2430 894 2461 β
913 2432 1162 2480 cognoscitur.
1180 2434 1226 2469 Inv
1242 2433 1421 2481 operibus

365 2492 492 2522 autem
515 2485 677 2531 animae,
705 2485 908 2534 praecipue
940 2485 1138 2522 sensitivae
1168 2493 1204 2522 et
1230 2485 1422 2522 intellecti-

363 2550 450 2586 vae,
466 2545 522 2574 est
534 2538 610 2574 hoc
625 2537 954 2585 considerandum,
970 2539 1086 2585 quod,
1103 2550 1191 2574 cum
1211 2550 1289 2574 non
1303 2546 1422 2575 trans-

366 2597 454 2627 eant
470 2590 510 2627 in
533 2589 730 2626 materiam
751 2590 987 2637 exteriorem,
1017 2598 1104 2626 sunt
1127 2598 1232 2627 actus
1259 2591 1320 2627 vel
1338 2603 1423 2638 per—

365 2642 546 2689 fectiones
579 2642 789 2690 operantis,
817 2642 956 2678 scilicet
982 2642 1200 2689 intelligere,
1230 2643 1366 2679 sentire
1385 2643 1421 2690 ²¹²,

366 2694 476 2741 velle,
497 2701 533 2730 et
549 2693 788 2730 huiusmodi:
818 2706 907 2730 nam
927 2694 1093 2731 actiones
1113 2706 1211 2742 quae
1231 2702 1424 2732 transeunt

366 2746 406 2784 in
432 2745 655 2783 exteriorem
683 2746 900 2792 materiam,
930 2746 1050 2794 magis
1078 2754 1165 2784 sunt
1192 2747 1357 2784 actiones
1387 2755 1423 2784 et

365 2798 616 2848 perfectiones
639 2798 819 2835 materiae
846 2806 1134 2845 transmutatae;
1165 2807 1292 2836 motus
1320 2799 1420 2837 enim

368 2859 424 2888 est
449 2857 553 2888 actus
580 2850 725 2887 mobilis
751 2857 973 2888 amovente
993 2853 1022 2888 *.
1053 2852 1116 2888 Sic
1147 2851 1258 2900 igitur
1275 2853 1422 2900 praedi-

367 2911 448 2941 ctae
476 2902 642 2940 actiones
670 2903 818 2939 animae
853 2904 1053 2941 sensitivae
1091 2912 1127 2941 et
1153 2904 1419 2955 intellectivae‚

368 2964 404 2994 et
430 2956 534 3005 ipsae
563 2963 648 2992 sunt
676 2955 871 3004 quoddam
891 2956 1035 2993 bonurn
1056 2957 1257 3005 operantis,
1279 2965 1315 2994 et
1335 2966 1422 2994 sunt

368 3009 479 3046 etiam
500 3008 670 3057 cognitae
694 3020 762 3056 per
786 3020 939 3045 sensum
966 3009 1028 3046 vel
1047 3009 1287 3046 intellectum.
1309 3010 1420 3047 Unde

367 3062 480 3099 etiarn
502 3073 547 3098 ex
570 3061 659 3110 ipsis
679 3061 868 3109 consurgit
896 3061 1105 3109 delectatio,
1132 3069 1167 3097 et
1190 3074 1268 3099 non
1296 3063 1420 3099 solum

368 3126 412 3151 ex
440 3126 575 3151 eorum
604 3114 771 3150 obiectis.

420 3166 460 3204 Si
478 3166 587 3215 igitur
603 3172 871 3215 comparentur
891 3165 1156 3203 delectationes
1174 3165 1420 3214 intelligibiles

367 3219 674 3257 delectationibus
689 3218 940 3265 sensibilibus,
956 3218 1167 3256 secundum
1187 3218 1291 3267 quod
1321 3219 1420 3256 dele-

367 3280 512 3309 ctamur
527 3272 565 3308 in
584 3272 672 3320 ipsis
692 3270 913 3318 actionibus,
931 3279 1022 3320 puta
1036 3271 1074 3308 in
1097 3271 1310 3319 cognitione
1336 3284 1421 3308 sen-

366 3337 430 3362 sus
458 3333 495 3361 et
517 3324 556 3361 in
588 3324 800 3372 cognitione
824 3324 1051 3369 intellectus;
1080 3336 1158 3360 non
1182 3331 1237 3360 est
1261 3323 1419 3361 dubium

366 3378 471 3426 quod
499 3378 617 3414 multo
647 3384 734 3414 sunt
769 3376 933 3414 maiores
962 3376 1227 3413 delectationes
1255 3375 1421 3425 intelligi-

1476 1076 1594 1106 ctatur
1619 1070 1738 1106 homo
1759 1071 1806 1107 de
1828 1071 1903 1106 hoc
1927 1072 2030 1118 quod
2050 1071 2242 1118 cognoscit
2265 1071 2403 1119 aliquid
2423 1071 2526 1108 intel-

1474 1121 1644 1169 ligendo,
1681 1134 1797 1170 quam
1835 1122 1882 1159 de
1914 1123 1988 1159 hoc
2021 1124 2125 1171 quod
2159 1124 2351 1171 cognoscit
2387 1124 2527 1172 aliquid

1476 1174 1684 1211 sentiendo.
1720 1175 1820 1221 Quia
1852 1175 2107 1211 intellectualis
2145 1175 2306 1223 cognitio
2345 1184 2380 1212 et
2406 1177 2527 1224 perfe-

1477 1226 1570 1262 ctior
1588 1234 1661 1263 est:
1692 1234 1728 1263 et
1756 1227 1868 1264 etiam
1897 1227 2015 1275 magis
2035 1228 2283 1275 cognoscitur,
2309 1228 2396 1276 quia
2422 1228 2527 1265 intel-

1475 1279 1592 1315 lectus
1619 1279 1736 1326 magis
1765 1280 1967 1316 reflectitur
1993 1292 2108 1329 supra
2129 1288 2256 1316 actum
2282 1292 2392 1316 suum
2412 1293 2527 1328 quam

1477 1343 1620 1367 sensus.
1650 1333 1719 1368 Est
1746 1332 1858 1368 etiam
1887 1332 2048 1379 cognitio
2077 1332 2302 1369 intellectiva
2329 1333 2448 1380 magis
2476 1333 2528 1369 di-

1477 1383 1592 1419 lecta:
1614 1384 1737 1420 nullus
1757 1384 1858 1421 enim
1879 1392 1933 1421 est
1952 1385 2017 1432 qui
2036 1397 2114 1421 non
2133 1385 2251 1432 rnagis
2269 1386 2382 1422 vellet
2402 1397 2528 1421 carere

1477 1434 1562 1471 visu
1591 1436 1777 1483 corporali
1806 1449 1921 1484 quam
1944 1437 2030 1473 visu
2057 1437 2305 1484 intellectuali,
2335 1450 2380 1473 eo
2409 1437 2527 1474 modo

1478 1499 1555 1535 quo
1589 1487 1728 1524 bestiae
1756 1489 1818 1524 vel
1854 1489 1953 1525 stulti
1987 1497 2132 1535 carent,
2171 1489 2266 1526 sicut
2298 1490 2528 1537 Augustinus

1480 1539 1578 1585 dicit,
1607 1539 1645 1575 in
1673 1540 1767 1575 libro
1796 1540 1841 1576 de
1872 1541 1951 1576 civ.
1980 1542 2055 1577 Dei
2070 1541 2101 1577 ²¹⁶.

1533 1591 1610 1627 Sed
1637 1591 1667 1627 si
1696 1599 1963 1640 comparentur
1991 1593 2255 1630 delectationes
2284 1594 2530 1641 intelligibiles

1479 1643 1688 1692 spirituales
1717 1643 2025 1681 delectationibus
2060 1646 2297 1682 sensibilibus
2331 1647 2531 1694 corporali-

1480 1696 1562 1743 bus,
1583 1697 1646 1742 sic,
1662 1696 1874 1733 secundum
1894 1709 1935 1733 se
1955 1705 1990 1733 et
2014 1697 2228 1745 simpliciter
2246 1699 2451 1746 loquend0,
2468 1699 2531 1735 de-

1479 1749 1697 1785 lectationes
1712 1749 1919 1797 spirituales
1934 1757 2020 1786 sunt
2034 1749 2209 1786 maiores.
2226 1751 2275 1786 Et
2288 1751 2363 1786 hoc
2377 1759 2533 1799 apparet

1479 1801 1690 1838 secundum
1730 1801 1798 1837 tria
1832 1813 1930 1850 quae
1963 1802 2204 1850 requiruntur
2236 1803 2282 1839 ad
2320 1803 2532 1840 delectatio-

1479 1866 1588 1891 nem:
1619 1854 1758 1890 scilicet
1785 1854 1931 1890 bonum
1961 1855 2216 1902 coniunctum,
2238 1862 2274 1891 et
2300 1855 2337 1892 id
2365 1856 2424 1892 cui
2444 1868 2533 1892 con-

1479 1906 1654 1954 iungitur,
1676 1914 1712 1943 et
1738 1906 1819 1955 ipsa
1847 1906 2072 1944 coniunctio.
2103 1908 2205 1944 Nam
2235 1907 2358 1956 ipsum
2386 1909 2531 1945 bonum

1480 1959 1668 2008 spirituale
1698 1966 1734 1995 et
1762 1966 1817 1995 est
1844 1959 1966 1996 maius
1994 1972 2110 2007 quam
2140 1961 2335 2008 corporale
2369 1961 2529 2006 bonum;

1481 2019 1516 2048 et
1549 2019 1603 2048 est
1635 2011 1756 2058 magis
1789 2011 1976 2048 dilectum.
2008 2012 2126 2048 Cuius
2163 2013 2311 2060 signum
2346 2021 2402 2049 est
2428 2013 2532 2062 quod

1478 2065 1653 2101 homines
1679 2064 1794 2100 etiam
1820 2076 1842 2100 a
1870 2064 2044 2101 maximis
2073 2065 2331 2113 corporalibus
2358 2067 2531 2114 volupta-

1478 2117 1578 2154 tibus
1606 2117 1805 2162 abstinent,
1834 2124 1875 2153 ut
1897 2129 1975 2153 non
1994 2117 2155 2165 perdant
2172 2118 2373 2165 honorem,
2394 2119 2458 2165 qui
2477 2126 2532 2155 est

1479 2171 1625 2206 bonum
1645 2169 1883 2216 intelligibile.
1906 2191 1929 2196 —
1950 2169 2128 2206 Similiter
2143 2170 2256 2206 etiam
2275 2171 2356 2219 ipsa
2370 2183 2458 2219 pars
2477 2171 2531 2208 in-

1479 2222 1664 2259 tellectiva
1679 2229 1734 2258 est
1749 2222 1868 2258 multo
1884 2221 2055 2267 nobilior,
2073 2230 2109 2257 et
2128 2223 2247 2269 magis
2263 2223 2530 2270 cognoscitiva,

1479 2287 1595 2323 quam
1613 2287 1700 2322 pars
1715 2273 1903 2310 sensitiva.
1921 2294 1944 2300 —
1961 2274 2187 2310 Coniunctio
2208 2274 2321 2311 etiarn
2339 2275 2532 2323 utriusque

1480 2335 1535 2363 est
1562 2327 1682 2374 magis
1708 2326 1851 2372 intima,
1881 2332 1917 2362 et
1943 2325 2062 2373 magis
2080 2327 2256 2373 perfecta,
2278 2335 2314 2363 et
2333 2328 2453 2375 magis
2471 2328 2533 2364 fir-

1479 2392 1554 2416 ma.
1586 2378 1756 2415 Intimior
1783 2378 1939 2425 quidem
1969 2386 2035 2425 est,
2065 2378 2155 2425 quia
2174 2391 2307 2416 sensus
2326 2380 2418 2416 sistit
2437 2380 2534 2416 circa

1478 2432 1662 2468 exteriora
1689 2430 1897 2467 accidentia
1925 2430 1998 2467 rei:
2027 2430 2234 2481 intellectus
2252 2444 2346 2468 vero
2364 2440 2534 2480 penetrat

1476 2497 1598 2532 usque
1627 2484 1675 2520 ad
1704 2483 1756 2520 rei
1785 2483 2007 2528 essentiam;
2042 2483 2234 2520 obiectum
2263 2484 2364 2521 enirn
2392 2485 2533 2521 intelle-

1477 2545 1558 2574 ctus
1578 2544 1633 2573 est
1651 2536 1752 2584 quod
1769 2536 1859 2584 quid
1875 2541 1929 2572 est
1940 2535 1970 2572 *.
1987 2536 2192 2572 perfectior
2211 2544 2337 2573 autem
2358 2545 2423 2585 est,
2444 2538 2532 2585 quia

1478 2588 1733 2626 coniunctioni
1761 2588 1944 2625 sensibilis
1973 2587 2022 2624 ad
2045 2600 2199 2624 sensum
2219 2589 2431 2637 adiungitur
2448 2602 2531 2626 mo-

1477 2650 1549 2689 tus,
1578 2642 1643 2689 qui
1672 2648 1727 2677 est
1754 2648 1858 2677 actus
1886 2640 2145 2688 imperfectus:
2175 2641 2277 2678 unde
2306 2649 2342 2677 et
2371 2642 2531 2679 delecta·
2557 2653 2567 2662 ·

1477 2694 1598 2731 tiones
1626 2693 1820 2730 sensibiles
1848 2699 2042 2729 nonsunt
2068 2700 2168 2729 totae
2188 2693 2313 2740 simul,
2334 2694 2401 2731 sed
2420 2694 2459 2731 in
2478 2695 2531 2732 eis

1477 2746 1618 2794 aliquid
1646 2745 1855 2794 pertransit,
1885 2752 1921 2780 et
1947 2744 2087 2793 aliquid
2116 2753 2332 2793 expectatur
2355 2759 2532 2784 consum·

1477 2800 1673 2845 mandum,
1702 2805 1744 2834 ut
1769 2804 1872 2846 patet
1890 2797 1928 2834 in
1948 2797 2194 2834 delectatione
2219 2798 2391 2835 ciborum
2413 2808 2448 2836 et
2466 2812 2532 2837 ve-

1476 2863 1693 2889 nereorum.
1732 2850 1809 2887 Sed
1837 2849 2075 2897 intelligibilia
2111 2858 2198 2887 sunt
2229 2851 2372 2899 absque
2404 2859 2529 2889 motu:

1475 2904 1577 2941 unde
1615 2903 1880 2941 delectationes
1916 2903 2008 2939 tales
2045 2910 2133 2939 sunt
2166 2910 2266 2939 totae
2304 2903 2425 2940 simul.
2464 2905 2532 2941 Est

1477 2957 1590 2993 etiam
1617 2955 1783 2992 firmior:
1812 2955 1901 3003 quia
1937 2955 2169 2992 delectabilia
2202 2956 2411 3004 corporalia
2445 2965 2532 2994 sunt

1477 3008 1750 3057 corruptibilia,
1781 3014 1816 3044 et
1844 3007 1916 3044 cito
1946 3007 2145 3054 deficiunt;
2175 3007 2276 3044 bona
2303 3021 2396 3045 vero
2425 3009 2530 3057 spiri-

1475 3061 1590 3098 tualia
1617 3068 1703 3097 sunt
1729 3059 2034 3108 incorruptibilia.

1530 3113 1608 3150 Sed
1635 3112 1764 3160 quoad
1791 3124 1876 3159 nos,
1907 3111 2173 3149 delectationes
2201 3114 2417 3160 corporales
2445 3122 2531 3151 sunt

1475 3166 1595 3213 magis
1613 3166 1871 3212 vehementes,
1887 3171 2042 3213 propter
2059 3164 2139 3201 tria.
2168 3164 2310 3212 Primo,
2331 3165 2419 3214 quia
2446 3179 2528 3203 sen-

1476 3218 1595 3255 sibilia
1623 3224 1709 3254 sunt
1728 3217 1846 3264 magis
1865 3225 1966 3264 nota,
1987 3217 2115 3265 quoad
2143 3230 2232 3264 nos,
2252 3230 2368 3266 quam
2400 3218 2529 3255 intelli-

1475 3271 1611 3319 gibilia.
1633 3291 1657 3297 -
1687 3269 1864 3307 Secundo
1894 3269 2020 3317 etiam,
2040 3270 2128 3318 quia
2157 3270 2422 3307 delectationes
2446 3283 2529 3307 sen-

1475 3323 1612 3370 sibiles,
1635 3335 1722 3360 cum
1743 3322 1815 3359 sint
1833 3322 2027 3370 passiones
2046 3322 2211 3359 sensitivi
2229 3323 2426 3371 appetitus,
2443 3331 2529 3360 sunt

1477 3388 1565 3413 cum
1593 3375 1717 3424 aliqua
1743 3375 2053 3412 transmutatione
2081 3375 2278 3424 corporali.
2307 3375 2422 3421 Quod
2450 3388 2528 3412 non

365 3429 459 3467 biles
496 3442 612 3478 quam
647 3429 851 3467 sensibiles.
881 3430 1001 3466 Multo
1032 3428 1132 3466 enim
1169 3428 1289 3476 magis
1322 3429 1421 3466 dele·
1446 3418 1450 3471 Ι
1476 3428 1656 3476 contingit
1673 3428 1712 3465 in
1741 3427 2051 3464 delectationibus
2076 3427 2342 3476 spiritualibus,
2363 3427 2434 3464 nisi
2460 3439 2528 3476 per

419 3541 446 3576 α)
465 3543 624 3575 corporales.
642 3556 660 3561 -
678 3542 798 3567 carnales
817 3542 1011 3567 ABCDFGHK.

1528 3541 1553 3574 β)
1573 3549 1639 3574 quae
1657 3542 1771 3566 sentitur
1790 3543 1838 3568 uel.
1854 3556 1874 3561 —
1891 3549 1949 3567 cum
1969 3541 2082 3567 sentitur
2099 3544 2125 3566 et
2144 3541 2189 3566 Pa.
