2852 4152
173 501 181 510 ¹
199 499 228 521 D.
244 499 291 527 981.

166 1940 173 1948 ·
183 1937 220 1959 Ad
232 1938 322 1965 probat.
337 1942 374 1966 3¹¹²

163 1973 258 1995 rationis
273 1976 303 1994 ι’·
319 1979 374 1995 con-

166 2013 199 2030 tra
214 2012 251 2030 2·-
273 2009 374 2030 conclus.

164 2114 175 2124 '⁵
188 2113 257 2140 Resp.
272 2113 299 2135 nd
313 2119 333 2141 3.

166 2380 174 2388 ·
191 2378 238 2406 Qu.
246 2384 279 2406 rx,
290 2382 332 2400 art.
340 2384 360 2406 5.

165 3235 176 3246 ⁸
192 3234 257 3256 Vers.
275 3240 305 3262 19.

166 3398 175 3407 ·
190 3398 240 3420 Art.
257 3403 277 3423 2,
292 3397 319 3418 ad
334 3403 354 3425 3.

410 201 457 236 88

412 286 542 316 manet
579 278 721 327 aliquid
759 279 805 316 de
843 287 950 316 motu
987 280 1202 316 voluntatis.
1239 281 1467 328 Inquantum

412 344 501 379 ergo
531 331 623 368 ratio
652 340 781 368 manet
817 332 933 368 libera
968 340 1003 368 et
1034 332 1201 380 passioni
1234 344 1311 368 non
1344 331 1467 368 subie-

413 392 482 432 cta,
503 384 690 421 intantum
715 385 919 422 voluntatis
939 383 953 413 β
986 392 1112 421 motus
1137 384 1201 432 qui
1229 391 1368 430 manet,
1389 395 1467 420 non

413 449 457 474 ex
485 437 707 474 necessitate
727 437 844 474 tendit
873 437 920 474 ad
948 437 1022 473 hoc
1055 437 1103 473 ad
1128 437 1231 484 quod
1259 436 1384 484 passio
1413 436 1468 472 in-

412 489 522 528 clinat
541 489 571 527 ²¹².
601 491 650 527 Et
677 489 730 526 sic
759 497 821 526 aut
849 496 974 525 motus
1008 488 1212 526 voluntatis
1241 500 1319 525 non
1348 496 1403 525 est
1430 489 1467 525 in

410 542 578 590 homine,
598 542 665 580 sed
685 543 766 579 sola
783 541 910 590 passio
931 541 1167 578 dominatur:
1198 548 1272 587 aut,
1290 540 1320 577 si
1340 548 1468 578 motus

409 595 613 632 voluntatis
649 594 713 641 sit,
744 607 821 630 non
850 606 895 630 ex
923 593 1143 630 necessitate
1181 593 1351 640 sequitur
1382 605 1469 642 pas-

409 647 569 684 sionem.
1408 676 1411 678 -

462 699 521 736 Ab
550 711 686 736 PRIMUM
713 710 810 735 ERGO
839 709 1022 734 DICENDUM
1047 697 1162 746 quod,
1196 697 1262 735 etsi
1290 699 1467 736 voluntas

409 765 488 790 non
514 752 633 801 possit
652 752 774 788 facere
794 749 886 798 quin
914 758 1040 787 motus
1065 750 1392 799 concupiscentiae
1411 751 1467 790 in-

409 812 552 852 surgat,
583 804 630 842 de
663 816 738 852 quo
768 803 974 851 Apostolus
1004 802 1092 840 dicit
1118 804 1230 841 Rom.
1264 816 1325 851 vn,
1359 805 1469 846 Quod

408 858 471 894 odi
496 857 650 902 malum,
680 856 772 892 illud
786 856 917 903 facio,
945 855 1042 892 idest
1068 857 1311 905 concupisco;
1338 864 1467 895 tamen

407 917 532 958 potest
558 910 733 946 voluntas
762 920 839 944 non
867 908 964 944 velle
984 909 1264 958 concupiscere,
1286 917 1350 946 aut
1378 922 1468 948 con-

409 961 657 1010 cupiscentiae
696 973 773 998 non
808 961 1029 998 consentire.
1065 962 1114 999 Et
1142 962 1194 999 sic
1221 975 1299 1000 non
1329 975 1374 1000 ex
1401 975 1465 1000 ne-

408 1013 577 1052 cessitate
606 1014 775 1062 sequitur
803 1014 1129 1063 concupiscentiae
1158 1023 1317 1052 motum.

458 1069 517 1104 AD
546 1078 735 1104 SECUNDUM
764 1079 948 1106 DICENDUM
980 1067 1097 1115 quod,
1129 1081 1218 1105 cum
1246 1068 1285 1105 in
1309 1067 1465 1104 homine

407 1120 505 1157 duae
533 1120 606 1156 sint
633 1127 801 1168 naturae,
830 1120 1085 1157 intellectualis
1119 1121 1257 1157 scilicet
1275 1126 1290 1148 Υ
1320 1128 1355 1158 et
1382 1132 1466 1156 sen-

407 1172 527 1219 sitiva,
549 1173 782 1222 quandoque
802 1173 957 1222 quidem
978 1181 1034 1210 est
1057 1174 1176 1210 homo
1197 1172 1366 1222 aliqualis
1385 1173 1466 1210 uni-

405 1225 574 1262 formiter
602 1226 813 1263 secundum
842 1234 961 1263 totam
991 1225 1181 1263 animam:
1212 1225 1300 1275 quia
1328 1225 1467 1263 scilicet

457 1340 482 1373 β)
502 1341 654 1366 voluntatis.
673 1355 691 1359 -
710 1341 831 1365 voluntas
848 1340 1027 1372 AGlpBCDH.

457 1377 482 1410 γ)
502 1376 608 1402 scilicet.
625 1390 644 1394 —
663 1376 723 1401 Om.
742 1375 945 1400 ABDEFHIKL.

1119 201 1384 247 QUAESTlo
1415 202 1464 247 x,
1495 202 1789 238 ARTICULUS
1820 203 1870 238 lv

1520 280 1582 316 vel
1610 291 1698 327 pars
1718 280 1896 317 sensitiva
1923 282 2083 319 totaliter
2101 283 2294 320 subiicitur
2320 284 2466 330 rationi,
2487 284 2581 321 sicut

1523 331 1701 379 contingit
1728 332 1766 368 in
1794 332 1990 380 virtuosis3
2018 336 2080 372 vel
2109 348 2130 372 e
2159 347 2345 374 converso
2368 337 2463 374 ratio
2487 344 2581 374 tota-

1521 383 1603 420 liter
1622 384 1848 422 absorbetur
1865 397 1887 422 a
1905 386 2095 436 passione,
2126 388 2221 426 sicut
2240 388 2375 427 accidit
2393 389 2431 426 in
2450 402 2580 437 amen·-

1521 435 1631 495 tibus.
1659 437 1737 474 Sed
1757 437 1973 487 aliquando,
1995 439 2062 477 etsi
2081 440 2172 478 ratio
2193 442 2436 479 obnubiletur
2454 455 2477 480 a
2494 455 2581 491 pas-

1521 501 1641 536 sxone,
1657 497 1828 527 remanet
1845 498 1974 529 tamen
1993 491 2135 540 aliquid
2153 493 2306 532 rationis
2329 494 2502 533 liberum.
2532 496 2581 532 Et

1521 541 1732 579 secundum
1760 543 1835 579 hoc
1853 551 1979 591 potest
2006 545 2140 594 aliquis
2166 548 2228 584 vel
2247 547 2410 584 totaliter
2437 547 2580 595 passio-

1521 606 1611 631 nem
1646 595 1846 643 repellere3
1875 597 1937 633 vel
1965 597 2098 634 saltem
2130 611 2172 635 se
2204 607 2332 636 tenere
2359 612 2408 637 ne
2436 599 2580 648 passio-

1522 658 1610 683 nem
1626 655 1815 696 sequatur.
1833 649 1875 685 Ln
1890 649 1953 686 tali
1968 650 2070 687 enim
2085 650 2341 700 dispositione,
2358 652 2445 701 quia
2459 652 2579 690 homo

1521 700 1732 743 secundum
1770 700 1939 745 diversas
1974 707 2114 752 partes,
2135 704 2287 753 animae
2322 704 2580 742 diversimode

1523 751 1745 801 disponitur,
1771 753 1872 794 aliud
1899 754 1934 791 ei
1962 753 2113 795 videtur
2126 757 2354 797 ,secundum
2381 757 2579 804 rationem,

1523 812 1558 842 et
1585 805 1686 843 aliud
1715 806 1926 843 secundum
1953 807 2183 855 passionem.

1573 859 1632 895 An
1655 870 1815 896 TERTmM
1835 870 2018 896 DICENDUM
2037 860 2152 908 quod>
2161 862 2336 900 voluntas
2352 875 2434 900 non
2454 863 2579 899 sotum

1521 918 1699 948 movetur
1726 923 1747 948 a
1775 912 1880 948 bono
1899 912 2100 950 universali
2120 915 2360 962 apprehenso
2379 927 2449 965 per
2468 915 2579 952 ratio-

1520 975 1622 1010 nem,
1653 964 1720 1002 sed
1749 964 1861 1002 etiarn
1880 977 1902 1001 a
1921 965 2024 1002 bono
2055 967 2293 1015 apprehenso
2321 966 2391 1017 per
2409 980 2577 1006 sensum.

1521 1016 1569 1052 Et
1596 1016 1684 1054 ideo
1712 1025 1836 1064 potest
1860 1018 2010 1055 moveri
2030 1017 2079 1055 ad
2097 1015 2254 1066 aliquod
2270 1021 2492 1068 particulare
2511 1021 2580 1058 bo-

1519 1080 1614 1105 num
1642 1069 1786 1118 absque
1815 1070 1992 1118 passione
2025 1071 2214 1119 appetitus
2247 1073 2424 1111 sensitivi.
2460 1074 2581 1111 Multa

1520 1120 1621 1157 enim
1649 1122 1831 1159 volumus
1860 1130 1896 1159 et
1914 1134 2121 1171 operamur
2139 1124 2284 1172 absque
2296 1126 2492 1174 passione,
2512 1138 2582 1177 per

1519 1174 1641 1210 solam
1660 1172 1674 1195 δ
1703 1175 1947 1212 electionem:
1976 1183 2018 1213 ut
2045 1176 2211 1214 maxime
2244 1175 2348 1227 patet
2381 1178 2419 1216 in
2451 1177 2509 1215 his
2542 1177 2581 1216 in

1519 1227 1658 1275 quibus
1687 1228 1780 1265 ratio
1811 1228 1978 1266 renititur
2004 1229 2184 1281 passioni.

1571 1340 1597 1373 δ)
1610 1342 1703 1366 solam.
1712 1355 1731 1362 -
1742 1342 1877 1374 appetitus
1889 1343 1987 1368 addunt
2001 1342 2047 1368 Pa.
2056 1356 2076 1363 -
2087 1343 2138 1368 Pm
2153 1343 2273 1369 maxime
2281 1347 2368 1376 patet,
2381 1345 2467 1370 soum
2475 1348 2554 1377 patet
2563 1344 2581 1372 1.

1491 1343 1494 1409 Ι
1515 1379 1594 1408 patet
1612 1376 1695 1409 PFpG
1715 1382 1741 1401 et
1758 1384 1783 1402 a.

1076 1453 1407 1487 Commentaria
1430 1454 1678 1488 cardinalis
1701 1455 1900 1489 Caietaui

470 1543 540 1563 ch
563 1533 644 1564 tertii
663 1532 785 1563 articuli
812 1529 997 1568 doctrinam,
1018 1532 1143 1563 adverte
1166 1533 1254 1574 quod
1273 1532 1346 1563 inde
1369 1533 1464 1563 habes

407 1543 567 1618 Cquam
590 1577 725 1608 liberum
744 1577 796 1619 sit,
821 1584 888 1608 tam
910 1576 943 1606 in
959 1575 1199 1607 'delectabilibus
1221 1585 1318 1618 quam
1340 1577 1372 1607 in
1390 1587 1464 1608 con-

403 1621 503 1653 trariis
520 1622 696 1652 secundum
719 1627 849 1658 tactum,
868 1621 949 1651 velle
965 1627 996 1651 et
1011 1621 1106 1652 nolle.
1123 1620 1288 1652 Passiones
1305 1621 1391 1652 enim
1405 1622 1464 1652 hu-

403 1666 544 1696 iusmodi
567 1673 621 1697 aut
643 1666 781 1696 totaliter
804 1666 973 1696 absorbent
996 1665 1165 1701 rationem,
1189 1671 1218 1696 et
1242 1665 1286 1696 sic
1308 1665 1386 1696 nihil
1408 1676 1465 1696 vo-

403 1710 531 1742 luntatis
555 1717 666 1741 restat:
691 1716 746 1743 aut
765 1710 885 1751 aliquid
908 1710 975 1740 eius
989 1709 1182 1750 relinquunt,
1203 1716 1233 1740 et
1256 1710 1299 1740 sic
1314 1709 1464 1741 libertatis

403 1754 590 1785 tantundem
614 1753 785 1784 dimittunt.
803 1754 844 1784 Et
868 1753 1013 1794 quamvis
1028 1760 1113 1790 tunc,
1131 1760 1260 1794 propter
1284 1753 1464 1795 dispositio-

403 1808 477 1828 nem
497 1798 637 1834 subiecti,
653 1798 800 1828 voluntas
816 1798 952 1828 maxime
975 1797 1142 1828 inclinetur
1158 1798 1197 1827 ad
1221 1806 1327 1829 actum
1351 1808 1464 1829 conso-

403 1852 483 1873 num
499 1842 652 1882 appetitui
668 1843 833 1879 sensitivo;
858 1842 933 1882 quia
949 1849 1055 1873 tamen
1070 1843 1166 1872 libera
1189 1848 1291 1878 restat,
1309 1842 1464 1873 miraculo

403 1896 469 1916 non
498 1894 544 1917 est
572 1897 654 1926 opus
682 1887 721 1916 ad
749 1897 815 1917 non
844 1886 1034 1916 eliciendum
1062 1886 1247 1916 huiusmodi
1277 1893 1399 1924 actum,
1429 1894 1465 1917 ut

403 1930 574 1970 Gregorius
598 1931 636 1960 de
660 1931 820 1967 Arimino,
845 1931 878 1960 in
902 1931 913 1960 Ι
934 1930 1033 1967 Sent„
1059 1930 1129 1961 dist.
1147 1940 1172 1965 1,
1197 1940 1251 1970 qu.
1266 1940 1302 1966 11,
1327 1937 1383 1962 att.
1406 1930 1462 1967 2²⁸,

402 1974 532 2014 putavit.

457 2018 494 2049 11.
515 2018 604 2049 Circa
623 2018 675 2048 illa
691 2019 794 2054 verba,
810 2018 935 2054 scilicet,
950 2017 1103 2048 Voluntas
1122 2027 1184 2047 non
1201 2018 1303 2048 solum
1319 2023 1465 2048 movetur

402 2072 422 2092 a
438 2062 518 2093 bono
538 2063 713 2093 universali
730 2063 926 2102 apprehenso
939 2071 1003 2102 per
1018 2063 1187 2098 rationem,
1204 2061 1261 2092 sed
1275 2072 1296 2092 a
1312 2062 1392 2092 bono
1408 2072 1463 2102 ap-

395 2107 555 2146 prehenso
573 2116 636 2146 per
648 2116 790 2144 sensum,
807 2107 889 2137 dicta
904 2106 937 2136 in
953 2105 1084 2136 articulo
1105 2105 1195 2136 tertio
1212 2106 1228 2124 *
1253 2106 1395 2136 eiusdem
1411 2106 1463 2136 de-

403 2150 502 2182 cimae
521 2150 724 2192 quaestioni&
740 2151 864 2182 adverte
886 2151 975 2191 quod
990 2149 1156 2190 dupliciter
1171 2149 1302 2191 intelligi
1317 2157 1462 2190 possunt.

401 2193 527 2231 Primo,
559 2201 596 2227 ut
617 2195 742 2226 bonum
769 2194 1003 2236 apprehensum
1031 2204 1087 2235 per
1117 2203 1262 2230 sensum,
1287 2200 1318 2225 et
1339 2194 1465 2227 bonum

403 2238 636 2279 apprehensum
660 2249 715 2279 per
738 2239 902 2275 rationem,
920 2238 982 2269 sint
1005 2238 1070 2269 duo
1087 2237 1205 2268 motiva
1220 2237 1402 2275 voluntatis,
1420 2238 1463 2269 sic

402 2283 491 2323 quod
515 2283 709 2324 quandoque
731 2283 878 2314 voluntas
909 2283 948 2312 ab
967 2292 1051 2319 uno,
1077 2281 1270 2323 quandoque
1298 2282 1336 2312 ab
1365 2282 1462 2313 altero

402 2333 558 2357 movetur.
583 2327 624 2357 Et
647 2327 698 2358 hic
722 2337 831 2358 sensus
855 2333 1008 2367 repugnat
1032 2326 1226 2367 supradictis,
1244 2333 1275 2357 et
1290 2332 1336 2357 est
1354 2326 1462 2358 falsus.

402 2371 571 2411 Repugnat
585 2371 724 2411 quidem,
739 2371 814 2412 quia
824 2370 916 2403 iam*
933 2371 1053 2402 dictum
1065 2371 1299 2411 probatumque
1312 2376 1358 2403 est
1373 2371 1463 2411 quod

402 2415 529 2447 nullum
553 2425 744 2456 corporeum
767 2422 871 2457 potest
886 2425 1014 2446 movere
1031 2414 1144 2446 directe
1159 2415 1375 2446 voluntatem.
1391 2415 1462 2446 Fal-

403 2469 455 2489 sus
479 2469 555 2490 vero
579 2467 634 2497 est,
654 2460 739 2501 quia,
756 2460 782 2491 si
806 2470 916 2491 sensus
939 2459 1027 2490 solus
1050 2459 1150 2500 possit
1166 2469 1293 2490 movere
1316 2459 1461 2490 volunta-

402 2509 476 2539 tem,
494 2510 569 2534 tunc
585 2504 685 2535 horno
706 2511 813 2544 posset
835 2504 915 2535 velle
939 2504 1058 2545 absque
1082 2503 1211 2534 rationis
1235 2513 1294 2534 usu
1302 2512 1310 2540 ;
1333 2509 1364 2534 et
1387 2513 1461 2534 con-

1517 1540 1684 1574 sequenter
1705 1541 1815 1575 posset
1836 1544 1964 1575 peccare
1989 1541 2019 1566 et
2041 1534 2232 1567 benefacere.
2258 1536 2356 1574 Quod
2379 1547 2446 1568 non
2465 1544 2511 1569 est
2533 1537 2580 1569 in-

1517 1577 1693 1618 telligibile:
1717 1577 1859 1619 implicat
1877 1578 1963 1609 enim
1987 1588 2053 1609 esse
2077 1585 2183 1610 actum
2206 1579 2294 1610 liberi
2317 1580 2435 1612 arbitrii
2459 1582 2577 1627 absque

1517 1621 1647 1652 rationis
1666 1631 1736 1652 usu.

1571 1666 1717 1697 Secundo
1733 1665 1827 1705 igitur
1842 1665 1973 1707 intelligi
1989 1673 2133 1707 possunt,
2153 1674 2189 1697 ut
2203 1667 2328 1698 bonum
2344 1668 2579 1710 apprehensum

1518 1719 1573 1750 per
1596 1719 1724 1740 sensum
1751 1710 1951 1750 permittatur
1979 1720 2163 1742 concurrere
2196 1721 2271 1751 cum
2294 1712 2492 1753 apprehenso
2522 1723 2580 1754 per

1517 1754 1672 1785 rationem
1694 1753 1726 1784 in
1746 1754 1830 1784 idem
1854 1754 2022 1791 motivum,
2047 1755 2090 1786 ita
2113 1755 2202 1796 quod
2225 1756 2384 1787 motivum
2406 1757 2579 1788 voluntatis

1517 1807 1583 1828 non
1607 1798 1713 1828 solum
1736 1805 1783 1829 est
1805 1799 1928 1829 bonum
1951 1798 2126 1829 universale
2150 1799 2385 1839 apprehensum
2404 1809 2460 1841 per
2482 1800 2576 1832 ratio-

1517 1851 1591 1872 nem
1613 1842 1646 1872 in
1663 1852 1720 1872 sua
1742 1842 1886 1882 puritate,
1905 1843 1960 1872 sed
1979 1843 2074 1873 etiam
2092 1843 2299 1874 coniunctum
2315 1854 2390 1875 cum
2413 1845 2500 1875 bono
2524 1855 2578 1885 ap-

1517 1886 1672 1926 prehenso
1692 1896 1748 1926 per
1770 1897 1909 1918 sensum.
1927 1887 1968 1917 Et
1990 1887 2040 1917 hic
2064 1894 2110 1918 est
2133 1898 2243 1918 sensus
2258 1898 2351 1919 verus
2375 1895 2406 1919 et
2427 1889 2577 1920 intentus.

1516 1930 1618 1961 Verus
1633 1930 1773 1971 quidem,
1787 1931 1861 1971 quia
1877 1931 1959 1962 sicut
1972 1931 2148 1962 intellectus
2165 1938 2313 1963 movetur
2326 1942 2344 1962 a
2360 1932 2578 1973 phantasmate

1517 1983 1583 2004 non
1607 1975 1782 2004 secundum
1806 1985 1852 2010 se,
1883 1975 1937 2005 sed
1961 1976 2137 2007 secundum
2161 1976 2249 2016 quod
2279 1982 2338 2007 stat
2369 1977 2427 2007 sub
2455 1977 2578 2008 lumine

1517 2017 1692 2048 intellectus
1715 2019 1850 2058 agentis,
1877 2019 1932 2060 qui
1957 2025 2003 2050 est
2025 2029 2116 2050 verus
2148 2019 2215 2050 eius
2243 2026 2366 2056 motor;
2390 2020 2432 2051 ita
2455 2021 2578 2051 bonum

1516 2061 1702 2101 particulare
1731 2062 1982 2106 apprehensum,
2012 2073 2079 2094 non
2109 2064 2286 2094 secundum
2313 2073 2365 2100 se,
2390 2064 2446 2094 sed
2468 2074 2578 2095 secun-

1517 2106 1595 2136 dum
1618 2106 1707 2147 quod
1736 2107 1856 2137 substat
1888 2106 2057 2137 universali
2085 2107 2283 2148 apprehenso
2314 2117 2370 2147 per
2402 2108 2577 2144 rationem..

1516 2150 1606 2191 quod
1636 2157 1682 2182 est
1705 2160 1816 2182 verum
1843 2150 2016 2184 voluntatis
2038 2151 2216 2188 motivum,
2238 2158 2348 2193 movet
2368 2151 2577 2188 voluntatem.

1517 2194 1657 2229 Intentus
1673 2201 1798 2231 autem,
1819 2194 1892 2237 quia
1912 2205 1949 2226 ex
1963 2194 2025 2226 hoc
2041 2194 2230 2228 interimitur
2245 2194 2420 2230 similitudo
2435 2195 2468 2229 in
2484 2204 2563 2240 argu

1516 2245 1625 2269 mento
1643 2238 1774 2275 obiecta,
1794 2238 1874 2269 inter
1895 2238 2095 2270 voluntatem
2117 2239 2358 2284 appetitumque
2381 2212 2579 2279 5811τίῑίωᾶ

1517 2289 1548 2313 et
1569 2282 1725 2313 rationem
1740 2282 1949 2313 universalem
1965 2292 2000 2313 ac
2016 2282 2246 2323 particularem.
2270 2282 2355 2313 Nam
2371 2283 2520 2317 voluutas
2537 2283 2578 2317 ab

1516 2333 1649 2367 utraque
1673 2326 1769 2357 simul
1791 2325 1913 2357 ratione
1929 2333 2084 2364 movetur,
2101 2336 2138 2357 ac
2157 2337 2212 2367 per
2228 2327 2290 2358 hoc
2305 2336 2373 2358 non
2386 2326 2508 2367 indiget
2520 2336 2581 2368 np-

1516 2369 1616 2411 petitu
1631 2370 1820 2411 particulari.
1845 2370 1939 2402 Ratio
1954 2380 2030 2401 vero
2051 2370 2247 2408 universalis,
2260 2370 2453 2412 inquantum
2466 2371 2580 2405 huius-

1516 2415 1606 2446 modi
1629 2413 1690 2457 (sic
1709 2414 1796 2445 enim
1819 2414 2020 2455 distinguitur
2036 2422 2144 2447 contra
2159 2415 2316 2446 rationem
2331 2413 2577 2458 particularem),

1516 2469 1684 2500 nunquam
1705 2459 1891 2499 particulare
1907 2459 2049 2499 attingit3
2074 2466 2104 2491 et
2127 2466 2295 2500 propterea
2308 2457 2486 2501 particulari
2509 2466 2579 2501 eget

1516 2502 1636 2534 ratione
1660 2509 1696 2534 ut
1718 2503 1758 2533 ad
1781 2502 1967 2543 particulare
1990 2503 2167 2534 descendat.

1183 2655 1500 2698 ARTICULUS
1530 2655 1801 2709 QUARTUS

682 2750 838 2780 UTRUM
862 2749 1096 2780 VOLUNTAS
1120 2748 1763 2829 ΜΟἺΕΑΤΞῧΟΙέΕΕῙέΕΤΕξὲῗξΑΤΕ
1786 2748 1841 2778 ΑΒ
1865 2748 2099 2780 EXTERIORI
2124 2748 2296 2780 MOTIVO

784 2872 852 2897 Part.
871 2872 889 2901 Ι,
909 2879 952 2904 qu.
972 2879 1073 2902 uxxm,
1094 2876 1140 2896 arr.
1163 2879 1184 2902 1,
1204 2871 1235 2896 ad
1257 2870 1286 2902 ὃς
1307 2871 1348 2896 De
1370 2871 1460 2900 Ver-tt„
1480 2879 1524 2904 qu.
1543 2877 1609 2902 xxxv,
1629 2876 1676 2896 art,
1698 2878 1718 2901 1,
1739 2870 1770 2895 ad
1791 2870 1819 2901 3;
1839 2870 1881 2895 De
1899 2870 1981 2900 Malo,
2001 2879 2045 2904 qu.
2064 2878 2099 2902 vr,
2118 2871 2150 2896 ad
2171 2870 2195 2897 3.

438 2994 461 3011 Ι,
487 2981 492 2993 ι
519 2984 569 3015 „⁶¹5⁹
594 2973 635 2998 D
655 2971 828 3003 QUARTUM
847 2971 900 2997 sic
919 2971 1157 2997 paoenmrua.
1183 2959 1339 2996 Videtur
1358 2959 1462 3008 quod

469 3012 476 3019 ”
541 3014 570 3034 '⁴³
584 3032 590 3050 f
612 3014 789 3051 voluntas
805 3025 850 3049 ex
870 3012 1091 3050 necessitate
1109 3019 1311 3050 moveatur
1328 3025 1349 3049 a
1365 3014 1461 3049 Deo.

437 3100 442 3114 ,
464 3106 467 3110 ,

458 3133 469 3146 x
489 3112 546 3146 ΥΦ)
570 3111 603 3155 R
616 3131 661 3156 ex
681 3119 901 3156 necessitate
922 3126 1065 3157 movet.
1097 3119 1174 3156 Sed
1193 3120 1290 3166 Deo,
1312 3131 1400 3156 cum
1419 3119 1465 3156 sit

402 3171 571 3209 infinitae
597 3172 756 3219 virtutis,
778 3172 895 3209 resisti
923 3184 1002 3209 non
1027 3179 1171 3221 potest:
1199 3173 1302 3210 unde
1331 3171 1464 3209 dicitur

402 3227 514 3262 Rom.
532 3236 567 3262 rx
579 3224 611 3272 ²⁸,
647 3225 837 3262 Voluntati
853 3226 931 3261 eius
949 3225 1030 3273 quis
1049 3225 1210 3262 resistit?
1237 3226 1338 3273 Ergo
1358 3225 1463 3263 Deus

405 3290 449 3315 ex
477 3278 698 3315 necessitate
726 3285 858 3314 movet
884 3278 1134 3316 voluntatem.

458 3343 493 3368 2.
513 3331 746 3378 Parmam,
775 3332 951 3367 voluntas
974 3342 1018 3367 ex
1038 3331 1259 3368 necessitate
1286 3337 1465 3368 movetur

404 3384 442 3422 in
461 3384 522 3421 illa
541 3397 640 3433 quae
660 3383 876 3421 naturaliter
902 3383 994 3431 vult,
1022 3391 1064 3420 ut
1089 3383 1230 3421 dictum
1251 3391 1306 3421 est
1323 3383 1355 3421 ²⁸⁸.
1386 3383 1463 3420 Sed

460 3498 487 3532 α)
507 3499 638 3523 naturale.
656 3512 675 3517 -
694 3501 792 3523 natura
810 3497 1036 3522 ABCDEFGHIL.

1515 2960 1586 2996 hoc
1604 2965 1658 2996 est
1681 2945 1881 3007 unicuique
1903 2959 1961 2995 rei
1977 2959 2151 2996 naturale
2169 2964 2198 3005 α,
2227 2959 2330 3008 quod
2353 2960 2458 2996 Deus
2477 2959 2515 2996 in
2535 2968 2580 2996 ea

1516 3018 1704 3060 operatur,
1729 3019 1770 3049 ut
1788 3011 2021 3060 Augustinus
2040 3011 2139 3059 dicit,
2160 3011 2285 3048 XXVI
2310 3012 2451 3048 Contra
2478 3012 2580 3049 Fau-

595 3065 742 3103 Omne
765 3066 866 3103 enim
887 3078 1002 3114 agens
1023 3066 1081 3102 cui
1099 3065 1217 3103 resisti
1234 3077 1312 3103 non
1327 3073 1461 3115 potest,
1514 3071 1611 3102 stum
1629 3065 1660 3102 *.
1691 3066 1793 3113 Ergo
1821 3065 1998 3117 voluntas
2027 3076 2073 3102 ex
2100 3064 2321 3102 necessitate
2353 3065 2436 3102 vult
2464 3063 2580 3102 omne
2608 3078 2618 3089 ·

1515 3119 1607 3156 illud
1635 3118 1684 3156 ad
1712 3118 1816 3166 quod
1845 3130 1868 3155 a
1895 3119 1980 3155 Deo
2007 3124 2196 3156 movetur.

1571 3173 1606 3209 3.
1627 3173 1860 3218 ΡΒΑΕΤΕΚΕΑ,
1888 3170 2069 3220 possibile
2098 3177 2154 3207 est
2173 3182 2250 3218 quo
2269 3169 2394 3218 posito
2423 3181 2506 3207 non
2521 3181 2580 3207 se—

1507 3224 1642 3274 ·quitur
1660 3223 1904 3274 impossibile.
1936 3223 2114 3272 Sequitur
2137 3230 2265 3260 autern
2286 3222 2529 3272 impossibiie,
2548 3222 2580 3261 si

1516 3285 1681 3326 ponatur
1713 3277 1819 3327 quod
1849 3277 2026 3314 voluntas
2063 3288 2142 3314 non
2168 3275 2260 3313 velit
2295 3276 2369 3312 hoc
2396 3274 2449 3312 ad'
2474 3274 2579 3324 quod

1517 3332 1623 3368 Deus
1643 3342 1729 3368 earn
1749 3335 1900 3368 movet:
1925 3329 2014 3378 quia
2037 3329 2249 3366 secundum
2267 3329 2342 3366 hoc
2360 3326 2388 3378 θ,
2409 3326 2579 3379 operatio

1518 3383 1590 3420 Dei
1611 3391 1708 3420 esset
1730 3382 1916 3420 inefficax.
1947 3383 2038 3419 Non
2063 3394 2152 3430 ergo
2173 3389 2229 3420 est
2245 3380 2425 3432 possibile
2443 3381 2580 3418 volun-

1574 3495 1598 3528 β)
1618 3497 1680 3529 (μία
1698 3496 1841 3521 secundum
1861 3496 1917 3521 hoc.
1935 3509 1954 3515 -
1971 3496 2115 3521 secundum
2134 3495 2206 3528 quod
2223 3495 2322 3520 scilicet
2338 3494 2517 3526 ACILpBDH,
2540 3500 2580 3519 se-

1519 3532 1635 3557 cundum
1654 3531 1752 3557 scilicet
1770 3531 1841 3564 quod
1860 3531 1929 3562 GsB,
1948 3531 2019 3563 quod
2038 3531 2137 3557 scilicet
2154 3531 2185 3562 E,
2203 3530 2266 3563 quia
2282 3529 2382 3555 scilicet
2399 3529 2490 3554 FKsD.
