2852 4152
0 2516 38 2563 §.6

128 3490 279 3520 ‘Chala-xxv,
287 3498 340 3520 sqq.

1018 224 1282 273 QUAESTlo
1311 225 1454 271 xxm,
1482 223 1778 261 ARTicULus
1808 223 1858 259 iv

358 307 588 347 contrarium
607 306 812 355 respondet
830 306 968 351 odium,
990 317 1034 342 ex
1053 312 1158 354 parte
1183 303 1282 341 mali.
1304 324 1327 330 -
1349 303 1416 339 Se-

359 360 497 407 cundo,
518 360 548 397 si
567 360 714 397 bonurn
734 359 778 395 sit
797 359 970 395 nondum
989 357 1172 404 habiturn,
1193 356 1256 393 dat
1280 355 1313 392 ei
1333 367 1415 392 mo-

357 422 438 451 tum
467 414 516 450 ad
553 410 834 460 assequendum
871 411 1017 447 bonum
1051 417 1240 446 amatum:
1271 415 1307 445 et
1342 408 1417 444 hoc

358 465 520 516 pertinet
548 465 596 502 ad
623 463 841 513 passionem
870 463 1042 500 desiderii
1066 463 1129 498 vel
1157 461 1417 509 concupiscen-

360 519 443 556 tiae.
473 519 522 555 Et
549 529 595 554 ex
623 516 812 566 opposito,
839 528 884 552 ex
902 523 1007 564 parte
1027 514 1128 561 mali,
1159 522 1214 551 est
1231 515 1336 563 fuga
1355 513 1418 550 vel

360 570 599 609 abominatio.
616 590 640 597 -
655 569 799 614 Tertio,
817 581 903 605 curn
925 568 1108 616 adeptum
1128 566 1236 604 fuerit
1256 567 1417 612 bonum,

363 624 426 662 dat
444 623 631 672 appetitus
647 621 918 670 quietationem
938 620 1132 669 quandam
1153 619 1192 656 in
1211 619 1292 668 ipso
1313 619 1418 655 bono

362 677 521 725 adepto:
551 682 588 711 et
606 676 682 712 hoc
700 674 863 723 pertinet
881 673 929 710 ad
948 672 1224 709 delectationem
1242 672 1305 708 vel
1323 682 1419 721 gau-

361 729 475 766 dium.
505 728 577 764 Cui
605 726 810 776 opponitur
833 739 878 763 ex
896 733 1002 775 parte
1030 725 1131 772 mali,
1152 724 1259 761 dolor
1276 724 1338 761 vel
1357 723 1420 759 tri-

361 781 470 819 stitia.

416 835 459 870 In
473 832 714 882 passionibus
733 839 860 868 autem
880 830 1084 876 irascibilis,
1104 827 1422 878 praesupponitur

364 885 517 935 quidem
537 884 707 934 aptitudo
734 885 797 921 vel
819 883 1006 920 inclinatio
1035 882 1084 919 ad
1106 880 1419 930 prosequendum

362 939 510 976 bonurn
528 938 592 975 vel
620 937 842 986 fugiendum
870 936 1026 982 malurn,
1052 946 1098 971 ex
1126 932 1419 982 concupiscibili,

364 1002 462 1039 quae
482 991 654 1027 absolute
682 989 830 1038 respicit
848 989 993 1025 bonurn
1021 988 1083 1024 vel
1110 986 1267 1024 malum.
1296 986 1346 1022 Et
1364 997 1419 1022 re-

365 1050 496 1093 spectu
524 1043 616 1080 boni
642 1043 816 1080 nondum
845 1041 980 1089 adepti,
1011 1047 1066 1077 est
1091 1051 1173 1088 spes
1197 1046 1233 1076 et
1250 1039 1421 1086 despera-

2456 235 2525 270 ¹77

1470 303 1530 339 tio.
1560 303 1752 350 Respectu
1781 308 1908 337 autem
1938 301 2026 337 mali
2054 301 2226 338 nondum
2246 301 2451 348 iniacentis,
2473 309 2528 338 est

1470 355 1582 391 timor
1610 361 1646 391 et
1678 353 1850 390 audacia.
1881 355 2072 402 Respectu
2100 361 2226 390 autern
2256 354 2347 390 boni
2380 354 2526 403 adepti,

1471 419 1549 444 non
1570 414 1626 444 est
1644 406 1770 455 aliqua
1796 405 1922 455 passio
1951 406 1989 442 in
2018 405 2206 442 irascibili:
2237 406 2326 453 quia
2354 406 2430 443 iarn
2450 419 2528 443 non

1471 461 1586 497 habet
1605 459 1790 496 rationem
1809 458 1928 506 ardui,
1947 466 1990 495 ut
2008 470 2122 507 supra
2139 458 2159 479 ’¹‘
2186 458 2327 495 dictum
2355 466 2421 495 est.
2436 459 2528 496 Sed

1473 525 1518 549 ex
1545 513 1648 549 malo
1676 511 1752 549 iam
1780 511 1968 558 iniacenti,
1998 510 2166 559 sequitur
2193 511 2319 559 passio
2348 512 2438 549 irae.

1526 565 1588 602 Sic
1607 564 1717 612 igitur
1738 572 1841 613 patet
1869 564 1975 612 quod
1993 563 2032 600 in
2051 563 2331 612 concupiscibili
2351 572 2437 601 sunt
2455 572 2529 602 tres

1474 617 1756 665 coniugationes
1774 617 2015 666 passionum:
2046 616 2182 653 scilicet
2201 628 2311 653 arnor
2330 624 2365 653 et
2385 617 2527 664 odium,

1474 669 1704 707 desiderium
1733 677 1769 706 et
1796 670 1894 718 fuga,
1915 669 2095 717 gaudium
2116 677 2152 706 et
2170 669 2323 706 tristitia.
2353 669 2531 707 Similiter

1473 722 1512 759 in
1539 722 1712 759 irascibili
1739 726 1825 759 sunt
1851 730 1944 759 tres:
1975 722 2113 759 scilicet
2132 734 2219 770 spes
2241 729 2276 758 et
2304 721 2528 771 desperatio,

1473 774 1587 811 timor
1616 782 1652 811 et
1679 775 1848 822 audacia,
1874 783 1911 811 et
1928 775 1994 822 ira,
2015 774 2074 811 cui
2093 775 2194 812 nulla
2216 774 2342 823 passio
2371 775 2531 823 opponi-

1473 835 1544 864 tur.
1575 828 1671 864 Sunt
1699 839 1786 875 ergo
1816 840 1951 864 omnes
1978 827 2174 876 passiones
2202 827 2327 876 speeie
2357 827 2531 865 differen-

1474 887 1530 916 tes
1558 879 1757 926 undecim,
1791 892 1856 917 sex
1893 880 2049 928 quidem
2081 879 2120 917 in
2157 880 2459 930 concupiscibili,
2495 888 2532 917 et

1475 932 1640 981 quinque
1668 932 1707 969 in
1734 932 1924 979 irascibili;
1954 933 2024 970 sub
2054 932 2190 982 quibus
2219 945 2354 970 omnes
2383 934 2530 970 animae

1474 985 1670 1034 passiones
1699 985 1936 1022 continentur
1954 985 1985 1022 *.

1527 1038 1577 1074 Et
1603 1050 1672 1086 per
1699 1038 1774 1075 hoc
1800 1045 1903 1086 patet
1930 1038 2124 1087 responsio
2153 1039 2202 1076 ad
2230 1038 2388 1076 obiecta.

1035 1131 1366 1164 Commentaria
1387 1127 1636 1161 Cardinalis
1658 1128 1857 1161 Caietam·

430 1224 562 1246 ancum
581 1213 673 1244 tertio
689 1212 820 1248 omisso,
840 1211 920 1242 circa
943 1217 1102 1251 quartum,
1129 1208 1263 1239 dubium
1286 1207 1423 1238 occurrit

367 1226 638 1299 Aquadruplex.
662 1255 806 1287 Primum
826 1261 881 1290 est,
905 1254 984 1295 quid
1006 1253 1147 1284 intendat
1167 1254 1289 1283 Auctor
1312 1261 1368 1291 per
1386 1250 1424 1281 il-

366 1303 432 1334 lam
451 1301 683 1332 distinctionem
703 1299 819 1329 factam
833 1298 866 1328 in
882 1298 984 1328 littera
1006 1297 1044 1326 de
1062 1295 1233 1326 differentia
1249 1294 1424 1325 activorum

368 1345 542 1386 dupliciter,
565 1343 680 1384 primo,
700 1342 877 1372 secundum
899 1347 1054 1375 naturam,
1074 1339 1223 1374 secundo,
1248 1338 1424 1368 secundum

366 1390 525 1420 virtutem.
542 1387 650 1416 Virtus
673 1385 758 1415 enim
781 1391 910 1414 naturae
933 1383 1059 1414 effectus
1083 1389 1139 1413 est.
1250 1402 1253 1404 v

388 1422 606 1462 -Mndam
629 1434 675 1459 est
697 1428 787 1468 quod
808 1429 930 1458 Auctor
958 1426 1137 1466 digreditur.
1161 1424 1316 1464 Proponit
1339 1425 1424 1455 enim

367 1473 572 1506 differentiam
594 1471 686 1503 activi
701 1470 877 1501 secundum
899 1470 1057 1506 virtutem,
1076 1476 1106 1500 et
1121 1475 1227 1500 tamen
1243 1478 1309 1498 non
1324 1468 1425 1499 decla-

367 1525 415 1550 rat
435 1517 496 1548 nisi
515 1515 720 1547 differentiam
740 1513 877 1551 effectus,
894 1520 991 1554 prout
1009 1513 1125 1544 scilicet
1141 1513 1232 1543 datur
1251 1512 1421 1552 coaptatio,

366 1569 476 1594 motus
491 1567 522 1592 et
544 1560 643 1601 quies.
659 1559 763 1589 Immo
782 1558 889 1598 potius
909 1558 1052 1594 declarat,
1070 1567 1144 1588 cum
1160 1555 1332 1586 differentia
1355 1555 1425 1586 effe-

367 1613 446 1642 ctus,
460 1604 656 1636 identitatem
679 1602 796 1633 activae
810 1601 943 1638 virtutis,
959 1611 1034 1632 cum
1053 1601 1141 1631 dicit:
1160 1600 1236 1640 quia
1259 1609 1301 1630 ex
1315 1600 1424 1630 eadem

368 1659 467 1682 causa
498 1647 621 1688 aliquid
643 1647 774 1687 quiescit
796 1646 828 1676 in
853 1646 937 1683 loco,
961 1655 1026 1686 per
1056 1654 1152 1686 quam
1176 1644 1361 1675 movebatur
1384 1644 1427 1674 ad

369 1695 484 1726 locum.

423 1736 570 1768 Tertium
592 1741 647 1771 est,
668 1743 742 1764 curn
764 1733 798 1764 in
820 1732 1014 1764 naturalibus
1042 1731 1175 1763 sufficiat
1201 1731 1362 1762 inclinatio
1386 1733 1426 1764 ad

370 1780 559 1814 conveniens
581 1778 622 1809 ad
645 1777 875 1808 dissonandum
897 1777 936 1808 ab
958 1775 1206 1812 inconvenienti,
1227 1783 1263 1807 ut
1285 1783 1371 1816 patet
1392 1777 1426 1808 in

368 1824 514 1866 gravibus
537 1829 568 1854 et
589 1821 726 1853 levibus:
742 1839 763 1844 —
778 1821 888 1852 levitas
903 1820 988 1851 enim
1003 1820 1084 1861 ignis
1103 1826 1149 1850 est
1167 1820 1195 1850 ei
1211 1820 1289 1851 ratio
1313 1831 1425 1852 conso-

369 1868 466 1900 nandi
487 1868 560 1898 loco
584 1875 720 1902 sursum,
743 1872 773 1896 et
796 1865 978 1895 dissonandi
1001 1875 1020 1895 a
1042 1865 1207 1900 deorsum;
1232 1871 1262 1895 et
1284 1864 1427 1896 similiter

369 1919 478 1944 morus
500 1919 627 1942 sursum
650 1916 696 1940 est
718 1908 828 1949 petitio
852 1918 994 1945 sursum,
1013 1915 1044 1939 et
1066 1907 1141 1948 fuga
1164 1918 1182 1938 a
1205 1908 1370 1945 deorsum3
1396 1916 1427 1940 et

370 1955 513 1988 similiter
534 1953 624 1996 quies
656 1963 784 1984 sursum
807 1951 921 1983 sufficit
947 1952 976 1983 ei
1007 1953 1047 1983 ad
1074 1952 1256 1992 ponendam
1286 1953 1426 1993 quietem

371 2001 522 2031 deorsum
543 1997 729 2029 violentam:
747 2014 769 2020 -
785 2006 851 2034 cur,
874 1996 1016 2037 inquam,
1040 1996 1074 2026 in
1098 1995 1292 2026 naturalibus
1313 1996 1428 2028 sufficit

371 2044 485 2079 unitas,
497 2049 528 2073 et
538 2042 572 2073 in
582 2041 771 2072 animalibus
786 2039 954 2081 requiritur
968 2037 1147 2080 pluralitas?
1162 2049 1236 2070 cum
1247 2050 1263 2070 e
1275 2050 1427 2071 converso

372 2087 499 2119 deberet
513 2096 594 2122 esse,
618 2085 693 2126 quia
707 2094 789 2125 quae
804 2084 948 2124 dispersa
962 2089 1038 2115 sunt
1053 2085 1085 2114 in
1102 2083 1318 2125 inferioribus,
1337 2086 1426 2115 unita

372 2136 448 2163 sunt
469 2131 502 2161 in
524 2129 693 2170 superiori.
709 2128 801 2159 Unde
817 2137 883 2158 non
904 2128 1029 2158 videtur
1051 2127 1140 2168 quod
1162 2137 1253 2158 arnor
1271 2134 1301 2159 et
1316 2128 1427 2159 odium

373 2175 435 2206 sint
457 2174 538 2204 duae
561 2172 737 2213 passiones:
762 2172 817 2202 sed
839 2178 969 2202 unamet
983 2171 1088 2212 passio
1112 2177 1159 2202 est
1176 2181 1267 2202 amor
1284 2179 1427 2212 respectu

372 2218 459 2254 boni,
476 2224 507 2248 et
529 2216 641 2247 odium
663 2221 805 2256 respectu
829 2215 878 2246 sui
901 2215 1061 2251 contrarii,
1086 2214 1230 2245 differens
1252 2216 1428 2246 secundum

372 2267 551 2302 respectum
565 2260 605 2290 ad
620 2260 754 2295 diversa;
778 2259 859 2290 sicut
872 2259 906 2289 in
929 2259 1123 2290 naturalibus
1144 2259 1253 2289 levitas
1277 2266 1324 2290 est
1339 2269 1429 2290 amor

371 2314 509 2340 sursum,
524 2310 555 2334 et
568 2303 680 2334 odium
695 2303 855 2338 deorsum,
873 2309 904 2333 et
918 2302 963 2333 sic
978 2303 1017 2332 de
1033 2302 1110 2333 aliis.
1126 2319 1147 2325 -
1162 2302 1204 2333 Et
1220 2302 1283 2333 hoc
1305 2303 1429 2334 videtur

370 2347 568 2380 rationabile:
593 2346 668 2388 quia
686 2346 797 2377 eadem
820 2346 940 2376 ratione
955 2345 1069 2386 aliquis
1091 2345 1211 2385 appetit
1233 2356 1336 2376 unum
1352 2357 1428 2377 con-

371 2392 550 2428 trariorum,
566 2397 597 2421 et
612 2390 679 2421 odit
694 2389 794 2426 aliud;
811 2396 842 2420 et
857 2395 977 2430 quanto
993 2389 1126 2420 alterum
1142 2389 1324 2426 intenditur,
1340 2397 1428 2421 tanto

371 2436 466 2468 etiam
483 2435 617 2466 alterum
634 2433 754 2470 crescit;
778 2433 820 2464 ita
835 2433 924 2474 quod
941 2433 1160 2473 congeneratio
1187 2440 1218 2464 et
1239 2443 1429 2474 coaugmen-

371 2479 448 2512 tatio
472 2485 503 2510 et
526 2477 750 2518 concorruptio
772 2476 926 2508 identitati
949 2483 1143 2508 attestantur.

427 2523 586 2561 Quartum
608 2528 664 2558 est,
686 2521 854 2562 quomodo
877 2521 999 2551 malum
1022 2527 1129 2551 causet
1151 2521 1329 2561 depulsive:
1354 2531 1429 2552 cum

371 2577 469 2599 omne
495 2576 590 2606 agens
613 2566 767 2606 producat
789 2565 848 2595 sibi
871 2564 987 2600 simile,
1011 2574 1046 2594 ac
1070 2574 1126 2604 per
1148 2564 1223 2601 hoc,
1251 2565 1351 2596 trahat
1374 2576 1428 2605 pa-

371 2611 452 2644 tiens
473 2610 514 2640 ad
537 2609 586 2640 sui
610 2608 889 2650 participationem.
907 2608 1000 2639 Unde
1023 2608 1103 2638 sicut
1118 2609 1243 2638 bonum
1266 2615 1374 2639 causat
1389 2609 1428 2640 ad

372 2664 414 2690 se,
429 2654 473 2684 ita
494 2653 626 2683 malum.

427 2697 465 2728 11.
495 2696 546 2727 Ad
573 2695 713 2736 primum
744 2694 879 2725 dubium
906 2694 1019 2725 dicitur
1045 2694 1134 2734 quod
1162 2694 1261 2725 activa
1292 2704 1428 2735 possunt

377 2739 525 2779 distingui
549 2738 722 2779 dupliciter.
747 2738 865 2774 Primo,
889 2738 1065 2768 secundum
1081 2737 1267 2768 differentias
1286 2738 1427 2779 ipsarum

373 2790 558 2815 naturarum
572 2782 747 2823 agentium:
764 2789 794 2813 et
809 2782 886 2812 haec
898 2781 1055 2813 distinctio
1068 2788 1115 2812 est
1126 2782 1215 2812 clara.
1229 2782 1302 2813 Alio
1315 2783 1425 2820 modo,

371 2827 548 2859 secundum
571 2825 756 2857 differentias
774 2826 927 2856 virtutum
950 2825 1137 2856 activarum:
1155 2832 1185 2856 et
1202 2826 1279 2857 haec
1302 2834 1349 2857 est
1371 2827 1427 2857 ob-

372 2881 474 2902 scura.
498 2870 549 2902 Ad
573 2869 662 2901 cuius
692 2869 895 2905 evidentiam,
922 2869 1001 2900 scito
1022 2870 1111 2910 quod
1133 2870 1232 2900 activa
1259 2870 1426 2910 dupliciter

371 2914 587 2946 inveniuntur:
605 2913 720 2944 scilicet
741 2913 774 2943 in
791 2923 858 2943 esse
880 2919 1018 2950 naturae,
1035 2919 1065 2943 et
1079 2913 1113 2943 in
1129 2923 1196 2944 esse
1214 2914 1423 2954 apprehenso.

372 2959 414 2991 In.
431 2958 594 2999 agentibus
609 2957 643 2987 in
666 2967 732 2988 esse
751 2963 890 2992 naturae,
910 2957 1112 2987 manifestum
1136 2963 1182 2987 est
1204 2958 1292 2998 quod
1316 2958 1424 2989 distin-

371 3001 433 3033 ctio
453 3011 565 3033 eorum
581 3001 756 3031 secundum
779 3007 904 3031 naturas
921 3007 967 3030 est
989 3001 1049 3031 alia
1063 3010 1081 3030 a
1097 3000 1297 3032 distinctione
1314 3011 1427 3032 eorum

371 3046 548 3077 secundum
570 3045 717 3075 virtutes:
743 3044 896 3075 elementa
912 3044 997 3074 enim
1020 3050 1051 3075 et
1073 3043 1220 3074 animalia
1236 3045 1295 3075 alia
1318 3045 1427 3076 distin-

371 3089 474 3121 ctione
498 3089 733 3129 distinguuntur
756 3088 931 3118 secundum
954 3094 1080 3118 naturas
1103 3097 1224 3124 eorum,
1245 3095 1275 3119 et
1297 3088 1356 3119 alia
1380 3099 1426 3120 se-

371 3134 514 3164 cundum
528 3132 658 3164 virtutes
672 3142 794 3168 eorum,
809 3132 881 3162 licet
898 3131 974 3162 istae
990 3131 1130 3162 oriantur
1144 3141 1180 3162 ex
1194 3131 1264 3162 illis.
1282 3131 1318 3162 In
1333 3142 1426 3172 agen-

371 3177 455 3208 tibus
478 3183 585 3207 autem
607 3175 682 3216 quia
705 3175 913 3216 apprehensa,
937 3175 1095 3206 distinctio
1118 3181 1302 3206 naturarum
1324 3182 1424 3216 patet,

372 3231 444 3251 cum
469 3220 556 3251 cibus
579 3219 659 3255 talis,
685 3218 827 3249 differens
851 3220 889 3249 ab
912 3219 967 3249 illo
990 3218 1052 3249 alio
1076 3219 1251 3249 secundum
1277 3219 1424 3260 speciem,

371 3264 586 3304 apprehensus
608 3269 716 3293 movet
732 3263 917 3303 appetitum.
935 3262 1100 3293 Distinctio
1120 3269 1227 3293 autem
1251 3264 1426 3294 secundum

370 3308 518 3338 virtutem
544 3314 591 3338 est
607 3307 781 3337 secundum
805 3307 959 3337 diversam
978 3306 1132 3336 rationem
1155 3306 1423 3346 apprehensionis.

371 3352 416 3382 Ita
432 3352 519 3392 quod
536 3351 646 3381 eadem
662 3360 709 3380 res
724 3350 899 3381 secundum
915 3357 1068 3386 naturam,
1086 3350 1294 3380 diversimode
1314 3360 1424 3390 appre-

370 3395 483 3426 hensa:
499 3413 519 3418 -
537 3404 602 3425 non
618 3394 843 3434 qualicumque
861 3394 1045 3430 diversitate,
1066 3394 1119 3424 sed
1142 3394 1318 3425 diversitate
1334 3394 1424 3425 boni-

371 3440 442 3470 tatis
465 3439 515 3469 vel
538 3438 688 3474 malitiae,
714 3437 882 3478 praesentis
904 3438 953 3468 vel
976 3436 1098 3468 futurae
1128 3437 1178 3467 vel
1200 3438 1356 3474 absolute,
1389 3445 1425 3469 ut

370 3482 500 3514 inferius
516 3482 548 3512 in
565 3481 762 3513 distinctione
786 3487 816 3512 et
832 3487 962 3512 tractatu
978 3481 1163 3520 passionum
1178 3481 1195 3500 *
1213 3481 1346 3521 patebit;
1363 3482 1424 3512 alia

371 3526 456 3557 enim
479 3526 600 3557 ratione
623 3532 730 3556 movet
746 3525 867 3555 malum
890 3534 1034 3565 praesens
1055 3525 1295 3566 apprehensum,
1316 3532 1346 3556 et
1365 3526 1425 3556 alia

512 3586 621 3610 Summa
639 3585 739 3609 Tar-201..
759 3585 790 3609 D.
809 3585 922 3609 Tnomn
940 3584 972 3609 T.
992 3585 1031 3609 111.

1477 1207 1630 1244 futurum,
1653 1207 1733 1238 illud
1751 1207 1837 1238 enim
1850 1214 1958 1238 movet
1980 1207 2020 1237 ad
2036 1207 2199 1244 tristitiam,
2219 1208 2281 1239 hoc
2303 1209 2343 1239 ad
2366 1209 2530 1246 timorem3

1478 1251 1562 1282 unde
1585 1251 1760 1282 ostenditur
1775 1251 1863 1292 quod
1885 1251 1964 1281 illud
1987 1251 2081 1283 habet
2103 1252 2252 1282 virtutem
2272 1252 2406 1283 activam
2429 1254 2468 1283 ad
2485 1253 2532 1284 in-

1477 1294 1638 1325 ferendam
1659 1295 1747 1326 illam
1769 1295 1962 1335 passionem,
1986 1295 2047 1326 hoc
2063 1295 2103 1325 ad
2118 1295 2312 1326 inferendam
2334 1296 2441 1327 istam:
2457 1297 2534 1328 —ita

1477 1339 1566 1378 quod
1589 1349 1626 1369 ex
1641 1338 1709 1378 ipsa
1727 1338 1847 1369 diversa
1868 1339 1988 1369 ratione
2011 1349 2075 1380 qua
2089 1340 2342 1380 apprehenditur,
2359 1341 2469 1371 eadem
2485 1351 2533 1371 res

1477 1381 1571 1412 habet
1594 1382 1748 1413 diversam
1777 1383 1925 1413 virtutem
1948 1383 2096 1413 movendi
2130 1384 2315 1424 appetitum.
2339 1385 2381 1415 Et
2402 1384 2464 1415 hoc
2485 1384 2533 1415 in-

1478 1425 1578 1455 tendit
1591 1425 1702 1462 littera,
1718 1426 1828 1456 volens
1844 1427 1932 1467 quod
1954 1426 2115 1467 passiones
2138 1437 2204 1458 non
2228 1428 2463 1468 distinguuntur
2476 1438 2533 1468 pe-

1479 1477 1534 1498 nes
1550 1468 1783 1500 distinctionem
1806 1477 1989 1500 naturarum
2008 1471 2179 1510 agentium,
2195 1472 2249 1502 sed
2272 1472 2435 1509 virtutum,
2452 1482 2534 1513 quae

1479 1512 1518 1542 ad
1542 1511 1728 1543 differentias
1751 1513 2008 1553 apprehensionis
2031 1521 2181 1554 spectant.
2203 1515 2373 1546 Obiectum
2394 1526 2533 1557 namque

1479 1555 1636 1596 appetitus
1654 1566 1721 1586 non
1740 1564 1786 1587 est
1808 1566 1866 1592 res,
1884 1557 1939 1587 sed
1953 1567 2001 1587 res
2017 1558 2219 1598 apprehensa.
2239 1560 2280 1590 Et
2295 1566 2459 1600 propterea
2475 1559 2533 1590 dif-

1480 1599 1609 1630 ferentia
1632 1599 1773 1630 formalis
1792 1600 1977 1640 passionum
2000 1611 2066 1631 non
2089 1602 2195 1632 solum
2211 1613 2248 1633 ex
2267 1603 2465 1634 distinctione
2478 1604 2534 1640 rei,

1480 1644 1534 1673 sed
1558 1643 1756 1674 distinctione
1779 1643 1823 1674 rei
1845 1651 1881 1674 ut
1903 1644 2108 1684 apprehensa,
2133 1653 2265 1676 constat.
2280 1647 2322 1677 Et
2343 1647 2415 1678 hinc
2439 1648 2534 1678 habes

1480 1687 1569 1728 quod
1591 1687 1696 1728 passio
1720 1687 1785 1717 odii
1809 1694 1839 1718 et
1860 1687 1942 1724 irae,
1964 1695 1994 1718 et
2017 1688 2178 1725 similium,
2201 1699 2268 1720 non
2291 1690 2536 1722 diversificantur

1479 1731 1581 1771 specie
1606 1741 1642 1762 ex
1666 1731 1840 1762 diversitate
1863 1731 2032 1768 malorum,
2055 1739 2133 1772 puta
2154 1733 2280 1770 mortis,
2303 1735 2447 1771 verberis,
2472 1745 2536 1765 car-

1480 1775 1566 1811 ceris,
1591 1782 1651 1806 etc:
1677 1774 1849 1805 differentia
1872 1775 1956 1806 enim
1979 1782 2163 1807 naturarum
2184 1777 2392 1814 materialiter,
2417 1785 2447 1809 et
2469 1788 2536 1809 non

1479 1818 1652 1849 formaliter
1674 1818 1840 1849 concurrit.
1859 1837 1880 1842 —
1904 1819 2020 1850 Utrum
2042 1827 2149 1850 autem
2172 1820 2331 1852 diversitas
2353 1829 2537 1853 naturarum

1479 1862 1662 1893 diversificet
1688 1862 1814 1893 habitus
1841 1862 1954 1893 harum
1978 1863 2163 1904 passionum
2186 1874 2241 1895 seu
2263 1865 2347 1905 ipsas
2369 1865 2402 1896 in
2425 1876 2537 1906 genere

1479 1906 1587 1943 moris,
1610 1906 1740 1937 inferius
1761 1905 1779 1925 *
1801 1907 2037 1938 examinabitur.

1534 1951 1587 1981 111.
1609 1950 1662 1981 Ad
1683 1950 1860 1980 secundum
1884 1950 2018 1980 dubium
2032 1951 2050 1970 *
2073 1951 2185 1982 dicitur
2207 1952 2295 1997 quod
2317 1952 2351 1983 in
2374 1954 2537 1994 agentibus

1480 1994 1675 2025 naturalibus
1699 2000 1745 2024 est
1768 1994 1962 2024 considerare
1986 1995 2070 2025 duo:
2095 1995 2210 2026 scilicet
2224 1996 2414 2036 inquantum
2429 2005 2536 2038 agunt,

1481 2045 1511 2069 et
1525 2038 1716 2079 inquantum
1731 2037 1899 2068 attrahunt.
1916 2038 1957 2068 Et
1973 2038 1998 2068 si
2010 2039 2140 2079 quidem
2155 2039 2389 2071 consideremus
2403 2041 2537 2082 inquan-

1479 2089 1551 2113 tum
1573 2088 1680 2122 agunt,
1700 2081 1744 2112 sic
1758 2087 1844 2122 patet
1859 2082 1948 2122 quod
1962 2082 2048 2112 idem
2063 2083 2278 2122 generativum
2293 2085 2434 2124 corporis
2449 2086 2536 2123 levis,

1481 2127 1596 2157 eodem
1611 2125 1710 2156 modo
1727 2135 1760 2155 se
1774 2125 1902 2162 habens,
1919 2132 1950 2156 et
1965 2126 2057 2157 unica
2072 2126 2204 2163 actione,
2222 2128 2275 2158 dat
2289 2128 2408 2158 omnia:
2431 2129 2536 2160 dando

1481 2169 1638 2211 siquidem
1656 2169 1684 2199 ei
1703 2175 1858 2206 naturam,
1873 2170 1927 2200 dat
1941 2177 2168 2210 consequenter
2180 2171 2349 2208 levitatem,
2366 2179 2397 2203 et
2411 2180 2538 2204 motum

1481 2214 1521 2244 ad
1543 2214 1653 2244 locum
1675 2213 1846 2248 absentem,
1871 2219 1901 2243 et
1923 2213 2064 2253 quietem
2085 2213 2118 2244 in
2141 2215 2390 2255 praesenti.sSed
2413 2217 2439 2247 si
2463 2227 2536 2248 con-

1482 2257 1654 2287 sideremus
1676 2257 1867 2297 inquantum
1889 2257 2057 2293 attrahunt,
2082 2257 2126 2288 sic
2147 2258 2194 2288 vis
2216 2259 2392 2298 generativa
2413 2267 2538 2291 natura-

1481 2301 1560 2336 liter,
1585 2310 1666 2341 quae
1689 2306 1736 2330 est
1758 2310 1900 2336 sursum,
1929 2300 2017 2331 aliter
2039 2307 2070 2331 et
2097 2301 2186 2332 aliter
2207 2312 2241 2332 se
2262 2302 2382 2333 habens
2403 2304 2443 2334 ad
2469 2315 2538 2335 cor-

1482 2354 1553 2385 pus,
1568 2343 1675 2375 trahit:
1699 2353 1776 2374 nam
1799 2344 1942 2374 absolute
1965 2344 2058 2375 trahit
2070 2355 2127 2384 per
2141 2346 2277 2376 modum
2297 2347 2486 2387 coaptantis;
2502 2356 2539 2380 ut

1483 2389 1593 2418 absens
1609 2397 1693 2423 vero,
1718 2397 1774 2427 per
1789 2394 1930 2424 motum;
1947 2394 1982 2418 ut
2001 2398 2146 2428 praesens
2161 2399 2246 2426 vero,
2262 2400 2317 2430 per
2336 2391 2486 2432 quietem.
2502 2393 2538 2423 ln

1482 2431 1646 2472 agentibus
1661 2441 1736 2461 vero
1751 2431 1784 2461 in
1799 2431 1885 2461 alia*
1900 2438 2057 2472 quatenus
2080 2433 2276 2473 apprehensa
2298 2441 2381 2471 sunt,
2401 2445 2491 2475 agere
2507 2444 2538 2468 et

1482 2475 1634 2506 attrahere
1657 2475 1752 2505 simul
1775 2482 1980 2506 concurrunt:
1995 2475 2038 2506 ita
2060 2477 2148 2517 quod
2167 2477 2291 2508 bonum
2305 2479 2538 2519 apprehensum

1482 2519 1636 2556 absolute,
1652 2518 1745 2550 infert
1760 2519 1940 2559 passionem
1956 2520 2082 2556 amoris,
2090 2527 2129 2564 'et
2145 2521 2188 2551 sic
2203 2521 2297 2552 trahit
2310 2532 2367 2562 per
2381 2533 2536 2561 amorem;

1482 2571 1512 2594 et
1535 2563 1768 2603 apprehensum
1786 2570 1822 2593 ut
1837 2562 1990 2599 futurum,
2010 2563 2103 2594 infert
2117 2564 2297 2604 passionem
2311 2566 2463 2603 desiderii,
2481 2569 2537 2608 qui

1482 2614 1528 2638 est
1543 2614 1579 2637 ut
1593 2613 1701 2636 motus
1713 2607 1753 2636 ad
1767 2616 1810 2642 se,
1823 2613 1853 2637 et
1867 2607 1910 2637 sic
1926 2607 2019 2637 trahit
2033 2617 2088 2647 per
2102 2615 2242 2644 motum;
2259 2615 2289 2640 et
2304 2610 2538 2650 apprehensum

1481 2657 1523 2682 ut¹
1540 2659 1695 2690 praesens,
1719 2649 1812 2680 infert
1826 2650 2008 2690 passionem
2026 2651 2249 2689 delectationis,
2269 2659 2300 2683 et
2315 2653 2359 2684 sic
2374 2654 2467 2686 trahit
2481 2666 2537 2696 per

1481 2694 1631 2735 quietem.
1655 2693 1748 2724 Unde
1766 2693 1791 2723 si
1807 2693 1854 2723 vis
1877 2694 2062 2733 generativa,
2087 2705 2213 2726 sursum
2235 2706 2385 2736 manens,
2409 2698 2537 2730 diversis

1481 2736 1739 2777 dispositionibus
1763 2747 1796 2767 se
1811 2737 1929 2767 habens
1947 2737 1988 2767 ad
2007 2748 2121 2778 corpus
2136 2739 2264 2776 mobile,
2284 2740 2460 2772 actionibus
2474 2743 2535 2773 dis-

1480 2781 1583 2812 tinctis
1606 2781 1659 2810 illa
1681 2781 1739 2811 tria
1761 2781 1856 2817 daret,
1881 2788 2016 2812 curreret
2038 2782 2131 2822 plene
2156 2783 2340 2815 similitudo.
2363 2785 2456 2816 Nunc
2479 2797 2533 2817 au-

1480 2832 1555 2862 tem,
1579 2825 1654 2865 quia
1676 2834 1742 2854 non
1765 2824 1809 2855 sic
1832 2831 1886 2861 est,
1911 2827 2032 2855 Auctor
2053 2836 2119 2856 non
2142 2834 2188 2857 est
2204 2827 2368 2867 digressus,
2389 2830 2443 2859 sed
2457 2840 2534 2861 usus

1481 2866 1532 2900 est‘
1550 2868 1754 2899 similitudine
1776 2868 1894 2908 agentis
1917 2869 2075 2906 naturalis,
2098 2870 2287 2911 inquantum
2301 2873 2435 2909 attrahit,
2451 2874 2534 2904 utin

1480 2913 1582 2943 littera
1603 2911 1767 2942 manifeste
1795 2912 1924 2948 dicitur,
1949 2920 1979 2943 et
2001 2913 2190 2953 inquantum
2219 2915 2330 2955 triplex
2352 2916 2478 2947 effectus
2501 2918 2535 2948 in

1480 2956 1616 2996 patiente
1638 2955 1689 2991 fit;
1713 2962 1749 2987 ut
1771 2956 1815 2986 sic
1838 2956 2070 2987 distinctionem
2093 2957 2278 2997 passionum
2306 2959 2339 2989 in
2362 2960 2467 2991 anima
2489 2961 2534 2992 di-

1480 3010 1645 3030 sceremus.

1535 3044 1576 3074 Et
1604 3043 1630 3073 si
1648 3042 1775 3076 ,horum
1802 3043 1940 3073 duorum
1970 3043 2141 3074 dubiorum
2170 3045 2344 3076 solutiones
2372 3047 2534 3087 diligenter

1480 3087 1644 3123 notaveris,
1669 3086 1788 3117 videbis
1806 3087 1972 3127 quomodo
1990 3094 2035 3118 est
2050 3088 2170 3124 eadem,
2187 3095 2217 3119 et
2231 3091 2398 3130 quomodo
2415 3091 2534 3123 diversa

1479 3130 1558 3161 ratio
1578 3130 1755 3170 appetibilis
1779 3140 1833 3160 seu
1856 3129 1936 3167 finis,
1955 3138 1989 3162 ut
2004 3131 2149 3162 tendatur
2164 3132 2197 3162 in
2211 3132 2328 3172 ipsum,
2349 3141 2379 3165 et
2394 3135 2533 3176 quiesca-

1479 3181 1530 3204 tur
1552 3174 1585 3204 in
1609 3183 1657 3204 eo.
1682 3174 1737 3204 Est
1760 3174 1845 3204 enim
1868 3175 1977 3204 eadem
2000 3176 2175 3206 secundum
2195 3184 2350 3214 naturam,
2368 3185 2398 3209 et
2414 3179 2534 3210 diversa

1480 3218 1655 3248 secundum
1678 3217 1838 3248 virtutem:
1863 3219 1951 3258 quod
1975 3226 2020 3249 est
2043 3229 2108 3249 esse
2127 3221 2259 3251 eandem
2277 3222 2485 3259 materialiter,
2503 3231 2534 3254 et

1481 3262 1634 3291 diversam
1650 3261 1838 3298 formaliter,
1855 3269 1996 3302 respectu
2012 3263 2207 3302 passionum.
2224 3267 2325 3295 Amor
2341 3266 2434 3302 enim,
2453 3268 2532 3297 desi-

1480 3305 1602 3335 derium
1625 3311 1656 3336 et
1670 3305 1832 3344 gaudium,
1849 3313 1990 3346 respectu
2007 3306 2158 3343 eiusdem,
2174 3318 2239 3338 non
2255 3309 2461 3346 materialiter,
2477 3312 2532 3341 sed

1479 3349 1652 3379 formaliter
1676 3348 1918 3389 distinguuntur.
1944 3350 2040 3387 Quod
2064 3361 2130 3381 esse
2153 3361 2218 3382 non
2241 3359 2348 3392 posset
2366 3363 2402 3383 ex
2417 3354 2530 3385 obiecti

1479 3400 1604 3423 natura:
1629 3402 1732 3433 neque
1755 3403 1791 3423 ex
1815 3393 1927 3424 obiecti
1944 3394 2186 3431 conditionibus,
2202 3403 2277 3435 puta
2294 3397 2467 3435 praesentia
2481 3399 2531 3428 vel

1480 3436 1625 3472 absentia,
1651 3443 1681 3467 et
1703 3436 1895 3474 huiusmodi,
1921 3437 1946 3468 si
1969 3448 2001 3468 se
2024 3438 2173 3469 haberent
2194 3439 2226 3469 in
2250 3439 2352 3470 anima
2376 3440 2455 3471 sicut
2478 3452 2531 3482 ap-

1479 3480 1667 3520 proximatio
1695 3480 1860 3520 perfectior
1884 3482 1933 3511 vel
1956 3482 2166 3522 imperfectior
2187 3483 2220 3512 in
2243 3483 2434 3515 naturalibus
2458 3485 2530 3516 acti-

1478 3524 1541 3560 vis;
1566 3524 1642 3554 haec
1669 3524 1754 3554 enim
1782 3535 1846 3555 non
1868 3525 1988 3556 variant
2017 3525 2160 3556 effectum
2191 3526 2347 3567 specifice,
2373 3535 2408 3558 ut
2435 3536 2530 3569 patet.

2358 3587 2389 3611 23

2554 467 2566 478 ⁶
2580 467 2632 488 Art.
2646 467 2752 495 praeced.

2560 989 2569 998 '
2583 986 2615 1008 D·
2629 993 2682 1015 979·

2565 1914 2574 1922 ¹
2590 1912 2638 1940 Qu.
2648 1919 2690 1940 Lx,
2701 1917 2742 1934 an.
2753 1919 2772 1941 5.

2565 1963 2573 1971 ·
2589 1961 2624 1983 cf.
2639 1967 2701 1983 num.
2712 1967 2729 1983 ι.

2564 2441 2576 2451 ⁵
2586 2440 2666 2462 am'ma
2676 2439 2774 2468 ed.1514.
