2846 4146
101 334 109 343 ·
124 333 150 354 In
164 338 269 360 corpore.

100 659 109 668 ·
120 658 168 685 Qu.
178 664 234 685 xvu,
243 661 285 680 art.
294 664 309 680 ι.

98 1098 107 1107 ”
125 1096 172 1124 Qu.
187 1102 221 1124 tx,
235 1100 276 1118 art.
292 1102 308 1118 1.

344 193 417 228 386

339 270 575 307 versificatur
603 270 744 318 specie,
774 277 929 319 propter
959 269 1126 307 diversas
1160 268 1399 306 habitudines

340 323 612 371 recipientium,
641 330 682 359 ut
710 335 824 371 supra
842 323 862 344 '¹‘
891 323 1032 359 dictum
1064 330 1127 358 est.

1056 190 1321 238 QUAESTIO
1351 190 1436 237 LX,
1466 189 1761 226 ARTlcums
1792 191 1804 225 1

1455 266 1622 315 speciem
1652 279 1673 303 a
1701 267 1777 304 fine
1812 267 1968 316 ultimo,
1998 269 2065 306 sed
2093 281 2115 306 a
2143 269 2282 306 finibus
2310 268 2515 318 proximis:

1456 318 1521 366 qui
1549 319 1718 367 quidem,
1749 319 1816 356 etsi
1844 320 1978 358 infiniti
1998 321 2071 358 sint
2091 334 2266 369 numero,
2288 334 2366 359 non
2387 329 2515 358 tamen

392 377 448 412 An
477 387 636 412 TERTmM
656 387 839 412 DtOENDUM
860 375 963 424 quod
984 374 1142 412 moralia
1161 385 1238 410 non
1259 372 1402 409 habent
1454 371 1589 408 infiniti
1617 380 1704 409 sunt
1731 372 1869 420 specie.

1017 449 1346 484 Commentario.
1368 447 1616 481 Oardjnalis
1638 448 1836 482 Caietam

369 534 389 554 N
413 533 544 563 corpore
563 522 685 553 articuli
700 523 795 564 primi
811 522 1005 563 quaestionis
1021 520 1239 561 sexagesimae,
1263 518 1398 549 dubium

343 536 514 603 Ioccurrit,
530 567 697 607 quomodo
721 573 780 596 stet
803 565 890 606 quod
909 565 959 595 hic
984 564 1106 600 dicitur,
1131 563 1220 604 quod
1245 564 1328 593 ratio
1353 567 1399 592 est

338 612 420 642 sicut
443 612 605 651 imperans
628 616 657 640 et
680 619 817 648 movens,
841 610 1013 648 appetitiva
1029 613 1134 638 autem
1153 608 1200 638 vis
1215 607 1298 637 sicut
1312 611 1397 637 mota

339 661 369 686 et
385 656 551 695 imperata,
578 664 652 684 cum
675 653 816 684 doctrina
841 652 984 692 superius
1000 646 1020 671 Ἢ*
1045 651 1160 691 posita,
1183 651 1272 691 quod
1295 650 1397 690 impe·-

338 699 423 729 rium
446 705 492 729 est
515 705 601 728 actus
621 697 747 727 rationis
772 702 877 726 motae
893 696 931 725 ab
955 695 1107 735 appetitu.
1125 695 1158 725 Si
1182 694 1267 725 enim
1290 694 1323 724 in
1339 694 1397 724 im-

339 743 479 782 perando
503 741 660 781 appetitus
685 746 730 770 est
752 740 894 779 primum
923 749 1072 775 movens,
1095 749 1159 770 non
1184 746 1230 769 est
1257 738 1337 768 ratio
1362 745 1397 769 ut

331 787 497 826 ‘imperans
521 792 551 815 et
573 783 731 824 appetitus
754 783 925 823 imperatus
950 792 967 812 a
990 782 1112 813 ratione
1135 782 1325 823 simpliciter,
1343 782 1397 812 sed

339 838 374 861 ut
398 837 484 860 mota
508 836 553 859 est
575 829 614 858 ab
638 827 798 867 appetitu:
823 836 857 856 ac
881 836 936 866 per
958 826 1034 863 hoc,
1052 826 1209 867 appetitus
1224 826 1398 866 imperatur

338 884 356 904 a
375 874 478 913 seipso
494 871 714 912 principaliter.
731 871 772 900 Et
788 877 1017 910 consequenter
1040 871 1103 902 ruit
1121 877 1207 901 totus
1231 880 1396 910 processus

337 917 464 952 litterae,
490 916 639 946 fundatus
656 923 751 954 super
766 913 837 950 hoc,
855 914 944 954 quod
962 914 1041 945 ratio
1061 921 1107 945 est
1129 915 1215 945 velut
1235 923 1330 954 agens
1346 924 1396 944 ae—

338 961 521 1001 quivocum,
539 966 569 989 et
592 958 751 998 appetitus
773 957 861 988 velut
882 957 1005 997 patiens
1028 958 1199 999 aequivoce
1223 968 1240 988 a
1263 958 1394 988 ratione.

395 1004 432 1034 ll.
452 1004 503 1034 Ad
526 1003 589 1033 hoc
612 1002 725 1033 dicitur
748 1002 836 1041 quod
860 1001 946 1032 aliud
970 1008 1016 1032 est
1038 1003 1129 1044 loqui
1153 1003 1191 1032 de
1219 1002 1342 1032 ratione
1366 1008 1396 1031 et

337 1048 477 1088 appetitu
500 1047 533 1076 in
549 1056 661 1086 genere
680 1051 825 1075 naturae:
842 1052 872 1076 et
894 1045 980 1076 aliud
996 1046 1086 1086 loqui
1111 1047 1149 1076 de
1166 1046 1208 1076 eis
1232 1045 1264 1075 in
1283 1055 1396 1085 genere

336 1091 443 1122 moris.
461 1091 495 1121 In
518 1099 630 1130 genere
653 1098 792 1129 namque
815 1096 953 1125 naturae,
977 1089 1042 1120 iarn
1058 1090 1075 1109 ’⁸‘
1091 1090 1210 1120 dictum
1226 1089 1285 1120 fuit
1307 1089 1395 1130 quod

338 1135 595 1175 distinguendum
620 1140 666 1164 est
688 1134 727 1163 de
750 1133 893 1164 motione
916 1133 966 1163 vel
989 1134 1029 1163 ad
1053 1133 1329 1174 specificationem‚
1347 1133 1396 1163 vel

336 1180 375 1210 ad
399 1178 580 1209 exercitium
603 1184 706 1207 actus:
731 1183 761 1207 et
784 1177 873 1217 quod
896 1177 1036 1217 primum
1056 1187 1187 1208 movens
1211 1178 1251 1207 ad
1275 1176 1395 1217 specifi-

336 1223 506 1258 canonem,
530 1221 664 1262 pertinet
679 1221 718 1250 ad
741 1220 948 1257 intellectum
970 1221 1110 1261 primum
1133 1231 1208 1252 vero
1225 1221 1264 1251 ad
1282 1220 1395 1251 exerci-

335 1267 424 1303 tium,
450 1266 583 1307 pertinet
605 1265 644 1294 ad
667 1264 853 1304 appetitum.

394 1311 428 1340 In
451 1319 563 1350 genere
586 1315 693 1339 autem
716 1308 823 1344 moris,
844 1308 919 1349 quia
943 1309 1136 1349 supponitur
1162 1309 1394 1344 voluntarium,

335 1355 413 1385 ratio
437 1353 593 1384 moventis
617 1359 647 1383 et
670 1352 760 1388 moti,
776 1352 959 1392 imperantis
983 1359 1014 1383 et
1035 1353 1190 1393 imperati,
1214 1363 1280 1383 non
1300 1362 1395 1393 quae-

337 1399 413 1429 ritur
428 1398 461 1428 in
477 1398 596 1428 actibus
613 1396 765 1432 absolute,
782 1397 835 1426 sed
851 1396 884 1426 in
901 1396 1020 1427 actibus
1035 1397 1232 1428 voluntariis.
1247 1398 1291 1428 Ita
1306 1397 1395 1437 quod

335 1442 504 1474 attenditur
526 1441 597 1482 quis
620 1440 700 1471 inter
723 1446 811 1470 actus
829 1440 1036 1477 voluntarios,
1058 1441 1123 1472 sive
1139 1441 1201 1472 sint
1224 1441 1394 1472 essentiali·

335 1493 380 1517 ter
398 1485 583 1521 intellectus,
601 1484 665 1514 sive
680 1484 861 1520 voluntatis,
879 1484 944 1514 sive
959 1485 1116 1525 appetitus
1133 1485 1280 1521 sensitivi,
1300 1485 1395 1516 habet

334 1530 489 1561 rationem
521 1528 678 1559 moventis
702 1534 732 1558 et
762 1528 852 1559 moti.
877 1528 918 1558 Et
944 1529 1098 1569 quoniam
1124 1529 1175 1560 hic
1203 1529 1395 1569 supponitur

334 1574 413 1605 ratio
436 1572 606 1604 voluntarii
628 1579 664 1602 ut
683 1572 864 1602 communis
887 1571 1047 1609 omnibus,
1064 1583 1130 1604 non
1146 1573 1316 1604 attenditur
1334 1572 1394 1603 dif-

335 1618 464 1649 ferentia
479 1616 636 1648 moventis
660 1622 690 1646 et
705 1615 784 1646 moti
808 1626 904 1656 penes
921 1617 1163 1656 dependentiam
1180 1628 1197 1647 a
1220 1617 1392 1648 voluntate.

335 1663 397 1693 Sed
420 1662 573 1703 quoniam
602 1660 805 1700 distinguitur
827 1670 924 1700 penes
955 1661 1107 1691 rationale
1131 1671 1187 1702 per
1209 1661 1392 1696 essentiam,

335 1714 365 1738 et
387 1706 539 1736 rationale
562 1714 618 1745 per
636 1704 924 1744 participationem;
942 1711 973 1735 et
991 1712 1114 1736 constat
1129 1706 1219 1746 quod
1241 1705 1393 1735 rationale

335 1760 390 1790 per
412 1749 685 1790 participationem
701 1747 858 1778 derivatur
881 1758 898 1779 a
921 1748 1065 1779 rationali
1080 1759 1136 1789 per
1159 1749 1341 1785 essentiam;
1362 1755 1393 1778 et

334 1794 412 1825 ratio
429 1800 474 1824 est
489 1791 649 1823 rationalis
665 1801 721 1832 per
744 1791 919 1828 essentiam,
937 1798 968 1822 et
990 1792 1147 1832 appetitus
1170 1792 1330 1823 rationalis
1346 1798 1392 1822 est

333 1848 389 1877 per
418 1835 710 1877 participationem:
734 1835 806 1865 ideo
830 1835 909 1866 ratio
938 1835 1050 1866 dicitur
1073 1846 1205 1866 movens
1232 1843 1263 1866 et
1290 1836 1391 1875 impe-

333 1891 414 1917 rans,
435 1888 466 1911 et
489 1879 658 1920 appetitiva
681 1878 727 1908 vis
750 1885 839 1908 mota
862 1885 893 1909 et
914 1879 1076 1919 imperata,
1101 1890 1166 1910 non
1191 1879 1390 1920 simpliciter,

333 1926 388 1956 sed
410 1925 443 1955 in
467 1923 650 1954 moralibus.
673 1922 806 1952 Moralia
829 1922 915 1953 enim
943 1923 1124 1954 voluntario
1155 1924 1393 1954 constituuntur

333 1977 368 2000 ut
391 1968 529 2004 materia,
546 1967 667 1998 ratione
681 1973 788 1996 autem
804 1972 840 1997 ut
862 1966 984 1997 forma:
1009 1974 1040 1998 et
1058 1967 1090 1998 in
1107 1967 1251 1998 rationali
1267 1974 1392 1998 tantum

339 2013 461 2043 animae
485 2018 571 2052 parte
595 2017 631 2041 ut
654 2010 706 2046 sic,
731 2009 822 2046 fiunt,
847 2017 882 2041 ut
905 2010 1056 2042 subiecto.

387 2057 440 2087 III.
465 2055 527 2086 Sed
548 2055 625 2085 haec
647 2053 811 2094 responsio
840 2064 906 2084 non
934 2054 1098 2086 satisfacit:
1123 2055 1198 2096 quia
1221 2055 1300 2085 nihil
1323 2065 1391 2096 spe-

333 2100 409 2131 ciale
433 2099 507 2130 dicit
529 2099 562 2129 in
586 2098 769 2128 moralibus.
793 2097 891 2136 Quod
915 2098 958 2129 sic
981 2105 1076 2138 patet.
1101 2101 1168 2130 Aut
1190 2108 1294 2130 sermo
1310 2098 1391 2130 litte-

332 2154 400 2181 rae,
426 2153 500 2174 cum
523 2143 597 2173 dicit
618 2142 824 2182 manifestum
854 2151 922 2173 esse
948 2144 1033 2183 quod
1055 2144 1087 2174 in
1111 2142 1286 2174 moralibus
1309 2144 1392 2174 ratt'o

334 2194 380 2219 est
403 2197 532 2220 movens
554 2192 585 2218 et
608 2187 779 2226 imperans,
805 2187 976 2226 appetitiva
995 2192 1101 2218 autem
1119 2189 1166 2218 vis
1184 2192 1270 2218 mota
1289 2192 1320 2218 et
1335 2188 1391 2217 im-

326 2238 456 2273 perata,
480 2238 527 2262 est
550 2231 588 2260 de
610 2229 754 2260 motione
778 2230 818 2260 ad
836 2230 988 2270 speciem;
1003 2238 1058 2262 aut
1072 2231 1112 2262 ad
1129 2231 1322 2268 exercitium;
1339 2238 1394 2262 aut

333 2276 373 2306 ad
396 2282 576 2315 utrumque.
607 2273 639 2304 Si
663 2274 701 2303 de
725 2273 868 2304 motione
892 2274 932 2304 ad
961 2275 1111 2314 speciem,
1136 2274 1198 2306 hoc
1221 2285 1393 2305 commune

334 2326 380 2350 est
402 2327 467 2350 tam
491 2318 663 2349 moralibus
692 2327 789 2358 quam
816 2327 882 2347 non
906 2317 1089 2349 moralibus.
1107 2337 1127 2342 -
1151 2319 1192 2349 Et
1213 2328 1332 2355 rursus,
1356 2328 1393 2348 ex

333 2364 395 2394 hoc
423 2372 488 2393 non
518 2362 684 2392 haberetur
710 2361 878 2391 intentum.
906 2361 989 2391 Nam
1013 2372 1050 2392 ex
1072 2361 1135 2393 hoc
1157 2362 1246 2403 quod
1268 2362 1393 2392 bonum

333 2407 528 2438 intellectum
550 2412 659 2436 movet
682 2405 868 2445 appetitum,
893 2415 959 2435 non
983 2406 1116 2437 habetur
1138 2406 1299 2446 pluralitas
1323 2416 1393 2446 spe-

334 2451 421 2482 cifica
444 2450 677 2490 appetitionum
699 2448 799 2488 magis
822 2459 920 2489 quam
943 2449 1210 2487 intellectionum,
1234 2450 1294 2480 nisi
1318 2450 1394 2490 quia

333 2494 558 2529 intellectiones
581 2499 656 2523 sunt
678 2502 799 2528 causae,
825 2499 855 2523 et
877 2493 1086 2533 appetitiones
1110 2502 1263 2525 causatae.
1289 2494 1392 2524 Immo

334 2539 440 2579 potius
463 2537 630 2568 haberetur
652 2535 733 2566 forte
756 2546 857 2577 aequa
873 2536 1051 2568 distinctio:
1075 2538 1149 2579 quia
1166 2538 1287 2573 obiecta
1302 2538 1392 2568 adae-

333 2588 428 2623 quata
451 2580 696 2622 appetitionibus
710 2578 919 2611 'diversarum
947 2581 1136 2621 specierum,
1162 2588 1237 2612 sunt
1261 2581 1394 2612 diversa—

290 2628 293 2633 *
333 2636 405 2657 rum
428 2625 606 2661 rationum3
629 2623 800 2654 intellectio
824 2630 931 2654 autem
954 2625 1068 2656 obiecti
1092 2635 1163 2666 pars
1179 2625 1320 2656 formalis
1337 2632 1391 2662 est,

97 2851 106 2861 ·
121 2850 158 2872 cf.
173 2856 236 2872 num.
252 2856 268 2872 1.

98 3334 150 3356 'De
163 3334 216 3355 Div.
232 3333 306 3361 Nom„

97 3366 148 3388 cap.
164 3366 196 3382 iv.
206 3373 217 3379 -
226 3360 250 3383 S.
260 3360 306 3382 Th.

98 3387 150 3409 lect.
165 3393 223 3409 xxu.

333 2670 408 2711 quia
430 2671 554 2700 bonum
576 2675 612 2699 ut
634 2668 807 2708 cognitum,
831 2675 949 2699 movet.

389 2714 423 2746 Si
446 2724 520 2744 vero
545 2713 583 2743 de
605 2713 748 2743 motione
771 2712 812 2742 ad
830 2712 1020 2749 exercitium,
1037 2713 1131 2744 etiam
1146 2713 1206 2744 hoc
1222 2722 1394 2743 commune

334 2765 380 2789 est
402 2766 467 2788 tam
490 2756 663 2787 moralibus
687 2765 784 2797 quam
807 2766 873 2786 non
892 2756 1079 2787 moralibus:
1100 2757 1255 2798 quoniam
1269 2766 1395 2797 semper

333 2802 467 2842 imperat
490 2808 525 2832 ut
548 2807 636 2831 mota
659 2810 677 2830 a
699 2799 876 2837 voluntate,
902 2807 938 2831 ut
960 2807 1046 2840 patet
1074 2801 1219 2841 superius
1242 2801 1275 2831 in
1298 2811 1393 2842 quae-

334 2846 435 2876 stione
459 2846 497 2876 de
522 2844 658 2885 Imperio
672 2844 698 2875 *.
715 2861 736 2866 —
752 2843 793 2874 Et
816 2853 932 2880 rursus,
950 2854 987 2874 ex
1005 2844 1067 2875 hoc
1083 2855 1148 2875 non
1164 2851 1293 2885 apparet
1309 2845 1393 2875 unde

334 2896 483 2930 sequatur
498 2889 670 2919 intentum:
689 2897 762 2918 cum
777 2887 810 2917 in
826 2887 927 2918 littera
942 2897 978 2918 ex
994 2888 1137 2919 motione
1154 2889 1283 2920 rationis
1299 2898 1394 2930 supra

334 2934 519 2974 appetitum,
535 2942 600 2963 non
623 2932 783 2968 inferatur,
799 2931 891 2972 Ergo
905 2933 1112 2972 appetitiones
1119 2942 1134 2971 ,·
1150 2933 1213 2969 sed,
1231 2933 1324 2973 Ergo
1339 2943 1394 2973 ap·

329 2978 472 3018 petibilia
494 2982 569 3008 sunt
591 2977 791 3007 diversarum
809 2976 982 3014 rationum,
1004 2985 1085 3017 quae
1104 2983 1226 3008 constat
1244 2986 1309 3007 non
1325 2987 1394 3017 spe-

335 3021 454 3052 cificare
477 3021 518 3052 ad
540 3020 718 3050 motionem
741 3019 884 3051 exercitii.

390 3065 442 3095 IV.
466 3064 517 3095 Ad
540 3063 616 3094 haec
640 3074 713 3103 ergo
744 3063 857 3094 dicitur
879 3063 982 3105 quod,
1007 3064 1083 3105 quia
1105 3064 1270 3105 proportio
1295 3064 1393 3096 utitur

335 3110 427 3140 rebus
450 3117 529 3150 quas
553 3114 724 3147 comparat,
751 3113 785 3138 ut
807 3107 975 3144 distinctis;
998 3114 1028 3139 et
1043 3108 1250 3148 proportione
1264 3108 1393 3139 rationis

336 3153 375 3183 ad
391 3152 577 3192 appetitum,
594 3154 714 3181 Auctor
733 3161 791 3191 pro
808 3151 913 3181 medio
929 3151 1044 3182 utitur:
1070 3159 1197 3192 oportet
1211 3159 1247 3183 ut
1261 3155 1394 3193 utraque

335 3197 382 3227 vis
397 3203 541 3227 sumatur
556 3195 731 3226 secundum
748 3194 806 3225 sibi
821 3195 962 3235 propria;
979 3195 1059 3226 infra
1072 3196 1271 3227 latitudinem
1287 3203 1393 3227 tamen

336 3240 520 3277 moralium,
544 3239 699 3280 quoniam
725 3239 765 3269 de
787 3239 884 3269 huius
910 3239 1073 3279 speciebus
1099 3240 1222 3280 generis
1249 3240 1393 3281 quaestio

337 3291 391 3315 est.
415 3287 462 3314 Ac
485 3294 540 3324 per
564 3284 634 3319 hoc,
652 3293 726 3313 cum
742 3282 932 3323 principium
949 3284 1115 3323 proprium
1130 3284 1258 3315 moralis
1273 3294 1340 3315 esse
1355 3284 1395 3316 sit

335 3328 424 3364 ratio,
449 3338 487 3359 eo
512 3327 610 3369 quod,
627 3333 662 3357 ut
676 3326 849 3368 Dionysius
869 3326 943 3358 dicit
957 3327 985 3366 *‚
1001 3328 1115 3358 bonum
1131 3329 1268 3359 hominis
1286 3333 1333 3359 est
1346 3338 1394 3358 se-

336 3372 474 3403 cundum
504 3373 658 3402 rationem
686 3377 773 3408 esse,‘
795 3377 921 3411 oportet
947 3377 983 3401 ut
1005 3377 1070 3402 tam
1099 3371 1268 3413 appetitiva
1295 3382 1394 3413 quam

336 3415 548 3456 cognoscitiva
570 3415 617 3445 vis
640 3421 783 3446 sumatur
804 3414 995 3455 inquantum
1018 3415 1192 3452 rationalis;
1218 3422 1249 3447 et
1262 3416 1294 3446 in
1311 3422 1394 3446 utra·

336 3469 398 3500 que
421 3467 457 3490 ut
479 3459 638 3490 rationalis
661 3466 716 3495 est,
740 3465 918 3498 spectemus
941 3458 1018 3499 quid
1040 3459 1205 3499 proprium
1225 3459 1347 3495 rationi,
1365 3466 1395 3490 et

336 3503 414 3544 quid
436 3503 604 3544 appetitui;
630 3510 660 3533 et
683 3503 859 3533 secundum
882 3502 958 3533 haec
982 3502 1136 3534 iudicium
1154 3503 1208 3534 fiat
1232 3504 1270 3534 de
1286 3503 1393 3534 distin-

1453 518 1557 549 ctione
1580 519 1757 560 specierum
1779 519 1959 552 moralium.
1982 521 2024 552 Et
2046 529 2176 562 propter
2194 522 2255 552 hoc
2278 523 2400 552 Auctor
2417 521 2450 551 in
2465 522 2514 552 lit-

1453 569 1518 592 tera
1541 563 1683 602 procedit
1707 573 1743 593 ex
1766 563 1837 599 hoc,
1862 564 1951 604 quod
1973 564 2052 595 ratio
2076 573 2122 597 est
2145 565 2305 596 rationalis
2328 575 2384 606 per
2410 575 2514 595 essen-

1451 606 1538 642 tiam,
1554 607 1711 646 appetitus
1726 617 1782 646 per
1796 607 2079 648 participationem.
2097 609 2251 646 Quamvis
2266 616 2372 640 autem
2385 619 2512 640 movere

1451 649 1628 690 appetitum
1647 650 1800 681 obiective
1817 658 1848 682 et
1867 651 2051 691 imperative
2068 654 2234 684 conveniat
2256 653 2428 684 intellectui
2447 659 2514 683 tam

1450 700 1593 733 respectu
1623 695 1796 725 moralium
1823 705 1922 735 quarn
1950 706 2016 726 non
2045 697 2230 733 moralium;
2255 706 2383 728 movere
2407 703 2512 727 tamen

1452 737 1629 778 appetitum
1652 738 1831 778 regulative,
1851 739 2023 779 ,proprium
2043 747 2091 771 est
2113 740 2142 771 ei
2164 747 2306 781 respectu
2330 740 2510 772 moralium.

1451 782 1492 812 Et
1516 782 1553 811 de
1577 782 1635 812 hac
1658 782 1802 813 motione
1819 789 1865 813 est
1880 782 1931 813 hic
1947 792 2062 814 sermo,
2087 783 2122 814 In
2145 783 2266 815 ratione
2285 784 2371 815 enim
2387 791 2514 825 oportet

1452 835 1518 856 esse
1541 826 1644 865 legem
1667 826 1873 865 regulativam
1889 827 2063 867 appetitus;
2089 833 2119 858 et
2134 827 2227 858 habet
2249 838 2377 859 movere
2401 835 2432 858 et
2452 828 2512 858 im·

1451 879 1559 909 perare
1582 879 1621 900 eo
1644 870 1744 900 modo
1765 879 1833 911 quo
1847 870 1897 901 lex
1911 877 2019 902 movet
2034 877 2066 901 et
2076 871 2227 911 impetun
2251 878 2282 902 et
2297 878 2464 912 propterea
2479 872 2512 902 in

1450 913 1551 944 littera
1575 920 1708 954 uterque
1730 921 1818 945 actus
1841 914 1869 945 ei
1893 914 2048 946 tribuitur.
2073 915 2182 946 Movet
2196 921 2304 946 autem
2323 925 2389 947 non
2404 916 2512 956 quoad

1451 957 1632 988 exercitium
1654 964 1752 994 actus,
1778 965 1814 989 ut
1835 964 1934 998 patet:
1960 959 2015 988 sed
2030 959 2139 999 quoad
2153 958 2428 999 specificationem,
2446 969 2511 989 non

1451 1001 1730 1042 qualemcumque,
1755 1008 1791 1032 ut
1814 1002 2027 1032 communiter
2049 1001 2132 1038 facit,
2156 1002 2211 1033 sed
2229 1002 2435 1044 regulativam
2456 1013 2512 1043 ap-

1450 1044 1577 1084 petitus,
1601 1045 1691 1085 quod
1714 1045 1820 1075 solum
1838 1045 1871 1075 in
1888 1045 2061 1076 moralibus
2077 1046 2208 1077 obtinet.
2231 1046 2366 1087 Imperat
2381 1057 2511 1088 quoque

1450 1088 1587 1128 speciem
1610 1088 1769 1128 appetitus
1792 1096 1823 1119 et
1845 1089 1980 1120 exercitii
2004 1089 2071 1120 eius
2087 1097 2118 1120 et
2132 1089 2284 1120 aliorum:
2309 1090 2464 1130 quoniam
2478 1090 2512 1120 in

1450 1132 1623 1162 moralibus
1639 1139 1766 1172 oportet
1784 1133 1888 1172 legem
1902 1133 2081 1173 principari,
2097 1140 2127 1165 et
2146 1133 2173 1164 ei
2189 1133 2366 1174 appetitum
2380 1143 2512 1164 omnem

1449 1176 1596 1212 obedire;
1621 1176 1773 1217 alioquin,
1798 1177 1824 1206 si
1846 1177 1994 1207 voluntas
2017 1177 2220 1218 principatur,
2245 1177 2397 1208 accideret
2419 1177 2511 1214 illud,

1453 1219 1515 1250 Cui
1537 1221 1669 1250 nimium
1693 1220 1793 1258 licuit,
1819 1221 1958 1252 licitum:
1981 1222 2033 1251 cui
2049 1231 2157 1261 prava
2181 1222 2330 1253 voluntas
2352 1221 2410 1252 Ius
2429 1226 2509 1259 erat,

1450 1269 1481 1295 et
1502 1274 1616 1295 sensus
1632 1274 1697 1304 pro
1720 1265 1847 1295 ratione
1858 1264 1941 1305 fuit.
1970 1265 2011 1295 Et
2034 1265 2187 1305 quoniam
2211 1265 2290 1296 ratio
2313 1265 2435 1305 regulat
2457 1275 2511 1305 ap-

1449 1308 1586 1348 petitum
1609 1308 1766 1339 mediante
1789 1308 1950 1348 appetibili
1968 1309 2155 1340 consonanti
2170 1309 2230 1349 ipsi
2244 1309 2370 1346 rationi;
2395 1308 2511 1340 idcirco

1448 1352 1544 1382 huius
1567 1352 1669 1383 motio
1693 1362 1758 1382 non
1781 1358 1828 1382 est
1850 1359 1934 1383 extra
1956 1352 2156 1383 latitudinem
2179 1353 2363 1384 motionum
2385 1353 2426 1383 ad
2442 1363 2511 1393 spe-

1449 1395 1669 1427 cificationem.
1694 1396 1735 1426 Et
1757 1405 1865 1426 rursus
1888 1396 2004 1427 idcirco
2027 1399 2149 1427 Auctor
2171 1407 2237 1427 non
2261 1397 2442 1427 immediate
2463 1396 2511 1427 in-

1448 1440 1529 1477 tulit,
1553 1440 1639 1480 Ergo
1661 1439 1792 1471 virtutes
1809 1440 1944 1470 morales
1963 1447 2038 1472 sunt
2057 1441 2211 1472 diversae:
2236 1441 2292 1471 sed
2306 1441 2436 1472 vitando
2448 1441 2510 1472 *sal-

1447 1491 1527 1521 tum‚
1552 1490 1583 1514 et
1604 1483 1759 1524 gradatim
1781 1484 2012 1520 descendendo,
2029 1494 2048 1514 a
2069 1485 2191 1516 ratione
2213 1485 2253 1515 ad
2275 1482 2455 1526 appetibile,
2479 1491 2511 1516 et

1446 1528 1520 1558 inde
1543 1528 1583 1558 ad
1606 1527 1741 1558 morales
1756 1527 1886 1558 virtutes
1905 1527 2039 1559 devenit.
2055 1528 2096 1559 Et
2112 1528 2239 1559 merito:
2260 1529 2335 1569 quia
2350 1527 2430 1560 ratio
2446 1527 2509 1559 for—

1447 1581 1515 1602 mas
1539 1572 1592 1603 dat
1615 1571 1847 1612 appetibilibus,
1872 1571 1988 1612 quibus
2011 1572 2131 1602 morale
2153 1567 2254 1612 genus
2276 1571 2509 1612 ingrediuntun

1447 1625 1484 1646 ex
1507 1616 1569 1646 hoc
1592 1625 1730 1656 namque
1753 1615 1842 1655 quod
1865 1614 2046 1655 appetibilia
2073 1622 2252 1646 consonant
2273 1615 2323 1646 vel
2347 1615 2511 1647 dissonant

1446 1659 1569 1695 rationi,
1593 1659 1726 1689 moralia
1749 1665 1832 1694 sunt,
1853 1665 1889 1689 ut
1905 1668 1941 1689 ex
1958 1658 2143 1699 supradictis
2158 1658 2175 1678 *
2198 1665 2293 1699 patet.
2317 1658 2510 1700 Appetibilia

1447 1710 1554 1734 autem
1576 1702 1691 1734 rationi
1713 1712 1870 1738 consona,
1895 1702 2068 1743 adaequata
2096 1702 2218 1734 obiecta
2239 1705 2319 1745 {sunt
2345 1702 2510 1744 speciebus

1446 1746 1617 1777 morafiam
1640 1746 1873 1786 appetitionum
1896 1752 1928 1777 et
1949 1746 2113 1778 virtutum.
2195 1754 2198 1758 ’

1501 1791 1539 1821 V.
1565 1789 1605 1820 Et
1633 1800 1689 1830 per
1716 1790 1793 1821 haec
1823 1796 1909 1830 patet
1938 1789 2056 1822 solutio
2089 1789 2236 1822 omnium
2265 1790 2462 1822 obiectorum
2479 1790 2508 1823 *-

1445 1834 1608 1872 Quoniam
1628 1843 1694 1864 non
1707 1834 1884 1875 loquuntur
1904 1834 1942 1864 de
1957 1833 2091 1874 imperio
2106 1834 2280 1874 regulativo
2299 1841 2336 1865 ut
2349 1833 2402 1871 sic,
2420 1834 2510 1876 quod

1445 1884 1564 1919 spectat
1580 1878 1620 1908 ad
1642 1877 1909 1918 specificationem
1924 1884 2012 1909 actus
2026 1884 2056 1909 et
2071 1877 2212 1914 habitus:
2237 1887 2294 1909 nec
2310 1879 2349 1909 de
2364 1877 2509 1910 motione

1445 1929 1476 1953 et
1498 1921 1680 1962 cognitione
1703 1922 1874 1962 regulativa
1898 1921 1985 1952 unita
2007 1922 2040 1952 in
2059 1932 2102 1959 se,
2119 1922 2195 1962 quia
2210 1929 2258 1953 est
2271 1922 2442 1962 superioris
2457 1929 2510 1953 01*-

1446 1965 1542 2002 dinis,
1567 1972 1598 1996 et
1620 1966 1804 2006 participata
1827 1966 1860 1996 in
1884 1965 2014 1996 obiectis
2042 1966 2227 2002 moralium,
2251 1966 2285 1996 in
2308 1966 2424 2007 quibus
2447 1966 2510 1997 dis-

1445 2010 1600 2050 tinguitur
1623 2016 1654 2040 et
1674 2009 1854 2051 implicatur
1873 2016 1909 2040 ut
1923 2020 1995 2050 pars
2019 2009 2160 2041 formalis
2179 2010 2374 2042 eorundem:
2397 2010 2453 2050 sed
2470 2010 2509 2041 de

1445 2053 1581 2094 imperio
1611 2053 1651 2084 ad
1673 2053 1855 2084 exercitium
1884 2060 1988 2090 actus,
2018 2060 2048 2085 et
2071 2054 2109 2089 de
2140 2053 2321 2094 cognitione
2352 2054 2507 2086 absolute.

1446 2097 1544 2128 Aliud
1556 2105 1603 2128 est
1613 2097 1700 2128 enim
1714 2097 1805 2138 loqui
1820 2098 1859 2128 de
1871 2097 1996 2128 obiecto
2012 2097 2154 2138 cognit03
2171 2104 2201 2128 et
2217 2097 2312 2135 aliud,
2329 2097 2368 2128 de
2383 2098 2508 2129 obiecto

1447 2150 1591 2173 consono
1613 2141 1736 2172 rationi.
1763 2140 1913 2182 Cognitio
1937 2151 2076 2182 namque
2099 2148 2130 2172 et
2153 2141 2369 2178 consonantia,
2389 2141 2462 2172 licet
2474 2140 2508 2172 in

1446 2186 1510 2216 hoc
1532 2185 1722 2217 conveniant
1744 2185 1834 2226 quod
1852 2185 2102 2226 multiplicantur
2116 2186 2292 2216 secundum
2308 2185 2443 2222 obiecta3
2461 2195 2510 2216 re-

1446 2230 1521 2270 gula
1543 2236 1649 2260 tamen
1669 2229 1720 2269 cui
1739 2236 1917 2260 consonant
1940 2229 2156 2266 consonantia,
2175 2239 2242 2260 non
2261 2229 2506 2269 multiplicatum

1446 2280 1478 2304 et
1499 2274 1539 2303 ad
1554 2273 1636 2304 hanc
1658 2273 1772 2304 dicitur
1795 2283 1973 2304 consonans
1997 2273 2167 2304 obiectum.
2192 2273 2368 2314 Cognitum
2384 2280 2507 2311 autem,

1447 2324 1483 2348 ut
1505 2317 1558 2353 sic,
1582 2317 1725 2357 regulam
1748 2326 1814 2348 non
1837 2322 1998 2347 connotat.
2376 2324 2380 2328 ·

1504 2360 1557 2391 Vl.
1582 2360 1674 2391 Circa
1701 2360 1942 2400 responsionem
1972 2360 2011 2390 ad
2038 2359 2181 2400 primum
2203 2360 2237 2390 in
2260 2359 2375 2391 eodem
2401 2359 2506 2401 primo

1446 2404 1594 2441 articulo,
1619 2404 1754 2434 dubium
1777 2403 1911 2435 occurrit
1933 2403 2059 2444 duplex.
2080 2404 2204 2441 Primo,
2229 2404 2267 2435 de
2289 2403 2417 2436 veritate
2440 2404 2507 2436 eius

1447 2449 1536 2489 quod
1559 2448 1681 2484 dicitur,
1705 2447 1822 2479 scilicet
1843 2447 1932 2488 quod
1955 2447 2123 2488 prudentia
2145 2448 2293 2478 directiva
2307 2448 2341 2478 in
2356 2448 2507 2479 omnibus

1447 2492 1620 2523 moralibus
1638 2492 1792 2523 virtutum
1807 2491 1937 2528 actibus,
1955 2497 2002 2522 est
2016 2501 2080 2522 una
2095 2492 2271 2522 secundum
2284 2492 2423 2532 speciem
2437 2502 2508 2532 spe-

2535 1665 2747 1696 'mevmut-s.

2536 1797 2545 1807 ¹
2559 1796 2598 1819 Cf.
2610 1801 2676 1822 nu.
2691 1802 2727 1820 m.

1446 2535 1663 2566 cialissimam:
1688 2535 1727 2565 de
1745 2535 1799 2566 tali
1813 2535 1900 2565 enim
1915 2534 2034 2566 unitate
2054 2541 2085 2566 et
2100 2535 2275 2567 diversitate
2291 2541 2338 2567 est
2353 2545 2468 2567 sermo.
2484 2552 2513 2575 3¹2

1447 2580 1604 2615 Secundo,
1625 2589 1722 2619 penes
1738 2578 1816 2619 quid
1834 2578 2003 2610 attenditur
2020 2578 2123 2610 unitas
2138 2577 2283 2619 specifica
2297 2579 2428 2610 rationis
2442 2579 2507 2623 ior-

1447 2624 1538 2654 malis
1560 2623 1625 2653 veri
1648 2623 1762 2653 obiecti
1786 2622 1979 2664 prudentiae.

1501 2667 1570 2698 Vll.
1594 2666 1714 2698 Contra
1731 2666 1873 2707 primum
1891 2665 1978 2696 enim
1997 2672 2043 2697 est
2061 2667 2185 2702 Scotus‚
2207 2666 2240 2696 in
2261 2665 2303 2696 111
2319 2666 2418 2704 Sent„
2436 2663 2506 2698 dist.

1445 2721 1546 2748 xxxvr,
1559 2718 1615 2742 art.
1629 2721 1660 2747 11,
1674 2711 1783 2741 volens
1797 2711 1896 2751 quod,
1914 2710 1995 2741 sicut
2008 2709 2156 2741 factibilia
2169 2710 2279 2740 omnia
2293 2719 2359 2740 non
2373 2711 2510 2742 subsunt
2551 2722 2569 2726 ·’
2648 2713 2680 2725 “·“
2694 2723 2705 2726 ’·

1447 2756 1505 2786 arti
1520 2755 1576 2786 uni
1592 2755 1769 2786 secundum
1787 2754 1934 2795 speciem,
1950 2754 1994 2785 ita
2016 2764 2074 2786 nec
2089 2754 2215 2795 agibilia
2232 2754 2288 2785 uni
2307 2754 2506 2794 prudentiae:

1448 2806 1494 2830 est
1509 2799 1593 2830 enim
1605 2799 1771 2839 prudentia
1783 2805 1865 2829 recta
1877 2798 2039 2839 agibilium
2054 2799 2144 2835 ratio,
2157 2797 2238 2829 sicut
2249 2807 2297 2828 ars
2309 2797 2507 2831 factibilium.

1447 2861 1469 2867 -
1481 2842 1678 2884 Oppositum
1693 2849 1810 2880 autem,
1827 2852 1901 2873 cum
1916 2842 2093 2879 Aristotele,
2104 2842 2147 2873 vl
2159 2841 2262 2874 Ethic.
2271 2838 2296 2878 ⁴¹,
2314 2841 2405 2873 divus
2416 2841 2506 2874 Tho-

1448 2897 1516 2918 mas
1532 2887 1583 2918 hic
1601 2893 1695 2917 tenet.
1712 2887 1753 2917 Et
1769 2886 1857 2927 quod
1872 2885 1915 2917 ita
1931 2886 1979 2923 sit,
1996 2887 2149 2927 probatur
2164 2885 2328 2917 efficaciter
2343 2885 2395 2917 sic.
2413 2885 2510 2917 Recta

1447 2931 1527 2962 ratio
1551 2931 1714 2971 agibilium
1740 2930 1858 2961 iudicat
1885 2930 1967 2961 inter
1994 2929 2117 2970 agibilia
2140 2930 2332 2960 diversarum
2355 2929 2510 2961 virtutum

1448 2975 1629 3006 moralium.
1653 2975 1738 3014 Ergo
1762 2981 1809 3005 est
1831 2984 1895 3005 una
1917 2981 2061 3015 respectu
2089 2973 2237 3005 omnium
2258 2973 2414 3004 virtutum
2436 2982 2509 3004 mo-

1447 3019 1572 3050 ralium.
2380 3049 2387 3054 V

1502 3063 1699 3094 Antecedens
1721 3068 1807 3102 patet
1828 3061 1861 3092 in
1880 3061 1972 3092 bonis
1988 3068 2026 3093 et
2048 3061 2081 3093 in
2104 3061 2205 3093 malis.
2228 3062 2311 3092 Nam
2335 3061 2374 3092 ad
2385 3059 2506 3103 >rectam

1448 3107 1604 3138 rationem
1634 3112 1753 3147 spectat
1782 3105 1954 3136 discernere
1984 3105 2061 3147 quid
2091 3115 2192 3142 nunc,
2222 3105 2286 3142 hic,
2317 3111 2384 3142 etc„
2409 3104 2509 3146 magis

1449 3151 1600 3191 expediat,
1625 3150 1750 3192 punitio
1773 3149 1855 3180 iusta
1879 3156 2024 3190 acceptae
2042 3149 2184 3188 iniuriae,
2202 3158 2241 3179 an
2257 3148 2389 3180 tolerare
2403 3148 2507 3185 illurn

1448 3194 1603 3231 similiter,
1628 3204 1668 3224 an
1691 3193 1791 3234 magis
1814 3193 1959 3234 expediat
1979 3193 2107 3230 bellare,
2133 3202 2173 3223 an
2191 3193 2369 3233 voluptates
2388 3190 2508 3223 oblatas

1447 3238 1615 3279 prosequi;
1639 3245 1670 3270 et
1693 3238 1736 3269 sic
1758 3237 1799 3268 de
1826 3237 1896 3268 aliis
1920 3237 2135 3278 spectantibus
2157 3237 2197 3268 ad
2220 3237 2356 3268 diversae
2377 3236 2507 3267 virtutes

1447 3283 1586 3323 vitiaque
1614 3282 1761 3319 moralia,
1786 3288 1844 3313 etc.
1868 3299 1889 3304 —
1911 3281 2148 3322 Consequentia
2167 3287 2253 3321 patet
2273 3290 2312 3312 ex
2333 3279 2455 3316 ratione
2470 3286 2508 3311 *et

1449 3326 1632 3358 auctoritate
1648 3326 1675 3357 11
1698 3326 1738 3357 de
1759 3326 1876 3356 Anima
1892 3324 1919 3362 ἢ
1937 3325 1975 3356 de
1998 3335 2092 3356 sensu
2113 3324 2287 3356 communi.
2312 3324 2404 3356 Unde
2426 3322 2508 3357 sicut

1448 3371 1555 3401 nullus
1581 3380 1691 3401 sensus
1719 3369 1867 3410 proprius
1894 3368 2009 3400 sufficit
2031 3369 2071 3399 ad
2097 3368 2303 3399 iudicandum
2329 3367 2409 3398 inter
2435 3376 2514 3406 sen-9

1448 3414 1548 3445 sibilia
1571 3414 1711 3455 propria,
1736 3423 1794 3444 nec
1817 3422 1928 3444 omnes
1952 3413 2064 3449 simul;
2088 3412 2131 3443 ita
2153 3412 2239 3443 nulla
2259 3418 2342 3443 recta
2355 3410 2435 3441 ratio
2452 3410 2507 3441 ali-

1448 3459 1537 3489 cuius
1561 3458 1691 3498 agibilis,
1715 3467 1773 3488 nec
1796 3467 1908 3487 omnes
1932 3457 2027 3487 simul
2050 3456 2211 3487 sufficiunt
2236 3456 2276 3486 ad
2301 3454 2507 3485 iudicandum

1447 3502 1527 3533 inter
1550 3502 1658 3533 omnia
1686 3501 1822 3542 agibilia;
1847 3511 1928 3542 quae
1952 3508 2058 3532 tamen
2082 3495 2261 3541 e'xperimur
2288 3507 2347 3529 nos
2369 3498 2506 3529 iudicare

2534 2846 2756 2935 aaziae

2512 3343 2515 3347 ⁴
2532 3328 2628 3377 :itt-t.
2678 3328 2745 3377 ³⁴⁵:

2532 3387 2592 3430 ι’ἑεῖἶ·
2597 3387 2633 3430 ἰῧῐ
2638 3387 2655 3404 ¹¹
2663 3389 2670 3409 ³
2678 3387 2698 3404 ⁸·
