2852 4152
73 788 90 837 's
99 787 157 836 Ἥ·
166 792 263 835 stata:
272 797 284 804 ‘

75 2385 261 2415 'An-andr.

30 2627 35 2659 ⁵
79 2636 282 2687 -„9..,‚5..,..‚.

83 3103 110 3169 3
163 3125 298 3168 ·1¹².;·¹··

31 3543 37 3571 j
86 3541 102 3554 ⁴
113 3542 164 3565 An.
178 3542 284 3570 praeced.

997 257 1260 303 QUAESTio
1290 258 1391 304 mv,
1421 257 1714 294 ART1CULUS
1745 259 1792 294 111

365 334 424 369 AD
457 333 645 369 SECUNDUM
678 345 859 370 DicsNDUM
895 335 998 382 quod
1030 342 1168 372 terram
1197 347 1280 372 esse
1309 348 1367 372 ro-

312 385 471 421 tundam
499 396 568 432 per
590 385 690 422 aliud
719 386 887 423 medium
917 387 1152 424 demonstrat
1179 388 1365 434 naturalis,

313 443 350 473 et
367 448 445 484 per
472 437 573 474 aliud
601 438 827 485 astrologus:
856 441 1065 487 astrologus
1090 441 1190 476 enim
1211 441 1285 476 hoc
1305 440 1367 476 de-

2396 257 2469 303 343

1421 336 1549 373 media
1567 343 1653 373 sunt
1672 336 1764 372 sicut
1793 335 1941 372 diversa
1968 335 2158 384 principia
2177 335 2307 382 activa,
2337 347 2470 372 secun-

1422 388 1514 425 dum
1543 400 1639 436 quae
1667 389 1816 424 habitus
1843 388 2080 424 scientiarum
2110 388 2418 424 diversificantur.

1473 442 1531 477 An
1559 452 1716 477 mnrium
1745 452 1926 477 mOENDUM
1953 441 2070 488 quod,
2095 440 2190 476 sicut
2217 440 2469 488 Philosophus

313 496 498 525 monstrat
515 502 584 538 per
602 490 728 526 media
743 491 1020 537 mathematica,
1037 492 1131 528 sicut
1146 505 1213 540 per
1226 493 1366 539 figuras
1391 492 1394 514 ¹
1421 493 1517 539 dicit,
1534 493 1571 529 in
1592 494 1622 529 ΙΙ
1643 493 1789 540 Physic.
1805 493 1827 514 *
1841 500 1877 529 et
1895 493 1933 529 in
1946 493 2013 529 VII
2033 492 2152 528 Ethic.
2166 492 2218 538 ⁴⁴⁸²,
2234 492 2284 528 ita
2299 504 2338 528 se
2357 493 2470 528 habet

314 540 529 589 eclipsium,
557 543 620 578 vel
652 554 722 590 per
753 543 853 579 aliud
878 548 896 564 ‘²
923 544 1156 590 huiusmodi3
1189 545 1365 581 naturalis

312 605 407 630 vero
431 594 507 630 hoc
526 594 760 631 demonstrat
781 607 850 643 per
868 596 1037 632 medium
1058 598 1242 642 naturale,
1271 597 1366 633 sicut

312 657 382 694 per
407 646 556 683 motum
584 646 756 694 gravium
785 648 833 684 ad
861 648 1045 694 medium,
1074 650 1136 685 vel
1168 661 1237 697 per
1264 649 1365 686 aliud

313 698 544 735 huiusmodi.
578 700 680 735 Tota
710 707 838 736 autem
865 701 984 737 virtus
1013 701 1364 747 demonstrationis,

313 762 414 797 quae
442 758 498 787 est
522 751 764 800 syllogismus
780 753 933 800 faciens
959 754 1070 798 scire,
1099 762 1141 789 ut
1169 753 1302 790 dicitur
1328 754 1366 790 in

314 803 327 838 l
354 803 495 839 Poster.
513 803 545 850 ²⁸⁸,
567 804 757 852 dependet
784 817 828 841 ex
857 805 996 842 medio.
1028 806 1077 842 Et
1103 805 1189 842 ideo
1219 805 1367 842 diversa

365 915 392 949 α)
411 916 494 941 aliud.
511 930 530 935 —
547 917 649 948 aliquid
668 917 703 947 G;
723 923 750 942 et
770 918 802 942 ita
821 918 901 942 altero
920 919 978 942 loco
996 919 1199 943 ABDhFGl-llt-.

1420 545 1505 581 finis
1533 545 1571 581 in
1600 545 1863 593 operabilibus,
1893 545 1987 581 sicut
2010 544 2236 593 principium
2255 544 2293 580 in
2313 544 2469 581 demon-

1420 598 1591 634 strativis.
1613 599 1661 634 Et
1679 598 1765 634 ideo
1786 597 1981 634 diversitas
2000 597 2134 633 finium
2154 596 2379 634 diversificat
2397 597 2470 633 vir-

1418 657 1526 695 tutes,
1542 650 1637 686 sicut
1656 657 1692 686 et
1711 649 1906 686 diversitas
1925 650 2136 686 activorum
2155 649 2468 697 principiorum.-

1422 702 1517 738 Sunt
1536 702 1647 738 etiam
1677 702 1745 750 ipsi
1773 702 1871 738 fines
1889 702 2036 738 obiecta
2054 709 2207 738 actuum
2228 701 2469 737 interiorum:

1421 754 1483 801 qui
1513 754 1675 790 maxime
1703 754 1888 802 pertinent
1919 754 1967 791 ad
1994 754 2166 800 virtutes,
2194 761 2236 790 ut
2262 765 2307 789 ex
2342 765 2470 802 supra-

1422 805 1527 842 dictis
1545 805 1566 828 ’¹‘
1592 812 1704 854 patet.

982 988 1312 1021 Commentaria
1333 989 1582 1021 Cardjnalis
1603 989 1802 1022 Caietam

317 1074 364 1136 IN
387 1063 519 1094 articulo
535 1066 673 1095 secundo
691 1065 823 1096 dubium
839 1066 975 1096 occurrit
990 1076 1026 1096 ex
1042 1066 1148 1102 Scoto,
1165 1067 1198 1096 in
1220 1077 1232 1096 1
1247 1074 1367 1107 quaest.

339 1108 472 1148 Prologi
495 1108 591 1139 Primi
615 1109 713 1147 Sent.,
737 1110 830 1140 verba
848 1109 943 1141 huius
959 1110 1080 1141 articuli
1107 1111 1274 1141 inducente
1298 1120 1368 1150 per-

313 1161 400 1182 verse
428 1152 584 1192 exposita,
609 1152 714 1183 nescio
744 1163 760 1182 a
785 1163 817 1184 se
840 1153 890 1183 vel
917 1154 954 1183 ab
979 1154 1084 1185 altero.
1118 1157 1292 1194 Acceptum
1324 1151 1370 1184 est

315 1195 400 1226 enim
423 1206 460 1227 ex
475 1195 533 1226 hac
548 1196 650 1226 littera
672 1197 770 1236 quod,
791 1196 846 1227 ubi
869 1204 915 1227 est
929 1197 1014 1227 idem
1037 1197 1158 1233 scibile,
1181 1205 1258 1237 puta
1281 1197 1369 1238 quod

316 1246 396 1270 terra
419 1246 466 1270 est
487 1240 633 1275 rotunda,
649 1250 706 1280 per
729 1240 963 1280 philosophiam
988 1241 1161 1271 naturalem
1185 1247 1215 1271 et
1237 1241 1368 1271 astrolo-

314 1283 410 1323 giam,
426 1284 515 1324 quod
529 1283 573 1313 ibi
588 1293 654 1313 non
670 1283 733 1313 sint
748 1283 884 1313 distincti
900 1283 1034 1320 habitus,
1051 1285 1105 1314 sed
1119 1291 1193 1314 sunt
1209 1284 1370 1314 distinctae

315 1326 453 1356 formae:
477 1326 552 1367 quia
575 1336 641 1356 non
666 1326 901 1365 distinguuntur
919 1337 975 1366 per
998 1327 1129 1362 obiecta,
1147 1328 1201 1357 sed
1217 1337 1272 1367 per
1287 1328 1370 1367 prin-

316 1369 397 1410 cipia
421 1370 530 1401 activa.
552 1370 586 1399 In
610 1379 742 1409 corpore
766 1379 904 1409 namque
928 1370 1040 1400 dicitur
1059 1371 1146 1410 quod
1166 1370 1300 1406 habitus,
1323 1370 1371 1400 in-

316 1419 475 1454 quantum
488 1413 616 1443 habitus
625 1413 652 1448 *‚
669 1412 907 1452 distinguuntur
921 1423 977 1452 per
993 1414 1128 1443 obiecta:
1146 1420 1176 1443 et
1194 1413 1224 1443 in
1242 1423 1370 1453 respon-

315 1456 403 1487 sione
419 1457 459 1486 ad
471 1457 656 1492 secundum,
671 1456 783 1487 dicitur
795 1456 884 1496 quod
896 1457 1000 1486 media
1011 1463 1087 1486 sunt
1097 1456 1249 1496 principia
1264 1457 1373 1487 activa.

374 1500 496 1531 Contra
518 1500 599 1530 hanc
623 1499 810 1530 sententiam
834 1499 936 1539 arguit
959 1499 1133 1540 dupliciter.
1157 1500 1274 1535 Prim0‚
1299 1500 1373 1540 quia

313 1543 508 1584 impossibile
540 1550 587 1574 est
613 1543 719 1583 aliqua
747 1543 926 1574 indistincta
953 1553 1020 1574 esse
1046 1544 1222 1574 secundum
1245 1543 1373 1574 inferius

314 1584 539 1631 praedicatum,
563 1594 595 1619 et
609 1587 753 1619 distincta
768 1588 943 1619 secundum
960 1587 1118 1627 superius:
1141 1587 1242 1618 forma
1267 1594 1374 1618 autern

315 1637 362 1662 est
374 1631 518 1673 superius
533 1632 573 1661 ad
588 1631 742 1667 habitum,
762 1638 798 1661 ut
813 1638 906 1671 patet.
919 1649 940 1654 -
956 1630 1113 1668 Secundo,
1131 1631 1206 1672 quia
1221 1631 1283 1661 hoc
1299 1641 1373 1672 sup-

314 1671 406 1716 ponit
421 1674 543 1706 obiecta
557 1674 746 1716 distinguere
762 1675 886 1705 habitus
899 1675 932 1706 in
948 1675 1010 1706 alio
1023 1685 1135 1715 genere
1151 1685 1262 1716 causae
1277 1685 1374 1715 quam

271 1717 274 1720 ’
315 1718 470 1750 effective:
494 1719 583 1760 quod
611 1718 726 1750 falsum
751 1726 805 1755 est,
826 1719 851 1748 si
867 1718 974 1759 aliquo
998 1720 1097 1750 modo
1114 1725 1243 1750 causant
1265 1718 1374 1749 distin-

315 1762 455 1795 ctionem
467 1762 654 1794 habituum.

1477 1066 1513 1097 11.
1538 1067 1588 1097 Ad
1612 1067 1688 1097 haec
1712 1066 1823 1097 dicitur
1846 1067 1933 1107 quod
1956 1066 2032 1096 falsa
2056 1073 2110 1102 est,
2133 1066 2164 1095 in
2188 1066 2306 1106 primis,
2322 1066 2473 1107 interpre-

1421 1110 1498 1141 tatio
1526 1110 1660 1141 litterae:
1685 1120 1788 1151 neque
1815 1110 1901 1140 enim
1928 1110 1988 1140 hoc
2016 1109 2184 1140 somniavit
2206 1109 2296 1140 divus
2319 1110 2471 1151 Thpmas.

1422 1154 1481 1185 Sed
1505 1154 1639 1184 intendit
1661 1154 1758 1195 quod,
1783 1154 1856 1194 quia
1879 1154 2003 1184 habitus
2022 1159 2052 1184 et
2071 1153 2190 1183 formae
2206 1160 2237 1183 et
2250 1153 2374 1184 habitus
2389 1161 2471 1191 sunt,

1422 1204 1554 1239 utraque
1578 1197 1680 1228 sortiri
1704 1204 1838 1238 possunt
1861 1197 2044 1233 distinctiva,
2069 1197 2185 1227 scilicet
2206 1197 2332 1237 propria
2356 1198 2473 1230 forma-

2495 495 2576 543 ·Sqrap.
2586 502 2617 543 ¹rx,
2628 502 2652 518 n.
2659 502 2679 524 3.
2687 507 2700 513 -

2495 537 2556 569 ···c.
2566 537 2580 569 ·.
2588 526 2638 574 ..5555
2645 529 2701 575 ἒξ.

2495 585 2506 590 -
2514 573 2538 595 8.
2562 574 2585 596 h.
2593 575 2644 596 lect.
2651 580 2703 597 vm.

2501 733 2560 760 'Qu.
2566 739 2631 760 xviu,
2637 736 2673 755 art
2680 733 2706 759 ὃς

2496 763 2702 807 q3·,’-¹¹¹:,.„„

2496 791 2538 832 gn.
2550 791 2590 837 atq
2696 802 2702 812 ’

1422 1251 1492 1270 rum
1517 1248 1547 1271 et
1569 1241 1695 1281 propria
1719 1241 1902 1272 habituum:
1927 1248 1957 1271 et
1980 1251 2044 1271 non
2068 1241 2156 1281 quod
2182 1250 2255 1270 cum
2275 1241 2472 1273 distinctione
2520 1270 2523 1271 ⁷

1422 1284 1548 1314 illarum
1571 1292 1630 1315 stet
1648 1284 1839 1315 indistinctio
1855 1285 1981 1315 horum.
2006 1285 2098 1315 Unde
2114 1285 2146 1314 in
2161 1285 2325 1324 proposito
2342 1293 2474 1326 utraque

1424 1327 1598 1358 distinctiva
1615 1335 1814 1364 concurrunt,
1834 1329 1951 1359 scilicet
1967 1329 2140 1359 activorum
2156 1334 2187 1358 et
2201 1328 2397 1359 obiectorum
2413 1329 2475 1359 for-

1424 1370 1574 1401 malium:
1598 1378 1711 1402 terram
1731 1372 1814 1402 enim
1831 1382 1896 1402 esse
1913 1374 2091 1408 rotundam,
2108 1380 2138 1403 et
2154 1378 2199 1402 est
2215 1373 2301 1402 aliud
2316 1373 2475 1403 obiectum

1425 1414 1566 1450 formale,
1581 1422 1610 1445 et
1622 1425 1677 1455 per
1689 1415 1774 1445 aliud
1789 1416 1928 1445 medium
1942 1417 2055 1446 scitum
2068 1423 2122 1452 est,
2135 1423 2277 1456 respectu
2290 1417 2475 1456 astrologiae

1426 1464 1456 1487 et
1471 1457 1691 1497 philosophiae
1707 1459 1864 1494 naturalis,
1882 1466 1917 1489 ut
1935 1466 2028 1499 patet.
2052 1461 2118 1490 Nec
2141 1469 2223 1499 opus
2248 1467 2301 1495 est,
2318 1460 2474 1490 afferendo

1427 1510 1537 1536 unum,
1549 1501 1654 1531 afferre
1667 1511 1791 1541 semper
1800 1502 1895 1532 aliud.
1906 1503 1996 1533 Unde
2007 1510 2092 1542 patet
2103 1503 2266 1543 responsio
2277 1504 2315 1533 ad
2326 1503 2475 1543 primum.

1481 1545 1532 1575 Ad
1547 1545 1722 1575 secundum
1740 1555 1814 1575 vero
1836 1546 1948 1576 dicitur
1966 1547 2054 1586 quod
2070 1547 2238 1583 obiectum,
2256 1554 2291 1577 ut
2306 1547 2476 1583 obiectum,

1427 1597 1493 1618 non
1516 1587 1590 1618 dicit
1612 1597 1737 1618 causam
1763 1588 1948 1619 effectivam:
1974 1597 2003 1620 et
2026 1597 2190 1629 propterea
2213 1601 2278 1620 non
2294 1590 2478 1631 prohibetur

1426 1631 1504 1672 quin
1528 1631 1698 1671 distinguat
1720 1632 1808 1662 aliter
1827 1642 1925 1674 quam
1944 1633 2090 1664 effective.
2114 1634 2156 1664 Et
2178 1643 2283 1664 revera
2306 1639 2410 1673 potest
2433 1633 2478 1664 di-

1427 1674 1583 1715 stinguere
1616 1685 1680 1705 non
1709 1676 1812 1706 solum
1841 1676 1992 1713 effective,
2018 1677 2072 1707 sed
2100 1676 2287 1713 formaliter,
2312 1677 2480 1708 extrinsece

1427 1726 1542 1749 tamen.
1560 1719 1601 1749 Et
1614 1718 1746 1750 finaliter
1762 1719 1885 1750 habitus
1901 1727 1973 1750 sunt
1989 1721 2026 1751 de
2044 1720 2172 1757 actibus,
2188 1727 2224 1751 ut
2239 1720 2313 1750 alias
2326 1720 2345 1739 *
2359 1719 2479 1751 dictum

1427 1769 1482 1793 est.
1508 1763 1594 1792 Idem
1619 1763 1703 1793 enim
1727 1770 1772 1794 est
1794 1763 1956 1795 iudicium.

1117 1907 1433 1948 ARTICULUS
1462 1907 1688 1948 TERTIUS

678 1999 834 2030 UTRUM
857 1998 1044 2030 HABITUS
1067 1999 1422 2030 DISTINGUANTUR
1445 1999 1680 2031 SECUNDUM
1702 1999 1855 2031 BONUM
1877 2001 1934 2030 ET
1957 2001 2115 2032 MALUM

1083 2075 1115 2101 111
1134 2076 1216 2105 Sent„
1236 2077 1294 2102 dist.
1311 2083 1403 2108 xxxm,
1422 2084 1467 2109 qu.
1484 2084 1508 2107 1,
1527 2082 1573 2102 art.
1591 2072 1611 2108 i,
1630 2078 1677 2110 qu·
1697 2085 1718 2102 1.

387 2356 409 2369 „
467 2332 473 2346 ’
505 2330 621 2360 sunt
653 2322 851 2359 contraria.
891 2323 967 2359 Sed
1004 2321 1107 2358 idem
1140 2321 1290 2359 habitus
1323 2329 1379 2358 est

318 2373 605 2421 contrariorum,
621 2382 663 2411 ut
681 2374 825 2423 supra*=
837 2374 1009 2410 habitum
1025 2381 1091 2411 est.
1112 2375 1214 2422 Ergo
1228 2373 1378 2411 habitus

318 2437 398 2478 non
433 2426 708 2475 distinguuntur
741 2428 953 2464 secundum
981 2427 1127 2464 bonum
1156 2435 1192 2463 et
1220 2427 1376 2464 malurn.

356 2490 409 2527 ;2.
437 2476 680 2526 paramum,
707 2479 858 2516 >bonum
895 2479 1126 2517 convertitur
1154 2492 1242 2516 cum
1271 2487 1376 2517 ente:

321 2530 358 2570 et
383 2530 454 2579 sic,
484 2544 571 2569 cum
600 2531 647 2568 sit
675 2532 1113 2579 commune-omnibus,
1149 2544 1228 2569 non
1254 2539 1380 2580 potest

320 2583 420 2624 sumi
447 2591 488 2620 ut
515 2583 727 2621 differentia
755 2584 910 2621 alicuius
939 2584 1098 2632 speciei;
1123 2592 1164 2620 ut
1186 2591 1290 2632 patet
1310 2596 1380 2632 per

319 2635 597 2684 Philosophum
627 2637 664 2673 in
694 2637 744 2672 IV
767 2637 804 2672 T
799 2637 892 2684 opic.
915 2637 935 2657 ²¹
964 2636 1143 2674 Similiter
1166 2636 1279 2673 etiam
1299 2649 1380 2674 ma-

321 2689 418 2735 lum,
447 2700 535 2725 cum
554 2689 600 2725 sit
618 2688 779 2737 privatio
805 2696 841 2725 et
858 2701 937 2726 non
957 2701 1034 2736 ens,
1055 2701 1134 2727 non
1152 2696 1278 2738 potest
1297 2701 1378 2727 esse

323 2739 479 2779 alicuius
498 2741 592 2778 entis
612 2741 834 2785 differentia.
860 2742 952 2778 Non
972 2753 1061 2789 ergo
1081 2741 1291 2779 secundum
1311 2742 1379 2778 bo-

324 2805 416 2831 num
445 2801 482 2830 et
501 2794 648 2831 malum
674 2801 835 2843 possunt
859 2794 1010 2831 habitus
1038 2794 1162 2842 specie
1192 2794 1377 2841 distingui.

378 2845 412 2882 3.
447 2846 688 2892 Puni-Em,
721 2846 822 2883 eirea
848 2846 951 2883 idem
981 2846 1172 2884 obiectum
1201 2846 1381 2895 contingit

325 2909 407 2934 esse
436 2898 608 2936 diversos
637 2898 787 2936 habitus
814 2899 954 2946 malos,
989 2899 1083 2936 sicut
1114 2899 1211 2936 circa
1241 2911 1382 2936 concu-

325 2949 526 3000 piscentias
557 2951 885 3000 intemperantiam
918 2959 955 2988 et
973 2951 1314 2989 insensibilitatem:
1345 2959 1382 2988 et

325 3002 494 3041 similiter
521 3003 635 3041 etiam
654 3005 782 3052 plures
800 3003 951 3040 habitus
979 3004 1118 3050 bonos,
1144 3004 1283 3041 scilicet
1306 3009 1381 3041 vir-

325 3063 444 3094 tutem
470 3057 682 3104 humanam
711 3064 748 3093 et
774 3056 954 3093 virtutem
981 3056 1175 3093 heroicam
1213 3056 1294 3093 sive
1328 3057 1382 3094 di-

325 3107 467 3154 vinam,
496 3116 536 3145 ut
563 3116 666 3157 patet
688 3121 757 3158 per
779 3109 1055 3157 Philosophum
1084 3109 1122 3146 in
1141 3110 1208 3146 VII
1227 3109 1347 3146 Ethic.
1361 3109 1382 3131 ‘¹‘

326 3161 418 3198 Non
434 3173 523 3209 ergo
543 3161 820 3209 distinguuntur
834 3161 984 3198 habitus
1004 3161 1214 3198 secundum
1234 3162 1380 3201 bonum

327 3221 363 3250 et
391 3215 548 3250 malum.

381 3267 455 3303 SED
485 3278 630 3303 CONTRA
657 3278 723 3303 EST
747 3266 852 3315 quod
870 3266 1020 3303 habitus
1040 3267 1163 3303 bonus
1183 3266 1384 3303 contraria-

326 3326 388 3356 tur
414 3319 557 3356 habitui
581 3319 696 3365 malo,
718 3319 813 3356 sicut
830 3319 949 3356 virtus
967 3318 1072 3355 vitio.
1102 3319 1179 3356 Sed
1199 3319 1384 3355 contraria

327 3379 414 3408 sunt
448 3372 597 3409 diversa
632 3372 843 3409 secundum
880 3371 1058 3420 speciem.
1097 3372 1198 3419 Ergo
1234 3371 1384 3408 habitus

329 3423 507 3461 differunt
539 3424 664 3472 specie
699 3424 910 3461 secundum
943 3423 1195 3461 differentiam
1228 3423 1318 3460 boni
1349 3431 1384 3460 et

327 3476 429 3514 mali.

381 3530 606 3567 Rasponnsso
635 3541 816 3566 DlCENDUM
837 3529 957 3578 quod,
987 3529 1081 3566 sicut
1109 3529 1248 3566 dictum
1278 3536 1332 3565 est
1349 3527 1381 3575 ³¹⁶,

1431 2164 1579 2201 habitus
1598 2164 1722 2213 specie
1743 2164 2017 2212 distinguuntur
2030 2178 2108 2203 non
2127 2167 2252 2203 solum
2271 2168 2482 2205 secundum

1431 2217 1579 2253 obiecta
1607 2225 1644 2253 et
1670 2217 1851 2265 principia
1878 2218 2020 2264 activa,
2049 2218 2116 2255 sed
2144 2218 2257 2255 etiam
2284 2219 2322 2256 in
2350 2220 2481 2257 ordine

1431 2269 1480 2306 ad
1508 2277 1680 2306 naturam
1695 2269 1726 2307 ²⁸.
1757 2270 1873 2316 Quod
1900 2270 2053 2318 quidem
2080 2271 2259 2318 contingit
2276 2272 2482 2320 dupliciter.

1431 2322 1518 2358 Uno
1538 2322 1669 2368 mod0‚
1686 2323 1897 2359 secundum
1913 2323 2216 2360 convenientiam
2231 2323 2280 2360 ad
2296 2331 2481 2372 naturam,

1431 2375 1494 2411 vel
1526 2374 1637 2411 etiam
1671 2375 1883 2412 secundum
1918 2375 2281 2413 disconvenientiam
2309 2377 2357 2413 ab
2391 2377 2483 2426 ipsa.

1432 2428 1481 2464 Et
1507 2427 1582 2463 hoc
1610 2427 1728 2464 modo
1754 2427 2031 2475 distinguuntur
2048 2429 2174 2476 specie
2192 2429 2340 2466 habitus
2360 2430 2485 2467 bonus

1433 2487 1470 2516 et
1502 2481 1645 2516 malus:
1683 2492 1773 2516 nam
1806 2480 1955 2518 habitus
1988 2481 2112 2518 bonus
2145 2481 2279 2517 dicitur
2314 2482 2378 2529 qui
2413 2483 2485 2519 dis-

1432 2532 1540 2579 ponit
1566 2532 1615 2569 ad
1643 2540 1768 2569 actum
1799 2533 2103 2570 convenientem·
2126 2541 2283 2570 naturae
2320 2535 2484 2582 agentis;

1431 2584 1581 2620 habitus
1622 2591 1749 2621 autem
1792 2586 1914 2622 malus
1951 2585 2086 2623 dicitur
2126 2585 2192 2633 qui
2233 2585 2398 2634 disponit
2437 2588 2486 2625 ad

1433 2644 1558 2672 actum
1594 2648 1671 2673 non
1707 2637 1998 2675 convenientem
2031 2645 2199 2675 naturae.
2239 2638 2343 2675 Sicut
2378 2647 2485 2676 actus

1431 2689 1612 2726 virtutum
1640 2697 1796 2727 naturae
1823 2690 2021 2727 humanae·
2043 2690 2285 2738 conveniunt,
2315 2703 2361 2727 eo
2381 2692 2485 2740 quod

1433 2749 1519 2778 sunt
1550 2741 1761 2779 secundum
1791 2742 1997 2780 rationem:
2030 2751 2136 2780 actus
2168 2755 2261 2780 vero
2288 2743 2484 2791 vitiorum,

1434 2806 1521 2831 cum
1550 2794 1623 2830 sint
1651 2802 1780 2832 contra
1800 2795 1996 2842 rationem,
2026 2808 2048 2832 a
2075 2803 2209 2832 natura
2226 2796 2392 2833 humana
2411 2796 2487 2833 dis-

1434 2847 1600 2884 cordam.
1636 2848 1686 2884 Et
1712 2847 1766 2885 sic
1793 2848 2034 2885 manifestum
2063 2856 2118 2885 est
2145 2848 2248 2897 quod
2276 2849 2485 2886 secundum

1434 2899 1684 2936 differentiam
1712 2900 1803 2937 boni
1831 2908 1867 2938 et
1893 2900 2000 2947 mali,
2029 2900 2178 2937 habitus
2204 2901 2331 2950 specie
2360 2901 2486 2938 distin-

1433 2959 1597 3000 guuntur
1609 2953 1639 2989 *ἱ

1486 3004 1574 3040 ΑΙίο
1602 3004 1720 3041 modo
1749 3005 1959 3042 secundum
1988 3011 2162 3042 naturam
2187 3005 2336 3042 habitus
2355 3005 2484 3043 distin—

1434 3063 1614 3104 guuntur,
1644 3069 1688 3093 ex
1717 3068 1764 3094 eo
1793 3058 1898 3104 quod
1929 3058 2078 3095 habitus
2105 3070 2204 3095 unus
2242 3058 2407 3107 disponit
2437 3059 2485 3096 ad

1435 3117 1560 3146 actum
1576 3109 1867 3147 convenientem
1882 3117 2037 3147 naturae
2051 3109 2232 3156 inferiori3
2253 3110 2345 3148 alius
2360 3119 2485 3148 autem

1435 3162 1584 3198 habitus
1612 3161 1776 3210 disponit
1794 3162 1843 3199 ad
1862 3169 1988 3200 actum
2016 3162 2306 3200 convenientem
2333 3171 2486 3200 naturae

1436 3213 1630 3262 superiori.
1659 3215 1710 3251 Et
1728 3213 1782 3251 sic
1799 3214 1918 3251 virtus
1935 3216 2115 3261 humana,
2140 3227 2236 3264 quae
2256 3215 2420 3263 disponit
2437 3216 2486 3253 ad

1436 3274 1564 3303 actum
1591 3266 1882 3303 convenientem
1901 3274 2056 3304 naturae
2075 3268 2277 3314 humanae,
2299 3268 2488 3315 distingui-

1435 3327 1496 3356 tur
1523 3331 1545 3355 a
1574 3318 1702 3355 divina
1733 3319 1870 3356 virtute
1904 3320 1966 3356 vel
1993 3319 2160 3366 heroica,
2197 3332 2295 3368 quae
2324 3320 2488 3369 disponit

1437 3373 1486 3408 ad
1507 3379 1631 3408 actum
1650 3372 1939 3408 convenientem
1956 3372 2107 3409 cuidam
2121 3372 2304 3421 superiori
2318 3380 2485 3410 naturae.

1490 3426 1548 3460 AD
1577 3435 1713 3461 ptumum
1740 3435 1838 3461 ERGO
1866 3436 2049 3462 DtCENDUM
2077 3425 2181 3473 quod
2215 3425 2487 3462 contrariorum

1437 3484 1560 3526 potest
1588 3489 1670 3513 esse
1697 3489 1796 3513 unus
1823 3477 1987 3523 habitus,
2017 3477 2228 3514 secundum
2261 3477 2364 3525 quod
2399 3489 2488 3514 con-

1437 3529 1548 3566 traria
1564 3529 1794 3566 conveniunt
1812 3529 1850 3566 in
1868 3542 1945 3567 una
1964 3529 2117 3566 ratione.
2139 3530 2346 3577 Nunquam
2362 3537 2489 3567 tamen

2505 1730 2514 1739 ·
2529 1728 2565 1750 Cf.
2587 1734 2627 1756 qu.
2645 1734 2713 1756 xux,

2505 1758 2546 1776 art.
2561 1761 2582 1783 3.

2510 2288 2520 2297 '
2534 2286 2561 2308 D.
2577 2286 2628 2315 693.
