2852 4152
340 206 414 240 240

1018 200 1282 247 QUAESTIO
1313 201 1474 248 XXXV,
1502 201 1796 238 ARTICULUS
1827 202 1839 236 I

827 381 1233 457 QUAESTIO
1273 379 2034 455 TmGESIMAQumTA

653 508 742 548 DE
781 508 1080 554 DOLORE,
1126 506 1255 546 SEU
1295 506 1662 554 TRISTITIA,
1707 506 2088 549 SECUNDUM
2127 509 2206 550 SE

1160 621 1194 645 IN
1224 620 1322 645 OCTO
1350 620 1551 646 ARTICULOS
1578 609 1695 645 DIVIS‘A

425 728 532 752 EINDE
571 714 889 752 considerandum
927 721 982 750 est
1020 714 1067 750 de
1101 713 1232 750 dolore
1273 721 1308 750 et
1340 714 1401 750 tri-

344 726 521 807 Dstitia
540 768 569 804 ²¹².
601 770 649 804 Et
677 768 773 804 circa
802 768 892 813 hoc,
922 766 1046 815 primo
1081 766 1400 803 considerandum

342 829 397 858 est
416 822 463 858 de
482 821 635 867 tristitia,
657 833 723 856 seu
744 820 886 866 dolore,
904 819 1115 856 secundum
1135 831 1196 865 se;
1217 820 1400 867 secundo,

202 912 290 927 mm
342 874 389 910 de
424 873 544 910 causis
578 873 656 909 eius
680 872 715 917 *;
744 872 869 919 tertio,
901 873 948 909 de
978 872 1322 921 effectibus·ipsius
1341 872 1400 917 *³⁸3

192 943 207 957 x
341 934 495 975 quarto,
527 926 573 962 de
604 925 780 961 remediis
810 925 889 962 eius
907 925 942 971 *;
974 925 1126 973 quinto,
1158 925 1204 962 de
1235 925 1400 962 bonitate

105 990 113 998 ·
131 989 273 1016 Qu-xxxux-
339 980 401 1015 vel
429 978 570 1015 malitia
599 978 678 1014 eius
700 979 729 1014 *.

341 1031 450 1067 Circa
478 1031 643 1079 primum
673 1037 905 1079 quaeruntur
933 1039 1031 1068 octo.

393 1084 543 1120 Primo:
573 1091 698 1121 utrum
730 1084 839 1121 dolor
867 1084 912 1120 sit
939 1084 1066 1132 passio
1096 1083 1256 1120 animae.

394 1137 589 1173 Secundo:
619 1145 747 1174 utrum
775 1137 918 1174 tristitia
946 1138 991 1174 sit
1019 1137 1121 1174 idem
1148 1136 1254 1184 quod
1278 1137 1397 1172 dolor.

392 1190 544 1226 Tertio:
574 1198 702 1226 utrum
730 1190 885 1237 tristitia,
916 1203 983 1227 seu
1005 1190 1123 1237 dolor,
1145 1189 1190 1226 sit
1214 1189 1399 1225 contraria

446 1243 692 1279 delectationi.

1510 715 1678 760 Quarto:
1699 722 1826 751 utrum
1847 715 1972 752 omnis
1991 716 2135 759 tristitia
2154 717 2260 755 omni
2280 718 2518 755 delectationi

1564 779 1820 816 contrarietur.

1510 846 1675 893 Quinto:
1704 853 1831 882 utrum
1863 845 2101 883 delectationi
2121 849 2451 898 contemplationis
2471 849 2517 886 sit

1562 913 1687 961 aliqua
1715 912 1858 949 tristitia
1887 913 2084 950 contraria.

1510 979 1644 1014 Sexto:
1675 986 1802 1015 utrum
1824 978 1943 1026 magis
1965 978 2142 1026 fugienda
2162 979 2207 1016 sit
2225 979 2379 1029 tristitia,
2400 994 2516 1030 quam

1562 1043 1759 1080 delectatio
1789 1044 2016 1092 appetenda.

1509 1109 1702 1158 Septimo:
1737 1118 1864 1146 utrum
1885 1110 1994 1148 dolor
2014 1110 2174 1148 exterior
2193 1111 2239 1148 sit
2257 1111 2380 1150 maior
2399 1125 2515 1162 quarn

1563 1176 1673 1213 dolor
1700 1175 1866 1213 interior.

1508 1242 1678 1279 Octavo:
1709 1242 1756 1280 de
1786 1242 1984 1291 speciebus
2012 1242 2190 1280 tristitiae.

1148 1351 1464 1393 ARTICULUS
1496 1351 1700 1393 PRIMUS

1035 1443 1192 1474 UTRUM
1215 1441 1365 1474 DoLOR
1388 1443 1453 1474 srr
1477 1430 1622 1474 pAss‘io
1646 1443 1812 1474 ANIMAE

1169 1521 1237 1547 Part.
1257 1521 1296 1552 111,
1316 1529 1361 1553 qu.
1380 1529 1478 1552 Lxxxrv,
1493 1526 1540 1545 art.
1559 1529 1583 1554 9,
1604 1522 1635 1545 ad
1657 1528 1680 1546 2.

422 1623 527 1711 eff<
548 1624 570 1648 D
599 1622 736 1647 PRIMUM
765 1622 817 1647 su:
837 1621 1075 1647 PROCEDlTUR.
1105 1609 1264 1646 Videtur
1291 1609 1397 1657 quod

374 1646 424 1675 a·
454 1653 464 1675 ἰ

354 1722 357 1727 .
384 1636 536 1734 ifssvs.

549 1664 657 1702 dolor
671 1676 750 1700 non
770 1663 815 1699 sit
833 1663 959 1711 passio
979 1663 1140 1699 animae.
1163 1663 1277 1700 Nulla
1298 1662 1396 1699 enim

353 1723 537 1809 ςγενὲἷχ
548 1717 674 1806 Ρειξείῗ
695 1716 845 1776 animae
867 1724 921 1753 est
941 1716 979 1752 in
999 1728 1179 1805 corpgre.t
1192 1716 1268 1775 Sed
1289 1716 1398 1804 chor

575 1782 656 1806 oes
701 1782 781 1806 esse
811 1782 849 1806 in
878 1782 943 1806 cor
973 1781 1058 1806 ore:
1117 1781 1162 1805 ici
1199 1781 1300 1805 enirn
1356 1780 1397 1804 u-

337 1824 522 1872 gustinus,
524 1783 591 1860 li³n
619 1822 713 1859 libro
742 1823 787 1859 de
821 1824 918 1860 Vera
946 1781 1070 1871 {relig
1092 1822 1126 1869 ³³,
1158 1822 1263 1869 quod
1291 1821 1398 1858 dolor

337 1879 402 1926 qui
419 1877 554 1913 dicitur
578 1876 758 1923 corporis,
779 1881 834 1912 est
849 1876 1039 1923 corruptio
1059 1875 1251 1923 repentina
1269 1874 1398 1911 salutis

336 1931 414 1967 eius
443 1930 517 1975 rei,
547 1935 673 1977 quam,
704 1929 803 1965 male
831 1929 980 1974 utendo,
1010 1928 1139 1964 anima
1167 1927 1400 1975 corruptioni

336 1982 564 2020 obnoxiavit.
595 1982 696 2029 Ergo
727 1982 837 2018 dolor
865 1993 942 2018 non
972 1989 1027 2017 est
1054 1981 1181 2030 passio
1211 1980 1372 2017 animae.

390 2048 425 2073 2.
455 2036 687 2082 ΡΒΑΕΤΕΒΕΑ,
710 2034 834 2072 omnis
853 2034 979 2083 passio
1001 2034 1150 2071 animae
1170 2033 1330 2082 pertinet
1349 2033 1398 2070 ad

335 2089 416 2127 vim
445 2088 703 2137 appetitivam.
735 2087 812 2125 Sed
842 2088 952 2124 dolor
975 2100 1053 2124 non
1072 2087 1233 2136 pertinet
1252 2087 1300 2124 ad
1318 2086 1396 2123 vim

336 2142 593 2192 appetitivam,
624 2141 690 2178 sed
720 2141 839 2189 magis
867 2141 915 2178 ad
940 2140 1279 2189 apprehensivam:
1311 2140 1399 2177 dicit

338 2196 438 2233 enim
454 2194 698 2242 Augustinus,
719 2194 756 2230 in
776 2194 872 2230 libro
892 2194 937 2230 de
955 2194 1108 2230 Natura
1127 2194 1229 2230 Boni
1239 2193 1270 2240 ³⁸,
1293 2193 1397 2241 quod

337 2249 503 2286 dolorem
533 2248 569 2284 in
599 2259 758 2295 corpore
773 2247 877 2295 facit
902 2259 1030 2283 sensus
1058 2247 1227 2283 resistens
1247 2247 1400 2294 corpori

330 2301 543 2350 potentiori.
574 2301 676 2347 Ergo
707 2300 816 2336 dolor
843 2312 922 2336 non
951 2307 1006 2336 est
1034 2299 1159 2347 passio
1189 2299 1350 2335 animae.

393 2356 426 2391 3.
447 2355 680 2399 PRAETEREA,
702 2353 825 2389 omnis
844 2352 971 2401 passio
992 2352 1142 2389 animae
1167 2351 1329 2401 pertinet
1348 2352 1396 2388 ad

337 2407 544 2456 appetitum
573 2406 790 2443 animalem.
821 2405 898 2442 Sed
928 2405 1037 2442 dolor
1064 2417 1142 2442 non
1167 2404 1329 2454 pertinet
1348 2404 1397 2441 ad

337 2460 543 2509 appetitum
563 2456 780 2505 animalem,
810 2458 877 2495 sed
896 2458 1015 2505 magis
1035 2458 1083 2495 ad
1103 2457 1310 2506 appetitum
1332 2469 1396 2493 na-

335 2514 517 2550 turalem:
547 2512 634 2549 dicit
663 2511 763 2548 enirn
783 2511 1027 2559 Augustinus,
1055 2511 1142 2548 VIII
1168 2522 1280 2559 super
1302 2511 1394 2547 Gen.

97 2574 107 2583 ·
123 2573 179 2601 Cap·
193 2579 240 2594 xw-
336 2567 387 2603 ad
412 2567 475 2603 litt.
494 2567 531 2602 *ε
561 2565 650 2602 Nisi
675 2565 827 2612 aliquod
854 2565 993 2600 honum
1013 2564 1251 2600 remansisset
1272 2564 1308 2599 in
1330 2575 1396 2600 na-

336 2625 442 2665 tura,
472 2618 607 2656 nullius
645 2618 733 2655 boni
768 2617 898 2654 amissi
930 2622 1023 2653 esset
1056 2616 1164 2653 dolor
1196 2617 1232 2653 in
1258 2628 1393 2664 poena.

337 2673 438 2720 Ergo
469 2672 578 2709 dolor
606 2683 684 2708 non
713 2677 768 2707 est
796 2670 922 2718 passio
952 2669 1115 2707 animae.

391 2726 464 2762 SED
493 2736 639 2761 CONTRA
666 2735 732 2760 EST
752 2723 857 2772 quod
876 2722 1121 2770 Augustinus,
1143 2722 1232 2759 XIV
1247 2722 1292 2758 de
1315 2721 1394 2758 Civ.

96 2789 107 2800 ·
122 2788 207 2816 Cap-v
336 2779 411 2815 Dei
427 2778 457 2824 ²¹⁶,
487 2778 595 2827 ponit
623 2777 796 2814 dolorem
825 2776 920 2813 inter
942 2775 1138 2824 passiones
1159 2774 1321 2820 animae,
1341 2774 1396 2811 in-

100 2840 260 2862 'Aenedlb
269 2840 309 2868 V1
338 2831 479 2868 ducens
512 2830 603 2867 illud
635 2830 777 2878 Virgilii
800 2829 838 2865 *ε
868 2829 974 2866 Hinc
1001 2833 1188 2875 metuunt,
1222 2827 1393 2875 cupiunt,

97 2873 127 2888 v
140 2873 219 2896 ⁸⁷³3'
335 2885 573 2934 gaudentque
600 2883 805 2931 dolentque.

390 2938 614 2974 REsponnEo
643 2947 826 2973 DiCENDUM
854 2934 970 2983 quod,
991 2934 1087 2970 sicut
1114 2933 1163 2970 ad
1184 2932 1397 2970 delectatio-

337 3002 427 3026 nem
457 2990 533 3026 duo
562 2990 814 3036 requiruntur,
836 2988 974 3024 scilicet
1002 2986 1217 3023 coniunctio
1238 2985 1340 3032 boni,
1363 2992 1398 3021 et

337 3043 529 3091 perceptio
558 3042 778 3079 huiusmodi
807 3040 1101 3084 coniunctionis;
1130 3039 1180 3076 ita
1209 3039 1322 3075 etiam
1347 3038 1395 3074 ad

338 3095 511 3132 dolorem
541 3095 617 3131 duo
638 3095 894 3143 requiruntur:
925 3093 1063 3130 scilicet
1090 3091 1303 3129 coniunctio
1333 3091 1397 3128 ali-

338 3148 443 3184 cuius
459 3148 546 3184 mali
563 3148 679 3195 (quod
697 3161 741 3184 ea
761 3147 904 3184 ratione
925 3154 979 3183 est
999 3146 1155 3192 malum,
1173 3144 1261 3193 quia
1276 3144 1399 3193 privat

337 3201 490 3249 aliquod
517 3202 696 3246 bonum);
727 3207 762 3236 et
782 3199 973 3249 perceptio
998 3198 1217 3235 huiusmodi
1242 3196 1398 3234 coniun-

338 3254 482 3291 ctionis.
513 3253 708 3301 Quidquid
737 3261 865 3289 autem
896 3252 1142 3300 coniungitur,
1168 3251 1198 3287 si
1227 3262 1304 3287 non
1331 3250 1397 3286 ha-

338 3307 436 3353 beat,
458 3314 631 3355 respectu
651 3306 730 3342 eius
751 3306 809 3342 cui
831 3305 1079 3352 coniungitur,
1101 3304 1287 3341 rationem
1306 3302 1397 3339 boni

336 3360 398 3396 vel
427 3359 533 3406 mali,
563 3372 641 3396 non
668 3366 792 3407 potest
828 3370 983 3394 causare
1019 3356 1307 3394 delectationem
1336 3356 1397 3391 vel

339 3412 523 3449 dolorem.
555 3413 612 3449 Ex
641 3424 717 3461 quo
745 3418 847 3460 patet
870 3411 974 3458 quod
1003 3410 1144 3458 aliquid
1163 3410 1233 3446 sub
1254 3408 1397 3445 ratione

97 1833 106 1841 ¹
123 1830 179 1859 Cap.
193 1837 232 1853 ιιι.

98 2204 106 2212 ”
122 2203 179 2231 Cap.
194 2209 232 2225 xx.

393 3525 420 3559 α)
440 3529 547 3550 natura.
565 3539 583 3544 -
602 3525 663 3550 Om.
681 3524 926 3557 ABCEFGHILpD.

1450 1610 1542 1647 boni
1568 1610 1631 1646 vel
1660 1609 1771 1657 mali,
1802 1615 1858 1645 est
1886 1608 2079 1645 obiectum
2098 1608 2359 1646 delectationis
2384 1617 2420 1646 et
2448 1609 2516 1646 do-

1449 1663 1549 1699 loris.
1579 1663 1733 1698 Bonum
1752 1668 1880 1698 autem
1902 1668 1939 1697 et
1963 1662 2120 1709 malum,
2141 1660 2366 1709 inquantum
2386 1661 2514 1699 huius-

1450 1715 1576 1762 modi,
1606 1722 1693 1751 sunt
1725 1714 1874 1753 obiecta
1902 1714 2100 1762 appetitus.
2137 1713 2247 1751 Unde
2275 1721 2379 1763 patet
2407 1714 2514 1763 quod

1450 1767 1646 1805 delectatio
1677 1774 1713 1803 et
1740 1767 1849 1805 dolor
1877 1766 1925 1804 ad
1954 1766 2163 1816 appetitum
2191 1767 2391 1816 pertinent.

1504 1820 1641 1857 Omnis
1654 1820 1791 1857 'autem
1811 1826 1937 1856 motus
1957 1819 2197 1868 appetitivum,
2218 1832 2287 1858 seu
2306 1819 2511 1869 inclinatio,

1451 1886 1690 1922 consequens
1701 1873 2059 1922 apprehensionem,
2071 1873 2232 1922 pertinet
2241 1873 2290 1910 ad
2304 1872 2514 1922 appetitum

1450 1926 1721 1970 intellectivum
1738 1927 1801 1963 vel
1822 1925 2061 1963 sensitivum:
2083 1938 2172 1963 nam
2187 1925 2378 1963 inclinatio
2394 1938 2510 1976 appe-

1450 1981 1536 2017 titus
1569 1979 1746 2016 naturalis
1780 1991 1858 2016 non
1893 1978 2137 2028 consequitur
2168 1978 2511 2028 apprehensionem

1450 2033 1567 2083 ipsius
1582 2031 1804 2082 appetentis,
1821 2032 1888 2069 sed
1904 2031 2067 2080 alterius,
2082 2039 2125 2069 ut
2137 2031 2176 2068 in
2190 2030 2352 2069 Primo*
2367 2030 2509 2070 dictum
2537 2035 2754 2091 issfflff‘alffifff

1451 2094 1517 2124 est.
1541 2087 1640 2124 Cum
1659 2085 1768 2134 igitur
1789 2085 1986 2122 delectatio
2013 2093 2049 2122 et
2068 2085 2178 2122 dolor
2195 2091 2511 2134 praesupponant
2537 2078 2598 2117 ¹2³3
2639 2078 2646 2085 ’
2693 2079 2700 2090 ’
2741 2079 2749 2086 ’

1449 2140 1488 2177 in
1518 2139 1655 2177 eodem
1685 2138 1855 2176 subiecto
1884 2150 2041 2175 sensum
2072 2139 2135 2175 vel
2164 2136 2509 2186 apprehensionem

1450 2193 1629 2241 aliquam,
1659 2192 1902 2228 manifestum
1928 2198 1983 2228 est
2007 2192 2112 2240 quod
2133 2191 2253 2238 dolor,
2274 2191 2368 2228 sicut
2389 2199 2424 2228 et
2445 2191 2509 2228 de-

1449 2246 1611 2292 lectatio,
1634 2253 1688 2282 est
1707 2244 1745 2281 in
1764 2244 1932 2292 appetitu
1951 2244 2180 2281 intellectivo
2200 2244 2262 2281 vel
2281 2244 2461 2281 sensitivo
2477 2243 2507 2280 ³⁶.

1504 2298 1641 2335 Omnis
1670 2304 1799 2334 autem
1828 2304 1954 2333 motus
1983 2297 2170 2345 appetitus
2189 2296 2356 2334 sensitivi
2377 2296 2511 2333 dicitur

1448 2351 1597 2399 passio,
1626 2358 1667 2387 ut
1699 2361 1812 2397 supra
1837 2349 1857 2370 ’¹‘
1885 2349 2027 2386 dictum
2058 2356 2132 2385 est:
2163 2357 2199 2385 et
2226 2349 2429 2397 praecipue
2460 2348 2510 2385 illi

1450 2404 1514 2452 qui
1543 2403 1580 2440 in
1609 2404 1799 2441 defectum
1829 2409 1976 2438 sonant.
2006 2402 2117 2439 Unde
2147 2402 2266 2448 dolor,
2297 2403 2509 2439 secundum

1449 2457 1555 2505 quod
1585 2464 1639 2493 est
1667 2456 1705 2493 in
1735 2455 1904 2503 appetitu
1932 2454 2130 2501 sensitivo,
2159 2454 2417 2503 propriissime
2456 2454 2510 2491 di-

1450 2510 1543 2546 citur
1570 2509 1697 2558 passio
1731 2508 1902 2544 animae:
1933 2507 2028 2544 sicut
2059 2507 2255 2544 molestiae
2293 2507 2509 2556 corporales

1448 2562 1599 2621 proprie
1619 2561 1815 2610 passiones
1836 2560 2005 2608 corporis
2031 2559 2215 2596 dicuntur.
2245 2559 2356 2597 Unde
2377 2566 2413 2596 et
2432 2561 2510 2596 Au-

1448 2615 1633 2663 gustinus,
1663 2614 1751 2650 XIV
1778 2613 1823 2650 de
1851 2613 1930 2649 Ciu.
1951 2613 2025 2649 Dei
2041 2612 2072 2659 ²¹⁶,
2102 2612 2274 2649 dolorem
2303 2612 2546 2660 specialiter

1448 2668 1723 2718 aegritudinem
1752 2666 1936 2702 nominat.

1502 2723 1560 2758 AD
1577 2732 1713 2757 PRIMUM
1729 2731 1827 2756 ERGO
1843 2730 2027 2755 morannum
2037 2717 2142 2766 quod
2157 2717 2266 2755 dolor
2278 2716 2412 2754 dicitur
2428 2728 2510 2753 esse

1449 2773 1631 2822 corporis,
1661 2772 1750 2820 quia
1779 2784 1893 2808 causa
1921 2771 2062 2808 doloris
2083 2778 2137 2807 est
2160 2770 2199 2807 in
2220 2782 2396 2829 corpore:
2417 2776 2509 2818 puta

1450 2839 1537 2863 cum
1558 2826 1722 2874 patimur
1742 2825 1895 2872 aliquod
1915 2824 2098 2861 nocivum
2114 2823 2275 2871 corpori.
2293 2823 2368 2860 Sed
2385 2829 2511 2859 motus

1449 2879 1591 2916 doloris
1611 2890 1762 2938 semper
1783 2885 1838 2914 est
1861 2877 1899 2914 in
1919 2877 2062 2914 anima:
2083 2888 2174 2913 nam
2194 2887 2330 2924 corpus
2350 2887 2424 2912 non
2443 2886 2510 2923 po-

1449 2938 1517 2969 test
1529 2931 1655 2968 dolere
1670 2931 1742 2967 nisi
1754 2931 1898 2967 dolente
1916 2930 2056 2975 anima,
2073 2937 2114 2966 ut
2129 2928 2362 2976 Augustinus
2378 2927 2507 2965 dicit.
2476 2927 2496 2949 *
2537 2930 2689 2985 ὶῶτῌῆ
2686 2931 2750 2979 3322

1502 2986 1561 3021 An
1590 2996 1779 3021 SECUNDUM
1799 2995 1982 3020 morannum
2004 2982 2109 3031 quod
2129 2982 2239 3018 dolor
2266 2981 2400 3018 dicitur
2428 2992 2510 3018 esse
2536 2992 2560 3011 4·

1451 3050 1595 3097 sensus,
1620 3049 1699 3074 non
1727 3036 1818 3084 quia
1846 3036 1891 3072 sit
1905 3043 2010 3072 actus
2030 3034 2229 3072 sensitivae
2249 3033 2417 3071 virtutis:
2442 3032 2510 3070 sed

1451 3090 1538 3139 quia
1567 3089 1767 3137 requiritur
1794 3089 1842 3126 ad
1873 3089 2047 3126 dolorem
2076 3087 2327 3136 corporalem,
2348 3087 2444 3124 sicut
2461 3086 2511 3123 ad

1451 3142 1752 3180 delectationem.

1503 3198 1562 3232 An
1590 3207 1749 3232 TERTmM
1777 3205 1960 3231 DICENDUM
1984 3193 2089 3241 quod
2110 3193 2219 3230 dolor
2238 3193 2286 3230 de
2306 3191 2509 3229 amissione

1450 3249 1541 3286 boni
1562 3249 1796 3286 demonstrat
1815 3246 2023 3284 bonitatem
2043 3253 2212 3293 naturae,
2234 3258 2311 3282 non
2335 3244 2424 3294 quia
2442 3244 2508 3281 do-

1450 3302 1508 3338 lor
1527 3301 1572 3338 sit
1591 3309 1695 3338 actus
1715 3299 1894 3337 naturalis
1914 3299 2116 3348 appetitus:
2138 3298 2205 3336 sed
2230 3298 2319 3348 quia
2338 3304 2471 3334 natura
2491 3301 2508 3317 α

1452 3354 1592 3414 aliquid
1607 3353 1749 3403 appetit
1762 3360 1803 3389 ut
1818 3353 1977 3399 bonum,
1995 3351 2100 3411 quod
2115 3364 2203 3388 cum
2219 3347 2409 3388 removeri
2425 3360 2510 3385 sen-

1451 3407 1550 3455 titur,
1571 3407 1741 3455 sequitur
1759 3405 1901 3442 doloris
1921 3405 2047 3453 passio
2069 3405 2106 3441 in
2126 3403 2295 3453 appetitu
2314 3400 2507 3439 sensitivo.

2537 2242 2547 2252 ·
2560 2241 2590 2264 D.
2603 2247 2653 2271 53⁰·

2535 2350 2591 2399 :CR
2567 2356 2698 2406 ymni?
2705 2353 2751 2372 nrt.

2535 2383 2580 2431 x'x,³
2587 2393 2632 2425 ⁷art.
2647 2383 2752 2431 r‚=dq1u⁷

2535 2643 2640 2696 (nqiffiado
2654 2632 2748 2666 cicero-

2562 2617 2684 2648 Cnme
2705 2622 2750 2638 vm
2790 2636 2800 2642 ,
