2852 4152
103 435 112 444 “
128 434 178 455 Art.
194 439 209 460 ι,
224 439 244 454 z.

107 696 114 705 ·
137 695 184 723 Qu.
204 702 259 722 xvu,
275 699 316 717 art.

105 729 127 748 4.

108 797 183 845 'sciis
192 797 294 845 {¹233}
305 808 316 813 “

106 2901 116 2909 ”
129 2900 180 2920 Art.
196 2904 221 2927 3„

109 3426 117 3433 '
142 3423 193 3447 Lib.
214 3423 244 3450 11,
264 3422 319 3453 dist.

107 3455 227 3503 {trehit
248 3455 318 3476 ''nm‘’

346 187 415 223 158

345 274 400 304 est
428 277 472 304 ex
500 265 588 313 fine,
620 275 674 304 est
702 268 793 305 alia:
824 268 874 304 ita
902 275 1029 305 tamen
1057 268 1161 317 quod
1191 275 1225 303 et
1253 266 1402 302 bonitas

343 320 429 357 finis
451 330 495 357 ex
522 321 717 358 voluntate
737 320 924 357 redundat
943 321 980 357 in
1001 328 1126 357 actum
1156 318 1379 356 exteriorem
1393 346 1402 364 ,

346 381 381 410 et
399 373 548 410 bonitas
569 373 748 410 materiae
778 381 814 410 et
834 372 1197 410 circumstantiarum
1219 369 1405 407 redundat

344 425 381 463 in
402 434 527 463 actum
556 426 771 473 voluntatis,
794 426 888 462 sicut
914 426 990 462 iam
1009 425 1029 446 ’¹‘
1058 425 1199 461 dictum
1230 430 1295 459 est.

397 481 455 516 AD
475 491 611 516 PRIMUM
638 490 734 515 ERGO
762 490 945 515 DICENDUM
974 477 1079 525 quod
1107 475 1200 512 ratio
1230 475 1291 511 illa
1318 486 1404 523 pro-

344 532 408 568 bat
443 531 546 580 quod
575 539 680 568 actus
708 531 860 567 interior
895 538 931 566 et
960 529 1119 565 exterior
1152 535 1238 564 sunt
1267 526 1405 564 diversi

345 584 557 621 secundum
586 596 704 631 genus
733 591 899 620 naturae.
936 581 1013 618 Sed
1040 588 1170 618 tamen
1198 591 1243 616 ex
1271 580 1324 616 eis
1353 579 1405 615 sic

346 636 503 674 diversis
537 636 774 673 constituitur
807 647 927 671 unum
956 634 995 670 in
1027 645 1164 681 genere
1197 632 1335 680 moris,
1364 639 1407 669 ut

346 702 460 739 supra
478 689 498 710 '¹‘
527 689 668 726 dictum
698 696 763 725 est.

398 744 457 778 AD
481 753 670 778 SECUNDUM
691 751 873 777 DlCENDUM
894 738 1011 787 quod,
1031 738 1126 775 sicut
1146 738 1278 775 dicitur
1296 738 1334 774 in
1353 737 1404 773 VI

344 795 463 832 Ethic.
479 794 510 840 ²¹⁸,
527 794 682 830 virtutes
698 793 861 829 morales
881 791 1102 828 ordinantur
1121 791 1168 828 ad
1183 791 1286 840 ipsos
1301 797 1406 827 actus

344 847 539 892 virtutum,
565 846 629 894 qui
658 853 744 882 sunt
771 844 880 893 quasi
899 844 1012 889 fines3
1041 843 1242 892 prudentia
1266 850 1405 890 autem,

345 912 442 949 quae
473 906 527 936 est
554 898 592 934 in
622 898 779 944 ratione,
809 897 858 934 ad
886 909 931 933 ea
960 909 1058 946 quae
1087 904 1174 934 sunt
1197 896 1246 933 ad
1274 897 1404 933 finem.

345 953 394 988 Et
407 958 564 1000 propter
582 952 657 987 hoc
677 951 917 998 requiruntur
941 950 1113 987 diversae
1132 949 1300 986 virtutes.
1332 948 1408 985 Sed

346 1005 438 1041 ratio
470 1012 569 1040 recta
590 1003 637 1040 de
661 1003 744 1052 ipso
763 1004 841 1040 fine
859 1003 1043 1039 virtutum
1063 1014 1142 1039 non
1161 1003 1276 1038 habet
1295 1001 1407 1037 aliam

345 1057 554 1094 bonitatem
593 1068 717 1104 quam,
748 1056 957 1093 bonitatem
994 1055 1161 1100 virtutis,
1196 1053 1407 1090 secundum

1039 189 1304 236 QUAESTIO
1334 189 1421 235 XX,
1451 187 1746 224 ARTICULUS
1776 187 1825 222 III

1457 266 1562 314 quod
1591 265 1739 302 bonitas
1768 263 1922 301 rationis
1943 265 2184 315 participatur
2202 264 2240 300 in
2260 263 2424 312 qualibet
2442 263 2516 300 vir-

1458 325 1546 354 tute.

1510 371 1569 406 An
1589 381 1748 406 TERTIUM
1775 381 1959 407 D1CENDUM
1987 370 2104 419 quod,
2125 369 2278 419 quando
2308 368 2446 417 aliquid
2470 380 2515 405 ex

1458 434 1536 458 uno
1566 422 1758 458 derivatur
1785 421 1823 458 in
1851 423 2010 460 alterum
2037 423 2132 460 sicut
2160 435 2205 460 ex
2239 434 2352 458 causa
2381 429 2515 469 agente

1458 474 1635 520 univoca,
1655 481 1745 510 tunc
1765 474 1866 512 aliud
1886 483 1941 512 est
1959 476 2064 524 quod
2083 484 2139 513 est
2156 476 2195 512 in
2213 482 2396 523 utroque:
2421 473 2517 510 sicut

1460 539 1547 563 cum
1577 526 1739 563 calidum
1769 528 1945 575 calefacit,
1966 528 2060 565 alius
2078 540 2240 565 numero
2262 535 2316 564 est
2335 527 2437 563 calor
2457 538 2517 562 ca-

1458 578 1680 626 lefacientis,
1711 587 1746 615 et
1775 580 1877 617 calor
1910 581 2096 628 calefacti,
2129 581 2215 618 licet
2241 580 2345 617 idem
2378 578 2516 628 specie.

1461 631 1536 669 Sed
1565 632 1719 679 quando
1749 632 1889 680 aliquid
1910 633 2100 671 derivatur
2127 634 2174 671 ab
2203 645 2280 670 uno
2300 633 2339 670 in
2358 633 2518 669 alterum

1460 684 1671 722 secundum
1700 685 1912 732 analogiam
1940 686 2003 722 vel
2029 686 2330 734 proportionem,
2355 693 2444 722 tunc
2464 692 2519 721 est

1459 745 1605 774 tantum
1623 749 1744 774 unum
1763 750 1925 774 numero
1942 738 1981 774 ἐ
2010 738 2106 775 sicut
2124 751 2146 775 a
2165 751 2260 775 sano
2279 738 2386 786 quod
2406 745 2460 775 est
2479 737 2517 774 in

1461 802 1620 839 corpore
1641 789 1824 836 animalis,
1855 789 2046 826 derivatur
2064 802 2199 828 sanum
2220 791 2269 828 ad
2288 790 2517 828 medicinam

1462 850 1498 880 et
1511 843 1676 889 urinam;
1697 855 1767 879 nec
1787 842 1858 879 alia
1878 842 2015 879 sanitas
2032 850 2086 879 est
2100 842 2310 880 medicinae
2326 851 2363 880 et
2376 843 2517 891 urinae,

1461 908 1577 944 quarn
1607 895 1745 932 sanitas
1773 895 1961 942 animalis,
1992 907 2107 943 quam
2133 895 2321 942 medicina
2349 896 2452 943 facit,
2483 903 2519 932 et

1460 948 1567 985 urina
1587 948 1780 996 significat.
1802 949 1850 985 Et
1869 949 1943 985 hoc
1963 947 2081 984 modo
2098 959 2120 985 a
2135 947 2298 985 bonitate
2315 948 2520 986 voluntatis

1463 1000 1655 1037 derivatur
1679 1001 1827 1037 bonitas
1856 1008 1960 1037 actus
1990 999 2193 1046 exterioris,
2218 1007 2256 1037 et
2274 1013 2295 1037 e
2319 1013 2518 1048 converSO,

1462 1053 1600 1089 scilicet
1628 1053 1838 1090 secundum
1868 1053 2041 1090 ordinem
2069 1052 2180 1090 unius
2209 1053 2257 1090 ad
2285 1054 2452 1090 alterum.

988 1169 991 1171 .
1025 1140 1355 1172 Commentaria
1378 1137 1627 1171 Cardinalis
1649 1138 1847 1172 Caietani

376 1234 396 1253 N
411 1223 503 1254 titulo
521 1221 641 1252 articuli
657 1221 738 1251 tertii
754 1220 895 1250 eiusdem
908 1218 1076 1258 vigesimae
1091 1217 1294 1258 quaestioniS,
1311 1227 1406 1258 quae-

349 1235 437 1298 Istio
462 1274 508 1297 est
531 1266 569 1296 de
591 1265 751 1295 identitate
776 1263 947 1300 numerali,
972 1269 1030 1293 etc.

402 1311 437 1341 In
461 1319 592 1349 corpore
616 1308 756 1339 eiusdem
780 1306 916 1342 articuli,
939 1307 1063 1336 adverte
1088 1306 1163 1336 duo.
1183 1306 1327 1336 Primum
1350 1312 1404 1341 est,

347 1355 435 1396 quod
448 1353 612 1393 dupliciter
633 1352 738 1392 aliqua
754 1350 924 1381 accidentia
936 1349 1173 1390 distinguuntur
1187 1358 1336 1380 numero:
1350 1349 1406 1380 sei-

345 1399 417 1429 licet
426 1398 475 1428 vel
486 1403 613 1437 propter
626 1395 881 1426 numerationem
897 1394 1037 1430 subiecti,
1054 1401 1089 1424 ut
1103 1394 1215 1424 albedo
1231 1394 1265 1424 in
1281 1394 1407 1424 Socrate

347 1450 376 1473 et
398 1442 545 1476 Platone;
570 1440 620 1470 veI
642 1446 772 1480 propter
795 1438 1049 1469 numerationem
1068 1437 1228 1473 essentiae,
1244 1444 1280 1468 ut
1295 1438 1407 1467 albedo

347 1493 376 1516 et
399 1485 534 1516 dulcedo
557 1484 590 1514 in
614 1484 728 1514 eodem
744 1493 856 1523 pomo.
881 1482 921 1512 Et
936 1489 1103 1522 propterea
1116 1482 1226 1517 littera,
1242 1481 1407 1511 intendens

346 1529 435 1570 quod
458 1535 591 1569 utraque
607 1527 731 1558 bonitas
755 1533 801 1557 est
823 1526 918 1562 intus,
934 1533 964 1556 et
980 1533 1113 1566 utraque
1130 1532 1222 1561 extra,
1239 1532 1270 1555 et
1285 1534 1407 1564 ponens

346 1573 435 1614 quod
458 1579 591 1612 uterque
614 1578 701 1602 actus
726 1578 772 1601 est
794 1581 878 1601 unus
902 1577 989 1600 actus
1012 1570 1044 1599 in
1068 1579 1180 1608 genere
1203 1569 1316 1604 moris,
1340 1568 1409 1598 vult

347 1617 436 1658 quod
451 1616 645 1657 quandoque
669 1615 707 1645 sit
727 1624 789 1645 una
804 1613 1028 1644 numerositate
1045 1612 1175 1643 subiecti
1191 1619 1222 1642 et
1240 1612 1407 1648 essentiae;

346 1661 540 1702 quandoque
560 1660 640 1690 duae
656 1658 880 1689 numerositate
897 1657 1057 1692 essentiae,
1077 1666 1143 1686 non
1160 1655 1309 1692 subiecti,
1334 1656 1409 1696 quia

347 1713 479 1746 uterque
504 1711 591 1735 actus
619 1710 665 1734 est
688 1712 790 1733 unum
813 1701 991 1731 subiectum
1019 1710 1164 1731 numero·
1184 1718 1205 1723 —
1225 1701 1408 1731 Secundum

348 1756 403 1786 est,
429 1749 518 1790 quod
541 1748 613 1778 hinc
637 1755 793 1787 expresse,
818 1752 853 1775 ut
876 1745 1040 1785 responsio
1065 1745 1103 1774 ad
1127 1744 1254 1775 tertium
1278 1744 1408 1774 manife-

347 1800 423 1829 stat,
447 1793 542 1822 habes
566 1791 655 1832 quod
678 1789 828 1820 derivatio
848 1789 996 1819 bonitatis
1015 1789 1066 1819 vel
1083 1788 1220 1820 malitiae
1236 1799 1272 1819 ex
1288 1795 1359 1819 actu
1375 1789 1408 1819 in

348 1844 463 1873 actum,
489 1846 554 1865 non
579 1842 625 1865 est
647 1833 798 1870 formalis,
823 1833 878 1863 sed
902 1832 1136 1863 denominativa
1158 1839 1292 1864 tantum.

406 1881 444 1911 II.
468 1880 529 1910 Sed
553 1886 627 1909 sunt
649 1878 699 1909 hic
723 1878 814 1918 plura
837 1877 1033 1907 dubitatione
1061 1877 1165 1916 digna.
1190 1877 1333 1907 Primum
1352 1883 1408 1908 est.

348 1925 380 1956 Si
400 1931 488 1955 actus
507 1922 640 1954 exterior
655 1929 686 1953 et
698 1921 828 1952 interior
843 1928 916 1951 sunt
932 1931 1015 1951 unus
1032 1927 1129 1957 actus,
1143 1927 1173 1951 et
1188 1931 1291 1951 unum
1307 1921 1409 1951 subie-

347 1975 435 1999 ctum
458 1977 592 1998 numero
615 1966 648 1996 in
667 1975 779 2006 genere
803 1965 912 2001 moris,
933 1974 1089 2005 quorsum
1108 1971 1194 1996 tanta
1209 1965 1353 2006 quaestio
1370 1966 1409 1996 de

347 2012 523 2053 prioritate,
549 2010 757 2050 dependentia
787 2016 817 2040 et
845 2009 1024 2039 causalitate
1048 2009 1196 2040 bonitatis
1220 2016 1250 2040 et
1273 2009 1409 2040 malitiae

347 2056 476 2087 moralis
499 2055 594 2086 unius
610 2055 648 2084 ab
666 2051 782 2085 altero?
802 2053 888 2083 Haec
905 2053 1000 2090 enim,
1018 2063 1092 2083 cum
1109 2053 1319 2084 diversitatem
1334 2064 1409 2094 sup-

346 2106 481 2141 ponant,
506 2109 562 2140 per
585 2098 728 2129 accidens
752 2098 792 2127 ad
815 2097 969 2127 moralem
999 2097 1176 2127 doctrinam
1204 2104 1342 2138 spectare
1366 2098 1409 2128 vi—

349 2145 471 2174 dentur.

402 2187 586 2218 Secundum
609 2192 664 2222 est,
688 2185 763 2226 quia
785 2186 907 2215 Auctor
931 2184 1105 2214 diminutus
1124 2184 1256 2216 videtur.
1280 2185 1409 2216 Bonitas

347 2231 432 2262 enim
462 2237 550 2261 actus
583 2229 741 2260 exterioris
777 2227 939 2267 tripliciter
974 2238 1006 2258 se
1038 2228 1131 2259 habet
1164 2229 1203 2258 ad
1234 2229 1409 2260 bonitatem

347 2282 435 2306 actus
457 2273 628 2304 interioris:
652 2273 767 2313 primo,
792 2278 827 2302 ut
845 2272 963 2302 habens
986 2271 1119 2302 omnino
1136 2272 1269 2302 eandem
1288 2273 1410 2304 bonita-

348 2326 429 2355 tem,
454 2325 490 2349 ut
512 2317 602 2358 potio
627 2326 747 2353 amara;
777 2317 934 2352 secundo,
960 2322 995 2346 ut
1017 2316 1135 2346 habens
1159 2317 1292 2347 omnino
1316 2317 1410 2347 aliam

348 2363 524 2393 secundum
548 2371 590 2397 se,
610 2368 644 2392 ut
665 2361 745 2391 bene
760 2361 880 2400 epulari
903 2366 1032 2400 propter
1051 2359 1231 2396 sanitatem;
1257 2361 1357 2397 tertio,
1375 2368 1411 2392 ut

347 2407 465 2437 habens
489 2416 526 2436 ex
549 2415 595 2441 se,
621 2412 651 2435 et
673 2415 739 2435 non
764 2415 800 2435 ex
823 2404 884 2436 alio
907 2403 986 2439 fine,
1011 2409 1047 2433 ut
1070 2413 1143 2434 cum
1167 2411 1253 2434 actus
1277 2405 1410 2435 exterior

347 2456 476 2491 propter
499 2459 531 2479 se
558 2455 604 2479 est
626 2448 759 2485 volitus,
785 2457 862 2490 puta
886 2447 1111 2487 contemplatio
1135 2447 1185 2477 vel
1208 2448 1408 2479 adulterium.

348 2494 408 2525 Hic
433 2493 518 2523 enim
540 2493 649 2523 tertius
672 2493 789 2523 modus
812 2494 845 2524 in
867 2492 969 2522 littera
992 2501 1058 2521 non
1081 2491 1228 2531 ponitur:
1250 2499 1280 2522 et
1303 2499 1410 2523 tamen

347 2537 620 2579 frequentissimus
635 2543 690 2573 est,
708 2537 787 2567 dum
802 2537 952 2567 volumus
971 2542 1058 2566 actus
1077 2535 1232 2566 virtutum
1252 2536 1302 2566 vel
1317 2537 1409 2568 vitio-

347 2592 420 2613 rum
444 2591 509 2611 non
532 2587 661 2621 propter
683 2580 783 2611 alium
804 2581 912 2611 finem.

404 2625 550 2655 Tertium
573 2631 628 2661 est,
652 2625 726 2665 quia
749 2624 926 2656 voluntaria
949 2623 1072 2653 videtur
1096 2623 1237 2653 doctrina
1261 2625 1408 2655 Auctoris

348 2670 455 2710 quoad
474 2669 546 2705 hoc,
571 2669 659 2709 quod
683 2669 833 2700 derivatio
857 2667 1006 2699 bonitatis
1029 2667 1078 2697 vel
1101 2667 1237 2698 malitiae
1261 2674 1347 2699 actus
1371 2669 1409 2699 ab

348 2720 419 2744 actu
442 2723 509 2743 non
532 2719 579 2743 est
602 2713 777 2743 secundum
801 2711 951 2747 formam,
977 2718 1012 2742 ut
1035 2711 1173 2742 calidum
1193 2711 1350 2743 derivatur
1375 2723 1411 2743 ex

349 2757 467 2794 calido;
493 2757 547 2786 sed
571 2756 747 2787 secundum
767 2755 1069 2792 denominationem,
1086 2762 1122 2786 ut
1136 2765 1249 2786 sanum
1266 2756 1411 2787 denomi-

350 2808 442 2832 natur
464 2800 496 2830 in
520 2800 587 2830 aliis
611 2811 629 2830 a
653 2811 730 2831 sano
754 2801 786 2830 in
810 2800 949 2831 animali.

402 2846 561 2883 Quartum
589 2851 634 2875 est
662 2844 741 2875 circa
763 2844 866 2885 ipsam
894 2842 1145 2875 conclusionem.
1171 2842 1289 2874 Contra
1313 2854 1410 2884 quam

350 2889 451 2929 arguit
474 2889 597 2924 Scotus,
622 2888 654 2918 in
675 2889 811 2926 Quolib„
834 2886 1042 2929 qu.XV111*‚
1060 2886 1220 2927 tripliciter
1241 2888 1408 2927 probando

348 2933 437 2974 quod
461 2943 527 2963 non
551 2939 596 2962 est
620 2933 730 2962 eadem
754 2932 878 2963 bonitas
897 2932 948 2962 vel
971 2930 1090 2961 malitia
1106 2938 1192 2962 actus
1208 2931 1364 2962 interioris
1382 2939 1412 2963 et

349 2977 518 3007 exterioris.
534 2976 652 3012 Primo,
670 2977 854 3007 auctoritate
874 2975 1053 3016 Augustini,
1069 2975 1141 3006 XIII
1157 2975 1196 3006 de
1216 2976 1302 3006 Trin.
1318 2975 1345 3014 *,
1366 2977 1411 3006 di-

349 3021 446 3052 centis
470 3021 558 3061 quod
582 3021 666 3051 male
690 3021 822 3052 volendo
847 3022 944 3051 miser
968 3025 1032 3050 est:
1054 3021 1160 3050 minus
1183 3025 1288 3050 tamen
1313 3026 1408 3058 esset,

347 3066 376 3096 si
391 3065 470 3096 nihil
485 3074 595 3095 eorum
612 3074 694 3105 quae
703 3075 877 3105 perperam
895 3064 1005 3102 voluit,
1022 3063 1137 3094 habere
1147 3064 1313 3104 potuisset.
1326 3082 1345 3087 -
1359 3064 1410 3095 Se-

349 3109 464 3145 cundo,
481 3108 610 3139 ratione.
627 3108 711 3145 Quia
725 3108 785 3138 alia
809 3116 854 3139 est
876 3108 1035 3148 integritas
1051 3107 1276 3149 requisitorum
1299 3118 1410 3139 secun-

348 3153 427 3183 dum
451 3152 605 3183 rationem
629 3159 745 3182 rectam
766 3153 805 3182 ad
827 3153 1003 3183 bonitatem
1022 3159 1110 3183 actus
1125 3151 1289 3188 interioris,
1307 3159 1337 3183 et
1351 3152 1411 3183 alia

347 3196 573 3238 requisitorum
597 3196 636 3226 ad
655 3196 828 3226 bonitatem
845 3203 931 3227 actus
952 3196 1128 3227 exterioris:
1147 3206 1231 3236 ergo.
1248 3214 1269 3219 —
1286 3196 1405 3233 Tertio,

347 3241 443 3271 etiam
465 3240 596 3271 ratione.
620 3239 703 3277 Quia
726 3240 805 3270 nihil
828 3248 874 3271 est
897 3251 1005 3279 causa,
1029 3240 1172 3277 medium
1199 3247 1230 3271 et
1257 3240 1336 3271 ratio
1360 3240 1408 3270 sui

347 3285 462 3324 ipsius:
488 3285 542 3315 sed
565 3290 652 3315 actus
666 3282 796 3315 interior
817 3285 930 3320 bonus,
949 3291 979 3315 et
1002 3284 1134 3315 exterior
1156 3285 1269 3320 bonus,
1293 3294 1325 3315 se
1352 3284 1408 3314 ha-

347 3329 422 3359 bent
445 3328 478 3358 in
501 3328 640 3359 bonitate
664 3334 699 3358 ut
722 3338 816 3358 causa
840 3335 870 3359 et
893 3336 1066 3365 causatum,
1091 3335 1126 3359 ut
1141 3328 1361 3359 immediatum
1378 3335 1408 3359 et

347 3372 532 3409 mediatum,
544 3379 574 3403 et
589 3371 789 3402 huiusmodi:
807 3382 891 3411 ergo.
904 3390 923 3394 -
941 3373 1062 3409 Quarto
1083 3372 1184 3413 arguit
1200 3379 1309 3403 contra
1323 3372 1409 3403 idem

348 3416 518 3456 Gregorius
542 3417 580 3447 de
603 3416 759 3452 Arimino,
780 3416 813 3446 in
836 3416 916 3447 libro
940 3416 1176 3447 Sententiarum
1193 3416 1219 3447 *.
1239 3419 1338 3447 Actus
1362 3426 1410 3447 ex-

347 3460 443 3491 terior
467 3467 512 3491 est
534 3460 652 3491 malus:
678 3466 708 3490 et
731 3470 797 3490 non
821 3467 866 3491 est
889 3460 968 3490 illud
992 3460 1112 3490 malum
1141 3461 1230 3501 quod
1253 3467 1298 3491 est
1321 3467 1408 3491 actus

347 3504 492 3535 interior:
518 3514 591 3544 ergo
609 3510 682 3535 sunt
705 3505 770 3535 duo
795 3504 887 3535 mala.
912 3504 1067 3535 Probatur
1085 3504 1206 3535 minor:
1231 3504 1305 3545 quia
1321 3504 1408 3535 adul-

1460 1217 1575 1249 terium
1598 1228 1664 1248 non
1688 1225 1734 1249 est
1755 1219 1834 1249 velle
1858 1219 2038 1255 adulterari,
2061 1229 2119 1250 nec
2141 1219 2353 1250 homicidium
2375 1221 2422 1251 'est
2443 1220 2524 1251 velle

1460 1261 1627 1292 hominem
1650 1262 1801 1298 occidere,
1827 1270 1857 1294 et
1880 1263 1924 1294 sic
1947 1264 1986 1293 de
2009 1262 2087 1294 aliis.

1513 1306 1593 1336 Sunt
1607 1306 1703 1337 etiam
1713 1307 1799 1346 apud
1811 1306 2015 1347 Capreolum,
2027 1307 2059 1337 in
2069 1318 2131 1338 nn
2143 1307 2213 1338 dist.
2227 1307 2363 1338 Secundi
2372 1307 2399 1344 *,
2409 1308 2521 1345 multa,

1461 1359 1543 1390 quae
1566 1349 1636 1380 vide
1658 1350 1718 1380 ibi:
1743 1361 1780 1381 ex
1802 1351 1851 1381 his
1875 1351 1961 1382 enim
1983 1351 2096 1382 solutis
2120 1351 2315 1382 satisfactum
2338 1352 2504 1383 credimus.

1516 1394 1569 1424 111.
1594 1394 1645 1424 Ad
1668 1394 1810 1433 primum
1832 1395 1950 1425 horum
1972 1395 2086 1426 dicitur
2109 1396 2215 1435 quod,
2239 1395 2321 1427 sicut
2342 1396 2376 1426 in
2398 1403 2523 1427 natura-

1459 1437 1553 1473 libus,
1578 1438 1707 1478 quando
1731 1448 1834 1469 unum
1856 1448 1991 1469 numero
2017 1445 2139 1470 constat
2154 1449 2191 1469 ex
2206 1439 2359 1479 pluribus,
2384 1449 2451 1470 non
2467 1450 2523 1480 per

1462 1480 1604 1511 accidens
1628 1491 1686 1512 nec
1709 1481 1822 1512 frustra
1845 1482 2005 1522 quaeritur
2028 1483 2105 1523 quid
2128 1492 2166 1513 ex
2185 1493 2250 1523 quo
2269 1483 2302 1513 in
2322 1483 2456 1514 alterum
2475 1494 2523 1514 re—

1462 1525 1592 1561 dundat,
1617 1531 1653 1555 ut
1674 1531 1760 1564 patet
1782 1525 1815 1555 in
1839 1526 2024 1566 compositis
2041 1536 2078 1556 ex
2093 1526 2223 1557 materia
2238 1533 2268 1557 et
2283 1526 2401 1563 forma;
2425 1527 2469 1558 ita
2490 1528 2523 1558 in

1462 1568 1645 1604 moralibus,
1669 1569 1741 1599 licet
1763 1576 1851 1600 actus
1873 1570 2032 1610 imperans
2056 1576 2086 1600 et
2100 1570 2274 1609 imperatus
2289 1570 2351 1601 sint
2366 1580 2450 1601 unus
2464 1581 2524 1602 nu-

1462 1622 1551 1642 mero
1575 1619 1672 1648 actuS,
1697 1623 1762 1643 non
1787 1620 1823 1644 ut
1845 1613 1987 1654 simplex,
2012 1614 2066 1644 sed
2090 1621 2126 1644 ut
2149 1614 2357 1654 compositus,
2381 1624 2448 1645 non
2463 1614 2525 1645 fru-

1462 1663 1524 1686 stra
1548 1666 1605 1687 nec
1628 1666 1684 1696 per
1706 1657 1849 1687 accidens
1872 1657 2033 1698 quaeritur
2055 1657 2134 1698 quid
2157 1667 2194 1688 ex
2216 1667 2282 1698 quo
2306 1658 2464 1698 procedat.

1520 1700 1572 1731 IV.
1588 1701 1640 1730 Ad
1663 1701 1840 1732 secundum
1856 1701 1874 1720 *
1889 1702 2001 1732 dicitur
2023 1701 2112 1742 quod
2135 1701 2212 1733 haec
2235 1702 2371 1733 obiectio
2394 1709 2525 1734 testatur

1462 1744 1550 1774 illam
1574 1754 1640 1775 esse
1658 1745 1806 1776 Auctoris
1821 1752 1971 1782 mentem,
1991 1755 2090 1786 quam
2104 1746 2138 1776 in
2152 1746 2350 1786 praecedenti
2364 1746 2524 1778 articulo*

1463 1788 1616 1819 diximus:
1641 1789 1758 1820 scilicet
1780 1790 1869 1830 quod
1897 1789 2055 1821 distinctio
2079 1790 2227 1821 bonitatis
2250 1800 2287 1821 ex
2309 1789 2371 1821 fine
2394 1797 2426 1821 et
2452 1798 2523 1823 actu

1462 1830 1645 1873 intelligitur
1667 1833 1848 1870 formaliter,
1870 1833 1950 1864 idest
1972 1833 2163 1874 inquantum
2185 1833 2257 1864 finis
2281 1841 2312 1865 et
2332 1833 2524 1875 inquantum

1463 1883 1560 1907 actuS.
1584 1877 1753 1918 Propterea
1776 1877 1861 1908 enim
1884 1887 1950 1908 non
1974 1878 2116 1918 oportuit
2138 1878 2267 1909 tertium
2285 1879 2468 1910 membrum
2489 1878 2523 1910 in

1462 1920 1564 1951 littera
1591 1920 1686 1961 poni:
1721 1921 1776 1951 sed
1799 1922 1857 1952 sub
1885 1922 2026 1952 secundo
2058 1923 2203 1952 membro
2233 1922 2522 1962 comprehenditur,

1463 1965 1733 2005 quandocumque
1749 1972 1836 1996 actus
1853 1965 1986 1996 exterior
2001 1972 2048 1996 est
2059 1966 2235 1997 secundum
2251 1975 2284 1996 se
2299 1967 2414 1997 bonus.
2431 1967 2524 1998 Unde

1463 2009 1593 2049 quando
1618 2008 1688 2050 quis
1711 2009 1780 2040 vult
1802 2009 1948 2040 fornicari
1971 2019 2038 2040 non
2061 2017 2191 2050 propter
2216 2010 2315 2041 alium
2333 2009 2441 2047 finem,
2457 2021 2526 2042 ma-

1462 2052 1528 2083 litia
1552 2059 1639 2084 actus
1662 2053 1818 2084 interioris
1842 2060 1873 2084 et
1895 2053 2055 2084 exterioris
2079 2061 2124 2085 est
2147 2054 2207 2084 alia
2231 2060 2261 2085 et
2280 2054 2350 2091 alia,
2367 2064 2434 2085 non
2451 2065 2524 2095 spe-

1464 2096 1524 2133 cie,
1553 2097 1608 2127 sed
1636 2106 1786 2127 numero:
1815 2097 1857 2128 ita
1885 2098 1974 2138 quod
2006 2104 2093 2128 actus
2122 2097 2252 2129 interior
2278 2098 2450 2130 voluntatis
2478 2106 2524 2130 est

1463 2141 1566 2171 malus
1589 2141 1763 2172 formaliter
1784 2141 1912 2182 propria
1927 2141 2054 2173 ,malitia
2077 2141 2303 2180 fornicationis,
2319 2152 2417 2183 quam
2431 2142 2525 2174 habet

1463 2194 1500 2215 ex
1524 2185 1731 2216 fornicatione
1754 2192 1791 2216 ut
1812 2185 1901 2222 finis;
1927 2193 1957 2217 et
1980 2192 2067 2217 actus
2086 2186 2219 2217 exterior
2242 2193 2289 2217 est
2310 2186 2414 2217 malus
2429 2186 2523 2218 etiam

1462 2228 1637 2259 formaliter
1663 2229 1792 2269 propria
1824 2229 1942 2261 malitia
1972 2230 2208 2266 fornicationis,
2239 2240 2338 2271 quam
2365 2230 2459 2261 habet
2487 2237 2525 2261 ut

1462 2279 1550 2303 actus
1574 2282 1611 2303 ex
1633 2282 1745 2312 genere
1768 2283 1838 2303 suo.

1520 2316 1559 2347 V.
1583 2317 1634 2346 Ad
1658 2316 1785 2347 tertium
1800 2316 1818 2335 *
1833 2316 1945 2347 dicitur
1965 2317 2054 2357 quod
2069 2317 2211 2347 doctrina
2229 2317 2306 2348 haec
2322 2327 2389 2348 non
2406 2324 2452 2349 est
2466 2328 2522 2348 vo-

1462 2359 1611 2396 luntaria,
1641 2361 1696 2391 sed
1718 2360 1751 2390 in
1774 2360 1876 2391 littera
1903 2361 2041 2400 tangitur
2069 2361 2136 2391 eius
2163 2360 2423 2392 fundamentum:
2448 2362 2524 2403 quia

1463 2403 1588 2440 scilicet,
1612 2404 1742 2444 quando
1766 2404 1885 2445 aliquid
1909 2404 2022 2435 dicitur
2043 2404 2105 2434 tale
2129 2414 2166 2435 ex
2184 2405 2294 2435 ordine
2311 2406 2350 2436 ad
2366 2405 2461 2442 aliud,
2477 2406 2523 2436 di-

1464 2447 1544 2478 citur
1566 2447 1801 2478 denominative
1814 2471 1821 2484 ,
1847 2455 1877 2478 et
1899 2458 1965 2478 non
1989 2452 2115 2488 oportet
2137 2448 2199 2479 dici
2219 2448 2408 2486 formaliter;
2432 2450 2522 2491 quod

1464 2491 1550 2522 enim
1571 2491 1665 2522 habet
1687 2491 1808 2532 aliquid
1830 2491 1863 2522 in
1886 2502 1919 2522 se
1942 2491 2124 2528 formaliter,
2145 2492 2258 2522 dicitur
2272 2493 2332 2523 tale
2347 2493 2523 2524 secundum

1463 2535 1615 2575 seipsum,
1635 2542 1671 2566 ut
1688 2541 1774 2575 patet
1793 2535 1963 2566 inductive.
1987 2535 2122 2566 Constat
2136 2542 2243 2567 autem
2265 2537 2355 2577 quod
2373 2543 2460 2568 actus
2474 2538 2524 2568 in-

1463 2579 1558 2610 terior
1580 2579 1752 2610 voluntatis
1776 2579 1889 2610 dicitur
1910 2580 2014 2610 bonus
2034 2590 2070 2610 ex
2093 2586 2164 2611 actu
2188 2580 2341 2617 exteriori,
2356 2581 2391 2611 in
2413 2581 2524 2613 ordine

1464 2624 1504 2654 ad
1529 2623 1658 2666 ipsum:
1683 2623 1796 2654 dicitur
1819 2623 1905 2654 enirn
1927 2624 2007 2654 velle
2035 2623 2131 2654 furari
2153 2623 2292 2661 malurn,
2317 2624 2392 2665 quia
2415 2632 2461 2656 est
2483 2625 2524 2656 ad

1464 2668 1596 2699 malum.
1620 2668 1661 2698 Et
1684 2667 1826 2699 similiter
1848 2674 1936 2698 actus
1961 2668 2094 2699 exterior
2109 2667 2222 2698 dicitur
2237 2677 2274 2699 ex
2289 2675 2360 2699 actu
2383 2668 2524 2700 interiori

1464 2712 1576 2748 malus,
1600 2712 1633 2742 in
1650 2712 1760 2742 ordine
1779 2712 1819 2741 ad
1841 2711 1965 2752 ipsum:
1989 2711 2103 2742 dicitur
2118 2711 2203 2742 enim
2219 2712 2300 2743 actio
2316 2722 2441 2750 manus,
2460 2721 2524 2754 qua

1463 2755 1594 2792 furatur,
1618 2755 1710 2791 mala,
1730 2755 1805 2796 quia
1824 2756 1987 2786 ordinatur
2006 2766 2023 2786 a
2038 2756 2122 2786 mala
2135 2756 2309 2788 voluntate.
2326 2757 2428 2793 Unde,
2449 2766 2524 2788 cum

1463 2799 1673 2840 multiplicare
1701 2799 1784 2830 entia
1807 2799 1875 2830 sine
1902 2800 2085 2831 necessitate
2116 2810 2183 2830 non
2206 2800 2247 2831 sit
2268 2800 2468 2838 rationabile,
2493 2807 2524 2832 et

1463 2844 1543 2874 ordo
1568 2844 1607 2874 sit
1629 2843 1814 2874 manifestus
1838 2844 1878 2874 ad
1898 2844 2044 2881 invicem,
2065 2851 2095 2874 et
2117 2843 2252 2875 sufficiat
2273 2845 2315 2875 ad
2337 2845 2527 2876 salvandum

1463 2898 1575 2918 eorum
1599 2887 1754 2918 bonitates
1779 2894 1809 2918 et
1832 2888 1983 2925 malitias;
2008 2887 2206 2928 superfluum
2229 2895 2276 2920 est
2299 2899 2418 2929 ponere
2434 2889 2523 2930 quod

1463 2932 1556 2963 etiam
1581 2931 1620 2962 sit
1639 2931 1788 2962 derivatio
1805 2931 1957 2969 formalis,
1974 2939 2011 2963 ut
2027 2932 2138 2963 caloris
2154 2942 2172 2962 a
2188 2932 2300 2964 calore.
2317 2950 2337 2955 —
2353 2933 2394 2964 Et
2409 2931 2521 2964 confir-

1463 2982 1577 3006 matur.
1591 2975 1675 3013 Quia
1690 2975 1716 3006 si
1731 2975 1764 3005 in
1784 2976 1977 3007 derivatione
1997 2976 2219 3007 conditionum
2234 2976 2420 3007 huiusmodi
2435 2983 2522 3008 actus

1463 3021 1501 3050 ab
1525 3027 1605 3057 actu,
1630 3026 1769 3060 ponatur
1796 3020 1946 3051 derivatio
1976 3019 2128 3056 formalis,
2153 3020 2312 3060 oportebit
2339 3021 2451 3052 eadem
2470 3030 2522 3052 ra-

1463 3064 1549 3095 tione
1570 3064 1779 3104 postmodum
1804 3064 1923 3100 dicere,
1949 3074 2023 3095 cum
2046 3070 2134 3094 actus
2157 3064 2253 3095 unius
2275 3065 2399 3096 virtutis
2421 3065 2520 3106 impe-

1463 3115 1548 3139 ratur
1571 3109 1609 3139 ab
1633 3108 1702 3145 alia,
1726 3114 1804 3149 puta
1827 3108 2020 3139 fortitudinis
2036 3118 2054 3138 a
2070 3108 2204 3145 caritate,
2222 3108 2305 3140 utin
2322 3109 2519 3150 martyribus,

1463 3152 1551 3193 quod
1567 3162 1584 3182 a
1601 3152 1725 3183 caritate
1748 3152 1781 3182 in
1804 3152 1968 3183 voluntate
1991 3152 2148 3183 derivatur
2164 3153 2274 3183 caritas
2293 3153 2353 3183 alia
2367 3153 2400 3183 in
2415 3159 2521 3184 actum

1463 3196 1657 3232 exteriorem,
1682 3202 1712 3227 et
1726 3195 1854 3226 similia:
1879 3205 1960 3237 quae
1984 3196 2119 3227 absurda
2142 3203 2225 3228 sunt.
2238 3214 2260 3221 -
2275 3197 2342 3228 lace
2358 3205 2432 3237 ergo
2448 3194 2520 3227 fun-

1462 3241 1648 3271 damentum
1669 3240 1741 3277 hoc,
1761 3240 1851 3281 quod
1867 3240 2017 3271 derivatio
2033 3240 2181 3271 bonitatis
2197 3247 2229 3272 et
2243 3241 2390 3277 malitiae,
2407 3246 2438 3270 et
2450 3239 2520 3271 talis

1462 3284 1609 3315 bonitatis
1633 3291 1664 3315 et
1687 3284 1756 3315 talis
1779 3284 1925 3321 malitiae,
1949 3284 1982 3314 in
2006 3291 2076 3315 actu
2100 3285 2139 3314 ab
2163 3292 2245 3322 actu,
2269 3291 2304 3316 ut
2319 3284 2436 3321 sim-est
2453 3294 2520 3315 non

1462 3328 1613 3365 formalis,
1638 3329 1692 3358 sed
1716 3328 1960 3365 denominativa,
1985 3339 2040 3359 seu
2064 3339 2130 3359 non
2149 3338 2205 3368 per
2220 3329 2355 3359 modum
2371 3327 2519 3360 univoca-

1461 3372 1566 3409 tionis,
1584 3373 1639 3403 sed
1654 3372 1882 3403 attributionis:
1908 3380 1938 3403 et
1960 3383 1997 3403 ex
2016 3383 2054 3403 eo
2070 3373 2252 3404 illucescent
2265 3372 2320 3403 tibi
2335 3372 2435 3403 multa
2449 3382 2520 3404 rno-

1461 3417 1546 3447 ralia.
1571 3417 1611 3447 Et
1633 3416 1695 3447 hoc
1717 3417 1798 3447 bene
1820 3423 1906 3447 nota.

1516 3460 1569 3492 VI.
1580 3461 1630 3491 Ad
1642 3467 1792 3501 quartum
1803 3470 1878 3491 vero
1891 3460 2050 3491 dubium*
2060 3460 2291 3502 respondendo,
2306 3459 2418 3491 dicitur
2429 3460 2519 3500 quod

1462 3515 1498 3535 ex
1522 3504 1705 3536 auctoritate
1727 3504 1780 3535 illa
1803 3505 1972 3545 Augustini
1996 3505 2074 3535 nihil
2096 3505 2182 3536 aliud
2205 3504 2332 3541 dicitur,
2356 3504 2416 3536 nisi
2439 3504 2518 3535 forte

2544 746 2555 757 ⁴⁸
2569 745 2597 767 D.
2613 745 2661 771 108,
2670 750 2719 773 547.

2550 1313 2561 1324 ¹*
2575 1313 2626 1334 Art.
2641 1318 2666 1340 2,
2681 1316 2762 1335 contra

2551 1339 2626 1361 concl.
2640 1345 2661 1361 a.

2551 1751 2561 1761 ·
2575 1749 2611 1772 ef.
2627 1756 2691 1772 num.
2705 1755 2730 1772 u.

2550 1797 2761 1821 ‘Commeatmum

2550 1831 2583 1846 1¹.

2549 2324 2561 2335 ⁸
2575 2323 2613 2346 ef.
2627 2329 2692 2346 num.
2706 2329 2733 2345 n.

2546 3511 2554 3520 ·
2570 3510 2606 3532 Cf.
2620 3509 2681 3532 ibid.
