2852 4152
126 412 136 420 ·
156 410 213 437 cap.
229 415 255 436 n,
270 415 293 431 n.
309 409 335 435 ὃς

126 441 335 489 ἓῗῇἶιὲωῗξέἓῑῃῖ

125 885 137 896 '
150 884 186 907 ef.
200 884 292 911 Averr..
305 883 338 905 m

127 910 249 932 deAnIma
271 915 338 931 com-

125 939 197 958 ment.
205 942 228 963 V,
239 926 335 963 csigress.

126 965 184 990 part.
199 968 218 990 5.

123 1665 269 1720 :affl'sffi’
281 1671 337 1714 '1'03025

123 1723 163 1740 η
230 1716 239 1726 ,

124 1744 147 1757 u
165 1747 169 1754 x

183 1743 336 1794 ..w-w·

125 1881 135 1892 .

124 1880 206 1933 &01¹¹ss-
214 1887 280 1931 ¹:0¹⁶?
283 1882 316 1931 '6ss
319 1894 336 1932 1-

0 3059 20 3159 ξε,

1071 219 1336 265 QUAESTIO
1367 219 1415 265 L,
1444 218 1740 255 ARTICULUS
1770 218 1820 254 IV

364 296 430 333 sed
449 295 502 354 ‘in
540 295 665 343 aliqua
693 296 860 344 potentia
898 309 994 345 quae
1033 304 1088 333 est
1125 305 1230 334 actus
1267 297 1421 334 alicuius

362 355 477 397 partis
507 348 687 396 corporis.

418 400 493 437 SED
509 412 655 437 CONTRA
674 412 740 437 EST
754 401 860 448 quod
876 402 1141 450 Philosophus,
1153 402 1191 439 in
1199 403 1250 439 Vl
1261 402 1418 447 Etkic.*,

363 452 471 501 ponit
499 453 694 490 scientiam
723 460 760 489 et
787 454 1010 502 sapientiam
1030 462 1066 491 et
1093 454 1334 502 intellectum,
1356 455 1419 503 qui
1469 479 1473 482 ν

365 513 421 542 est
438 505 587 543 habitus
610 505 896 555 principiorum,
917 506 955 543 in
974 507 1056 555 ipsa
1074 507 1299 545 intellectiva
1317 515 1422 556 parte

365 569 527 595 ammae.

418 612 644 648 REsponnsso
664 622 848 648 DICENDUM
867 611 971 658 quod
997 612 1094 649 circa
1111 612 1262 649 habitus
1281 624 1423 660 cogno-

364 663 518 700 scitivos
545 662 801 700 diversimode
830 671 916 700 sunt
941 664 1051 713 aliqui
1070 665 1223 713 opinati.
1253 664 1422 711 Quidam

366 716 479 762 enim,
501 722 685 764 ponentes
709 716 936 753 intellectum
960 717 1180 765 possibilem
1201 730 1282 754 esse
1301 729 1422 754 unum

364 768 403 805 in
430 768 610 805 omnibus
637 768 870 815 hominibus,
901 769 1021 806 coacti
1049 777 1135 807 sunt
1153 782 1297 818 ponere
1317 770 1422 817 quod

363 819 514 858 habitus
543 821 788 868 cognoscitivi
816 834 895 859 non
923 829 1010 859 sunt
1036 821 1074 859 in
1102 822 1186 870 ipso
1214 822 1422 869 intellectu,

365 873 433 910 sed
451 873 490 910 in
507 873 653 910 viribus
672 874 911 912 interioribus
926 874 1113 911 sensitivis
1126 874 1157 911 ²⁸.
1179 874 1423 912 Manifestum

366 933 422 963 est
450 925 551 963 enim
581 928 684 975 quod
708 927 884 964 homines
902 927 942 964 in
960 927 1148 964 habitibus
1168 926 1424 964 diversifican-

364 985 444 1016 tur:
477 979 579 1016 unde
617 992 695 1016 non
722 987 882 1028 possunt
912 979 1062 1016 habitus
1095 979 1338 1027 cognoscitivi
1371 979 1424 1017 di-

366 1038 466 1068 recte
484 1031 575 1080 poni
596 1032 634 1069 in
654 1044 700 1069 eo
721 1033 838 1080 quod,
853 1044 973 1070 unum
994 1044 1155 1070 numero
1177 1032 1348 1079 existens,
1370 1039 1424 1070 est

366 1084 544 1122 omnibus
581 1085 801 1122 hominibus
834 1097 1051 1122 commune.
1086 1085 1197 1122 Unde
1225 1085 1255 1122 si
1283 1085 1425 1122 intelle-

366 1144 447 1174 ctus
474 1137 662 1186 possibilis
696 1138 742 1175 sit
772 1150 871 1175 unus
904 1150 1065 1175 numero
1100 1138 1273 1175 omnium
1302 1138 1424 1175 homi-

365 1202 472 1237 num,
500 1190 651 1227 habitus
679 1190 931 1238 scientiarum,
952 1190 1164 1227 secundum
1183 1203 1280 1239 quos
1299 1191 1424 1228 homi—

365 1255 433 1280 nes
453 1243 764 1290 diversificantur,
785 1255 864 1280 non
883 1250 1059 1291 poterunt
1077 1255 1160 1279 esse
1179 1243 1218 1279 in
1236 1243 1423 1280 intellectu

364 1295 534 1344 possibili
569 1295 665 1331 sicut
691 1295 729 1331 in
758 1295 947 1332 subiecto:
977 1295 1044 1331 sed
1078 1303 1186 1332 erunt
1212 1295 1250 1332 ln
1281 1296 1425 1332 viribus

365 1347 604 1384 interioribus
636 1346 834 1394 sensitivis,
864 1359 962 1394 quae
990 1354 1077 1383 sunt
1105 1347 1276 1384 diversae
1304 1348 1342 1384 in
1370 1348 1425 1384 di—

364 1399 566 1443 versis2fl

419 1451 496 1488 Sed
522 1451 592 1488 ista
619 1450 770 1499 positio,
799 1450 924 1498 primo
949 1450 1117 1498 quidem,
1139 1458 1194 1487 est
1213 1458 1343 1488 contra
1371 1452 1425 1488 in-

364 1503 572 1541 tentionem
600 1502 821 1540 Aristotelis.
851 1502 1097 1539 Manifestum
1122 1510 1178 1539 est
1198 1503 1298 1540 enim
1319 1505 1424 1552 quod

363 1557 466 1594 vires
485 1555 686 1604 sensitivae
705 1568 784 1593 non
803 1562 890 1593 sunt
908 1555 1108 1592 rationales
1125 1566 1194 1603 per
1209 1557 1422 1602 essentiam,

365 1609 434 1647 sed
465 1609 590 1646 solum
627 1621 696 1658 per
728 1608 1075 1657 participationem,
1107 1615 1148 1645 ut
1181 1607 1315 1645 dicitur
1341 1609 1379 1645 in
1409 1610 1422 1645 1

364 1662 483 1700 Ethic.
503 1661 524 1684 ³²
542 1661 799 1711 Philosophus
818 1668 945 1698 autem
963 1660 1004 1683 ’ω’
1030 1660 1138 1710 ponit
1157 1660 1423 1698 intellectuales

363 1715 537 1762 virtutes,
567 1726 666 1763 quae
693 1722 780 1752 sunt
808 1713 1005 1763 sapientia,
1035 1714 1190 1751 scientia
1219 1721 1255 1750 et
1281 1713 1423 1751 intelle-

365 1774 468 1815 ctus,
505 1767 544 1804 in
578 1780 623 1804 eo
652 1767 757 1816 quod
795 1774 851 1803 est
886 1766 1068 1804 rationale
1101 1779 1171 1815 per
1207 1767 1421 1804 essentiam.

363 1820 476 1858 Unde
503 1832 582 1857 non
610 1827 697 1857 sunt
724 1820 762 1856 in
789 1819 934 1856 viribus
957 1819 1156 1866 sensitivis,
1176 1819 1245 1856 sed
1272 1819 1311 1856 in
1339 1820 1422 1868 ipso

363 1871 564 1910 intellectu.
576 1893 600 1900 -
612 1873 799 1921 Expresse
816 1872 928 1908 etiam
946 1872 1043 1919 dicit,
1060 1871 1099 1909 in
1113 1873 1161 1908 Ill
1178 1872 1224 1908 de
1237 1873 1377 1910 Anima
1388 1872 1421 1920 ²¹⁶,

364 1925 470 1975 quod
496 1925 704 1963 intellectus
731 1924 941 1974 possibilis,
975 1936 1060 1961 cum
1087 1925 1141 1961 sic
1156 1926 1236 1972 fiat
1258 1926 1422 1975 singula,

363 1977 460 2016 idest
491 1990 580 2015 eum
612 1979 815 2016 reducatur
851 1978 890 2014 in
924 1985 1051 2014 actum
1088 1977 1321 2026 singulorum
1354 1991 1423 2027 per

363 2031 508 2080 species
536 2031 794 2079 intelligibiles,
822 2036 910 2067 tunc
927 2032 980 2078 fit
1002 2031 1207 2068 secundum
1234 2037 1360 2068 actum
1379 2043 1422 2068 eo

363 2084 475 2121 modo
500 2096 574 2133 quo
591 2084 712 2121 sciens
729 2084 865 2121 dicitur
884 2095 962 2121 esse
980 2084 1018 2120 in
1037 2089 1135 2130 actu,
1156 2084 1257 2132 quod
1273 2085 1422 2132 quidem

361 2138 499 2174 accidit
531 2149 618 2175 cum
654 2137 789 2186 aliquis
814 2137 933 2185 possit
963 2137 1116 2185 operari
1139 2148 1213 2185 per
1239 2137 1400 2185 seipsum
1413 2166 1422 2183 ,

362 2190 500 2227 scilicet
517 2195 533 2219 ’f
553 2190 844 2228 considerando.
872 2191 942 2226 Est
966 2190 1113 2238 quidem
1134 2190 1250 2239 igitur
1277 2196 1311 2226 et
1338 2196 1424 2227 tunc

354 2244 522 2292 potentia
542 2243 838 2292 quodammod0‚·
857 2255 931 2280 non
951 2248 1074 2280 tamen
1093 2243 1261 2280 similiter
1281 2249 1321 2280 ut
1337 2249 1425 2280 ante

359 2296 551 2333 addiscere
577 2302 644 2333 aut
670 2296 848 2333 invenire.
879 2297 963 2344 Ipse
990 2307 1079 2344 ergo
1103 2295 1309 2333 intellectus
1337 2309 1424 2345 pos-

359 2348 474 2386 sibilis
503 2356 558 2386 est
584 2349 624 2386 in
651 2361 729 2397 quo
751 2356 806 2386 est
823 2348 974 2385 habitus
993 2348 1181 2396 scientiae,
1202 2361 1279 2397 quo
1299 2356 1424 2398 potest

360 2401 600 2439 considerare
621 2401 734 2439 etiam
757 2414 845 2438 cum
870 2414 948 2439 non
968 2401 1190 2439 considerat.

413 2455 592 2492 Secundo
613 2454 738 2502 etiam,
754 2455 849 2491 haec
867 2454 1004 2503 positio
1026 2462 1081 2491 est
1099 2461 1230 2491 contra
1253 2454 1307 2491 rei
1324 2455 1423 2491 veri-

359 2514 487 2545 tatem.
505 2507 610 2544 Sicut
625 2507 727 2544 enim
743 2507 824 2544 eius
839 2514 894 2543 est
909 2506 1076 2555 potentia
1092 2507 1198 2543 cuius
1214 2514 1269 2543 est
1288 2519 1422 2554 opera-

359 2560 430 2609 tio,
459 2560 510 2597 ita
538 2559 652 2597 etiam
677 2559 756 2596 eius
785 2567 840 2596 est
859 2559 1008 2596 habitus
1029 2558 1134 2596 cuius
1159 2566 1214 2594 est
1234 2558 1418 2607 operatio.

429 2691 439 2724 )
458 2691 565 2716 scilicet.
575 2705 592 2710 -
604 2691 665 2716 Om.
679 2691 731 2716 EF.
743 2704 764 2710 -
781 2691 831 2715 Pro
850 2693 876 2715 et
894 2693 964 2719 tunc,
984 2693 1046 2715 tunc
1059 2691 1106 2716 Pa.
1117 2705 1137 2710 —
1150 2690 1201 2714 Pro
1215 2690 1345 2719 similiter,
1360 2690 1421 2715 s1'm-

355 2726 465 2759 pliciter
483 2726 738 2759 PABCEFGIKLpD
758 2731 784 2750 et
802 2726 845 2751 ed.
857 2732 882 2750 a.
900 2739 919 2744 -
936 2726 986 2750 Pro
1006 2728 1048 2755 ut,
1067 2729 1094 2751 et
1111 2725 1334 2757 ACDEFGILpB,
1353 2725 1422 2750 sicut

361 2765 388 2787 et
405 2763 436 2792 Κ,
455 2765 482 2787 et
500 2765 530 2786 ut
549 2762 592 2786 sB.

2459 219 2527 255 321

1477 296 1682 344 Intelligere
1703 303 1830 332 autem
1852 303 1887 332 et
1908 295 2148 332 considerare
2165 304 2220 333 est
2237 296 2412 345 proprius
2431 304 2534 333 actus

1476 349 1695 386 intellectus.
1731 349 1833 396 Ergo
1863 355 1900 384 et
1926 347 2076 384 habitus
2113 360 2190 396 quo
2221 348 2478 385 consideratur
2504 347 2533 395 ὅ,

1477 409 1533 438 est
1559 401 1712 451 proprie
1741 401 1778 437 in
1807 400 1890 450 ipso
1919 400 2119 437 intellectu.

1529 456 1588 491 AD
1617 466 1753 491 PmMUM
1781 465 1879 490 ERGO
1908 465 2092 490 DICENDUM
2121 453 2225 501 quod
2254 453 2409 501 quidam
2435 453 2534 490 dixe-

1478 515 1582 554 runt,
1611 514 1653 543 ut
1681 506 1896 555 Simplicius
1925 506 2036 542 refert
2067 506 2106 542 in
2139 506 2356 542 Commento
2383 506 2536 542 Praedi-

1477 565 1734 596 camentorum
1749 559 1781 606 ³¹⁴,
1804 559 1908 607 quod
1924 558 2012 607 quia
2032 558 2157 595 omnis
2177 558 2347 606 operatio
2368 558 2533 595 hominis

1478 619 1533 649 est
1562 612 1854 660 quodammodo
1884 611 2084 658 coniuncti,
2114 619 2155 647 ut
2174 610 2429 659 Philosophus
2449 610 2536 647 dicit

1478 665 1517 701 in
1546 666 1560 701 I
1589 665 1635 701 de
1658 665 1817 709 Anima;
1844 664 1932 701 ideo
1962 665 2086 701 nullus
2118 663 2267 700 habitus
2299 670 2355 700 est
2386 663 2534 700 animae

1477 725 1637 764 tantum,
1667 717 1735 754 sed
1764 716 1964 754 coniuncti.
1986 718 2035 754 Et
2061 728 2130 765 per
2147 717 2222 753 hoc
2242 716 2409 765 sequitur
2431 716 2535 764 quod

1478 770 1602 806 nullus
1629 769 1779 806 habitus
1799 770 1844 806 sit
1863 770 1901 806 in
1924 770 2126 817 intellectu,
2157 781 2244 806 cum
2263 769 2471 806 intellectus
2491 768 2536 805 sit

1479 829 1689 870 separatus:
1709 830 1751 858 ut
1766 822 1861 859 ratio
1876 822 2071 871 proposita
2085 822 2328 871 procedebat.
2340 842 2363 849 -
2376 821 2452 858 Sed
2467 821 2536 858 ista

1478 874 1571 911 ratio
1600 887 1679 911 non
1708 875 1816 922 cogit.
1847 875 2008 912 Habitus
2037 875 2139 911 enim
2167 887 2246 912 non
2266 881 2322 911 est
2341 873 2534 923 dispositio

1479 927 1615 964 obiecti
1635 927 1682 964 ad
1702 927 1923 975 potentiam,
1954 927 2021 964 sed
2049 927 2168 975 magis
2189 927 2383 976 dispositio
2402 933 2535 975 poten-

1478 979 1551 1016 tiae
1579 980 1629 1017 ad
1649 980 1858 1017 obiectum:
1887 980 1990 1017 unde
2010 980 2159 1017 habitus
2188 987 2338 1028 oportet
2357 980 2462 1028 quod
2490 978 2535 1016 sit

1478 1032 1517 1069 in
1545 1032 1627 1081 ipsa
1653 1032 1821 1081 potentia
1849 1045 1950 1080 quae
1979 1040 2034 1069 est
2061 1033 2287 1081 principium
2316 1039 2432 1079 actus,
2456 1044 2535 1069 non

1479 1092 1607 1122 autem
1634 1085 1674 1122 in
1693 1097 1739 1121 eo
1760 1085 1865 1132 quod
1885 1093 2128 1134 comparatur
2146 1085 2194 1122 ad
2213 1085 2422 1134 potentiam
2440 1085 2535 1122 sicut

1478 1138 1683 1175 obiectum.
1723 1139 1853 1186 Ipsum
1889 1145 2016 1174 autem
2049 1137 2252 1186 intelligere
2290 1150 2369 1174 non
2401 1137 2536 1174 dicitur

1480 1203 1685 1227 commune
1719 1202 1802 1227 esse
1835 1190 1986 1227 animae
2019 1198 2055 1227 et
2083 1190 2254 1239 corpori,
2287 1190 2358 1227 nisi
2390 1190 2535 1227 ratione

1478 1243 1762 1291 phantasmatis,
1792 1251 1833 1279 ut
1861 1243 1996 1280 dicitur
2022 1243 2060 1280 in
2087 1245 2100 1279 Ι
2129 1244 2176 1280 de
2201 1243 2342 1279 Anima
2369 1242 2399 1279 ²¹².
2428 1244 2536 1279 Patet

1479 1303 1607 1332 autem
1623 1296 1728 1344 quod
1743 1296 1970 1344 phantasma
1985 1303 2228 1344 comparatur
2242 1295 2291 1332 ad
2306 1295 2534 1332 intellectum

1478 1348 1700 1395 possibilem
1718 1356 1760 1384 ut
1779 1348 1971 1385 obiectum
1991 1349 2024 1396 ¹²,
2039 1356 2081 1385 ut
2100 1348 2235 1385 dicitur
2253 1348 2291 1384 in
2311 1349 2360 1384 III
2380 1348 2426 1384 de
2443 1348 2536 1385 Ani-

1478 1411 1541 1436 ma
1560 1400 1591 1436 ³¹⁶.
1612 1401 1722 1437 Unde
1743 1401 1964 1448 relinquitur
1989 1401 2094 1450 quod
2112 1401 2262 1437 habitus
2287 1400 2534 1438 intellectivus

1479 1451 1526 1488 sit
1551 1452 1805 1501 principaliter
1833 1465 1877 1489 ex
1905 1461 2011 1501 parte
2043 1453 2161 1502 ipsius
2196 1453 2418 1490 intellectus:
2453 1465 2531 1490 non

1479 1511 1607 1540 autem
1628 1517 1672 1540 ex
1691 1513 1796 1553 parte
1824 1506 2108 1553 phantasmatis,
2129 1506 2234 1554 quod
2254 1514 2309 1542 est
2329 1518 2534 1543 commu-ne

1479 1556 1631 1593 animae
1660 1565 1696 1603 et
1725 1557 1887 1606 corpori.
1921 1559 1970 1594 Et
1997 1558 2084 1594 ideo
2113 1558 2318 1595 dicendum
2347 1566 2402 1595 est
2430 1559 2535 1607 quod

1478 1608 1686 1645 intellectus
1722 1609 1911 1657 possibilis
1949 1617 2004 1646 est
2038 1610 2249 1647 subiectum
2287 1611 2456 1649 habitus:
2485 1611 2535 1647 illi

1480 1661 1580 1698 enirn
1610 1664 1791 1710 competit
1819 1674 1901 1698 esse
1930 1662 2141 1699 subiectum
2169 1662 2334 1709 habitus,
2356 1663 2461 1710 quod
2481 1671 2537 1700 est

1478 1714 1516 1750 in
1543 1714 1711 1762 potentia
1739 1714 1788 1751 ad
1817 1715 1955 1759 multa;
1991 1722 2026 1751 et
2053 1715 2128 1751 hoc
2160 1715 2325 1751 maxime
2359 1716 2537 1764 competit

1477 1766 1680 1803 intellectui
1709 1766 1891 1815 possibili.
1917 1767 2028 1804 Unde
2048 1767 2256 1804 intellectus
2275 1767 2462 1816 possibilis
2482 1776 2537 1805 est

1478 1819 1692 1856 subiectum
1721 1819 1919 1856 habituum
1948 1820 2266 1857 intellectualium.

1530 1874 1589 1909 An
1619 1884 1808 1910 SECUNDUM
1833 1885 2018 1910 DICENDUM
2047 1873 2163 1921 quod,
2185 1873 2279 1910 sicut
2301 1873 2468 1921 potentia
2488 1874 2536 1911 ad

1479 1938 1560 1962 esse
1602 1925 1777 1962 sensibile
1816 1926 1995 1963 convenit
2027 1926 2206 1963 materiae
2244 1925 2449 1974 corporali,
2487 1926 2537 1963 ita

1477 1978 1646 2027 potentia
1675 1978 1723 2015 ad
1752 1990 1834 2015 esse
1863 1978 2090 2026 intelligibile
2126 1979 2305 2015 convenit
2337 1979 2537 2016 intellectui

1477 2031 1656 2080 possibili.
1686 2031 1798 2068 Unde
1831 2031 1922 2068 nihil
1950 2031 2126 2080 prohibet
2157 2032 2194 2068 in
2227 2031 2415 2068 intellectu
2449 2044 2537 2080 pos-

1478 2084 1573 2121 sibili
1601 2096 1683 2121 esse
1711 2084 1897 2131 habitum,
1923 2084 1987 2132 qui
2016 2092 2071 2121 est
2099 2084 2248 2122 medius
2276 2084 2372 2121 inter
2399 2097 2535 2133 puram

1477 2137 1688 2186 potentiam
1718 2145 1754 2173 et
1781 2144 1906 2174 actum
1935 2137 2158 2186 perfectum.

1531 2191 1590 2227 AD
1618 2202 1777 2227 TER-rium
1806 2201 1990 2227 monimum
2020 2190 2137 2237 quod,
2158 2189 2247 2238 quia
2273 2189 2373 2226 vires
2401 2201 2536 2238 appre-

1477 2243 1660 2280 hensivae
1689 2242 1843 2280 interius
1876 2250 2103 2291 praeparant
2137 2242 2337 2279 intellectui
2368 2242 2537 2291 possibili

1479 2295 1676 2344 proprium
1711 2295 1925 2342 obiectum3
1961 2295 2047 2332 ideo
2078 2307 2123 2332 ex
2156 2295 2258 2331 bona
2291 2295 2536 2343 dispositione

1478 2349 1614 2385 harum
1642 2348 1795 2396 virium,
1825 2348 1874 2385 ad
1902 2359 2019 2397 quam
2044 2354 2271 2396 cooperatur
2289 2348 2391 2384 bona
2411 2348 2538 2396 dispo-

1478 2401 1562 2438 sitio
1592 2401 1780 2450 corporis,
1810 2401 1978 2438 redditur
2010 2401 2130 2438 homo
2163 2400 2297 2437 habilis
2331 2400 2379 2437 ad
2407 2400 2538 2437 intelli-

1476 2454 1658 2502 gendum.
1688 2455 1738 2490 Et
1765 2454 1818 2490 sic
1845 2454 1995 2490 habitus
2032 2453 2279 2490 intellectivus
2312 2453 2536 2489 secundario

1476 2514 1601 2555 potest
1635 2518 1716 2543 esse
1745 2506 1784 2542 in
1812 2506 1890 2543 istis
1922 2506 2078 2543 viribus.
2114 2505 2371 2554 Principaliter
2408 2513 2536 2542 autern

1479 2566 1533 2595 est
1560 2558 1600 2595 in
1628 2558 1817 2595 intellectu
1844 2558 2026 2607 possibili.
2087 2555 2098 2567 ¹

1531 2689 1555 2722 δ)
1575 2690 1770 2715 consideratur.
1789 2696 1809 2708 -’
1826 2689 2024 2715 consideramus
2044 2690 2153 2714 codices.

1037 2849 1368 2882 Commenta-ia
1390 2848 1640 2881 Cardinalis
1660 2848 1860 2881 Caietam

390 2947 411 2967 N
437 2937 569 2968 articulo
593 2943 706 2977 quarto
731 2936 1010 2977 quinquagesimae
1031 2935 1239 2976 quaestionis,
1267 2946 1340 2966 cave
1363 2942 1416 2972 tu,

363 2949 577 3022 Idisputator,
593 2991 632 3011 ne
650 2980 826 3011 confundas
841 2980 995 3011 rationem
1009 2980 1133 3010 habitus
1149 2980 1204 3020 qui
1217 2986 1263 3010 est
1278 2980 1312 3010 in
1325 2979 1419 3011 intel-

360 3025 453 3062 lectu,
471 3032 501 3056 et
516 3025 641 3056 habitus
656 3024 833 3061 scientifici;
854 3031 884 3055 et
899 3031 1028 3064 propter
1043 3034 1078 3054 ea
1093 3034 1174 3064 quae
1190 3029 1220 3054 et
1234 3023 1285 3053 hic
1301 3023 1333 3053 in
1349 3033 1418 3054 cor-

361 3079 438 3109 pore
476 3075 506 3099 et
533 3069 566 3099 in
598 3069 801 3109 sequentibus
829 3068 966 3098 articulis
993 3068 1156 3104 dicuntur,
1187 3067 1303 3098 scilicet
1330 3067 1420 3108 quod

361 3113 479 3154 species
502 3113 712 3153 intelligibiles
735 3119 809 3143 sunt
830 3112 956 3143 habitus
971 3111 1156 3147 intellectus,
1173 3110 1335 3152 praecipiti
1349 3121 1420 3141 sen-

361 3157 457 3188 tentia
489 3164 596 3188 teneas
625 3156 771 3187 scientiae
799 3155 943 3187 habitum
967 3166 1032 3186 esse
1060 3155 1178 3196 species
1207 3155 1419 3195 intelligibiles

362 3201 529 3232 ordinatas.
554 3201 627 3231 Hoc
655 3200 740 3231 enim
762 3200 835 3231 hinc
862 3210 928 3230 non
951 3200 1063 3236 habes,
1087 3199 1147 3230 nisi
1169 3198 1345 3230 secundum
1368 3208 1419 3229 so-

501 3600 611 3625 Summr.
629 3599 730 3624 Tnaor„
750 3599 780 3623 D.
794 3599 907 3624 ‘summa
922 3598 953 3623 T.
973 3599 1010 3623 111.

1474 2936 1600 2975 phisma
1617 2935 1858 2976 Consequenfis,
1876 2936 1915 2966 ab
1939 2935 2047 2965 habitu
2072 2936 2110 2965 ad
2127 2935 2222 2965 talem
2241 2935 2384 2965 habitum
2408 2935 2536 2965 descen-

1475 2980 1591 3011 dendo.
1616 2980 1668 3010 Ad
1690 2980 1752 3010 hoc
1775 2979 1860 3010 enim
1890 2979 1979 3019 quod
2002 2979 2034 3009 in
2058 2979 2216 3009 intellectu
2241 2985 2271 3009 et
2295 2986 2403 3009 nostro
2428 2986 2459 3009 et
2479 2989 2534 3009 an-

1475 3023 1576 3063 gelico
1600 3023 1662 3054 sint
1690 3023 1829 3059 habitus,
1854 3030 1901 3053 sat
1923 3023 1983 3053 fuit
2010 3029 2184 3053 monstrare
2213 3023 2302 3063 quod
2332 3030 2406 3053 sunt
2428 3022 2461 3052 in
2492 3022 2536 3052 eis

1476 3067 1594 3107 species
1618 3067 1841 3107 intelligibiles:
1865 3067 2019 3108 quoniam
2048 3073 2121 3097 sunt
2143 3076 2214 3097 vere
2242 3067 2367 3097 habitus
2391 3066 2537 3097 determi-

1476 3117 1585 3141 nantes
1605 3111 1779 3151 potentiam
1796 3110 1972 3142 intellectus
1988 3110 2027 3140 ad
2043 3111 2166 3150 singula
2179 3110 2396 3150 intelligibilia.
2420 3111 2537 3141 Utrum

1477 3162 1583 3186 autem
1607 3161 1729 3195 praeter
1752 3154 1870 3195 species
1894 3155 1932 3185 sit
1955 3155 2034 3185 alius
2049 3154 2162 3195 aliquis
2179 3155 2313 3186 habitus.
2330 3154 2408 3184 nihil
2424 3154 2536 3185 dicitur

1476 3199 1540 3235 hic;
1565 3199 1620 3229 sed
1646 3209 1720 3229 cum
1743 3199 1782 3228 de
1806 3198 1937 3239 singulis
1960 3198 2150 3235 tractabitur,
2175 3198 2432 3229 determinabitur
2447 3198 2473 3229 *.

2356 3603 2386 3627 41

2563 562 2571 570 ·
2587 561 2642 588 Cap.
2659 561 2688 582 de
2702 561 2774 589 Quali

2563 589 2587 608 et
2601 588 2688 615 Quam.

2563 1245 2643 1293 §.citt
2657 1250 2713 1292 lael:
2725 1250 2750 1292 3:
2761 1255 2772 1260 ·

2562 1354 2573 1365 ’
2587 1353 2615 1375 D.
2632 1359 2677 1381 75²·

2562 1407 2771 1455 -sffssil'e'ahfiz

2562 3181 2573 3192 ⁸
2585 3181 2620 3202 Cf.
2630 3187 2667 3208 qu.
2676 3186 2721 3207 ων,
2733 3184 2773 3202 art.

2564 3214 2587 3234 4,
2603 3207 2732 3229 comment.
