2852 4152
389 231 464 267 290

388 298 524 335 Timor
558 307 685 337 autem
715 300 941 349 excluditur,
971 302 1181 338 secundum
1210 301 1323 337 istum
1361 312 1443 335 mo-

388 351 493 398 dum,
513 364 582 400 per
610 352 862 390 remotionem
886 353 1103 390 terribilium
1133 353 1440 401 appropinquan-

387 403 498 440 tium:
526 412 617 453 puta
646 405 734 454 quia
761 406 880 443 homo
901 419 978 442 non
1007 407 1120 442 habet
1147 405 1332 450 inimicos,
1354 404 1443 452 quia

387 455 477 493 nulli
495 457 635 504 nocuit,
651 458 738 506 quia
757 471 835 495 non
853 458 957 495 videt
972 458 1126 505 aliquod
1143 458 1353 506 periculum
1372 456 1442 492 im-

387 509 552 556 minere;
581 509 649 547 illis
669 510 770 547 enim
790 511 967 548 videntur
989 510 1153 547 maxime
1182 509 1348 558 pericula
1371 508 1440 545 im-

387 561 547 610 minere,
577 563 641 611 qui
669 563 748 599 aliis
777 570 997 599 nocuerunt.

440 615 497 650 Ex
522 622 628 663 parte
656 627 750 652 vero
775 614 1094 651 transmutationis
1115 612 1331 661 corporalis,
1355 625 1440 649 cau-

387 673 488 703 satur
515 667 672 704 audacia
699 679 767 716 per
793 667 1106 716 provocationem
1140 665 1219 714 spei
1250 672 1285 703 et
1318 666 1440 703 exclu-

244 716 261 741 Υ
385 719 533 756 sionem
561 719 716 766 timoris,
738 731 782 756 ex
809 719 867 757 his
885 723 900 747 Υ
928 731 1027 768 quae
1054 718 1194 755 faciunt
1213 718 1438 755 caliditatem

386 771 483 808 circa
498 785 574 809 cor.
595 772 704 809 Unde
723 771 976 819 Philosophus
997 771 1094 817 dicit,
1110 771 1148 807 in
1168 771 1263 807 libro
1283 772 1328 807 de
1345 772 1438 808 Par-

148 825 356 854 'L³b·¹¹¹r0³1³·¹v·
384 825 478 861 tibus
504 824 735 861 Animalium
757 824 787 870 ³¹²,
814 824 918 872 quod
946 824 1001 860 illi
1026 824 1091 872 qui
1115 824 1253 860 habent
1272 835 1437 872 parvum

384 889 450 913 cor
475 876 677 913 secundum
706 877 964 924 quantitatem,
993 882 1080 913 sunt
1105 877 1230 926 magis
1257 877 1439 921 audaces,-

383 935 419 965 et
430 929 610 966 animalia
624 929 796 965 habentia
815 941 999 979 magnum
1015 941 1082 966 cor
1098 929 1301 966 secundum
1322 941 1439 977 quan-

382 982 531 1027 titatem,
551 987 638 1018 sunt
658 981 803 1018 timida:
831 982 918 1030 quia
938 982 1044 1018 calor
1062 982 1244 1019 naturalis
1263 994 1337 1018 non
1358 987 1438 1018 tan-

381 1039 458 1070 tum
471 1039 593 1081 potest
610 1034 816 1082 calefacere
838 1046 1022 1084 magnum
1046 1046 1123 1080 cor,
1143 1035 1238 1070 sicut
1248 1046 1415 1082 parvum
1424 1048 1438 1078 ‚-

379 1086 473 1122 sicut
499 1087 597 1135 ignis
617 1098 690 1123 non
719 1092 861 1123 tantum
875 1093 998 1135 potest
1023 1087 1230 1135 calefacere
1252 1098 1435 1136 magnam

379 1139 543 1184 domum,
563 1139 658 1175 sicut
672 1151 849 1187 parvam.
873 1140 922 1176 Et
948 1139 986 1176 in
1014 1139 1109 1176 libro
1129 1140 1174 1176 de
1191 1139 1436 1175 Problemati—

141 1198 262 1246 JLoc-eit-
274 1198 350 1224 inarg·
380 1192 446 1227 hus
461 1191 481 1212 ’¹‘
496 1191 583 1228 dicit
601 1193 706 1240 quod
724 1193 899 1229 habentes
909 1192 1129 1240 pulmonem
1144 1190 1157 1213 δ
1171 1192 1435 1241 sanguineum,

153 1240 159 1246 ”
241 1251 254 1276 δ
377 1250 463 1280 sunt
489 1244 719 1290 audaciores,
733 1250 891 1292 propter
909 1245 1132 1282 caliditatem
1152 1245 1274 1281 cordis
1301 1245 1437 1282 exinde

379 1303 669 1345 consequentem.
692 1298 740 1333 Et
759 1297 901 1334 ibidem
922 1297 1009 1334 dicit
1028 1298 1134 1345 quod
1151 1297 1232 1334 vini
1248 1303 1436 1334 amatores

376 1355 463 1386 sunt
480 1350 603 1399 magis
621 1351 793 1396 audaces,
804 1356 962 1401 propter
980 1350 1204 1387 caliditatem
1219 1350 1315 1387 vini:
1330 1350 1433 1387 unde

139 1415 147 1423 ·
164 1413 259 1440 Quam,
272 1413 346 1435 arnt.
377 1409 414 1438 et
432 1414 545 1451 supra
559 1402 579 1424 '¹‘
599 1402 739 1439 dictum
762 1410 816 1440 est
844 1402 948 1452 quod
969 1403 1129 1440 ebrietas
1154 1402 1242 1440 facit
1260 1403 1309 1440 ad
1328 1402 1436 1440 boni-

427 1537 453 1570 γ)
473 1544 510 1561 ex
529 1536 576 1561 his.
595 1550 614 1555 -
633 1537 673 1560 vel
691 1543 728 1560 ex
746 1536 786 1560 his
806 1536 852 1561 Ρα.

1303 1624 1512 1631 ΜΝ

1065 223 1329 269 QUAESTIO
1359 223 1478 269 XLV,
1508 221 1803 258 ARTICULUS
1833 222 1884 258 IV

1497 307 1613 336 tatem
1634 299 1731 347 spei:
1753 299 1918 336 caliditas
1939 301 2040 338 enim
2062 302 2185 339 cordis
2205 302 2348 351 repellit
2366 302 2556 350 timorem,

1498 358 1534 387 et
1566 358 1694 387 causat
1721 362 1847 400 spem,
1881 360 2037 402 propter
2070 354 2194 391 cordis
2229 354 2486 392 extensionem
2522 363 2558 392 et

1496 403 1844 452 amplificationem.

1547 457 1606 492 Au
1626 467 1762 492 PRIMUM
1781 468 1880 493 ano
1907 468 2091 496 DICENDUM
2111 460 2215 508 quod
2239 459 2400 496 ebrietas
2427 466 2556 497 causat

1495 508 1706 555 audaciam,
1718 520 1797 545 non
1811 508 2036 557 inquantum
2051 519 2107 548 est
2122 512 2300 559 defectus,
2313 511 2381 548 sed
2395 511 2554 560 inquan-

1494 567 1575 596 tum
1595 560 1681 596 facit
1701 560 1824 597 cordis
1844 561 2117 601 dilatationem:
2139 572 2175 601 et
2193 565 2418 613 inquantum
2439 564 2551 601 etiam

1494 612 1580 649 facit
1599 612 1902 651 aestimationem
1932 615 2130 653 cuiusdam
2158 616 2438 665 magnitudinis.
2460 613 2463 615 ’

1546 667 1605 701 AD
1634 677 1823 703 SECUNDUM
1850 678 2034 705 DICENDUM
2068 669 2173 717 quod
2205 669 2254 706 illi
2283 668 2349 717 qui
2376 676 2463 706 sunt
2495 668 2551 705 in-

1494 717 1634 766 experti
1651 718 1919 766 periculorum,
1940 728 2026 757 sunt
2045 721 2279 765 audaciores,
2299 734 2378 759 non
2396 728 2552 770 propter

1495 770 1699 818 defectum,
1730 771 1797 808 sed
1824 783 1894 820 per
1921 772 2112 810 accidens:
2137 769 2361 823 inquantum
2389 774 2549 821 scilicet,

1492 830 1648 872 propter
1675 823 1998 872 inexperientiam,
2028 837 2152 874 neque
2181 826 2409 864 debilitatem
2439 838 2549 864 suam

1494 883 1742 924 cognoscunt,
1772 888 1897 926 neque
1923 877 2178 925 praesentiam
2205 876 2474 927 periculorum.
2499 880 2550 916 Et

1491 928 1561 975 ita,
1590 941 1660 977 per
1692 929 1988 966 subtractionem
2018 942 2154 967 causae
2187 930 2352 980 timoris,
2381 931 2550 980 sequitur

1492 981 1662 1018 audacia.

1544 1035 1603 1070 AD
1630 1045 1790 1070 TERTmM
1819 1046 2002 1072 mmmmm
2034 1034 2151 1082 quod,
2172 1034 2267 1072 sicut
2292 1036 2548 1085 Philosophus

1492 1085 1580 1122 dicit
1607 1086 1646 1122 in
1675 1087 1706 1122 II
1734 1087 1923 1124 Rhetoric.
1953 1087 1988 1134 ²⁸,
2015 1088 2191 1124 iniustum
2213 1089 2320 1136 passi
2345 1089 2551 1126 redduntur

1490 1138 1730 1185 audaciores,
1760 1139 1849 1187 quia
1881 1140 2080 1177 aestimant
2112 1140 2212 1188 quod
2241 1142 2345 1178 Deus
2373 1141 2549 1178 iniustum

1483 1191 1606 1239 passis
1638 1191 1823 1229 auxilium
1850 1193 1964 1239 ferat.

1542 1244 1592 1280 Et
1610 1244 1663 1281 sic
1689 1251 1793 1293 patet
1811 1245 1918 1292 quod
1945 1245 2068 1282 nullus
2087 1245 2255 1283 defectus
2279 1253 2409 1282 causat
2435 1245 2551 1283 auda-

1491 1297 1587 1334 ciam
1616 1297 1687 1333 nisi
1706 1310 1775 1346 per
1802 1297 1998 1335 accidens:
2022 1298 2250 1347 inquantum
2270 1298 2410 1335 scilicet
2435 1298 2552 1335 habet

1490 1348 1708 1387 adiunctam
1737 1350 1901 1399 aliquam
1932 1351 2206 1398 excellentiam,
2235 1352 2298 1388 vel
2325 1361 2459 1388 veram
2487 1351 2550 1388 vel

1491 1402 1740 1450 aestimatam,
1759 1403 1822 1440 vel
1847 1415 1891 1440 ex
1910 1411 2015 1452 parte
2036 1403 2094 1440 sui
2111 1405 2173 1441 vel
2193 1416 2239 1440 ex
2257 1411 2363 1453 parte
2385 1403 2547 1440 alterius.

1539 1535 1563 1568 δ)
1579 1537 1740 1568 pulmonem.
1759 1550 1777 1556 -
1796 1544 1923 1570 magnum
1939 1538 2092 1569 pulmonem
2113 1538 2169 1563 Ρα.”

1152 1698 1468 1740 ARTICULUS
1498 1698 1769 1751 QUARTUS

607 1793 761 1824 UTRUM
784 1791 984 1823 AUDACES
1008 1791 1104 1822 SINT
1127 1791 1431 1822 PROMPTloREs
1454 1791 1497 1821 IN
1519 1790 1732 1822 PRtNC1P1o
1756 1790 1882 1828 QUAM
1906 1790 1948 1835 iN
1973 1789 2070 1820 IPSIS
2092 1790 2315 1821 PERICULIS

1321 1868 1351 1893 111
1372 1868 1466 1898 Echio„

429 1982 454 2005 ,κ
494 1981 538 2006 μς
588 1969 609 1993 D
631 1969 802 1999 QUARTUM
821 1969 874 1993 sm
892 1968 1130 1993 PROCEDITUR.
1151 1955 1310 1993 Videtur
1328 1956 1433 2003 quod

589 2010 752 2046 audaces
780 2022 859 2046 non
886 2009 959 2046 sint
985 2009 1239 2058 promptiores
1267 2008 1305 2045 in
1332 2008 1434 2056 prin-

454 2076 506 2095 *W

413 2089 521 2142 *⁵54⁹*
544 2105 690 2151 enim
724 2127 769 2151 ex
801 2115 935 2151 timore
970 2122 1164 2163 causatur,
1195 2114 1259 2163 qui
1288 2122 1434 2151 contra-

139 2176 349 2203 ”Art-uqu-xmv,
379 2166 493 2203 riatur
521 2167 712 2215 audaciae,
733 2175 775 2204 ut
795 2180 839 2204 ex
860 2167 964 2204 dictis
982 2167 1002 2189 ‘¹‘
1028 2175 1141 2216 patet.
1173 2168 1249 2204 Sed
1269 2167 1434 2204 audaces

140 2206 216 2230 ‘²⁸⁸'
379 2219 607 2268 quandoque
636 2221 673 2257 in
701 2220 884 2269 principio
914 2228 1090 2266 tremunt,
1119 2228 1161 2256 ut
1178 2220 1434 2268 Philosophus

139 2286 149 2295 ·
170 2284 231 2305 sect.
251 2283 348 2310 xxvn,
379 2272 476 2318 dicit,
496 2271 534 2308 in
557 2273 652 2309 libro
680 2274 726 2309 de
752 2273 1047 2310 Problematibus
1063 2273 1095 2309 *.
1125 2273 1226 2319 Ergo
1251 2284 1329 2309 non
1349 2280 1435 2309 sunt

140 2311 266 2332 Pr⁰b¹’¹¹¹'
377 2324 629 2373 promptiores
657 2326 695 2362 in
724 2325 907 2374 principio
941 2337 1058 2373 quam
1086 2325 1123 2362 in
1151 2325 1241 2373 ipsis
1259 2325 1434 2373 periculis

380 2384 589 2414 eX1stentes.

433 2441 468 2466 2.
497 2431 729 2478 PRAETEREA,
758 2443 827 2479 per
853 2438 1101 2478 augmentum
1121 2429 1259 2466 obiecti
1278 2437 1435 2477 augetur

378 2482 525 2531 passio:
555 2483 650 2519 sicut
676 2484 707 2520 si
735 2484 879 2520 bonum
902 2490 956 2519 est
975 2483 1150 2529 amabile,
1172 2490 1208 2519 et
1225 2482 1347 2530 magis
1367 2483 1434 2519 bo-

379 2546 471 2571 num
503 2543 557 2572 est
584 2536 703 2583 magis
736 2536 906 2572 amabile.
943 2536 1020 2572 Sed
1054 2537 1217 2573 arduum
1247 2543 1302 2571 est
1330 2535 1433 2571 obie-

380 2595 482 2624 ctum
497 2588 689 2625 audaciae.
717 2590 973 2637 Augmentato
991 2600 1078 2636 ergo
1100 2589 1232 2634 arduo,
1254 2599 1434 2635 augmen-

378 2647 476 2676 tatur
503 2641 672 2678 audacia.
704 2642 781 2678 Sed
809 2641 929 2689 magis
956 2642 1000 2678 fit
1027 2641 1189 2678 arduum
1218 2647 1254 2677 et
1282 2640 1432 2677 difficile

378 2693 600 2741 periculum,
626 2695 780 2742 quando
806 2702 861 2731 est
880 2705 1069 2743 praesens.
1092 2695 1194 2741 Ergo
1215 2694 1327 2730 debet
1345 2701 1434 2730 tunc

379 2746 498 2793 magis
527 2759 694 2783 crescere
723 2747 891 2784 audacia.
1316 2754 1317 2757 ’

235 2813 252 2829 α
432 2799 465 2835 3.
496 2801 726 2847 PRAETEREA,
757 2812 802 2836 ex
822 2805 840 2821 ‘²
867 2799 1087 2836 vulneribus
1116 2799 1264 2835 inflictis
1291 2811 1433 2847 provo-

380 2859 483 2887 catur
510 2852 574 2889 ira.
612 2853 687 2889 Sed
722 2853 776 2890 ira
805 2860 934 2889 causat
965 2852 1184 2889 audaciam:
1215 2851 1302 2889 dicit
1331 2851 1432 2888 enim

278 2915 300 2929 ¹¹-
320 2915 350 2930 ²¹·
378 2904 644 2953 Philosophus,
664 2905 702 2942 in
723 2907 754 2942 ΙΙ
774 2906 962 2942 Rhetoric.
983 2905 1015 2951 ²⁸,
1035 2905 1141 2954 quod
1170 2905 1227 2941 ira
1251 2910 1305 2941 est
1334 2905 1432 2941 ausi-

377 2968 477 2993 vum.
508 2959 608 3005 Ergo
637 2958 792 3006 quando
813 2958 889 2995 iam
909 2966 995 2995 sunt
1023 2958 1061 2994 in
1080 2957 1169 3006 ipsis
1188 2957 1374 3006 periculis,
1397 2965 1432 2994 et

377 3010 654 3058 percutiuntur,
683 3011 834 3048 videtur
866 3011 970 3060 quod
1007 3011 1127 3058 magis
1157 3011 1320 3048 audaces
1349 3010 1432 3047 red-

140 2907 150 2917 *
170 2907 226 2935 Cap.
242 2915 263 2933 v.

380 3061 524 3098 dantur.

141 3102 351 3172 3ffi3v11333-33s
432 3115 506 3151 SED
535 3126 679 3152 CONTRA
711 3127 775 3153 EST
808 3117 911 3165 quod
944 3116 1078 3154 dicitur
1110 3117 1147 3153 in
1176 3118 1225 3152 Ill
1253 3116 1373 3154 Ethic.
1393 3116 1431 3163 *,

241 3177 255 3210 β
379 3167 482 3215 quod
501 3168 662 3205 audaces
681 3170 943 3216 praevolantes
963 3168 977 3199 β
1004 3175 1091 3206 sunt
1107 3175 1143 3206 et
1158 3170 1320 3206 volentes
1348 3175 1434 3206 ante

372 3220 563 3267 pericula,
593 3221 629 3257 in
659 3222 745 3268 ipsis
772 3227 894 3258 autem
923 3223 1121 3259 discedunt.

431 3274 655 3310 Resposmzo
688 3285 869 3311 mot-:unum
903 3276 1005 3323 quod
1044 3275 1222 3321 audacia,
1262 3287 1350 3311 cum
1389 3275 1434 3311 sit

379 3325 533 3373 quidam
554 3333 680 3363 motus
705 3326 890 3375 appetitus
914 3327 1091 3375 sensitivi,
1113 3327 1280 3376 sequitur
1299 3339 1432 3377 appre-

432 3465 458 3494 α)
477 3471 521 3489 ex.
538 3478 558 3483 -
576 3465 636 3489 Om.
655 3465 882 3489 ABCDFGHIKL.

432 3498 457 3530 β)
466 3500 661 3530 praevolantes.
675 3513 693 3518 —
706 3500 850 3524 revolentes
865 3500 1070 3531 ABCDGHIKL,
1086 3501 1234 3526 revolantes
1246 3501 1276 3526 E.
1291 3515 1309 3520 -
1324 3502 1373 3526 Pro
1388 3509 1432 3526 νο-

378 3534 467 3561 lentes,
488 3535 604 3559 volantes
623 3534 881 3566 ABCEFGHIKLpD
901 3540 925 3559 et
944 3542 968 3559 a.

1487 1869 1545 1893 lect.
1563 1876 1603 1893 xv.

1488 1955 1714 1992 hensionem
1738 1955 1937 1992 sensitivae
1956 1961 1973 1983 Υ
1990 1955 2148 1993 virtutis.
2168 1955 2295 1993 Virtus
2314 1963 2442 1993 autem
2465 1969 2551 1994 sen-

1489 2008 1597 2045 sitiva
1630 2021 1708 2054 non
1746 2016 1801 2045 est
1829 2008 2003 2045 collativa
2036 2021 2108 2045 nec
2142 2008 2359 2057 inquisitiva
2386 2009 2550 2057 singulo-

1489 2073 1571 2097 rum
1601 2073 1699 2109 quae
1738 2061 1980 2098 circumstant
2008 2073 2110 2108 rem,
2141 2062 2208 2098 sed
2241 2061 2408 2098 subitum
2435 2062 2551 2099 habet

1488 2113 1681 2151 iudicium.
1712 2114 1903 2162 Contingit
1931 2121 2059 2151 autem
2094 2114 2327 2163 quandoque
2355 2115 2461 2164 quod
2493 2127 2551 2152 se-

1489 2167 1661 2203 cundum
1694 2166 1857 2203 subitam
1893 2167 2238 2216 apprehensionem
2274 2179 2352 2205 non
2389 2175 2551 2216 possunt

1489 2219 1667 2266 cognosci
1696 2219 1825 2255 omnia
1853 2231 1951 2268 quae
1981 2220 2239 2256 difficultatem
2266 2220 2305 2257 in
2333 2220 2459 2270 aliquo
2484 2226 2549 2258 ne‘-

1488 2271 1590 2319 gotio
1626 2271 1806 2308 afferunt:
1836 2272 1938 2308 unde
1973 2273 2088 2320 surgit
2123 2272 2306 2309 audaciae
2340 2280 2468 2311 motus
2499 2274 2550 2313 a'd

2575 1099 2584 1108 '
2600 1098 2658 1126 cap.
2672 1104 2696 1125 v,
2710 1104 2733 1120 n.
2747 1103 2771 1121 ²1

1489 2324 1783 2371 aggrediendum
1811 2324 2034 2372 periculum.
2064 2325 2175 2362 Unde
2203 2325 2358 2372 quando
2385 2325 2463 2364 iam
2480 2330 2549 2365 exl—
2579 2364 2581 2371 Α

1487 2376 1683 2424 periuntur
1718 2376 1844 2426 ipsum
1881 2377 2111 2425 periculum,
2155 2377 2319 2414 sentiunt
2361 2374 2548 2420 maiorei'n

1489 2429 1747 2466 difficultatem
1775 2441 1892 2477 quam
1921 2429 2228 2467 aestimaverunt.
2254 2431 2304 2467 Et
2330 2430 2418 2468 ideo
2451 2430 2544 2468 defi-

1489 2489 1602 2518 ciunt.

1543 2534 1620 2571 Sed
1636 2534 1728 2570 ratio
1750 2542 1805 2571 est
1825 2534 2032 2571 discussiva
2046 2533 2059 2556 δ
2075 2535 2250 2572 omnium
2270 2547 2370 2583 quae
2385 2535 2549 2573 afferunt

1490 2587 1749 2624 difficultatem
1769 2587 1932 2634 negotio.
1954 2588 2003 2623 Et
2017 2587 2104 2624 ideo
2120 2588 2247 2634 fortes,
2264 2588 2329 2636 qui
2344 2599 2390 2624 ex
2408 2588 2547 2626 iudicio

1489 2639 1643 2676 rationis
1672 2640 1938 2687 aggrediuntur
1955 2639 2134 2688 pericula,
2155 2640 2193 2677 in
2213 2640 2398 2689 principio
2416 2640 2551 2678 viden·-

1488 2700 1548 2729 tur
1567 2692 1729 2729 remissi:
1755 2692 1843 2741 quia
1862 2705 1940 2729 non
1955 2692 2068 2741 passi,
2085 2693 2153 2730 sed
2169 2705 2257 2730 cum
2277 2693 2548 2732 deliberatione

1489 2745 1615 2782 debita
1643 2745 1919 2793 aggrediuntur.
1948 2746 2114 2792 Quando
2144 2753 2271 2783 autem
2295 2754 2383 2783 sunt
2400 2746 2439 2783 in
2458 2746 2548 2795 ipsis

1487 2798 1679 2847 periculis,
1709 2810 1788 2835 non
1820 2798 2061 2847 experiuntur
2093 2798 2234 2848 aliquid
2271 2798 2546 2848 improvisum

1488 2851 1556 2888 sed
1585 2851 1816 2900 quandoque
1850 2851 2000 2888 minora
2032 2850 2102 2888 illis
2134 2862 2232 2900 quae
2264 2853 2548 2901 praecogitave-

1489 2911 1584 2941 runt.
1606 2905 1655 2940 Et
1682 2904 1783 2945 ideo,
1802 2904 1922 2952 magis
1949 2904 2162 2953 persistunt.
2179 2905 2288 2942 -Vel
2316 2904 2429 2942 etiam
2457 2905 2549 2953 quia

1487 2964 1642 3006 propter
1683 2957 1829 2994 bonurn
1865 2957 2013 2994 virtutis
2049 2957 2216 3006 pericula
2257 2958 2546 3006 aggrediuntur,

1489 3010 1594 3046 cuius
1614 3010 1705 3046 boni
1724 3011 1901 3047 voluntas
1920 3010 1959 3047 in
1975 3010 2028 3047 eis
2046 3017 2277 3060 perseverat,
2298 3018 2548 3058 quantacum-

1488 3075 1563 3112 que
1591 3062 1664 3099 sint
1689 3062 1867 3111 pericula.
1887 3063 2065 3100 Audaces
2084 3071 2225 3110 autem,
2250 3071 2406 3112 propter
2424 3064 2547 3101 solam

1487 3115 1792 3153 aestimationem
1826 3116 2027 3153 facientem
2065 3128 2173 3166 spem
2210 3124 2247 3153 et
2282 3112 2547 3154 excludentem

1488 3169 1677 3215 timorem,
1707 3169 1800 3206 sicu't
1828 3169 1970 3206 dictum
1999 3176 2055 3206 est
2071 3169 2102 3206 ⁸¹⁶.
2161 3194 2163 3198 .

1541 3224 1600 3258 AD
1620 3233 1756 3259 ptumum
1775 3233 1873 3259 ERGO
1902 3233 2085 3259 DlCENDUM
2105 3222 2211 3271 quod
2230 3221 2343 3259 etiam
2365 3222 2548 3259 inauda-

1490 3275 1595 3311 cibus
1610 3275 1744 3312 accidit
1763 3282 1916 3322 tremor,
1933 3282 2089 3323 propter
2108 3275 2392 3312 revocationem
2412 3273 2546 3311 catoris

1489 3328 1536 3364 ab
1558 3327 1804 3364 exterioribus
1825 3328 1873 3364 ad
1892 3327 2081 3375 interiora,
2107 3328 2201 3365 sicut
2220 3327 2334 3364 etiam
2353 3327 2392 3364 in
2409 3326 2546 3364 timen-

1541 3470 1566 3500 γ)
1586 3467 1736 3492 sensitivae.
1753 3480 1772 3485 -—
1789 3466 1951 3498 appetitivae
1971 3467 2016 3491 Pa.

1541 3501 1565 3535 δ)
1586 3502 1740 3527 άίεειιςςίνα.
1757 3515 1777 3521 -
1794 3502 1942 3526 discut-siva
1961 3503 2005 3526 Pa.

2572 3174 2584 3186 ⁸
2596 3175 2649 3197 Art.
2663 3175 2769 3203 praeced.
