2846 4146
12 214 14 219 .
0 119 13 198 Jssssrr'
4 106 6 112 ν
0 0 10 98 ΐῑεε

267 364 307 383 xn,
319 363 342 378 n.

132 358 272 406 {cnsc‘aprb-
289 384 341 405 lect.

132 417 197 432 XXVI.

133 783 263 811 'Text.17.-
270 783 340 806 8:171.

132 810 182 831 lect.
198 816 220 831 v.

130 992 142 1004 ⁸
157 991 214 1019 cap.
226 996 312 1013 ιιι-κω.

1066 218 1332 263 QUAESTIO
1362 218 1443 264 LV,
1473 218 1767 255 ARTICULUS
1796 219 1827 254 ΙΙ

369 297 488 333 virtus
514 308 592 332 non
620 296 745 331 solum
774 294 823 330 ad
852 307 979 342 agere,
1010 296 1077 332 sed
1106 296 1218 332 etiam
1249 297 1297 332 ad
1326 308 1424 332 esse:

370 356 411 385 ut
437 355 540 396 patet
566 359 637 397 per
663 346 950 395 Philosophum,
973 348 1011 384 in
1032 349 1045 384 I
1066 348 1112 384 de
1135 348 1247 384 Caelo
1262 347 1294 395 ³¹²,
1321 349 1425 396 quod

371 399 560 450 quaedam
589 399 731 437 habent
756 399 934 436 virtutem
962 408 1002 436 ut
1031 400 1103 437 sint
1126 412 1288 449 semper,
1311 413 1426 449 quae—

371 453 461 490 dam
488 465 582 490 vero
612 464 690 489 non
719 451 768 488 ad
796 452 870 488 hoc
898 453 1002 500 quod
1030 453 1103 489 sint
1130 465 1294 502 semper,
1325 453 1392 490 sed
1411 451 1426 482 β

370 506 496 554 aliquo
525 513 698 553 tempore
728 503 989 541 determinato.
1022 505 1098 542 Sed
1127 505 1222 542 sicut
1249 518 1289 542 se
1311 506 1428 543 habet

369 559 488 595 virtus
516 557 694 594 naturalis
719 556 760 592 in
788 557 901 592 rebus
920 558 1163 604 naturalibus,
1185 558 1235 594 ita
1254 570 1294 594 se
1313 559 1428 595 habet

369 611 486 648 virtus
514 611 682 646 humana
701 609 740 645 in
760 608 1015 646 rationalibus.
1046 611 1148 657 Ergo
1174 610 1287 647 etiam
1307 611 1427 648 virtus

370 664 537 700 humana
565 673 644 699 non
673 661 797 698 solum
828 669 883 698 est
910 662 959 698 ad
987 663 1210 712 agere,lsed
1239 662 1351 700 etiam
1379 664 1427 701 ad

370 728 465 753 esse.
1090 746 1091 749 ,

425 769 459 809 3.
476 769 708 812 PRAETEREA,
726 766 978 815 Philosophus
994 767 1093 814 dicit,
1110 767 1147 804 in
1158 767 1227 803 Vll
1242 768 1426 816 Pitysic.*,

369 820 475 869 quod
505 820 624 856 virtus
659 826 714 855 est
745 819 932 866 dispositio
959 820 1120 868 perfecti
1150 820 1202 856 ad
1233 821 1425 867 optimum.

369 872 571 922 Optimum
600 878 729 908 autem
758 872 807 908 ad
831 872 936 921 quod
963 872 1160 909 hominem
1183 880 1334 920 oportet
1356 873 1429 910 dis-

367 924 459 975 poni
484 930 500 953 Υ
527 937 596 973 per
628 923 827 971 virtutem,
870 932 925 960 est
955 924 1035 973 ipse
1063 925 1184 970 Deus,
1221 931 1263 961 ut
1293 926 1430 974 probat

366 978 598 1026 Augustinus
626 977 663 1013 in
691 976 786 1013 libro
816 978 847 1013 II
876 977 922 1013 de
944 978 1120 1013 Moribus
1150 977 1290 1014 Eccles.
1313 977 1351 1023 *;
1380 979 1428 1016 ad

368 1043 483 1080 quem
522 1029 733 1078 disponitur
768 1029 895 1066 anima
928 1041 998 1078 per
1034 1029 1341 1066 assimilationem
1379 1031 1428 1068 ad

369 1083 506 1132 ipsum.
537 1083 639 1130 Ergo
658 1081 809 1118 videtur
828 1083 932 1130 quod
955 1081 1074 1119 virtus
1100 1082 1243 1118 dicatur
1271 1083 1428 1131 qualitas

369 1135 557 1184 quaedam
588 1134 736 1172 animae
765 1134 803 1170 in
831 1134 963 1171 ordine
992 1135 1041 1171 ad
1069 1136 1214 1182 Deum,
1245 1143 1427 1184 tanquam

369 1187 612 1225 assimilativa
631 1185 644 1209 δ
669 1187 718 1223 ad
746 1186 889 1235 ipsum:
919 1199 997 1224 non
1017 1195 1146 1224 autem
1168 1187 1204 1224 in
1226 1188 1358 1225 ordine
1378 1189 1427 1226 ad

369 1240 646 1290 operationem.
677 1240 768 1276 Non
797 1239 907 1286 igitur
935 1247 991 1276 est
1017 1239 1167 1276 habitus
1196 1241 1424 1288 operativus.

424 1294 498 1330 SED
528 1304 673 1329 CONTRA
700 1303 767 1328 EST
794 1291 899 1340 quod
931 1291 1187 1340 Philosophus
1216 1292 1314 1339 dicit,
1335 1293 1373 1329 in
1394 1295 1425 1330 II

366 1346 486 1382 Ethic.
511 1345 543 1391 ²¹²,
574 1344 678 1392 quod
705 1344 824 1380 virtus
852 1344 1142 1392 uniuscuiusque
1169 1345 1227 1380 rei
1251 1351 1307 1381 est
1331 1357 1427 1392 quae

310 1443 313 1446 ‚
367 1395 465 1449 optes,
486 1397 564 1435 eius
593 1398 731 1434 bonum
760 1396 888 1432 reddit.

334 1448 341 1453 ’
421 1450 647 1487 ΒΕεΡοΝυΕο
662 1458 846 1498 mesanum
862 1448 968 1496 quod
981 1447 1112 1499 virtus,
1126 1459 1170 1484 ex
1184 1448 1266 1497 ipsa
1282 1449 1426 1486 ratione

366 1499 544 1548 nominis,
565 1502 744 1551 importat
772 1500 968 1549 quandam
984 1500 1264 1549 perfectionem
1291 1509 1424 1550 poten-

317 1578 323 1584 ·
365 1554 451 1604 tiae,
480 1562 522 1591 ut
540 1565 655 1604 supra
673 1553 695 1575 ²¹⁵
713 1552 855 1591 dictum
881 1561 947 1590 est.
968 1553 1092 1600 Unde,
1114 1565 1200 1590 cum
1222 1553 1361 1602 duplex
1380 1554 1427 1591 sit

365 1604 547 1657 potentia,
578 1603 718 1644 scilicet
743 1604 912 1655 potentia
941 1605 989 1643 ad
1014 1618 1096 1643 esse
1125 1613 1162 1643 et
1178 1606 1348 1655 potentia
1376 1608 1424 1644 ad

337 1683 339 1686 -
366 1671 490 1709 agere,
501 1659 698 1709 utriusque
711 1658 904 1708 potentiae
918 1658 1099 1707 perfectio
1113 1658 1232 1695 virtus
1251 1667 1422 1697 vocatur.

367 1710 444 1751 Se‘d
471 1712 640 1763 potentia
659 1711 707 1749 ad
732 1715 814 1749 e'sse
835 1723 874 1748 se
903 1718 1006 1747 tenet
1035 1723 1080 1748 ex
1098 1718 1204 1760 parte
1228 1710 1420 1760 materiae,

365 1762 463 1815 quae
484 1773 540 1802 est
559 1777 626 1803 ens
644 1764 684 1802 in
701 1763 887 1814 potentia:
906 1763 1076 1814 potentia
1095 1772 1223 1801 autem
1243 1764 1292 1802 ad
1311 1777 1421 1813 agere

364 1830 405 1867 se
422 1825 528 1855 tenet
554 1829 600 1855 ex
626 1825 732 1867 parte
760 1817 907 1854 formae
934 1817 967 1864 ⁸,
988 1828 1086 1867 quae
1116 1825 1171 1854 est
1193 1817 1421 1866 principium

364 1870 520 1920 agendi,
551 1883 598 1908 eo
627 1870 732 1919 quod
759 1870 1066 1919 unumquodque
1095 1869 1169 1918 agit
1195 1870 1422 1918 inquantum

142 1924 164 1961 ’,
208 1946 214 1954 κ
365 1930 423 1960 est
448 1931 546 1960 actu.

416 1977 460 2014 In
489 1974 755 2013 constitutione
776 1983 904 2012 autem
932 1975 1110 2023 hominis,
1133 1987 1270 2024 corpus
1294 1988 1334 2012 se
1358 1975 1423 2012 ha-

363 2029 428 2066 bet
446 2033 459 2050 ⁸
486 2029 582 2066 sicut
608 2027 782 2076 materia,
811 2027 940 2065 anima
966 2039 1061 2064 vero
1090 2027 1185 2064 sicut
1212 2029 1345 2065 forma.
1375 2029 1425 2066 Et

364 2088 547 2130 quantum
575 2081 731 2135 quidem
760 2081 809 2118 ad
839 2092 992 2130 corpus,
1021 2081 1140 2117 homo
1170 2081 1426 2118 communicat

416 2185 442 2219 β)
462 2184 516 2211 s'ed.
534 2199 554 2204 -
571 2185 642 2217 quod
659 2184 715 2210 sint
731 2185 828 2209 addunt
844 2184 1051 2209 ABCDGfflKL.

432 2221 442 2254 )
462 2220 576 2252 disponi.
591 2233 612 2240 --
629 2220 769 2252 disponere
787 2222 813 2244 et
831 2220 1006 2252 ABFGleH,
1025 2221 1165 2252 disponere
1183 2220 1324 2245 CDEKsH.

411 2230 441 2290 ἔ)
460 2255 643 2280 assimilativa.
662 2255 856 2279 --assimilatio
876 2255 926 2279 EF.

411 2291 438 2324 a)
458 2291 543 2315 habet.
561 2304 581 2309 -
597 2293 669 2315 tenet
685 2290 732 2314 Pa.

2461 222 2528 258 351

1482 307 1569 332 cum
1599 296 1677 332 aliis
1697 297 1939 342 animalibus;
1969 305 2004 333 et
2024 298 2190 334 similiter
2209 308 2390 347 quantum
2411 301 2458 336 ad
2477 300 2531 335 vi-

1481 360 1539 384 res
1574 360 1671 396 quae
1704 356 1791 385 sunt
1818 348 1968 385 animae
2003 356 2038 386 et
2071 351 2219 398 corpori
2246 349 2258 375 ζ
2287 363 2531 397 communes;

1482 400 1584 438 solae
1613 407 1739 437 autem
1766 401 1849 438 illae
1886 401 1999 451 vires„
2015 414 2112 450 quae
2141 411 2227 439 sunt
2249 404 2421 452 propriae
2455 403 2532 440 ani-

1481 465 1579 500 mae,
1604 453 1743 490 scilicet
1770 453 1981 501 rationales,
2011 462 2098 492 sunt
2116 454 2282 491 hominis
2301 463 2458 492 tantum.
2485 457 2533 492 Et

1480 505 1568 541 ideo
1586 505 1705 542 virtus
1725 506 1905 553 humana,
1927 507 1974 543 de
1993 518 2070 554 qua
2089 507 2292 555 loquimur,
2313 519 2389 543 non
2410 515 2533 555 potest

1479 557 1666 606 pertinere
1695 559 1743 595 ad
1767 570 1922 607 corpus;
1944 559 2011 595 sed
2029 559 2190 607 pertinet
2207 565 2226 586 η
2245 567 2391 596 tantum
2420 560 2468 596 ad
2495 560 2532 596 id

1481 610 1586 658 quod
1606 618 1661 647 est
1688 611 1885 659 proprium
1906 611 2067 648 animae.
2088 611 2198 648 Unde
2217 611 2335 648 virtus
2363 612 2530 649 humana

1482 675 1560 699 non
1588 663 1767 711 importat
1803 663 1978 701 ordinem
2015 664 2064 701 ad
2091 676 2195 711 esse,
2224 664 2291 701 sed
2329 664 2447 711 magis
2484 664 2533 701 ad

1481 727 1602 762 agere.
1633 716 1682 752 Et
1707 715 1793 752 ideo
1823 716 1869 752 de
1898 716 2042 753 ratione
2078 716 2226 753 virtutis
2253 717 2443 753 humanae
2477 724 2532 753 est

1481 767 1585 814 quod
1614 767 1659 804 sit
1685 768 1833 804 habitus
1862 768 2091 817 operativus.

1534 821 1592 855 An
1612 831 1748 857 PRIMUM
1768 832 1865 857 ERGO
1885 832 2068 858 DICENDUM
2087 821 2191 869 quod
2219 822 2358 858 modus
2377 821 2533 857 actionis

1482 871 1659 919 sequitur·
1693 872 1978 921 dispositionem
2019 873 2186 921 agentis:
2228 875 2532 922 unumquodque

1483 924 1583 960 enim
1605 925 1715 973 quale
1736 933 1802 972 est,
1822 925 1907 962 talia
1928 934 2115 974 operatur.
2132 927 2182 963 Et
2198 926 2297 973 ideo,
2315 938 2400 962 cum
2415 926 2533 963 virtus

1482 976 1528 1012 sit
1553 976 1779 1025 principium
1809 978 1978 1025 aliqualis
1998 979 2237 1026 operationis,
2258 986 2405 1027 oportet
2429 979 2533 1027 quod

1481 1028 1519 1065 in
1548 1037 1729 1077 operante
1761 1030 1986 1078 praeexistat
2019 1032 2230 1068 secundum
2258 1031 2436 1067 virtutem
2470 1031 2533 1067 ali·-

1483 1093 1557 1128 qua
1585 1079 1598 1102 0
1628 1082 1833 1118 conformis
1871 1082 2075 1131 dispositio.
2111 1084 2215 1119 Facit
2252 1091 2377 1119 autem
2414 1083 2532 1120 virtus

1481 1134 1742 1182 operationem
1778 1135 2002 1172 ordinatam.
2028 1137 2077 1172 Et
2105 1135 2190 1172 ideo
2225 1136 2305 1183 ipsa
2333 1135 2449 1172 virtus
2478 1144 2534 1172 est

1481 1186 1671 1233 quaedam
1692 1186 1885 1236 dispositio
1906 1188 2076 1224 ordinata
2096 1188 2133 1224 in
2159 1188 2301 1224 anima:
2322 1189 2531 1225 secundum

1481 1238 1619 1275 scilicet
1645 1240 1750 1288 quod
1778 1241 1967 1288 potentiae
1996 1246 2003 1261 ‘
2037 1241 2186 1276 animae
2224 1240 2444 1277 ordinantur
2471 1241 2532 1277 ali-

1481 1291 1637 1339 qualiter
1673 1292 1722 1328 ad
1756 1292 1941 1339 invicem,
1972 1300 2008 1329 et
2036 1293 2084 1341 ad
2112 1293 2150 1330 id
2187 1293 2292 1340 quod
2322 1300 2377 1329 est
2414 1300 2528 1330 extra.

1481 1344 1529 1379 Et
1552 1343 1638 1379 ideo
1666 1344 1797 1392 virtus,
1818 1345 2042 1393 inquantum
2071 1352 2126 1381 est
2149 1345 2380 1382 conveniens
2406 1346 2531 1394 dispo-

1480 1395 1563 1431 sitio
1593 1396 1756 1443 animae,
1786 1397 2011 1434 assimilatur
2029 1397 2175 1434 sanitati
2196 1405 2232 1434 et
2250 1397 2530 1445 pulchritudini,

1480 1459 1578 1496 quae
1607 1456 1693 1484 sunt
1713 1449 1859 1485 debitae
1881 1449 2146 1498 dispositiones
2167 1450 2346 1498 corporis.
2369 1450 2446 1487 Sed
2464 1463 2532 1499 per

1479 1500 1554 1536 hoc
1581 1513 1659 1537 non
1689 1501 1894 1538 excluditur
1922 1501 2014 1550 quin
2039 1502 2157 1539 virtus
2187 1503 2298 1539 etiam
2327 1502 2373 1539 sit
2399 1514 2532 1551 opera-

1479 1552 1590 1589 tionis
1618 1553 1856 1602 principium.

1530 1607 1589 1641 AD
1622 1617 1812 1642 SECUNDUM
1844 1617 2027 1643 mci-:Noun
2062 1607 2165 1654 quod
2198 1607 2315 1643 virtus
2349 1619 2447 1654 quae
2476 1614 2531 1644 est

1477 1657 1525 1694 ad
1547 1669 1640 1704 esse,
1657 1670 1735 1695 non
1751 1666 1806 1694 est
1820 1659 1974 1708 propria
1989 1659 2167 1695 hominis:
2189 1659 2256 1695 sed
2271 1660 2394 1696 solum
2414 1659 2532 1696 virtus

1477 1721 1575 1758 quae
1610 1717 1665 1747 est
1698 1710 1747 1747 ad
1781 1723 1898 1759 opera
1926 1711 2097 1757 rationis,
2132 1723 2228 1760 quae
2263 1719 2348 1748 sunt
2379 1712 2532 1760 propria

1477 1763 1654 1800 hominis.

1529 1817 1588 1852 AD
1615 1827 1774 1853 TERTmM
1795 1828 1977 1853 memnon
2007 1817 2123 1865 quod,
2146 1829 2234 1853 curn
2264 1816 2337 1853 Dei
2361 1817 2532 1854 substan-

1476 1868 1526 1904 tia
1554 1868 1600 1904 sit
1628 1868 1708 1905 eius
1736 1868 1846 1916 actio,
1876 1881 2027 1906 summa
2055 1869 2271 1906 assimilatio
2300 1869 2464 1906 hominis
2484 1870 2531 1906 ad

1477 1922 1604 1958 Deum
1626 1929 1680 1958 est
1699 1922 1911 1958 secundum
1931 1921 2097 1970 aliquam
2118 1921 2390 1971 operationem.
2406 1922 2530 1967 Unde,

1476 1974 1571 2010 sicut
1598 1986 1713 2022 supra
1734 1975 1754 1995 *
1782 1974 1923 2011 dictum
1953 1982 2019 2022 est,
2048 1974 2202 2012 felicitas
2226 1974 2306 2011 sive
2325 1974 2530 2022 beatitudo,

1476 2038 1546 2074 per
1573 2039 1689 2075 quam
1712 2027 1832 2064 homo
1852 2028 2018 2064 maxime
2037 2028 2122 2064 Deo
2143 2027 2412 2074 conformatur,
2434 2039 2532 2075 quae

1477 2086 1532 2116 est
1559 2079 1646 2116 finis
1664 2080 1855 2116 humanae
1883 2080 1993 2127 vitae,
2014 2080 2052 2116 in
2072 2080 2293 2129 operatione
2314 2079 2480 2116 consistit
2500 2079 2532 2116 *.

1527 2185 1553 2218 ζ)
1569 2188 1594 2209 et
1607 2185 1722 2215 corpori.
1731 2198 1750 2203 -
1759 2185 1915 2216 corporique
1929 2184 2129 2215 ABCDEGIKL,
2139 2184 2310 2216 corporisque
2324 2185 2351 2213 F,
2362 2186 2469 2216 corpori
2483 2186 2534 2218 pH.

1529 2220 1556 2252 r.)
1574 2219 1701 2251 pertinet.
1719 2233 1738 2238 -
1756 2220 1817 2244 Om.
1836 2220 1864 2244 P.

1529 2253 1552 2287 0)
1572 2255 1671 2286 aliqua.
1689 2269 1707 2273 —
1725 2255 1842 2286 aliquam
1863 2255 1908 2279 Ρα.

1529 2288 1548 2322 ι)
1562 2289 1708 2321 potentiae.
1726 2303 1745 2308 -
1760 2290 1888 2321 propriae
1902 2289 2040 2321 potentiae
2058 2289 2103 2313 Pa.

1037 2359 1368 2392 commentaria
1392 2358 1643 2392 Cardinalis
1656 2359 1865 2393 Caietam

393 2441 427 2465 u.
435 2429 571 2465 articulo
598 2429 739 2461 seeundo
771 2435 802 2460 et
829 2429 922 2461 tertio
953 2429 1096 2460 eiusdem
1126 2429 1422 2470 quinquagesimae-

365 2442 521 2518 Iquintae
540 2472 745 2515 quaestionis,
762 2472 898 2504 dubium
916 2473 1052 2504 occurrit
1066 2483 1103 2504 ex
1120 2473 1227 2510 Scoto‚
1244 2473 1277 2503 in
1293 2473 1305 2503 Ι
1321 2473 1422 2511 Sem„

363 2518 434 2548 dist.
456 2527 532 2554 xvn,
557 2527 610 2557 qu.
627 2527 670 2553 111,
695 2515 847 2556 opinante
870 2517 959 2557 quod
981 2516 1081 2548 virtus
1103 2517 1243 2553 moralis,
1266 2523 1423 2556 quatenus

363 2561 486 2592 virtutis
516 2560 644 2591 moralis
672 2560 828 2590 rationem
855 2560 967 2596 habet,
998 2570 1064 2590 non
1092 2566 1138 2591 est
1167 2560 1343 2600 operativa:
1368 2561 1422 2591 sed

364 2603 522 2645 quidquid
545 2610 702 2644 operatur,
727 2603 800 2634 facit
821 2603 1013 2643 inquantum
1037 2610 1084 2634 est
1105 2603 1240 2634 habitus.
1266 2603 1311 2634 Ita
1334 2605 1422 2645 quod

364 2657 423 2678 nec
445 2656 483 2678 ex
505 2647 634 2688 propria
656 2647 777 2677 ratione
799 2653 836 2677 ut
849 2647 958 2683 virtus,
977 2656 1034 2677 nec
1053 2653 1089 2677 ut
1105 2648 1212 2678 subest
1227 2648 1422 2687 prudentiae,

365 2698 412 2722 est
433 2691 612 2731 operativa:
635 2691 699 2727 sed,
716 2697 752 2722 ut
775 2690 896 2723 dictum
918 2697 976 2729 est,
992 2691 1113 2722 ratione
1137 2691 1292 2727 substrati,
1308 2691 1425 2722 scilicet

323 2753 337 2764 η
364 2735 490 2766 habitus
505 2734 533 2765 *.
799 2744 804 2749 ²

420 2779 456 2809 In
479 2778 606 2809 duobus
629 2784 737 2808 autem
764 2777 974 2809 contradicere
997 2779 1129 2811 Auctori
1151 2778 1284 2810 videtur.
1305 2779 1423 2816 Primo,

364 2824 397 2854 in
425 2821 497 2853 hac*
513 2822 652 2854 materia.
679 2821 763 2859 Quia
788 2822 822 2852 in
852 2822 1006 2863 praesenti
1038 2822 1169 2853 articulo
1201 2822 1425 2854 determinatur

366 2866 456 2908 quod
478 2866 516 2896 de
539 2865 660 2896 ratione
681 2865 822 2901 virtutis,
851 2865 1042 2906 inquantum
1064 2866 1179 2902 virtus,
1205 2873 1252 2897 est
1273 2867 1363 2907 quod
1386 2867 1426 2897 sit

365 2910 490 2941 habitus
513 2909 710 2950 operativus:
734 2917 764 2940 et
786 2909 818 2939 in
843 2910 986 2950 sequenti
1007 2910 1096 2950 quod
1118 2910 1158 2941 sit
1173 2911 1276 2940 bonus
1297 2917 1329 2941 et
1347 2911 1424 2941 boni

366 2953 557 2995 operativus.
573 2971 594 2976 -
609 2953 766 2990 Secundo,
783 2953 817 2983 in
841 2953 1075 2984 communibus.
1097 2954 1181 2991 Quia
1204 2964 1299 2984 causa
1314 2964 1424 2985 secun—

331 3020 337 3026 .
365 2998 451 3028 daria
465 2997 538 3038 agit,
551 2997 638 3038 apud
651 3000 825 3028 Auctorem
839 2997 866 3033 *,
881 3007 947 3027 non
959 2997 1066 3028 solum
1088 2997 1202 3028 virtute
1217 2998 1354 3038 propria,
1371 2999 1426 3028 sed

366 3042 480 3073 virtute
503 3041 641 3082 primae,
664 3041 708 3071 ita
731 3041 820 3082 quod
842 3041 875 3071 in
898 3041 1018 3081 aliquid
1048 3048 1153 3081 potest
1175 3041 1289 3072 virtute
1312 3042 1426 3081 princi-

273 3101 280 3112 ,
331 3099 336 3104 ·
366 3085 456 3126 palis,
480 3085 512 3115 in
537 3085 625 3126 quod
647 3094 714 3115 non
733 3091 838 3125 potest
853 3085 981 3125 propria
995 3085 1127 3116 virtute:
1153 3095 1247 3125 super
1262 3085 1352 3116 cuius
1368 3095 1425 3126 op-

366 3129 471 3170 posito
495 3128 628 3159 fundare
649 3128 773 3160 videtur
796 3128 918 3159 Scotus,
933 3128 1054 3159 dictum
1077 3139 1182 3159 suum.
1207 3129 1248 3159 Et
1271 3129 1346 3169 quia
1364 3129 1426 3160 hoc

366 3172 572 3213 metaphysici
593 3172 718 3203 videtur
740 3172 868 3212 negotii,
889 3173 929 3202 ad
944 3172 1147 3212 propositum
1161 3173 1354 3204 veniendum
1369 3179 1424 3204 est.

422 3217 459 3247 11.
476 3216 562 3247 Scito
577 3216 672 3256 igitur
695 3217 794 3257 quod,
811 3216 886 3257 quia
909 3216 1021 3247 Scotus
1045 3216 1201 3247 moralem
1215 3216 1374 3253 virtutem,
1390 3223 1427 3247 ut

321 3283 338 3294 .,
365 3261 418 3297 sic,
435 3267 614 3300 respectum
635 3260 742 3291 solum
765 3260 874 3300 posuit
896 3260 1009 3290 addere
1026 3270 1121 3300 supra
1136 3260 1280 3291 habitum
1295 3260 1330 3296 *;
1353 3260 1426 3291 ideo

331 3309 337 3316 “
366 3310 596 3345 consequenter
619 3304 744 3344 negavit
765 3304 868 3344 ipsam
892 3314 958 3334 esse
981 3304 1187 3344 operativam.

420 3348 461 3378 Et
484 3358 602 3384 rursus,
622 3348 697 3388 quia
713 3348 889 3378 bonitatem
905 3348 1060 3379 moralem
1076 3354 1163 3378 actus
1179 3348 1287 3387 posuit
1302 3348 1334 3378 in
1351 3348 1427 3378 solis

365 3391 571 3423 relationibus
590 3391 712 3422 debitae
727 3391 943 3432 proportionis
962 3399 1050 3423 actus
1074 3392 1113 3422 ad
1135 3391 1321 3432 potentiam,
1339 3391 1426 3422 obie-

366 3443 462 3473 ctum,
475 3435 582 3472 finem,
595 3442 731 3476 tempus,
744 3436 862 3472 locum,
876 3443 943 3472 etc„
956 3436 1132 3467 secundum
1144 3442 1260 3466 rectam
1272 3435 1427 3466 rationem

366 3478 462 3521 (sicut
484 3479 688 3520 pulchritudo
711 3490 777 3510 non
801 3486 847 3510 est
869 3479 974 3520 aliqua
997 3479 1146 3520 qualitas,
1172 3480 1227 3510 sed
1249 3480 1426 3519 aggregatio

367 3524 638 3560 convenientium,
663 3530 739 3564 puta
762 3523 889 3564 figurae,
914 3523 1156 3564 magnitudinis,
1182 3523 1306 3559 coloris,
1338 3522 1426 3566 etc.);

1477 2436 1507 2460 et
1529 2429 1638 2460 relatio
1662 2439 1728 2460 non
1755 2430 1849 2460 habet
1877 2430 2046 2472 proprium
2067 2430 2258 2470 principium
2282 2430 2438 2461 activum:
2463 2431 2534 2461 ideo

1476 2473 1574 2504 virtus
1591 2473 1720 2504 moralis
1735 2483 1801 2504 non
1814 2480 1860 2503 est
1873 2473 2066 2514 principium
2081 2474 2219 2504 activum
2233 2474 2380 2505 bonitatis
2394 2475 2535 2505 moralis.

1531 2517 1572 2547 Et
1594 2516 1810 2548 confirmatur.
1831 2517 1916 2554 Quia
1938 2517 2046 2548 relatio
2067 2527 2263 2559 consequens
2287 2519 2460 2548 necessario
2485 2529 2535 2550 ex-

1477 2567 1585 2597 trema,
1602 2570 1668 2590 non
1686 2561 1780 2591 habet
1797 2560 1960 2600 propriam
1984 2558 2111 2591 causant
2134 2561 2228 2592 aliam
2243 2561 2282 2591 ab
2297 2562 2450 2592 extremis.
2475 2563 2534 2593 Iste

1476 2609 1583 2634 autem
1605 2610 1764 2643 respectus
1789 2604 1992 2645 consequitur
2011 2611 2147 2635 extrema
2169 2605 2282 2645 posita,
2301 2615 2337 2635 ex
2356 2612 2467 2636 natura
2484 2616 2534 2636 ex-

1477 2655 1666 2678 tremorum:
1690 2647 1885 2688 impossibile
1908 2654 1955 2678 est
1977 2648 2063 2678 enim
2086 2648 2225 2689 aliquem
2245 2655 2350 2679 actum
2367 2649 2410 2679 sic
2426 2650 2534 2680 condi-

1477 2692 1637 2722 tionatum
1650 2692 1729 2731 poni
1745 2692 1778 2721 in
1794 2701 1870 2728 esse,
1884 2698 1915 2722 et
1928 2692 2084 2722 rationem
2098 2699 2215 2730 rectam
2230 2701 2295 2723 non
2311 2693 2388 2732 poni
2403 2693 2436 2723 in
2452 2703 2532 2730 esse;

1477 2745 1551 2766 curn
1575 2745 1611 2766 ex
1633 2743 1745 2767 natura
1768 2742 1980 2767 extremorum
2003 2742 2214 2777 consequatur
2235 2736 2268 2767 in
2288 2743 2360 2767 actu
2375 2737 2444 2768 talis
2459 2748 2533 2768 con-

1478 2779 1621 2810 formitas
1644 2780 1684 2810 ad
1706 2779 1861 2810 rationem
1884 2786 2010 2811 rectam.

1533 2823 1584 2854 111.
1607 2823 1675 2853 Nos
1699 2830 1805 2854 autem
1832 2823 1896 2854 iam
1923 2822 2064 2863 primum
2087 2823 2332 2854 fundamentum
2355 2824 2388 2855 in
2411 2835 2533 2865 praece-

1477 2867 1563 2897 denti
1590 2867 1720 2898 articulo
1751 2867 1944 2898 removimus
1991 2867 2181 2898 declarantes
2209 2867 2356 2898 virtutem
2380 2869 2534 2899 moralem

1478 2911 1590 2941 addere
1614 2921 1708 2951 supra
1731 2911 1876 2941 habitum
1899 2893 2104 2942 differentiam
2127 2910 2313 2951 specificam,
2329 2911 2411 2942 sicut
2433 2913 2534 2943 homi-

1478 2965 1548 2985 nem
1562 2965 1656 2994 supra
1670 2955 1801 2985 animal.
1811 2955 1852 2985 Et
1863 2962 2038 2994 propterea,
2052 2962 2289 2995 consequenter,
2299 2955 2434 2986 fatemur
2445 2957 2533 2996 quod

1476 2998 1574 3029 virtus
1597 2998 1736 3035 moralis,
1753 2999 1943 3039 inquantum
1963 3005 2010 3030 est
2022 2999 2120 3029 virtus
2142 2999 2281 3036 moralis
2302 3006 2348 3030 est
2370 3000 2534 3040 principia-

1477 3042 1541 3072 tiva
1563 3041 1812 3082 actusmoralis.

1533 3086 1586 3116 IV.
1618 3086 1658 3116 Et
1690 3086 1730 3116 ad
1761 3086 1899 3116 secunda
1928 3086 2014 3116 Scoti
2044 3086 2249 3117 fundamenta
2272 3086 2405 3117 dicimus
2428 3089 2533 3128 quod,

1478 3129 1633 3170 quidquid
1657 3129 1696 3160 sit
1718 3130 1757 3160 de
1776 3129 1908 3160 essentia
1922 3130 2069 3161 bonitatis
2088 3130 2122 3160 in
2137 3137 2208 3161 actu
2223 3131 2344 3167 morali,
2363 3141 2402 3161 an
2419 3131 2535 3162 scilicet

1478 3173 1517 3204 sit
1547 3173 1680 3214 qualitas
1707 3183 1748 3203 an
1776 3173 1900 3209 relatio,
1924 3180 2080 3214 quantum
2107 3175 2148 3204 ad
2171 3175 2373 3214 propositum
2396 3182 2533 3215 spectat,

1478 3227 1544 3247 non
1567 3217 1669 3247 refert.
1694 3217 1857 3254 Quoniam
1879 3217 1958 3248 illud
1982 3227 2153 3248 commune
2176 3218 2296 3249 dictum
2314 3219 2403 3259 quod
2422 3220 2535 3250 relatio

1479 3271 1541 3291 non
1565 3261 1657 3291 habet
1672 3270 1802 3292 causam
1817 3262 1952 3292 activam
1967 3263 2146 3302 propriam,
2163 3262 2346 3302 intelligitur
2369 3263 2407 3292 de
2431 3273 2535 3293 causa-

1477 3305 1563 3335 litate
1586 3297 1714 3345 propria
1737 3305 1780 3335 sic
1803 3306 1891 3345 quod
1913 3305 2097 3336 terminetur
2119 3306 2159 3336 ad
2182 3306 2284 3346 ipsam
2304 3306 2422 3336 solam:
2448 3307 2534 3337 nulla

1480 3349 1565 3379 enim
1589 3358 1682 3379 causa
1698 3348 1797 3379 activa
1820 3348 1893 3379 facit
1908 3349 2010 3379 solam
2032 3350 2226 3381 relationem.
2244 3349 2328 3380 Cum
2345 3360 2410 3390 quo
2430 3357 2534 3380 tamen

1479 3399 1539 3423 stat
1554 3393 1642 3432 quod
1666 3392 1778 3423 habeat
1793 3402 1848 3432 per
1863 3403 1895 3423 se
1915 3403 2041 3423 causam
2057 3393 2228 3424 effectivam
2248 3403 2322 3424 cum
2342 3393 2412 3424 alio.
2438 3394 2535 3431 Quod

1480 3437 1592 3476 probo.
1617 3436 1788 3467 Summum
1804 3437 1926 3467 bonum
1942 3437 1974 3467 in
1991 3437 2137 3467 universo
2154 3438 2245 3468 habet
2261 3447 2387 3468 causam
2403 3438 2535 3468 activam

1480 3490 1535 3520 per
1558 3490 1590 3510 se
1613 3480 1828 3511 intendentem
1851 3480 1945 3511 illud:
1970 3482 2024 3511 sed
2048 3481 2126 3511 ordo
2151 3481 2287 3511 universi
2307 3488 2351 3512 est
2370 3492 2534 3512 summum

2560 1984 2567 1992 ¹
2585 1982 2631 2009 Qu.
2643 1988 2675 2009 111,
2692 1986 2734 2004 art.
2748 1989 2769 2004 2.

2560 2089 2570 2100 ⁸
2586 2089 2614 2110 D.
2630 2095 2681 2116 ²7⁰·

2562 3482 2570 3489 ·
2578 3479 2652 3501 S.Th.
2662 3479 2772 3501 lect.xn.-

1480 3525 1603 3554 bonum
1619 3524 1651 3554 in
1667 3524 1824 3559 universo,
1837 3531 1873 3554 ut
1888 3531 1973 3564 patet
1988 3525 2020 3554 in
2035 3525 2092 3555 XII
2109 3525 2291 3565 Metaphys.
2303 3523 2331 3555 *z
2353 3535 2426 3565 ergo
2444 3526 2536 3556 habet
2562 3505 2712 3557 {uiihii‘m’
2722 3511 2771 3533 αρ’
