2852 4152
0 2684 3 2685 ,
0 2507 40 2676 ‘'⁹¹⁷1‘'

1004 262 1270 310 QUAEsTlo
1299 262 1476 308 xxvnl,
1505 261 1799 298 ARTicULUs
1827 261 1862 297 v

2438 273 2508 298 201

349 355 446 392 quae
475 354 497 379 a
525 341 650 378 multis
679 341 818 389 integre
844 342 1021 389 cognosci
1049 349 1189 391 potest;
1215 342 1281 379 sed
1309 341 1403 378 forte
1460 340 1591 388 aliquis
1620 339 1709 377 odio
1738 339 1852 376 habet
1881 351 1924 375 ea
1953 351 2050 387 quae
2090 348 2299 388 repugnant
2326 348 2452 376 amato
2481 345 2514 387 ⁵,
2643 349 2654 364 ε

349 396 396 433 de
425 394 642 431 excellentia
671 394 769 431 circa
798 395 1052 442 cognitionem
1081 394 1205 432 huius.

401 449 460 484 AD
493 459 652 484 TERTlUM
684 458 866 483 DICENDUM
903 448 1008 495 quod
1036 448 1110 484 hoc
1141 447 1267 495 ipsum
1301 446 1405 495 quod

403 560 425 592 ε)
445 563 543 584 amato.
561 573 580 578 ·-
596 559 682 584 amico
701 559 812 584 codices.

1461 405 1506 430 ex
1533 405 1666 430 amore
1693 392 1875 441 procedit.
1905 392 2015 429 Unde
2044 393 2145 428 zelus
2181 393 2332 440 proprie
2366 392 2516 440 ponitur

1460 445 1616 482 effectus
1644 444 1784 482 amoris
1817 445 1935 492 magis
1964 457 2079 492 quam
2109 445 2198 481 odii.

1024 630 1354 662 Commenta-ria
1376 630 1626 662 Oardjnalis
1647 629 1847 662 Caietam·

353 717 548 780 Ait-rimo
566 707 658 737 tertio
682 707 812 744 omisso,
829 708 862 738 in
881 715 993 748 quarto
1014 709 1091 739 scito
1111 709 1209 749 quod,
1231 719 1304 740 cum
1323 708 1409 739 zelus

362 3097 411 3134 ad
434 3097 574 3148 aliquid
595 3097 699 3146 quod
727 3110 806 3135 non
835 3106 889 3135 est
917 3099 986 3135 sibi
1007 3099 1249 3147 conveniens,
1271 3113 1316 3136 ex
1344 3101 1418 3137 hoc

221 3161 239 3178 α
361 3150 444 3198 ipso
475 3155 492 3171 ‘²
519 3150 679 3187 laeditur
706 3158 742 3187 et
769 3151 1027 3188 deterioratur.
1060 3154 1182 3188 Amor
1210 3164 1298 3200 ergo
1327 3154 1418 3190 boni

362 3202 620 3239 convenientis
639 3210 695 3240 est
713 3204 941 3252 perfectivus
957 3212 992 3241 et
1011 3204 1270 3242 meliorativus
1290 3218 1420 3243 aman-

361 3255 427 3292 tis:
458 3267 567 3292 amor
595 3262 722 3293 autem
750 3257 841 3294 boni
870 3258 975 3305 quod
998 3270 1077 3294 non
1105 3265 1159 3294 est
1186 3258 1419 3296 conveniens

362 3308 513 3355 amanti,
526 3316 581 3345 est
595 3309 758 3346 laesivus
775 3316 810 3346 et
825 3309 1112 3347 deteriorativus
1127 3311 1419 3349 amantis.Unde

362 3361 528 3398 maxime
556 3362 675 3398 homo
703 3362 895 3410 perficitur
915 3371 951 3400 et
977 3364 1194 3401 melioratur
1216 3376 1286 3412 per
1313 3376 1419 3402 arno-

362 3426 444 3451 rem
464 3414 553 3451 Dei:
582 3414 741 3451 laeditur
759 3422 886 3452 autem
909 3423 944 3452 et
963 3416 1210 3453 deterioratur
1228 3429 1297 3466 per
1316 3429 1419 3454 amo-

1517 708 1553 738 In
1576 708 1688 749 quinto
1712 716 1818 739 autem
1842 715 1872 739 et
1895 715 1981 739 sexto
2006 708 2137 738 articulo
2157 708 2234 738 nihil
2254 708 2454 739 scribendum
2467 719 2518 740 oc-

417 757 560 782 sumatur
587 750 765 791 dupliciter:
795 751 911 782 scilicet
937 752 1109 789 causaliter,
1133 763 1192 793 pro
1216 752 1346 783 ferventi
1364 752 1409 782 di·
1463 751 1571 788 currit,
1595 752 1654 782 nisi
1677 753 1766 792 quod
1789 759 1938 783 notentur
1961 762 1996 782 ea
2018 761 2100 792 quae
2123 753 2245 782 Auctor
2272 752 2345 783 dicit
2366 752 2384 772 *
2407 763 2519 783 conve-
2547 760 2555 767 ·
2571 758 2656 785 Art.5,
2671 757 2694 778 in
2705 757 2758 778 fine.

351 795 500 830 lectione;
520 800 551 825 et
565 794 747 831 formaliter,
762 805 819 835 pro
831 796 954 826 tristitia
966 796 1178 827 deficientium
1194 796 1252 827 sibi
1266 797 1316 826 vel
1334 796 1411 826 ami-
1463 795 1529 826 nire
1551 796 1735 826 huiusmodi
1751 796 1960 836 passionibus,
1975 796 2138 826 referendo
2155 796 2332 846 appetitum
2347 796 2517 837 appetibili,

115 844 126 853 '
138 842 189 865 Did·
205 848 255 870 0⁸1³·
270 847 304 863 ¹¹-
353 838 406 875 cis,
423 844 460 869 ut
475 838 508 868 in
523 838 735 876 11R11etoric„
755 849 822 879 cap.
840 850 915 869 xvm
929 839 955 876 *‚
973 847 1003 871 et
1024 840 1153 871 inferius
1176 840 1293 880 pluries
1308 839 1342 859 **
1357 850 1410 879 pa-
1463 849 1520 870 seu
1543 839 1723 871 formaliter.
1753 840 1916 877 Quoniam
1938 840 2014 870 haec
2038 840 2222 870 communia
2241 840 2389 871 videntur
2411 840 2520 872 huius—

112 872 324 925 ζιεξὲἓῇῗῖἶζ
352 889 410 914 tet:
434 882 485 912 hic
508 882 644 912 sumitur
667 883 804 923 proprie.
827 883 879 913 Ad
897 883 1081 914 huiusmodi
1097 893 1235 924 namque
1254 883 1411 916 tristitiam
1463 883 1552 913 modi
1576 883 1786 923 passionibuS,
1810 891 1841 914 et
1863 884 1983 914 actibus
2006 884 2177 914 voluntatis
2200 884 2355 915 similibus
2377 885 2426 915 his
2449 895 2520 925 pas-

114 919 168 966 n·:,
180 919 226 966 'qu.
241 919 324 964 x’xxw,
353 932 471 967 spectat
490 932 520 956 et
538 925 624 956 zelus
644 926 925 967 concupiscentiae,
942 933 972 958 et
990 926 1160 957 amicitiae:
1180 927 1233 957 ille
1255 926 1340 957 enim
1360 927 1412 957 tri·
1464 926 1616 957 sionibus.

115 976 188 995 nrm.
353 975 452 1001 statur
474 969 513 999 de
532 969 654 1000 defectu
678 970 908 1010 singularitatis,
922 971 972 1001 vel
995 970 1202 1007 excellentiae,
1218 971 1269 1001 vel
1287 970 1412 1011 quietae
1519 971 1655 1001 Notetur
1670 980 1800 1011 quoque
1817 971 1980 1012 responsio
1997 971 2035 1001 ad
2051 972 2193 1012 primurn
2215 972 2248 1002 in
2267 979 2354 1003 sexto
2373 972 2519 1003 articulo:

353 1013 526 1049 fruitionis;
550 1013 608 1044 iste
631 1014 669 1044 de
693 1014 816 1045 defectu
844 1014 976 1045 alicuius
998 1013 1074 1044 boni
1098 1014 1212 1045 amico.
1234 1014 1276 1045 Et
1298 1014 1412 1045 utrius-
1465 1014 1619 1055 quoniam
1633 1013 1665 1044 in
1680 1013 1741 1044 fine
1757 1015 1855 1046 totius
1870 1022 2016 1046 tractatus
2029 1016 2067 1046 de
2079 1015 2198 1046 actibus
2214 1016 2361 1047 humanis
2370 1016 2397 1052 ²⁸¹,
2410 1017 2558 1047 serviet
2549 1046 2568 1068 C
2589 1020 2638 1047 Qu.
2671 1025 2715 1040 *ιν
2716 1025 2759 1066 ¹¹1¹

354 1067 417 1098 que
449 1057 571 1088 tristitia
601 1067 638 1088 ex
667 1068 776 1088 amore
803 1058 943 1098 oppositi
966 1058 1043 1088 boni
1070 1058 1226 1098 procedit,
1251 1065 1281 1089 et
1305 1065 1413 1089 contra
1465 1058 1642 1098 proposito.
2549 1049 2682 1099 ar‘ifflnem
2706 1051 2749 1073 ¹³⁰⁵

354 1101 530 1142 ingerentes
552 1101 737 1132 huiusmodi
760 1102 844 1132 mala
866 1102 1022 1133 sollicitat.

950 1354 1105 1384 UTRUM
1128 1354 1254 1384 AMOR
1276 1354 1342 1384 SIT
1366 1354 1510 1385 PASSIO
1534 1355 1715 1386 LAESIVA
1737 1356 1928 1387 AMANTIS

369 1432 519 1455 *Asaf‘
1133 1431 1164 1455 111
1185 1432 1266 1460 Sent„
1287 1431 1346 1456 dist.
1364 1439 1439 1463 xxvii,
1459 1440 1504 1464 qu.
1523 1441 1544 1463 1,
1565 1438 1610 1458 art.
1630 1442 1650 1463 1,
1670 1434 1701 1458 ad
1720 1442 1746 1465 4.

390 1535 429 1564 κν,
440 1538 454 1561 1,
505 1541 542 1585 ς(
565 1530 588 1556 t>
608 1529 769 1560 QU1NTuM
793 1529 846 1554 Sic
871 1529 1110 1556 PROCEDH'UR.
1129 1518 1288 1556 Videtur
1310 1519 1414 1578 quod
1469 1532 1551 1556 rem
1575 1521 1731 1568 peccati,
1757 1522 1968 1559 secundum
1983 1522 2072 1560 illud
2088 1524 2189 1560 Osee
2209 1536 2244 1560 1x
2263 1525 2300 1561 *z
2320 1525 2429 1562 Facti
2439 1532 2526 1563 sunt
2551 1536 2559 1544 ·
2575 1522 2701 1555 vers-1⁰?

384 1555 538 1631 §.2751ae
566 1583 676 1608 amor
703 1570 747 1608 sit
773 1570 900 1619 passio
927 1570 1080 1608 laesiva.
1103 1572 1284 1619 Languor
1311 1571 1413 1608 enim
1468 1573 1747 1619 abominabiles,
1766 1574 1862 1610 sicut
1887 1586 1931 1611 ea
1960 1587 2057 1622 quae
2075 1576 2296 1614 dilexerunt.

373 1615 455 1703 15⁴4
433 1640 486 1658 ν’
505 1610 536 1673 ’ᾔ
551 1622 750 1672 significat
764 1623 973 1661 laesionem
984 1625 1178 1672 quandam
1192 1624 1412 1672 languentis.
1521 1626 1571 1662 Et
1587 1626 1663 1662 hoc
1678 1626 1835 1673 quidem
1850 1627 1992 1664 dictum
2013 1628 2058 1664 sit
2072 1626 2087 1657 β
2107 1629 2154 1665 de
2173 1641 2317 1676 amore,
2339 1638 2522 1679 quantum
2650 1624 2664 1658 β

413 1654 510 1710 ²¹5.)
526 1670 764 1723 &Sedamor
775 1683 904 1713 causat
916 1677 1154 1724 languorem
1166 1677 1413 1715 diciturenim
1472 1677 1522 1714 ad
1548 1678 1586 1715 id
1615 1679 1720 1726 quod
1739 1686 1795 1716 est
1812 1679 1999 1716 formale
1991 1681 2145 1729 inipso,
2175 1682 2280 1729 quod
2305 1690 2359 1718 est
2387 1683 2524 1720 scilicet

116 1735 243 1764 'Vm-⁵-
361 1729 468 1766 Cant.
480 1728 547 1765 ιι*;
562 1717 705 1766 ΓαῘείτε
718 1741 778 1766 me
782 1729 958 1778 floribus
971 1731 1102 1778 stipate
1115 1742 1176 1767 me
1189 1731 1310 1776 malzs,
1326 1742 1414 1779 quta
1470 1743 1515 1767 ex
1547 1738 1652 1779 parte
1686 1732 1883 1780 appetitus.
1921 1733 2117 1779 Quantum
2150 1746 2243 1770 vero
2277 1735 2326 1771 ad
2354 1734 2391 1772 id
2420 1736 2524 1783 quod

356 1793 488 1818 amore
507 1781 682 1831 langueo
702 1783 804 1830 Ergo
832 1794 943 1819 amor
961 1791 1016 1819 est
1034 1783 1160 1832 passio
1180 1783 1332 1820 laesiva.
1469 1790 1526 1820 est
1553 1784 1744 1820 materiale
1772 1785 1810 1821 in
1837 1785 2014 1833 passione
2043 1786 2203 1834 amoris,
2233 1787 2337 1834 quod
2376 1795 2430 1824 est
2457 1788 2525 1824 im-

411 1845 446 1871 2.
466 1835 699 1882 PRAETEREA,
723 1835 936 1883 liquefactio
970 1843 1026 1873 est
1053 1836 1244 1885 quaedam
1272 1837 1414 1874 resolu-
1468 1837 1626 1873 mutatio
1656 1837 1781 1885 aliqua
1809 1838 2025 1887 corporalis,
2055 1839 2186 1876 accidit
2214 1841 2318 1888 quod
2346 1852 2454 1877 arnor
2482 1841 2527 1877 sit

355 1886 420 1923 tio.
439 1886 517 1923 Sed
531 1899 640 1924 amor
655 1895 711 1924 est
727 1887 1005 1935 liquefactivus:
1028 1889 1161 1926 dicitur
1184 1889 1286 1926 enim
1307 1890 1413 1926 Cant.
1468 1889 1633 1926 laesivus
1650 1898 1806 1938 propter
1825 1903 2022 1928 excessum
2041 1891 2332 1929 immutationis:
2353 1893 2448 1930 sicut
2466 1906 2526 1930 ac-

117 1943 212 1968 ⁸vm.
224 1943 249 1966 ⁶·
355 1951 381 1976 v
398 1939 438 1976 *ε
465 1940 606 1977 Anima
634 1952 718 1976 mea
746 1940 945 1988 liquefacta
974 1947 1040 1987 est,
1066 1948 1106 1978 ut
1132 1942 1283 1979 dilectus
1310 1954 1415 1979 meus
1469 1942 1558 1978 cidit
1575 1942 1614 1979 in
1642 1955 1775 1990 sensu,
1807 1951 1843 1980 et
1870 1944 1908 1981 in
1946 1944 2051 1981 omni
2080 1953 2165 1981 actu
2200 1945 2347 1982 virtutis
2376 1946 2526 1982 animae

356 1991 500 2029 locutus
527 1999 590 2029 est.
615 1993 718 2041 Ergo
747 2006 856 2030 amor
885 2001 940 2030 est
967 1995 1202 2032 resolutivus.
1229 1996 1296 2032 Est
1325 2007 1413 2042 ergo
1469 1995 1534 2043 qui
1562 2003 1755 2032 exercetur
1782 2008 1851 2044 per
1872 1996 2036 2045 aliquam
2064 1997 2368 2035 immutationem
2397 1999 2526 2047 organi

357 2045 596 2094 corruptivus
630 2053 666 2082 et
692 2046 868 2083 laesivus.
1470 2048 1686 2096 corporalis.

411 2098 444 2135 3.
465 2099 696 2145 PRAETEREA,
718 2099 845 2135 fervor
873 2098 1043 2146 designat
1066 2100 1259 2148 quendam
1289 2112 1414 2137 exces-
1522 2103 1580 2137 AD
1609 2113 1655 2137 EA
1686 2112 1782 2137 VERo
1818 2113 1915 2149 quae
1943 2101 1983 2138 in
2016 2103 2245 2139 contrarium
2279 2103 2525 2151 obiiciuntur,

357 2162 443 2187 sum
470 2150 509 2187 in
538 2150 733 2198 caliditate,
755 2151 819 2200 qui
847 2151 1002 2199 quidem
1030 2165 1205 2189 excessus
1233 2153 1414 2201 corrupti·
1471 2153 1672 2190 dicendum
1700 2153 1804 2201 quod
1843 2154 1964 2191 amori
1997 2155 2144 2192 attribui
2177 2163 2338 2204 possunt
2365 2164 2527 2205 quatuor

356 2215 428 2240 vus
448 2211 514 2240 est.
536 2203 613 2240 Sed
632 2204 759 2240 fervor
778 2211 953 2241 causatur
972 2217 1016 2242 ex
1036 2218 1182 2242 amore:
1208 2205 1415 2254 Dionysius
1471 2206 1627 2242 effectus
1654 2206 1835 2254 proximi:
1862 2207 2003 2243 scilicet
2029 2208 2258 2255 liquefactio,
2288 2209 2424 2256 fruitio,
2450 2210 2528 2245 lan-

358 2255 470 2303 enim,
499 2268 547 2292 vu
576 2268 657 2304 cap.
683 2257 782 2294 Cael.
811 2258 939 2304 Hier.,
960 2258 1054 2295 inter
1080 2265 1221 2295 ceteras
1245 2258 1415 2307 proprie·
1470 2271 1566 2306 guor
1585 2266 1622 2295 et
1640 2259 1778 2295 fervor.
1802 2260 1900 2295 Inter
1924 2272 2022 2307 quae
2042 2261 2208 2308 primurn
2229 2268 2285 2298 est
2304 2261 2526 2309 liquefacti0‚

356 2313 451 2345 tates
471 2308 519 2345 ad
538 2320 712 2345 amorem
741 2310 941 2358 Seraphim
959 2311 1199 2358 pertinentes,
1219 2313 1327 2358 ponit
1354 2323 1415 2347 ca·
1470 2323 1569 2360 quae
1597 2311 1802 2359 opponitur
1830 2312 2091 2359 congelationi.
2113 2314 2171 2349 Ea
2190 2313 2291 2350 enim
2320 2326 2419 2361 quae
2443 2322 2529 2351 sunt

118 2366 210 2390 ’ναι
224 2367 248 2390 ⁶-
357 2360 473 2397 lidum
493 2367 530 2398 et
556 2366 708 2397 acutum
737 2369 773 2398 et
789 2364 1063 2410 superfervens.
1084 2364 1133 2399 Et
1165 2364 1271 2400 Cant.
1292 2375 1352 2400 V111
1372 2363 1413 2410 ³⁸,
1471 2364 1677 2411 congelata,
1700 2363 1739 2400 in
1766 2363 1899 2412 seipsis
1919 2365 2120 2402 constricta
2149 2374 2246 2412 sunt,
2266 2374 2307 2403 ut
2335 2379 2414 2403 non
2440 2379 2528 2415 pos-

357 2412 490 2450 dicitur
517 2413 565 2450 de
593 2424 725 2450 amore
754 2414 860 2462 quod
887 2415 1078 2463 lampades
1106 2416 1184 2452 eius
1210 2421 1297 2452 sunt
1323 2416 1416 2453 Iam-
1471 2416 1543 2453 sint
1562 2416 1609 2453 de
1625 2416 1722 2453 facili
1738 2416 2051 2454 subintrationem
2067 2419 2217 2455 alterius
2236 2419 2324 2467 pati.
2341 2419 2403 2456 Ad
2422 2431 2530 2456 amo-

350 2467 469 2514 pudes
506 2466 605 2516 ignis
640 2472 751 2515 atque
777 2468 1043 2516 flammarum.
1073 2469 1175 2516 Ergo
1213 2480 1323 2524 amor
1360 2476 1416 2506 est
1470 2481 1553 2506 rem
1582 2477 1710 2507 autem
1733 2470 1894 2518 pertinet
1922 2471 2028 2518 quod
2051 2471 2239 2519 appetitus
2268 2479 2463 2520 coaptetur
2481 2472 2530 2509 ad

355 2518 483 2568 passio
513 2519 656 2556 laesiva
684 2527 720 2555 et
748 2520 976 2569 corruptiva.
1470 2522 1664 2571 quandam
1680 2527 1695 2550 Υ
1710 2523 1967 2571 receptionem
1982 2524 2073 2560 boni
2089 2524 2216 2572 amati,
2231 2532 2346 2573 prout
2359 2533 2530 2561 amatum
2654 2530 2670 2554 Υ

410 2572 485 2608 SED
514 2583 659 2609 CONTRA
686 2584 752 2608 EST
779 2573 885 2621 quod
913 2573 1002 2610 dicit
1028 2573 1247 2621 Dionysius,
1268 2586 1304 2610 1v
1332 2586 1414 2623 cap.
1471 2582 1527 2611 est
1544 2575 1584 2611 in
1603 2582 1766 2621 amante,
1787 2575 1883 2612 sicut
1901 2575 1978 2612 iam
1998 2589 2111 2624 supra
2129 2577 2149 2598 '¹‘
2169 2577 2311 2614 dictum
2332 2585 2398 2614 est.
2419 2577 2530 2614 Unde
2558 2586 2566 2594 ·
2582 2585 2632 2606 Art·
2647 2590 2668 2605 2·

121 2633 330 2657 ·s.Th-1eet-1x-
357 2624 403 2660 de
429 2624 516 2661 Div.
537 2625 654 2661 Nom.
674 2624 705 2671 ²⁸,
727 2625 832 2672 quod
859 2625 1010 2674 singula
1033 2626 1153 2673 seipsa
1172 2632 1304 2663 amant
1329 2639 1417 2663 con·
1471 2627 1595 2664 cordis
1624 2628 1832 2674 congelatio
1860 2628 1922 2664 vel
1950 2628 2085 2665 duritia
2113 2637 2169 2666 est
2198 2629 2391 2678 dispositio
2420 2642 2530 2678 repu-

357 2676 501 2722 tentive,
517 2676 613 2713 idest
631 2677 904 2714 conservative.
921 2678 1023 2725 Ergo
1039 2690 1150 2715 amor
1164 2690 1244 2715 non
1261 2685 1316 2715 est
1331 2691 1416 2727 pas·
1471 2692 1589 2727 gnaris
1618 2680 1752 2717 amori.
1782 2680 1859 2717 Sed
1887 2680 2100 2728 liquefactio
2128 2682 2307 2730 importat
2335 2684 2529 2730 quandam

359 2728 415 2764 sio
435 2728 587 2775 laesiva,
608 2729 676 2765 sed
695 2729 815 2776 magis
844 2730 1106 2767 conservativa
1134 2738 1171 2767 et
1197 2731 1414 2779 perfectiva.
1471 2732 1795 2769 mollificationem
1816 2733 1951 2780 cordis,
1973 2745 2050 2781 qua
2069 2734 2219 2771 exhibet
2247 2747 2286 2772 se
2313 2747 2378 2771 cor
2406 2735 2529 2772 habile

121 2791 131 2800 ·
147 2790 195 2830 Q.
209 2796 274 2817 xxvi,
289 2793 332 2812 art·
412 2781 636 2818 RESPONDEO
655 2793 841 2819 DICENDUM
860 2782 978 2830 quod,
995 2783 1090 2820 sicut
1108 2796 1222 2832 supra
1237 2785 1256 2803 ⁴*
1273 2784 1415 2821 dictum
1470 2787 1519 2822 ut'
1530 2792 1700 2822 amatum
1720 2785 1759 2822 in
1785 2785 1911 2834 ipsum
1930 2786 2125 2823 subintret.
2147 2809 2170 2815 —
2191 2787 2230 2824 Si
2251 2800 2339 2835 ergo
2359 2796 2528 2824 amatum

121 2822 243 2866 ihil-qm
256 2823 331 2842 ’ω’
361 2841 427 2879 est,
448 2845 557 2870 amor
580 2833 763 2881 significat
782 2836 1061 2884 coaptationem
1090 2836 1282 2885 quandam
1302 2850 1417 2886 appe·
1471 2838 1581 2875 fuerit
1594 2850 1774 2886 praesens
1795 2846 1831 2874 et
1843 2839 2029 2887 habitum,
2046 2848 2219 2876 causatur
2239 2840 2530 2876 delectatio'sive

298 2905 302 2908 ·
359 2886 487 2923 titivae
515 2886 660 2923 virtutis
698 2886 745 2923 ad
774 2887 944 2935 aliquod
963 2889 1122 2926 bonum.
1152 2889 1255 2926 Nihil
1288 2898 1416 2927 autem
1460 2891 1611 2939 fruitio.
1629 2890 1669 2927 Si
1688 2899 1816 2928 autem
1835 2891 1945 2928 fuerit
1964 2892 2112 2940 absens,
2130 2900 2413 2941 consequuntur
2432 2893 2530 2929 duae

361 2938 466 2988 quod
494 2945 689 2987 coaptatur
716 2940 765 2976 ad
799 2940 939 2989 aliquid
964 2942 1070 2989 quod
1099 2949 1154 2978 est
1181 2942 1251 2979 sibi
1279 2955 1418 2980 conve·
1470 2943 1688 2992 passiones:
1710 2943 1849 2980 scilicet
1867 2945 2010 2981 tristitia
2029 2945 2075 2981 de
2101 2945 2280 2992 absentia,
2302 2958 2398 2994 quae
2419 2945 2530 2993 signi-

361 2991 480 3039 niens,
501 3003 547 3028 ex
574 2991 674 3028 hoc
667 3004 750 3040 ipso
778 2993 953 3030 laeditur:
979 2994 1046 3030 sed
1065 2994 1196 3042 magis,
1218 2995 1247 3031 si
1267 2995 1312 3031 sit
1329 3008 1416 3044 pos·
1471 2997 1607 3033 ficatur
1624 3009 1693 3044 per
1721 2996 1943 3046 languorem
1974 2998 2094 3043 (unde
2118 3006 2154 3034 et
2174 2998 2333 3046 Tullius,
2357 2998 2396 3034 in
2416 2999 2465 3034 III
2486 2998 2531 3034 de

361 3044 479 3091 sibile,
499 3044 650 3092 proficit
669 3052 705 3081 et
723 3045 951 3082 melioratur.
974 3047 1089 3093 Quod
1108 3059 1200 3083 vero
1223 3055 1419 3096 coaptatur
1477 3048 1696 3085 Tusculanis
1720 3049 1905 3095 Quaest.*,
1927 3050 2087 3086 maxime
2116 3050 2300 3087 tristitiam
2327 3051 2529 3100 aegritudi-
2558 3062 2566 3070 ·
2583 3060 2639 3087 Cap·
2655 3066 2688 3081 ¹1-

1473 3113 1558 3138 nem
1578 3101 1783 3147 nominat);
1815 3110 1850 3138 et
1867 3102 2056 3139 intensum
2078 3103 2306 3140 desiderium
2327 3105 2373 3141 de
2398 3115 2528 3140 conse-

1474 3154 1624 3190 cutione
1661 3154 1796 3201 amati,
1828 3155 1933 3202 quod
1962 3155 2191 3203 significatur
2222 3169 2291 3205 per
2317 3158 2527 3204 fervorem.

1473 3228 1496 3233 —
1514 3208 1562 3243 Et
1589 3206 1647 3242 isti
1675 3206 1831 3255 quidem
1859 3215 1946 3244 sunt
1973 3208 2128 3245 effectus
2157 3209 2297 3246 amoris
2326 3209 2530 3245 formaliter

1474 3259 1629 3308 accepti,
1655 3260 1866 3297 secundum
1885 3260 2146 3298 habitudinem
2167 3262 2392 3311 appetitivae
2414 3261 2529 3298 virtu-

1474 3312 1519 3349 tis
1540 3313 1588 3349 ad
1608 3311 1800 3350 obiectum
1819 3312 1850 3350 ²⁸.
1871 3313 1976 3351 Sed
1967 3326 2006 3351 in
2025 3315 2200 3362 passione
2225 3314 2376 3361 amoris,
2399 3326 2529 3351 conse·
2558 3323 2629 3371 Cgiigte
2636 3322 2768 3376 (ἓξὲξ-ἵξῃ,

1476 3373 1642 3424 quuntur
1670 3365 1783 3414 aliqui
1811 3365 1968 3403 effeetus
1995 3367 2053 3404 his
2079 3367 2375 3417 proportionati,
2397 3379 2530 3404 secun·
2558 3381 2633 3403 prm
2761 3365 2767 3372 ”

1477 3418 1569 3455 dum
1598 3417 1900 3456 immutationem
1930 3420 2060 3468 organi
2087 3418 2112 3457 δ.
2655 3415 2668 3440 ὃ

416 3527 442 3558 α.)
462 3527 510 3552 hoc
529 3527 594 3559 ipso.
612 3542 630 3546 -
649 3529 705 3560 ipso
724 3529 752 3559 F,
772 3529 820 3554 hoc
838 3529 885 3554 Pa.

416 3560 441 3594 β)
460 3562 559 3588 dictum
579 3563 622 3588 sit.
640 3578 658 3582 —
677 3564 775 3588 dictum
795 3568 834 3588 est
852 3565 882 3593 K,
902 3564 939 3589 sic
958 3564 1056 3590 dictum
1076 3568 1115 3590 est
1134 3563 1181 3589 Pa.

505 3617 613 3642 Summa.
632 3617 732 3641 Tumor..
752 3618 782 3642 D.
795 3617 910 3642 Tnonma
929 3618 962 3643 T.
980 3618 1019 3643 111.

1526 3532 1553 3565 γ)
1573 3532 1717 3564 quandam.
1734 3546 1754 3552 -
1772 3533 1834 3558 Om.
1853 3534 1898 3558 Pa.

1527 3566 1552 3599 ὃ)
1572 3568 1676 3600 organi.
1694 3581 1714 3586 —
1732 3567 1793 3592 Om.
1813 3568 1842 3592 Ρ.
