2852 4152
372 210 421 244 60

229 298 243 321 η
369 295 446 324 tem
478 288 688 325 humanam
713 295 731 316 η
760 302 938 336 movere;
971 291 1181 327 secundum
1218 291 1310 328 illud
1337 293 1429 328 Pro—

130 344 255 366 'Ver⁵·¹-
369 341 470 377 verb.
490 340 600 377 xxffl‘:
636 342 712 378 Cor
739 343 839 392 regis
867 343 904 380 in
934 355 1049 380 manu
1078 344 1153 380 Dei
1178 349 1247 389 est,
1277 349 1314 379 et
1338 355 1429 391 quo-

369 404 528 441 cumque
546 393 714 441 voluerit,
735 401 851 432 vertet
873 396 974 432 illud.
1006 397 1082 432 Sed
1102 396 1131 432 si
1151 396 1225 431 hoc
1245 402 1343 431 esset
1361 408 1430 443 per

366 446 601 493 violentiam,
631 447 708 484 iarn
737 460 815 484 non
845 455 942 485 esset
971 460 1059 484 curn
1089 455 1173 484 actu
1199 448 1426 494 yoluntatis,

368 510 438 535 nec
466 499 546 547 ipsa
574 501 749 537 voluntas
772 508 1002 546 moveretur,
1032 500 1100 536 sed
1129 499 1269 546 aliquid
1298 507 1428 536 contra

367 552 613 588 voluntatem.

420 605 479 640 An
508 616 698 642 SECUNDUM
726 617 909 642 D1CENDUM
931 606 948 623 θ’
979 604 1083 652 quod
1102 615 1180 640 non
1199 616 1353 651 semper
1372 612 1428 641 est

367 664 493 693 motus
520 657 721 704 violentus,
752 657 905 705 quando
934 657 1129 704 passivum
1159 657 1381 693 immutatur
1405 669 1427 693 a

367 722 437 745 suo
462 709 605 746 activo:
627 710 693 746 sed
718 711 871 758 quando
892 710 965 745 hoc
986 710 1028 746 fit
1053 716 1184 746 contra
1207 709 1426 746 interiorem

367 761 648 798 inclinationem
667 762 819 810 passivi.
839 762 1020 809 Alioquin
1037 774 1172 798 omnes
1187 762 1426 798 alterationes

367 822 404 850 et
430 815 690 861 generationes
719 814 947 863 simplicium
986 826 1191 863 corporum
1221 822 1345 851 essent
1372 814 1427 851 in—

365 868 553 904 naturales
574 875 609 903 et
626 867 826 904 violentae.
858 868 954 903 Sunt
973 876 1101 909 autem
1121 868 1320 914 naturales,
1338 879 1426 916 pro-

129 611 140 622 *
156 611 190 632 Cf.
207 611 338 633 Comment.

130 637 340 666 Caiet.supra‚post

129 667 171 685 art.
184 670 204 692 3,
217 670 240 685 n.
251 670 277 686 ιι.

1079 213 1344 258 QUAESTlo
1374 214 1441 259 vi,
1471 215 1767 251 ARTICULUS
1796 215 1831 251 v

1482 300 1566 340 pter
1594 293 1804 329 naturalem
1833 293 2081 340 aptitudinem
2120 294 2336 332 interiorem
2363 294 2543 331 materiae

1483 345 1545 381 vel
1571 344 1730 381 subiecti
1757 344 1805 381 ad
1830 345 1944 382 talem
1972 346 2273 395 dispositionem.
2304 349 2352 384 Et
2375 347 2544 384 similiter

1482 397 1637 444 quando
1656 397 1834 434 voluntas
1854 406 2032 436 movetur
2050 400 2097 436 ab
2120 400 2312 448 appetibili
2333 399 2543 436 secundum

1482 449 1676 496 propriam
1696 449 1988 498 inclinationem,
2017 464 2096 488 non
2116 459 2171 488 est
2188 460 2315 489 motus
2342 452 2542 499 violentus,

1483 501 1549 537 sed
1575 501 1823 538 voluntarius.

1535 552 1594 589 AD
1614 564 1772 590 TERTmM
1791 565 1975 592 Diei-:unum
1995 556 2101 603 quod
2119 556 2158 593 id
2178 557 2216 594 in
2245 556 2350 605 quod
2367 557 2543 593 voluntas

1482 604 1600 641 tendit
1626 605 1840 652 peccando,
1870 607 1938 644 etsi
1961 607 2008 645 sit
2033 610 2177 646 malum
2207 617 2243 646 et
2275 617 2405 646 contra
2432 608 2544 645 ratio-

1482 658 1608 693 nalem
1637 665 1811 695 naturam
1845 660 2056 697 secundum
2088 662 2142 698 rei
2169 662 2379 709 veritatem,
2409 672 2543 710 appre-

1480 709 1658 746 henditur
1676 717 1806 747 tamen
1829 718 1870 748 ut
1895 712 2040 749 bonum
2060 721 2095 750 et
2114 714 2346 751 conveniens
2373 720 2541 759 naturae,

1481 761 1708 809 inquantum
1747 770 1802 799 est
1837 765 2070 802 conveniens
2099 763 2113 787 θ
2146 767 2292 803 homini
2330 766 2540 803 secundum

1481 814 1646 863 aliquam
1665 814 1885 863 passionem
1906 829 2050 864 sensus,
2066 819 2128 855 vel
2148 820 2359 856 secundum
2376 818 2542 868 aliquem

1481 867 1654 904 habitum
1683 875 1917 916 corruptum.

365 1015 391 1039 b·
424 981 450 1010 η)
469 980 621 1004 humanam.
639 993 658 998 -
670 980 799 1004 Omittunt
819 979 892 1004 Pa.—
907 980 1020 1004 Eaedem
1040 985 1101 1013 post
1119 981 1185 1005 illud
1204 981 1300 1005 addunt
1317 987 1427 1012 prover-

382 1023 444 1039 zum.

1294 1091 1359 1098 M«
1365 1092 1527 1098 &mx

1534 979 1560 1013 θ)
1580 984 1702 1010 naturae,
1720 981 1876 1013 inquantum
1891 984 1931 1006 est
1944 982 2110 1007 conveniens.
2122 995 2142 1000 -
2153 982 2215 1007 Om-
2231 983 2278 1008 Pa.
2289 996 2308 1004 -·
2320 983 2371 1008 Pro
2380 983 2543 1019 passtfonem’

1453 979 1456 1044 Ι
1483 1015 1682 1040 delectationem
1703 1016 1770 1040 PFa.

1149 1157 1465 1203 ARTICULUS
1496 1157 1750 1208 QUINTUS

954 1241 1109 1271 UTRUM
1132 1240 1369 1271 vioLENTIA
1393 1240 1564 1271 CAUSET
1589 1241 1952 1284 invoLUNTAmUM

1130 1309 1207 1341 Infra,
1226 1318 1270 1343 qu.
1289 1318 1375 1342 Lxxm,
1394 1315 1442 1336 art.
1460 1309 1476 1335 6
1483 1318 1491 1342 ;
1510 1311 1542 1336 111
1562 1311 1657 1342 Ethic„
1677 1311 1734 1336 lect.
1753 1319 1771 1337 1.

397 1402 433 1440 J
451 1407 456 1419 ν
472 1409 552 1454 “ff(
573 1402 595 1426 D
616 1401 777 1431 QU1NTUM
802 1401 855 1426 Sic
875 1401 1114 1426 PROCEDITUR.
1139 1389 1299 1428 Videtur
1318 1390 1424 1439 quod

380 1430 554 1501 §5530
572 1442 751 1479 violentia
769 1454 848 1480 non
869 1450 997 1480 causet
1017 1442 1326 1481 involuntarium.
1347 1444 1424 1480 Vo-

378 1493 503 1573 ,ιῗέᾳ
518 1485 545 1554 Q
559 1491 776 1531 luntarium
794 1495 897 1532 enim
913 1503 948 1532 et
976 1495 1275 1532 involuntarium
1291 1509 1423 1533 secun-

367 1548 373 1558 *
391 1556 394 1560 '
422 1542 519 1580 <³2³2
542 1548 667 1585 dum
682 1549 919 1585 voluntatem
940 1548 1125 1590 dicuntur.
1148 1549 1225 1586 Sed
1238 1550 1423 1586 voluntati

362 1602 542 1639 violentia
576 1601 703 1637 inferri
741 1613 820 1637 non
853 1608 993 1649 potest,
1023 1608 1064 1638 ut
1092 1609 1286 1638 ostensum
1316 1610 1371 1639 est
1390 1604 1421 1639 *.

363 1656 464 1703 Ergo
484 1653 663 1692 violentia
691 1653 988 1691 involuntarium
1010 1666 1164 1691 causare
1184 1667 1262 1692 non
1286 1663 1422 1703 potest.

418 1720 452 1745 2.
482 1709 714 1754 PRAETEREA,
744 1706 782 1743 id
810 1707 915 1754 quod
945 1715 1000 1743 est
1027 1707 1338 1755 involuntarium,
1369 1716 1424 1745 est

364 1773 452 1798 curn
480 1760 634 1806 tristitia,
656 1767 697 1795 ut
715 1760 979 1796 Damascenus
998 1759 1018 1781 ²¹²
1046 1768 1082 1796 et
1110 1760 1366 1809 Philosophus
1384 1761 1425 1783 ²⁸*

363 1814 500 1851 dicunt.
532 1812 609 1849 Sed
637 1812 842 1859 aliquando
870 1813 1009 1861 patitur
1037 1813 1170 1861 aliquis
1188 1813 1422 1862 violentiam,

363 1879 433 1904 nec
462 1874 590 1903 tamen
611 1865 698 1902 inde
718 1865 892 1902 tristatur.
913 1867 1015 1913 Ergo
1035 1865 1215 1903 violentia
1239 1878 1317 1903 non
1338 1879 1424 1903 cau-

363 1927 419 1956 sat
446 1917 752 1956 involuntarium.

418 1974 451 2009 3.
486 1973 724 2017 PRAETEREA,
754 1970 791 2006 id
823 1971 927 2018 quod
961 1978 1017 2006 est
1044 1983 1066 2006 a
1098 1972 1310 2018 voluntate,
1345 1984 1423 2009 non

359 2032 486 2074 potest
523 2036 605 2060 esse
642 2022 950 2059 involuntarium.
991 2023 1067 2059 Sed
1104 2023 1228 2072 aliqua
1255 2023 1423 2061 violenta

362 2085 448 2114 sunt
475 2089 497 2113 a
521 2077 734 2113 voluntate:
765 2075 860 2111 sicut
889 2087 976 2112 curn
1001 2075 1133 2124 aliquis
1155 2088 1242 2113 cum
1263 2089 1423 2125 corpore

361 2130 466 2179 gravi
480 2141 630 2166 sursum
650 2128 833 2175 ascendit;
852 2135 886 2164 et
901 2128 996 2167 sicut
1011 2141 1099 2165 cum
1120 2129 1253 2178 aliquis
1269 2129 1425 2169 inflectit

361 2184 537 2220 membra
575 2188 703 2218 contra
735 2181 944 2218 naturalem
978 2193 1111 2218 eorum
1139 2182 1422 2220 flexibilitatem.

362 2237 465 2284 Ergo
493 2234 673 2272 violentia
701 2246 779 2270 non
809 2241 938 2270 causat
964 2234 1271 2272 involontarium.

125 1609 134 1618 '
149 1609 199 1631 Art.
215 1610 321 1636 praeced.

124 1770 136 1781 ⁸
144 1770 179 1791 De
189 1769 247 1791 Fide
258 1770 335 1796 Orth„

124 1796 203 1822 1ib.11,
212 1802 238 1818 ca
257 1812 263 1817 .
271 1803 334 1819 xxiv.

124 1824 145 1832 ··
154 1822 229 1844 Etnic.
251 1823 281 1846 ib.
295 1823 334 1850 111,

125 1855 204 1897 ἓῗρῂῗ.
211 1855 316 1897 ἰε’ἐέἒῗᾱ,
324 1861 334 1865 “

124 2298 331 2325 ·Et›11‘c-1ib.111‚
417 2289 490 2326 SED
520 2298 666 2325 CONTRA
690 2299 755 2324 asr
776 2286 880 2335 quod
909 2286 1199 2336 Philosophus*
1228 2294 1264 2324 et
1282 2288 1424 2325 Dama-

124 2331 303 2373 ἕῗρΐὴι-Ἰεῗὲ-ῗῖ
322 2337 332 2342 ”
360 2340 531 2383 scenus*
565 2340 709 2388 dicunt,
739 2340 844 2389 quod
876 2339 1019 2388 aliquid
1049 2345 1103 2376 est
1129 2339 1422 2378 involuntarium

124 2379 133 2388 “
148 2378 204 2400 Loc.
219 2378 259 2400 cit.

355 2407 428 2443 per
455 2394 681 2431 violentiam.

415 2448 639 2484 RESPONDEO
663 2456 847 2482 mcssNnum
868 2444 974 2494 quod
993 2445 1173 2482 violentia
1193 2445 1332 2483 directe
1356 2458 1423 2495 op-

359 2501 514 2549 ponitur
540 2498 767 2546 voluntario,
795 2498 890 2535 sicut
913 2497 1027 2535 etiam
1048 2505 1084 2534 et
1107 2498 1275 2536 naturali.
1307 2499 1422 2536 Com-

361 2565 478 2590 mune
499 2560 554 2589 est
569 2551 671 2589 enirn
689 2551 905 2588 voluntario
926 2557 962 2587 et
981 2551 1140 2588 naturali
1158 2551 1264 2600 quod
1279 2558 1422 2590 utrum-

362 2618 437 2654 que
466 2605 511 2642 sit
536 2618 558 2642 a
581 2604 767 2654 principio
796 2604 1023 2648 intrinseco:
1052 2604 1262 2642 violentum
1293 2611 1422 2642 autem

362 2666 416 2700 est
444 2671 466 2701 a
491 2657 675 2708 principio
710 2657 931 2694 extrinseco.
962 2657 1011 2693 Et
1037 2664 1194 2706 propter
1221 2657 1306 2704 hoc,
1328 2657 1423 2694 sicut

359 2711 397 2749 in
425 2711 538 2748 rebus
567 2723 665 2759 quae
690 2710 903 2758 cognitione
924 2717 1062 2757 carent,
1082 2709 1262 2748 violentia
1282 2710 1422 2758 aliquid

360 2764 447 2802 facit
480 2771 610 2800 contra
642 2771 836 2809 naturam3
866 2763 915 2800 ita
946 2762 984 2799 in
1017 2763 1130 2805 rebus
1163 2763 1423 2810 cognoscenti-

221 2822 237 2838 α
360 2818 432 2855 bus
452 2817 540 2854 facit
559 2822 576 2838 ‘²
604 2815 745 2865 aliquid
766 2828 847 2853 esse
869 2822 999 2854 contra
1026 2816 1275 2853 voluntatem.
1306 2816 1421 2863 Quod

361 2878 489 2908 autem
519 2877 574 2906 est
608 2877 738 2906 contra
771 2876 967 2915 naturam,
998 2868 1132 2906 dicitur
1161 2881 1242 2905 esse
1276 2869 1422 2911 innatu-

361 2923 465 2960 rale:
495 2930 530 2959 et
563 2922 730 2959 similiter
763 2922 868 2971 quod
908 2930 963 2959 est
998 2929 1127 2964 contra
1160 2922 1418 2970 voluntatem,

363 2976 496 3013 dicitur
525 2987 606 3012 esse
635 2975 940 3014 involuntarium.
969 2974 1080 3019 Unde
1109 2974 1287 3012 violentia
1315 2975 1422 3012 invo-

361 3028 564 3070 luntarium
594 3035 732 3070 causat.

415 3082 472 3118 An
501 3092 637 3117 PmMUM
665 3092 763 3118 ERGO
782 3092 966 3117 DmENDUM
995 3080 1099 3129 quod
1127 3079 1423 3118 involuntarium

361 3133 573 3176 voluntario
603 3133 818 3182 opponitur.
848 3133 1001 3170 Dictum
1028 3141 1084 3170 est
1111 3140 1239 3170 autem
1269 3145 1383 3182 supra
1403 3133 1423 3155 *

363 3186 467 3235 quod
495 3185 754 3223 voluntarium
788 3185 922 3223 dicitur
956 3199 1034 3223 non
1062 3186 1187 3222 solum
1226 3193 1330 3223 actus
1359 3186 1423 3236 qui

364 3247 419 3276 est
446 3239 663 3276 immediate
692 3238 807 3287 ipsius
835 3239 1051 3286 voluntatis,
1082 3239 1149 3276 sed
1179 3239 1290 3282 etiam
1319 3246 1425 3291 actus

363 3304 385 3328 a
403 3292 597 3329 voluntate
621 3291 838 3340 imperatus.
869 3291 1066 3338 Quantum
1099 3291 1210 3339 igitur
1228 3292 1276 3330 ad
1296 3299 1427 3336 actum*

364 3345 428 3392 qui
463 3352 517 3382 est
548 3345 767 3382 immediate
799 3343 914 3392 ipsius
948 3344 1169 3391 voluntatis,
1198 3351 1239 3381 ut
1271 3356 1385 3393 supra
1403 3343 1424 3366 '¹‘

126 3146 135 3155 '¹
149 3145 200 3167 Art.
215 3145 321 3173 praeced.

125 3350 137 3361 ⁴
151 3350 210 3372 Ibid.

1481 1389 1622 1428 dictum
1654 1398 1719 1438 est,
1739 1391 1919 1428 violentia
1945 1392 2130 1429 voluntati
2157 1391 2283 1429 inferri
2301 1404 2381 1429 non
2399 1399 2541 1441 potest:

1478 1443 1582 1483 unde
1601 1444 1716 1481 talem
1737 1451 1864 1482 actum
1883 1444 2064 1482 violentia
2091 1444 2389 1483 involuntarium
2417 1445 2541 1484 facere

1480 1508 1558 1532 non
1577 1504 1703 1545 potest
1721 1495 1747 1533 β.
1778 1497 1856 1534 Sed
1875 1504 2061 1544 quantum
2081 1499 2129 1534 ad
2149 1505 2277 1534 actum
2297 1497 2540 1546 imperatum,

1478 1549 1655 1586 voluntas
1674 1555 1690 1577 Υ
1717 1557 1844 1598 potest
1869 1550 1946 1598 pati
1972 1549 2196 1586 violentiam
2216 1550 2248 1587 ³¹⁶.
2277 1551 2327 1587 Et
2354 1558 2541 1598 quantum
2569 1580 2578 1590 .

1479 1601 1528 1638 ad
1556 1602 1657 1638 hunc
1686 1610 1825 1650 actum,
1854 1602 2037 1639 violentia
2064 1602 2361 1640 involuntarium
2390 1603 2486 1640 facit.

1530 1656 1590 1691 AD
1610 1667 1800 1692 SECUNDUM
1828 1667 2012 1692 D1CENDUM
2041 1656 2157 1704 quod,
2187 1655 2282 1692 sicut
2300 1656 2468 1692 naturale
2489 1656 2542 1692 di-

1480 1707 1572 1744 citur
1600 1708 1706 1756 quod
1735 1716 1790 1745 est
1818 1708 2030 1745 secundum
2058 1708 2340 1745 inclinationem
2369 1716 2541 1756 naturae,

1478 1759 1528 1796 ita
1556 1761 1813 1798 voluntarium
1847 1761 1982 1798 dicitur
2013 1761 2119 1809 quod
2153 1768 2224 1798 est⁴
2240 1762 2452 1798 secundum
2486 1761 2541 1799 in-

1479 1813 1720 1850 clinationem
1748 1814 1965 1851 voluntatis.
1994 1813 2140 1850 Dicitur
2167 1821 2294 1851 autem
2314 1814 2455 1863 aliquid
2475 1826 2540 1851 na-

1477 1867 1595 1902 turale
1630 1866 1836 1915 dupliciter.
1871 1867 1958 1903 Uno
1988 1867 2128 1913 mod0‚
2159 1867 2247 1914 quia
2275 1875 2331 1903 est
2359 1879 2381 1903 a
2408 1875 2541 1904 natura

1478 1918 1573 1955 sicut
1601 1931 1623 1955 a
1641 1919 1825 1968 principio
1841 1919 1982 1956 activo:
2004 1919 2098 1956 sicut
2117 1919 2324 1956 calefacere
2353 1927 2409 1956 est
2432 1927 2540 1957 natu-

1478 1972 1554 2007 rale
1583 1971 1670 2019 igni.
1700 1972 1785 2013 Alio
1815 1972 1947 2019 modo,
1977 1971 2189 2009 secundum
2207 1972 2436 2021 principium
2455 1985 2541 2022 pas-

1478 2023 1616 2071 sivum,
1645 2024 1734 2072 quia
1762 2024 1900 2061 scilicet
1929 2032 1983 2061 est
2010 2025 2049 2061 in
2078 2032 2211 2062 natura
2230 2023 2244 2046 ὅ
2272 2024 2462 2063 inclinatio
2491 2025 2541 2062 ad

1478 2076 1737 2125 recipiendum
1753 2077 1944 2114 actionem
1960 2089 1982 2114 a
1997 2077 2180 2125 principio
2202 2077 2427 2114 extrinseco:
2446 2076 2542 2115 sicut

1479 2137 1606 2166 motus
1636 2130 1728 2171 caeli
1757 2129 1890 2167 dicitur
1914 2142 1996 2167 esse
2021 2129 2210 2174 naturalis,
2233 2136 2390 2179 propter
2406 2129 2542 2180 aptitu-

1479 2181 1608 2219 dinem
1637 2183 1847 2219 naturalem
1872 2182 2041 2220 caelestis
2065 2182 2234 2232 corporis
2254 2183 2302 2222 ad
2321 2183 2540 2225 talemmo—

1478 2242 1572 2281 tum,
1602 2235 1686 2272 licet
1713 2247 1877 2272 movens
1897 2235 1942 2272 sit
1959 2232 2218 2272 voluntarium
2234 2235 2266 2272 ²¹⁸.
2297 2235 2346 2272 Et
2374 2234 2541 2272 similiter
2570 2241 2579 2252 ·

1477 2288 1736 2325 voluntarium
1773 2295 1898 2336 potest
1934 2287 2075 2336 aliquid
2107 2288 2179 2325 dici
2211 2287 2426 2336 dupliciter:
2458 2299 2539 2324 uno

1478 2340 1610 2388 modo,
1631 2340 1844 2377 secundum
1865 2340 2067 2388 actionem,
2087 2348 2179 2389 puta
2199 2338 2288 2377 cum
2308 2339 2440 2390 aliquis
2458 2341 2540 2377 vult

1478 2393 1619 2441 aliquid
1643 2405 1772 2441 agere;
1802 2393 1875 2429 alio
1903 2393 2035 2440 mod0‚
2065 2392 2276 2430 secundum
2303 2392 2536 2443 passionem,

1477 2446 1616 2482 scilicet
1645 2458 1734 2483 cum
1763 2445 1896 2496 aliquis
1924 2446 2004 2482 vult
2031 2445 2108 2494 pati
2136 2446 2184 2482 ab
2204 2445 2287 2482 alio.
2318 2445 2430 2483 Unde
2449 2457 2538 2482 cum

1477 2498 1573 2536 actio
1602 2498 1757 2536 infertur
1784 2499 1832 2535 ab
1861 2498 1989 2547 aliquo
2014 2498 2198 2545 exteriori,
2227 2505 2404 2535 manente
2431 2497 2470 2535 in
2491 2509 2537 2535 eo

1477 2551 1543 2600 qui
1561 2551 1698 2600 patitur
1715 2552 1909 2588 voluntate
1932 2551 2111 2600 patiendi,
2140 2563 2219 2588 non
2244 2558 2300 2587 est
2322 2551 2538 2601 simpliciter

1475 2604 1706 2642 violentum:
1736 2604 1825 2653 quia
1848 2603 1932 2641 licet
1950 2602 2011 2640 ille
2031 2603 2096 2653 qui
2114 2604 2252 2658 patitur
2270 2615 2349 2640 non
2369 2604 2538 2643 conferat

1476 2657 1642 2706 agendo,
1673 2658 1817 2694 confert
1848 2663 1977 2694 tamen
2004 2657 2172 2694 volendo
2199 2656 2288 2711 pati.
2318 2656 2430 2694 Unde
2458 2667 2537 2693 non

1475 2717 1600 2760 potest
1629 2709 1701 2747 dici
1729 2709 2038 2746 involuntarium.
2121 2723 2123 2725 ¹

1477 2761 1482 2763 ⁴
1529 2765 1587 2800 AD
1612 2775 1772 2800 TER‘rmM
1800 2773 1984 2805 meantium
2012 2762 2130 2810 quod,
2160 2761 2254 2798 sicut
2280 2761 2536 2812 Philosophus

1477 2816 1565 2854 dicit
1583 2815 1621 2852 in
1639 2816 1725 2852 VIII
1745 2816 1894 2863 Physic.
1910 2814 1942 2862 ²¹⁸,
1972 2822 2099 2851 motus
2128 2814 2300 2851 animalis
2329 2826 2407 2862 quo
2426 2815 2537 2852 inter-

1477 2869 1570 2911 dum
1600 2876 1777 2905 movetur
1810 2868 1950 2904 animal
1979 2875 2110 2904 contra
2144 2868 2354 2904 naturalem
2382 2867 2537 2908 inclina-

1476 2921 1619 2958 tionem
1641 2921 1821 2970 corporis,
1843 2920 1912 2962 etsi
1931 2932 2010 2964 non
2029 2920 2075 2957 sit
2093 2919 2272 2964 naturalis
2300 2920 2460 2968 corpori,
2482 2927 2537 2958 est

1476 2982 1605 3011 tamen
1634 2973 1925 3024 quodammodo
1955 2973 2134 3011 naturalis
2162 2971 2325 3019 animali,
2347 2971 2407 3009 cui
2430 2980 2537 3017 natu-

1477 3028 1552 3070 rale
1578 3034 1634 3064 est
1661 3027 1765 3077 quod
1785 3027 1997 3069 secundum
2017 3025 2224 3076 appetitum
2246 3033 2459 3062 moveatur.
2488 3025 2538 3062 Et

1476 3079 1562 3117 ideo
1590 3081 1664 3117 hoc
1693 3092 1771 3123 non
1800 3086 1856 3116 est
1881 3079 2093 3122 violentum
2121 3077 2353 3129 simpliciter,
2383 3077 2451 3115 sed
2479 3090 2536 3115 se-

1478 3133 1646 3170 cundum
1676 3132 1777 3181 quid.
1807 3153 1831 3160 -
1861 3130 2103 3168 Et'similiter
2131 3137 2186 3167 est
2213 3127 2420 3168 dice'ndum
2449 3140 2535 3168 cum

1479 3186 1610 3234 aliquis
1630 3185 1792 3223 inflectit
1803 3183 1979 3222 membra
1998 3191 2128 3226 contra
2148 3184 2359 3227 naturalem
2379 3182 2537 3239 disposi-

1479 3238 1636 3276 tionem.
1663 3239 1749 3274 Hoc
1769 3237 1871 3274 enim
1892 3243 1948 3273 est
1966 3235 2178 3273 violentum
2198 3235 2410 3273 secundum
2431 3235 2534 3285 quid,

1479 3291 1617 3328 scilicet
1649 3297 1834 3340 quantum
1862 3288 1911 3331 ad
1939 3289 2157 3326 membrum
2190 3288 2428 3338 particulare:
2457 3300 2535 3333 non

1477 3351 1607 3381 tamen
1626 3342 1852 3392 simpliciter,
1881 3349 2066 3391 quantum
2096 3343 2145 3379 ad
2172 3342 2296 3391 ipsum
2324 3340 2533 3378 hominem.

418 3458 444 3491 α)
459 3458 537 3491 facit.
555 3472 574 3477 -
592 3458 717 3483 violentia
728 3458 802 3491 facit
820 3457 930 3482 codices.

366 3492 533 3552 omss)Pznde
553 3493 631 3518 talem
646 3497 733 3519 actum
746 3493 872 3518 violentia
892 3492 1101 3517 involuntarium
1114 3493 1208 3526 facere
1227 3500 1279 3518 non
1294 3496 1391 3525 potest.
1405 3506 1423 3512 -

1529 3458 1555 3490 γ)
1575 3458 1705 3482 voluntas.
1723 3471 1742 3475 -
1759 3456 1904 3481 voluntatis
1923 3455 2134 3488 ABFGHLpCb,
2153 3463 2206 3480 om.
2225 3455 2243 3480 1.

1529 3492 1554 3526 δ)
1575 3493 1600 3517 in
1622 3496 1728 3517 natura.
1745 3505 1765 3511 -
1783 3491 1944 3516 innaturalis
1962 3491 2007 3523 pF,
2027 3491 2122 3516 innata
2140 3491 2187 3516 Pa.
2205 3504 2223 3510 -
2243 3491 2291 3515 Pro
2307 3497 2324 3514 a
2338 3489 2482 3522 principio,
2502 3489 2535 3513 ab

1476 3526 1745 3560 ABDEFGHIKLpC.

2564 2823 2647 2874 §.a

2663 2851 2715 2873 lect.
2734 2834 2776 2874 νη..
