2852 4152
1004 258 1268 306 QUAESTIO
1297 258 1438 304 XLIX,
1468 256 1762 293 ARTICULUS
1793 257 1841 292 111

337 343 437 379 activi,
454 352 490 372 ea
512 341 642 376 ratione,
663 339 738 380 quia
760 348 827 368 non
851 345 896 369 est
919 348 1044 368 necesse
1067 337 1201 368 tribuere
1220 337 1282 367 hoc
1305 336 1393 367 habi-

337 388 400 423 tui;
424 396 482 416 nec
498 392 544 416 est
559 383 743 415 rationabile
765 382 886 412 auferre
910 393 927 412 a
950 382 1091 422 potentia
1110 381 1301 422 completam
1321 390 1393 411 cau-

337 430 491 463 salitatem
514 429 649 460 activam
671 433 814 467 respectu
843 433 950 462 actus,
976 432 1011 456 ut
1035 426 1199 456 adiuvetur
1222 425 1330 456 habitu
1354 424 1394 454 ad

338 473 509 515 agendum;
533 472 688 514 quoniam
710 470 819 501 omnia
843 480 923 510 quae
947 470 1158 501 attribuuntur
1180 469 1311 504 habitui,
1338 469 1394 499 sal-

337 525 450 549 vantur
473 517 539 547 sine
562 517 621 547 hac
644 514 833 546 causalitate.
851 514 912 544 Sed
934 514 996 544 hoc
1019 513 1163 554 quamvis
1191 513 1304 544 Scotus
1327 522 1394 543 non

338 562 398 593 nisi
421 560 623 602 probabiliter
646 558 806 592 sustineat,
823 557 895 588 ideo
919 557 1019 593 attuli,
1044 564 1080 588 ut
1103 557 1286 588 ostendatur
1307 557 1395 597 quod

339 617 396 638 nec
419 605 621 646 probabiliter
644 602 788 633 sustineri
812 608 925 641 potest.

395 650 432 681 11.
452 650 494 680 Et
508 648 661 690 quoniam
676 646 856 681 Durandus,
867 646 901 675 in
918 645 957 675 111
974 645 1074 682 Sent„
1092 644 1162 675 dist.
1178 654 1261 681 xxm,
1277 655 1332 685 qu.
1353 654 1394 680 rv,

340 693 521 734 simpliciter
543 697 628 723 tenet
656 690 745 731 quod
768 689 892 720 habitus
916 699 982 719 non
1013 688 1086 719 facit
1113 688 1232 729 aliquid
1255 689 1299 718 ad'
1323 689 1398 718 sub-

340 737 487 769 stantiam
512 743 567 767 aut
590 735 726 765 modum
749 741 855 769 actus,
879 733 951 763 ideo
976 732 1111 763 rationes
1135 732 1239 772 primo
1267 732 1395 763 afferen-

341 782 398 813 dae
420 787 507 816 sunt;
528 779 639 810 deinde
662 778 774 809 veritas
794 777 979 808 declaranda
1000 776 1036 813 ἦ
1062 784 1092 807 et
1115 776 1246 807 demum
1269 775 1396 807 satisfiet

340 824 469 856 obiectis
491 823 518 854 *.

391 868 528 899 Probare
543 873 651 897 autem
674 865 782 896 nititur
797 866 864 905 ipse
887 870 1040 905 quatuor:
1065 863 1180 904 primo,
1197 864 1286 904 quod
1310 863 1397 893 habi·

339 919 391 944 tus
413 921 479 942 non
503 918 550 942 est
572 920 628 951 per
651 920 683 940 se
706 909 898 950 principium
928 907 1015 938 modi
1039 914 1126 938 actus
1150 907 1205 947 qui
1229 914 1275 937 est
1297 907 1397 937 inten-

340 956 388 987 sio
403 953 433 992 *;
453 955 604 991 secundo,
619 955 708 995 quod
725 964 790 983 non
810 959 856 983 est
871 961 926 992 per
942 961 975 982 se
989 950 1181 991 principium
1199 950 1288 981 modi
1309 957 1397 982 actus

340 999 396 1041 qui
419 1006 465 1030 est
487 998 706 1030 determinatio
730 1004 817 1028 actus
838 996 872 1026 in
895 1005 962 1026 esse
986 1001 1114 1026 naturae
1129 994 1163 1030 *;
1186 994 1288 1031 tertio,
1308 995 1397 1035 quod

340 1053 406 1074 non
423 1050 468 1074 est
490 1053 545 1084 per
564 1052 596 1073 se
619 1041 812 1082 principium
827 1039 915 1070 modi
937 1046 1025 1070 actus
1041 1038 1096 1079 qui
1112 1045 1159 1069 est
1179 1038 1397 1069 determinatio

341 1087 380 1118 ad
396 1088 519 1118 bonum
534 1093 565 1117 et
580 1086 702 1116 malum
718 1084 878 1115 moraliter
892 1083 924 1119 *;
945 1089 1068 1124 quarto,
1086 1082 1175 1123 quod
1197 1092 1263 1113 non
1282 1089 1328 1113 est
1343 1092 1399 1123 per

341 1141 374 1162 se
389 1131 581 1172 principium
597 1130 686 1160 modi
706 1135 794 1160 actus
817 1127 873 1168 qui
895 1134 942 1158 est
963 1127 1094 1158 facilitas
1108 1126 1134 1157 *.
1154 1144 1175 1150 -
1195 1126 1235 1157 Et
1257 1126 1398 1167 primum

341 1175 481 1216 quidem,
501 1175 591 1216 quod
614 1174 729 1204 scilicet
743 1172 868 1203 habitus
891 1181 956 1202 non
972 1177 1138 1201 concurrat
1153 1177 1188 1201 ut
1211 1170 1398 1210 comprinci-

341 1219 432 1259 pium
461 1226 549 1250 actus
573 1219 611 1248 ad
633 1218 696 1249 hoc
722 1223 758 1247 ut
780 1223 867 1247 actus
889 1215 1041 1245 intensior
1067 1224 1122 1245 seu
1145 1214 1311 1254 perfectior
1334 1213 1397 1250 fiat,

341 1263 455 1303 probat
476 1273 513 1293 ex
536 1263 607 1298 hoc,
632 1261 707 1302 quia
729 1261 827 1291 altero
851 1259 990 1289 duorum
1019 1258 1193 1288 modorum
1216 1258 1278 1288 hoc
1301 1265 1397 1289 esset:

342 1306 458 1338 scilicet
479 1313 535 1337 aut
558 1306 634 1346 quia
657 1304 798 1345 potentia
821 1313 877 1343 per
904 1302 1048 1332 habitum
1071 1308 1152 1332 esset
1174 1302 1343 1338 intensior,
1369 1309 1400 1332 et

342 1350 385 1381 sic
401 1357 508 1381 actum
529 1348 734 1380 intensiorem
748 1347 950 1387 produceret;
975 1352 1030 1375 aut
1045 1345 1119 1385 quia
1133 1345 1275 1385 potentia
1297 1352 1328 1376 et
1343 1346 1398 1375 ha-

341 1394 425 1424 bitus
441 1398 663 1431 concurrerent
677 1398 714 1421 ut
735 1391 802 1420 duo
817 1389 999 1419 immediata
1021 1389 1144 1428 agentia
1166 1389 1316 1429 partialia.
1333 1389 1398 1419 Pri-

342 1440 515 1468 murts‘rion
537 1441 642 1476 potest
663 1434 739 1464 dici:
763 1433 838 1474 quia
860 1432 1002 1472 potentia
1017 1442 1084 1462 non
1107 1432 1238 1472 suscipit
1252 1432 1353 1472 magis
1369 1439 1400 1463 et

341 1480 458 1511 minus.
488 1479 672 1510 Secundum
701 1486 832 1517 quoque
858 1475 955 1506 teneri
986 1485 1051 1505 non
1078 1482 1199 1514 potest:
1231 1482 1286 1507 aut
1313 1476 1399 1506 enim

342 1530 444 1554 essent
455 1523 591 1555 univoce
611 1520 773 1562 principia,
790 1520 871 1550 sicut
887 1518 1045 1549 trahentes
1057 1527 1185 1555 navem;
1206 1526 1260 1549 aut
1275 1526 1398 1550 utrum-

341 1577 404 1608 que
419 1567 628 1608 requireretur
642 1574 767 1604 semper
782 1564 822 1594 ad
837 1569 944 1594 actum
959 1561 1102 1592 eiusdem
1117 1562 1241 1602 speciei.
1258 1562 1300 1593 Et
1314 1569 1400 1594 tenet

341 1611 486 1653 sequela:
505 1610 581 1652 quia
596 1609 749 1650 principia
764 1617 820 1648 per
833 1617 866 1638 se
881 1606 1030 1647 requisita
1045 1606 1085 1636 ad
1101 1613 1207 1636 actum
1223 1606 1399 1646 perfectum

341 1654 375 1685 in
397 1655 503 1696 aliqua
525 1653 638 1694 specie,
658 1652 861 1694 requiruntur
883 1651 923 1681 ad
945 1659 1076 1680 omnem
1095 1650 1210 1690 speciei
1227 1657 1344 1687 actum,
1364 1658 1401 1682 ut

342 1705 428 1739 patet
450 1698 618 1729 inductive.
634 1715 656 1720 -
671 1697 712 1727 Et
735 1695 955 1726 confirmatur:
972 1694 1047 1735 quia
1063 1693 1232 1725 effectuum
1256 1694 1400 1725 differen-

342 1742 424 1773 tium
439 1743 546 1774 solum
561 1741 738 1772 secundum
760 1739 860 1779 magis
875 1745 906 1770 et
924 1738 1040 1774 minus,
1057 1747 1124 1768 non
1143 1744 1269 1778 oportet
1289 1748 1399 1770 causas

342 1786 415 1826 plus
438 1786 559 1817 differre
580 1795 679 1826 quam
702 1783 879 1814 secundum
901 1782 1002 1823 magis
1024 1789 1055 1813 et
1077 1782 1195 1812 minus.

395 1829 582 1861 Secundum
604 1839 699 1865 vero,
722 1828 811 1868 quod
835 1825 950 1857 scilicet
972 1826 1096 1856 habitus
1129 1835 1195 1856 non
1219 1826 1259 1856 sit
1285 1826 1398 1866 princi-

342 1875 544 1915 piumffactus
571 1873 678 1914 quoad
702 1870 997 1902 determinationem
1015 1870 1048 1900 in
1071 1879 1139 1900 esse
1161 1877 1300 1906 naturae,
1328 1881 1400 1911 pro-

342 1919 396 1949 bat
417 1927 474 1958 per
489 1918 559 1953 hoc,
584 1917 660 1957 quia
683 1925 749 1946 non
772 1921 819 1945 est
841 1924 897 1955 per
911 1924 945 1944 se
968 1913 1160 1954 principium
1179 1913 1402 1954 singularitatis

343 1968 442 1994 actus.
457 1962 517 1992 Per
538 1970 605 1992 esse
629 1960 715 1991 enim
737 1958 894 1999 singulare
917 1958 1142 1989 determinatur
1161 1965 1248 1989 actus
1271 1959 1310 1988 ad
1335 1968 1402 1990 esse

343 2006 378 2037 in
399 2014 504 2037 rerum
529 2011 648 2035 natura.
668 2004 709 2035 Et
731 2003 821 2044 quod
839 2008 927 2033 actus
949 2011 1016 2033 non
1034 2001 1088 2032 fiat
1110 2002 1276 2042 singularis
1291 2003 1329 2032 ab
1346 2003 1401 2033 ha-

344 2049 430 2086 bitu,
454 2049 583 2090 probat:
607 2048 683 2089 quia
710 2056 776 2078 esse
800 2046 957 2086 singulare
987 2052 1033 2076 est
1063 2045 1190 2076 effectus
1221 2047 1403 2077 communis

345 2093 495 2125 omnibus
518 2092 650 2131 actibus,
666 2097 698 2122 et
719 2090 922 2131 praeveniens
945 2089 1100 2120 habitum.

400 2137 499 2175 Quod
525 2142 632 2167 autem
661 2135 786 2166 habitus
817 2143 883 2164 non
907 2134 947 2164 sit
969 2143 1025 2174 per
1054 2143 1087 2164 se
1116 2133 1308 2174 principium
1336 2143 1403 2165 esse

346 2181 484 2217 moralis,
508 2180 630 2220 probat,
655 2179 729 2220 quia
752 2178 813 2209 tale
836 2187 903 2208 esse
927 2184 973 2208 est
994 2177 1176 2214 relativum,
1202 2178 1292 2208 cuius
1315 2179 1403 2209 nulla

346 2232 393 2257 est
422 2234 478 2266 per
500 2234 534 2254 se
556 2224 638 2255 actio
669 2222 728 2254 nisi
751 2222 874 2253 ratione
900 2221 1109 2252 fundamenti.
1131 2222 1266 2253 Constat
1296 2229 1404 2253 autem

346 2269 435 2311 quod
457 2275 551 2299 actus
559 2268 593 2298 in
616 2277 683 2298 esse
697 2273 836 2302 naturae,
853 2265 909 2306 qui
932 2272 978 2296 est
993 2265 1238 2296 fundamentum
1253 2275 1320 2296 esse
1336 2276 1406 2297 mo-

345 2313 432 2349 ralis,
457 2322 524 2342 non
546 2318 593 2343 est
622 2312 662 2341 ab
685 2310 811 2342 habitu:
835 2309 910 2350 quia
940 2315 1027 2340 actus
1059 2309 1170 2340 similis
1199 2310 1403 2350 praeveniens

346 2356 499 2392 habitum,
517 2356 556 2386 ab
578 2355 687 2385 habitu
710 2364 777 2384 non
801 2360 856 2384 est.

401 2399 501 2437 Quod
532 2399 668 2439 denique
698 2397 824 2428 habitus
854 2406 922 2427 non
951 2396 992 2427 sit
1021 2397 1214 2437 principium
1248 2396 1404 2428 facilitatis

346 2444 446 2485 ipsius
475 2449 579 2479 actus,
604 2443 659 2473 sed
682 2441 819 2482 agentis,
843 2447 930 2481 patet
951 2450 989 2470 ex
1012 2450 1051 2470 eo
1083 2441 1172 2481 quod
1196 2441 1288 2471 idem
1316 2448 1404 2472 actus

345 2487 511 2519 habituato
532 2486 641 2523 facilis,
657 2492 688 2517 et
709 2495 776 2516 non
799 2484 964 2516 habituato
988 2483 1122 2515 difficilis
1145 2491 1201 2515 est.
1217 2485 1342 2516 —>Haec
1365 2486 1405 2516 de

369 2541 462 2563 nmo.
578 2538 583 2541 “

346 2542 368 2573 p
401 2575 453 2606 111.
470 2574 587 2612 Quoad
604 2573 780 2604 secundum
793 2571 822 2608 ⁸,
839 2572 917 2603 scito
940 2572 1039 2612 quod,
1053 2571 1126 2603 licet
1149 2573 1271 2602 Auctor
1286 2572 1319 2602 in
1342 2572 1404 2603 hoc

345 2625 477 2650 tractatu
507 2617 712 2649 communius
741 2623 848 2646 utatur
869 2615 994 2646 habitus
1023 2615 1152 2645 nomine
1178 2625 1276 2655 quam
1299 2623 1404 2656 poste-

346 2662 459 2698 riores;
483 2661 639 2702 quoniam
654 2660 866 2700 appellatione
888 2659 1013 2689 habitus
1027 2658 1062 2689 in
1084 2659 1146 2689 hoc
1160 2665 1293 2690 tractatu
1317 2669 1404 2690 com-

346 2705 551 2747 prehenditur
573 2704 692 2744 species
719 2702 923 2742 intelligibilis
946 2709 1011 2733 tam
1034 2702 1068 2732 in
1090 2702 1220 2734 homine
1249 2712 1348 2743 quam
1370 2703 1404 2734 in

346 2750 459 2790 angelo
469 2748 496 2785 *,
509 2755 545 2780 ut
562 2754 648 2788 patet
663 2747 827 2788 diligenter
841 2745 1065 2777 consideranti:
1086 2753 1123 2777 ut
1137 2753 1244 2777 tamen
1259 2756 1403 2778 commu-

346 2793 488 2824 nicemus
511 2793 544 2823 in
566 2791 729 2822 vocabulis
743 2801 818 2822 cum
841 2790 888 2820 his
909 2790 964 2831 qui
988 2790 1200 2827 adversantur,
1218 2790 1404 2831 restringen-

347 2837 426 2868 dum
441 2843 488 2867 est
509 2836 634 2867 habitus
657 2844 777 2865 nomen
791 2835 824 2865 in
846 2834 905 2865 hac
917 2834 1134 2908 {lisputatione
1149 2835 1188 2865 ad
1205 2844 1256 2865 eas
1271 2835 1404 2875 qualita-

346 2888 391 2912 tes
407 2891 485 2922 quas
509 2879 699 2911 confitentur
719 2888 786 2909 esse
809 2878 917 2909 habitu
937 2901 944 2914 ,
964 2884 1000 2908 ut
1022 2885 1096 2909 sunt
1113 2878 1243 2909 virtutes
1267 2879 1404 2910 morales

346 2931 376 2956 et
391 2924 626 2960 intellectuales,
643 2930 674 2954 et
696 2922 897 2958 huiusmodi;
922 2929 953 2952 et
971 2922 1010 2952 de
1033 2922 1080 2952 his
1099 2923 1332 2953 ostendendum
1358 2930 1404 2954 est

345 2969 423 3010 quid
446 2969 489 2999 rei
511 2968 624 2998 veritas
642 2967 764 2997 habeat.
781 2967 873 3003 Quae
896 2966 1009 2996 melius
1031 2966 1197 3003 videbitur,
1215 2966 1241 2996 si
1264 2967 1403 2998 attende-

345 3012 444 3043 rimus
473 3012 562 3053 quod
592 3021 685 3042 causa
715 3010 905 3040 difficultatis
937 3009 1031 3040 huius
1061 3016 1109 3041 est
1138 3011 1213 3051 quia
1243 3011 1403 3050 potentiae

345 3056 532 3097 operativae,
549 3064 686 3096 quarum
701 3061 774 3085 sunt
796 3053 846 3084 isti
867 3047 1003 3090 habitus,
1023 3060 1094 3084 ante
1109 3054 1187 3084 istos
1209 3054 1336 3085 habitus
1351 3055 1404 3085 eli-

345 3101 433 3132 ciunt
459 3109 535 3131 suos
565 3106 667 3135 actus,
691 3098 834 3129 eiusdem
857 3097 970 3138 speciei
1001 3107 1075 3128 cum
1102 3097 1223 3128 actibus
1250 3098 1306 3139 qui
1329 3105 1403 3129 sunt

344 3151 418 3185 post
441 3144 592 3184 adeptum
607 3143 765 3173 habiturn:
790 3141 966 3173 intellectus
981 3148 1088 3172 autem
1104 3149 1219 3178 noster,
1236 3149 1309 3173 ante
1329 3142 1400 3173 ade·—

344 3195 432 3229 ptam
451 3188 587 3229 speciem
602 3186 841 3226 intelligibilem.
857 3185 935 3216 nihil
947 3192 1052 3226 potest
1065 3185 1246 3226 intelligere.
1263 3186 1402 3217 Sinam—

345 3242 407 3274 que
423 3233 541 3273 absque
557 3231 666 3262 habitu
690 3230 797 3270 aliquo
822 3229 981 3270 potentiae
998 3229 1174 3270 operativae
1191 3240 1257 3260 non
1272 3237 1403 3271 possent

344 3276 477 3317 operari,
494 3286 560 3306 non
583 3281 663 3305 esset
685 3274 781 3305 locus
799 3273 940 3314 specialis
965 3273 1142 3314 quaestioni
1166 3273 1239 3304 huic
1267 3274 1307 3304 de
1329 3274 1403 3304 acti-

343 3321 437 3351 vitate
461 3319 605 3355 habitus,
630 3318 729 3349 modo
753 3324 860 3348 autem
882 3317 915 3347 in
938 3317 1073 3348 dubium
1095 3317 1234 3354 vertitur,
1259 3324 1295 3348 ut
1317 3325 1403 3358 patet

344 3380 380 3402 ex
403 3370 503 3402 dictis.
1149 3385 1154 3389 ·
1226 3367 1250 3386 Π

397 3414 431 3445 Si
447 3415 518 3455 quis
533 3413 628 3454 igitur
649 3412 839 3453 perspexerit
861 3412 950 3453 quod
969 3411 1147 3442 subiectum
1162 3411 1286 3442 habitus
1306 3421 1403 3452 opor-

343 3465 386 3490 tet
405 3468 472 3489 esse
495 3458 602 3498 aliquo
627 3457 726 3487 modo
741 3457 773 3486 in
795 3462 877 3493 actu,
895 3462 926 3487 et
947 3456 1056 3496 aliquo
1076 3456 1175 3486 modo
1198 3455 1230 3485 in
1245 3455 1398 3495 potentia,

343 3502 417 3544 quia
441 3502 539 3533 utitur
561 3501 631 3542 ipso
656 3511 730 3531 cum
752 3500 829 3536 vult,
848 3506 878 3531 et
900 3499 1059 3540 perficitur
1081 3509 1137 3539 per
1159 3499 1282 3540 ipsum;
1307 3506 1337 3530 et
1361 3499 1401 3529 si-

342 3546 458 3577 militer
481 3546 569 3587 quod
599 3545 743 3575 habitum
775 3544 882 3584 ipsum
912 3550 1038 3584 oportet
1066 3553 1131 3574 esse
1162 3543 1269 3584 aliquo
1301 3543 1400 3574 modo

342 3589 375 3620 in
398 3596 479 3626 actu,
500 3597 530 3620 et
553 3589 660 3630 aliquo
684 3588 783 3618 modo
807 3588 839 3618 in
863 3587 1020 3628 potentia,
1045 3587 1199 3628 quoniam
1222 3586 1350 3628 perficit,
1369 3594 1399 3618 et

369 3640 377 3645 “
483 3643 592 3667 Stratum
610 3642 712 3666 Taeot..
731 3641 762 3666 D.
781 3641 895 3665 Tuomst:
913 3640 945 3665 T.
964 3640 1005 3665 111.

2434 256 2506 292 313

1451 336 1657 377 potentialem
1681 336 1721 365 ad
1744 341 1850 365 actum
1867 334 2042 365 secundum
2067 334 2245 365 constituit:
2263 344 2299 364 ex
2322 335 2369 364 his
2392 335 2510 366 videbit

1452 387 1597 411 naturam
1620 379 1746 410 habitus
1777 388 1842 409 non
1872 388 1938 408 esse
1970 385 2146 408 extraneam
2171 388 2189 407 a
2218 385 2328 409 natura
2352 379 2509 418 potentiae

1451 424 1639 465 operativae.
1658 423 1719 454 Sed
1735 422 2011 463 quemadmodum
2033 421 2225 452 conveniunt
2240 422 2273 451 in
2290 429 2399 452 natura
2422 430 2510 455 actus

1452 475 1482 499 et
1505 468 1664 509 potentiae
1695 466 1991 508 proportionaliter,
2016 472 2052 496 ut
2074 472 2174 505 patet,
2197 465 2239 496 ita
2262 466 2455 496 conveniunt
2477 467 2510 496 in

1452 519 1562 543 natura
1591 511 1736 552 principii
1767 517 1910 551 respectu
1939 517 2036 540 actus.
2061 509 2147 540 Cum
2170 509 2255 539 enim
2278 519 2368 549 agere
2399 520 2509 550 sequa-

1452 563 1502 587 tur
1525 563 1640 592 actum,
1658 562 1689 586 et
1711 555 1775 596 pati
1792 555 1982 595 potentiam;
2003 561 2033 584 et
2048 553 2189 593 potentia
2213 553 2381 593 operativa,
2399 564 2509 584 secun-

1452 601 1530 631 dum
1553 600 1585 630 id
1609 600 1697 641 quod
1720 599 1814 630 habet
1836 599 1875 629 de
1899 605 1980 635 actu,
1997 597 2188 638 principium
2205 604 2251 627 est
2274 597 2411 627 activum
2434 607 2509 637 ope-

1452 644 1582 675 rationis
1606 653 1696 680 suae;
1721 643 1898 674 secundum
1922 643 1954 673 id
1977 652 2052 672 vero
2068 642 2157 682 quod
2180 641 2274 672 habet
2297 642 2336 671 de
2359 642 2509 681 potentia,

1453 688 1644 728 principium
1673 694 1719 718 est
1750 687 1912 728 passivum
1936 686 2093 717 eiusdem:
2118 692 2367 716 consentaneum
2398 692 2444 715 est
2476 691 2512 715 ut

1453 732 1578 762 habitus
1602 731 1765 772 perficiens
1787 730 1964 771 potentiam
1982 737 2018 761 ut
2042 729 2107 760 eius
2131 729 2258 770 propria
2281 729 2440 769 perfectio,
2465 739 2511 759 se-

1453 776 1594 806 cundum
1613 776 1646 806 id
1669 776 1758 816 quod
1777 775 1871 806 habet
1894 775 1932 805 de
1956 781 2037 810 actu,
2055 773 2194 814 perficiat
2211 780 2242 804 et
2266 773 2425 813 compleat
2441 773 2512 803 acti-

1453 820 1582 850 vitatem
1606 819 1778 859 potentiae;
1803 825 1833 849 et
1856 819 2032 849 secundum
2055 818 2087 848 id
2110 817 2199 858 quod
2223 824 2269 848 est
2295 817 2329 847 in
2352 817 2511 857 potentia,

1453 863 1635 904 appropriet
1657 863 1833 903 potentiam
1856 863 1895 892 ad
1925 862 2160 902 susceptionem
2184 861 2314 892 ultimae
2346 860 2511 901 perfectio-

1454 907 1511 942 nis,
1533 907 1613 937 idest
1635 907 1828 947 operationis
1852 906 2015 946 perfectae.
2040 906 2222 936 Putandum
2246 912 2292 936 est
2315 905 2400 935 enirn
2423 905 2512 946 quod

1454 951 1576 981 animae
1599 951 1740 991 potentia
1773 951 1932 990 operativa
1956 957 2002 981 est
2028 950 2061 980 in
2084 949 2225 990 potentia
2254 950 2294 979 ad
2317 959 2408 980 suam
2437 959 2512 979 con-

1454 1002 1645 1025 summatam
1669 994 1905 1035 perfectionem,
1931 994 2041 1024 ordine
2064 994 2222 1034 quodam:
2249 1000 2296 1024 est
2317 1003 2456 1034 namque
2479 992 2512 1022 in

1454 1039 1595 1079 potentia
1618 1049 1673 1079 per
1697 1038 1896 1078 operationes
1926 1037 2124 1078 imperfectas
2147 1038 2187 1068 ad
2215 1037 2378 1073 habitum;
2405 1043 2435 1067 et
2457 1046 2513 1077 per

1454 1083 1597 1113 habitum
1620 1083 1660 1113 ad
1683 1082 1902 1123 operationem
1925 1082 2105 1122 perfectam,
2125 1081 2157 1111 in
2182 1091 2245 1122 qua
2269 1087 2511 1112 consummatur

1455 1126 1605 1167 perfectio
1628 1126 1787 1166 potentiae
1811 1126 1999 1166 operativae.
2020 1126 2088 1156 Nisi
2112 1125 2183 1165 quis
2207 1125 2321 1156 diceret
2343 1125 2432 1166 quod
2453 1135 2513 1164 po-

1454 1171 1551 1201 tentia
1574 1170 1734 1211 operativa
1757 1170 1880 1200 animae
1904 1177 1950 1200 est
1975 1179 2031 1209 per
2054 1179 2087 1199 se
2109 1169 2142 1199 in
2173 1169 2316 1209 potentia
2338 1179 2394 1209 per
2425 1175 2512 1199 actus

1454 1214 1655 1254 imperfectos
1674 1215 1714 1244 ad
1736 1221 1843 1245 actum
1858 1213 2043 1254 perfectum,
2061 1213 2115 1243 sed
2138 1223 2194 1253 per
2209 1213 2352 1243 accidens
2374 1213 2512 1252 interpo-

1454 1259 1540 1289 nitur
1562 1258 1695 1289 habitus.
1723 1259 1821 1295 Quod
1844 1257 2096 1288 irrationabiliter
2119 1256 2179 1287 dici
2203 1263 2289 1297 patet
2312 1267 2349 1287 ex
2372 1256 2514 1287 doctrina

1455 1303 1481 1332 II
1505 1303 1631 1343 Physic.
1648 1303 1666 1322 *
1689 1302 1942 1343 Unumquodque
1964 1301 2059 1337 enim,
2083 1302 2165 1332 sicut
2186 1302 2310 1342 agitur,
2334 1302 2378 1332 ita
2402 1307 2511 1341 aptum

1455 1352 1565 1377 natum
1589 1352 1636 1377 est
1658 1348 1726 1387 agi,
1743 1352 1772 1377 et
1795 1356 1813 1376 e
1835 1351 1967 1376 contra:
1990 1351 2113 1376 constat
2135 1351 2242 1375 autem
2265 1345 2425 1385 potentiae
2448 1345 2513 1375 ani-

1455 1400 1525 1420 mae
1549 1390 1726 1429 operativae
1747 1390 1974 1430 perfectionem
1992 1389 2036 1420 sic
2059 1388 2118 1428 agi,
2134 1395 2170 1419 ut
2186 1398 2242 1428 per
2256 1395 2343 1419 actus
2366 1389 2512 1429 imperfe-

1456 1441 1522 1464 ctos
1541 1434 1681 1474 acquirat
1704 1434 1857 1470 habitum,
1875 1440 1905 1464 et
1927 1443 1983 1473 per
1998 1433 2142 1464 habitum
2166 1433 2337 1472 perfectam
2356 1433 2513 1473 operatio-

1455 1487 1530 1507 nem
1552 1484 1746 1519 assequatur.
1769 1477 1816 1508 Ex
1839 1484 1951 1508 natura
1973 1477 2068 1517 igitur
2090 1476 2275 1507 huiusmodi
2298 1476 2514 1516 potentiarum

1455 1527 1502 1550 est
1523 1521 1613 1560 quod
1634 1521 1721 1561 ipsae
1745 1521 1798 1551 tali
1822 1521 1946 1557 ordine,
1973 1528 2003 1551 et
2025 1520 2139 1551 talibus
2162 1520 2274 1550 mediis
2297 1521 2337 1550 ad
2365 1530 2513 1551 consum-

1455 1571 1574 1594 matam
1596 1564 1823 1604 perfectionem
1847 1564 2039 1604 perveniant.
2059 1566 2107 1594 Ac
2130 1574 2186 1603 per
2208 1564 2279 1599 hoc,
2304 1564 2429 1595 habitus
2451 1564 2512 1604 ipsi

1455 1617 1511 1647 per
1533 1617 1566 1638 se
1589 1608 1729 1639 mediant
1751 1607 1832 1638 inter
1854 1608 2010 1648 potentias
2030 1614 2060 1638 et
2083 1607 2282 1647 operationes
2306 1607 2468 1647 perfectas.

1508 1651 1561 1682 IV.
1579 1652 1622 1682 Ut
1644 1659 1751 1683 autem
1766 1652 1855 1692 quod
1878 1652 2011 1682 dicimus
2036 1652 2074 1681 de
2090 1651 2244 1681 activitate
2267 1651 2392 1682 habitus
2411 1662 2514 1691 respe-

1456 1702 1507 1726 ctu
1531 1702 1628 1732 actus,
1646 1696 1821 1726 evidentius
1837 1702 2039 1733 monstretur,
2058 1695 2092 1725 in
2114 1695 2282 1725 virtutibus
2300 1695 2515 1726 intellectuali-

1455 1740 1524 1776 bus,
1541 1749 1621 1780 quas
1644 1747 1767 1770 constat
1789 1749 1856 1770 esse
1879 1739 2019 1775 habitus,
2045 1738 2270 1769 manifestatur.
2295 1739 2336 1769 Et
2358 1739 2513 1779 quoniam

1455 1784 1567 1814 innata
1591 1789 1637 1814 est
1668 1784 1756 1814 nobis
1780 1785 1831 1814 via
1855 1793 1897 1814 ex
1919 1783 2094 1814 notioribus
2120 1782 2209 1812 nobis
2222 1782 2248 1819 *,
2266 1782 2453 1813 inchoemus
2477 1783 2514 1812 ab

1456 1834 1530 1858 arte.
1550 1831 1609 1858 Ars
1633 1834 1680 1858 est
1701 1827 1837 1864 habitus,
1854 1834 1890 1858 ut
1912 1834 1998 1868 patet
2016 1827 2049 1857 in
2068 1827 2110 1858 VI
2133 1827 2237 1857 Ethic.
2254 1826 2286 1856 *ε
2308 1833 2339 1857 et
2361 1833 2407 1857 est
2430 1827 2515 1857 facti-

1454 1881 1522 1902 vus.
1547 1871 1589 1902 Et
1612 1872 1700 1912 quod
1723 1872 1763 1902 sit
1786 1871 1918 1902 factivus
1941 1871 1975 1902 in
1998 1880 2110 1912 genere
2141 1880 2253 1901 causae
2277 1870 2454 1907 effectivae,
2479 1878 2515 1901 ut

1456 1916 1561 1946 omnis
1585 1916 1742 1946 cavillatio
1766 1915 1964 1952 excludatur,
1986 1915 2139 1955 probatur
2162 1925 2198 1945 ex
2222 1915 2264 1945 IX
2287 1915 2470 1955 Metaphys.
2487 1913 2522 1951 *,r

1456 1959 1510 1990 ubi
1533 1969 1582 1990 ars
1606 1960 1736 2000 ponitur
1758 1959 1838 1990 inter
1853 1959 2010 2000 potentias
2026 1959 2156 1994 activas;
2182 1965 2212 1989 et
2235 1958 2436 1999 distinguitur
2458 1969 2515 1999 po-

1456 2004 1551 2034 tentia
1574 2003 1734 2034 rationalis
1758 2010 1867 2034 contra
1886 2003 2063 2044 potentiam
2086 2002 2272 2039 naturalem,
2289 2003 2378 2043 quod
2400 2003 2454 2033 illa
2469 2010 2516 2034 est

1456 2047 1556 2078 activa
1578 2048 1744 2088 utriusque
1767 2047 1929 2084 contrarii,
1954 2053 1984 2078 et
2007 2053 2173 2088 propterea
2197 2056 2263 2077 non
2285 2047 2349 2087 agit
2381 2047 2440 2077 nisi
2464 2047 2516 2078 de-

1457 2091 1621 2123 terminata
1644 2101 1663 2122 a
1685 2091 1852 2132 proaeresi,
1870 2098 1900 2122 et
1923 2098 1999 2122 tunc
2022 2091 2086 2131 agit
2108 2100 2222 2121 unum.

1512 2136 1682 2171 Praeterea,
1700 2136 1816 2166 domus
1832 2145 1914 2176 quae
1937 2135 1972 2166 fit
1992 2135 2024 2165 in
2048 2134 2187 2171 materia,
2205 2141 2251 2165 est
2273 2144 2292 2165 a
2315 2134 2414 2165 domo
2434 2145 2516 2175 quae

1457 2186 1503 2210 est
1521 2180 1554 2210 in
1568 2180 1684 2215 anima,
1701 2179 1853 2210 effective:
1878 2186 1910 2210 et
1923 2179 2038 2210 sanitas
2060 2189 2079 2210 a
2097 2178 2238 2215 sanitate,
2256 2185 2286 2209 et
2302 2179 2517 2210 universaliter

1457 2224 1622 2264 quodlibet
1645 2223 1803 2254 artificiale
1827 2234 1845 2254 a
1867 2233 1924 2254 sua
1949 2223 2051 2253 forma
2074 2223 2107 2253 in
2130 2230 2246 2254 mente.
2269 2223 2330 2254 Sed
2353 2223 2415 2254 hoc
2438 2223 2518 2253 nihil

1457 2268 1544 2298 aliud
1567 2275 1613 2298 est
1637 2277 1735 2308 quam
1758 2277 1825 2298 esse
1848 2268 1887 2298 ab
1911 2274 1993 2298 arte:
2017 2267 2096 2297 nihil
2116 2267 2203 2297 enim
2225 2266 2311 2297 aliud
2334 2274 2380 2297 est
2403 2267 2518 2298 sanitas

1457 2312 1490 2341 in
1518 2318 1623 2342 mente
1651 2311 1766 2342 medici
1795 2320 1894 2356 quam
1917 2321 1965 2342 ars
1998 2311 2145 2346 sanandi,
2170 2317 2201 2341 et
2231 2310 2374 2341 similiter
2401 2311 2517 2341 domus

1457 2365 1556 2396 quam
1579 2365 1627 2386 ars
1658 2354 1877 2386 domificandi:
1901 2355 1987 2385 unde
2011 2355 2050 2385 ad
2080 2361 2253 2395 utrumque
2285 2355 2516 2385 contrariorum

1458 2409 1491 2429 se
1513 2399 1616 2430 habet.
1636 2399 1731 2439 Ergo.

1513 2444 1684 2479 Praeterea,
1701 2443 1730 2474 V
1749 2443 1932 2484 Metaphys.
1949 2443 1976 2479 *‚
1996 2442 2159 2479 statumen,
2175 2449 2214 2478 et,
2233 2442 2374 2478 breviter,
2399 2443 2516 2479 artifex,

1458 2486 1590 2528 ponitur
1603 2497 1697 2518 causa
1712 2487 1848 2518 efficiens
1865 2497 1920 2527 per
1939 2495 1990 2523 se;
2010 2486 2190 2528 Polycletus
2209 2494 2326 2523 autem,
2344 2497 2399 2517 seu
2416 2487 2518 2518 subie-

1458 2538 1556 2568 ctum,
1580 2541 1637 2572 per
1658 2531 1811 2562 accidens.
1836 2530 1920 2571 Ergo
1953 2541 2001 2561 ars
2023 2531 2099 2571 ipsa.
2116 2537 2162 2562 est
2184 2540 2241 2570 per
2269 2541 2302 2560 se
2325 2531 2519 2571 principium

1457 2575 1596 2605 activum
1611 2582 1709 2606 actus.
1720 2593 1741 2598 —
1757 2574 1807 2611 Et,
1823 2575 1977 2616 quoniam
1983 2575 2151 2614 probabile
2165 2579 2212 2605 est
2226 2575 2310 2615 quod
2323 2575 2520 2615 sapientibus

1451 2617 1611 2658 pluribus
1626 2619 1751 2650 videtur
1765 2618 1792 2654 ⁴²,
1817 2629 1853 2648 ex
1877 2618 2041 2648 communi
2067 2618 2237 2648 hominum
2261 2628 2417 2649 consensu
2434 2626 2520 2659 patet

1458 2663 1614 2698 homines,
1627 2663 1746 2694 utendo
1756 2663 1821 2692 suis
1833 2662 1961 2698 artibus,
1973 2671 2040 2693 esse
2051 2672 2160 2693 causas
2172 2671 2322 2702 operum:
2337 2663 2417 2693 adeo
2428 2664 2518 2703 quod

1457 2713 1596 2737 carentes
1623 2707 1758 2742 artibus,
1781 2713 1886 2737 carent
1907 2705 2054 2748 facultate
2082 2706 2228 2742 faciendi,
2258 2714 2288 2737 et
2316 2716 2383 2737 non
2411 2708 2519 2738 solum

1458 2758 1564 2782 carent
1574 2750 1785 2791 expeditione,
1803 2750 2018 2786 delectatione,
2035 2750 2287 2791 promptitudine
2311 2758 2341 2781 et
2360 2751 2515 2782 facilitate.

1513 2795 1559 2825 Sit
1577 2803 1652 2834 ergo
1675 2795 1788 2834 procul
1804 2804 1822 2824 a
1836 2794 2052 2834 probabilibus
2067 2794 2232 2834 phantasia
2247 2794 2338 2825 haec:
2362 2802 2393 2825 et
2411 2795 2517 2832 dicito,

1456 2838 1661 2879 ingrediendo
1676 2839 1858 2869 interiorem
1874 2838 2049 2874 hominem,
2063 2839 2152 2879 quod
2164 2840 2439 2879 quemadmodum
2457 2850 2516 2876 ars,

1458 2893 1531 2914 cum
1555 2890 1638 2913 recta
1661 2883 1741 2913 ratio
1765 2882 1805 2913 sit
1828 2882 2023 2919 factibilium,
2044 2882 2143 2913 activa
2159 2889 2205 2913 est
2227 2892 2355 2919 eorum;
2379 2884 2421 2914 ita
2444 2893 2518 2924 pru—

1457 2927 1571 2963 dentia,
1601 2937 1683 2967 quae
1707 2933 1789 2957 recta
1812 2926 1891 2957 ratio
1915 2933 1961 2957 est
1989 2926 2171 2966 agibilium,
2197 2925 2296 2957 activa
2321 2933 2366 2957 est
2394 2937 2516 2958 eorum.

1457 2971 1498 3002 Et
1518 2971 1660 3002 similiter
1675 2971 1808 3011 quilibet
1825 2970 1950 3001 habitus
1964 2970 2097 3001 existens
2120 2971 2153 3001 in
2169 2971 2274 3011 aliqua
2297 2972 2439 3011 potentia
2453 2972 2518 3002 ani-

1457 3025 1544 3051 mae,
1568 3015 1634 3045 vim
1657 3015 1792 3046 activam
1814 3014 1922 3051 habet,
1948 3014 2028 3045 sicut
2060 3014 2202 3055 potentia
2225 3014 2316 3045 cuius
2339 3022 2400 3052 est;
2425 3022 2461 3046 ut
2483 3016 2515 3046 in

1457 3068 1590 3099 corpore
1613 3058 1735 3089 articuli
1759 3058 1880 3089 dicitur.

1511 3103 1551 3134 V.
1566 3103 1633 3133 Nec
1648 3102 1710 3132 hoc
1726 3108 1773 3132 est
1788 3102 1937 3142 derogare
1953 3101 2101 3132 activitati
2117 3102 2276 3142 potentiae
2290 3102 2322 3139 ⁴‘;
2347 3104 2402 3133 sed
2418 3104 2517 3134 decla-

1457 3157 1522 3177 rare
1539 3153 1666 3177 naturas
1682 3146 1895 3186 potentiarum
1908 3146 2159 3187 susceptibilium
2173 3146 2318 3187 ipsorum
2338 3147 2516 3178 habituum.

1456 3192 1507 3222 Ad
1530 3200 1612 3231 quae
1628 3199 1766 3230 namque
1789 3196 1900 3220 natura
1922 3200 1988 3220 non
2012 3189 2202 3221 sufficienter
2217 3191 2435 3222 determinavit
2458 3202 2517 3232 po-

1457 3235 1662 3274 tentiamfper
1678 3234 1823 3274 seipsam,
1845 3234 2114 3264 determinabilem
2138 3234 2211 3265 fecit
2229 3245 2286 3275 per
2300 3235 2453 3272 habitum,
2471 3243 2515 3272 ut,

1457 3278 1661 3310 determinata
1683 3278 1749 3314 illo,
1769 3284 1840 3318 agat
1862 3279 1950 3319 quod
1973 3287 2030 3319 per
2052 3278 2188 3318 seipsam
2219 3279 2312 3319 plene
2336 3289 2426 3319 agere
2450 3290 2516 3310 non

1456 3328 1588 3364 poterat.
1612 3322 1660 3352 Ex
1683 3322 1731 3352 his
1745 3328 1852 3352 autem
1867 3328 1955 3362 patet
1969 3329 2000 3353 et
2015 3323 2104 3363 quod
2121 3330 2247 3364 oportet
2269 3323 2388 3353 habitui
2412 3324 2517 3354 activi-

1456 3374 1553 3398 tatem
1580 3366 1732 3402 tribuere;
1756 3372 1788 3397 et
1810 3367 1900 3406 quod
1926 3374 1993 3397 non
2020 3373 2155 3407 possunt
2182 3377 2219 3396 ea
2241 3377 2322 3407 quae
2345 3368 2384 3397 de
2407 3367 2516 3398 habitu

1456 3411 1563 3451 aliquo
1580 3410 1737 3446 dicuntur,
1753 3410 1863 3440 salvari
1878 3411 1997 3451 absque
2012 3410 2176 3446 activitate,
2193 3417 2229 3441 ut
2247 3417 2332 3451 patet
2351 3411 2389 3441 de
2408 3418 2481 3442 arte.
2494 3429 2516 3435 -

1456 3455 1543 3485 Haec
1567 3455 1605 3484 de
1629 3454 1779 3485 secundo.

1510 3499 1564 3529 VI.
1582 3498 1632 3528 Ad
1655 3498 1777 3529 obiecta
1799 3505 1906 3529 autem
1928 3498 1961 3528 in
1985 3498 2180 3538 oppositum,
2198 3504 2229 3529 et
2247 3498 2399 3529 Durando
2415 3498 2441 3535 *‚
2467 3509 2516 3529 or-

1456 3542 1560 3573 dinate
1583 3542 1815 3582 respondendo,
1833 3542 1946 3573 dicitur
1967 3542 2056 3582 quod
2080 3542 2221 3582 potentia
2242 3549 2272 3572 et
2294 3542 2418 3574 habitus
2441 3553 2516 3574 con-

1458 3593 1587 3617 currunt
1609 3586 1649 3616 ad
1673 3585 1811 3617 effective
1840 3587 2034 3617 causandum
2058 3594 2180 3622 actum,
2206 3596 2271 3616 non
2300 3586 2381 3618 sicut
2405 3597 2516 3618 causae

2339 3647 2373 3670 40

2502 3711 2522 3745 s

2540 1309 2551 1320 ⁸
2561 1309 2619 1357 Cap.
2629 1315 2679 1335 viu,
2693 1315 2716 1331 n.
2726 1316 2751 1336 4.

2542 1346 2551 1350 —
2559 1336 2584 1358 S.
2610 1336 2634 1357 h.
2642 1336 2692 1357 lect.
2703 1342 2751 1357 xm.

2544 1789 2551 1796 '
2566 1787 2637 1808 Arist.
2652 1787 2754 1814 Physic„

2543 1813 2583 1835 lib.
2593 1813 2610 1836 1.
2621 1819 2672 1840 cap.
2680 1819 2695 1839 1,
2703 1820 2725 1835 n.
2733 1820 2755 1835 2.

2543 1851 2554 1875 ³
2569 1839 2721 1893 {agnam
2738 1847 2755 1895 ¹3·

2543 1898 2595 1920 sqq.
2602 1904 2612 1908 —
2619 1892 2754 1914 S.Th.1ect.

2543 1925 2646 1967 ³1¹§.Th
2662 1945 2713 1967 lect.
2728 1952 2752 1971 ιι,

2544 1971 2755 1999 1v.-Did.lib.VIII,

2545 2004 2595 2025 cap.
2604 2004 2627 2024 n,
2637 2004 2688 2026 n.1;
2704 2004 2756 2026 cap.

2544 2032 2566 2051 v,
2582 2031 2605 2046 n.
2621 2030 2640 2051 2,
2655 2030 2675 2052 3.

2548 2451 2557 2459 '
2568 2450 2592 2472 S.
2598 2449 2644 2471 Th.
2658 2450 2710 2471 lect.
2726 2455 2760 2471 ιιι.

2549 2475 2759 2503 -Did.}ib.1v,eap.

2547 2509 2573 2530 11,
2590 2509 2613 2524 n.
2628 2509 2651 2530 9.

2546 2628 2555 2636 '
2565 2626 2758 2653 Aristot.Top1'c.‚

2547 2653 2588 2675 lib.
2597 2653 2615 2679 1,
2624 2658 2697 2681 capa,
2707 2658 2758 2679 n.7.

2547 3116 2555 3123 '
2571 3114 2607 3136 cf.
2622 3120 2686 3136 num.
2701 3121 2719 3137 1.

2544 3506 2553 3515 ·
2570 3506 2606 3528 cf.
2621 3511 2685 3528 num.
2703 3512 2729 3528 11.
