<?xml version="1.0" encoding="UTF-8"?>
<!DOCTYPE html PUBLIC "-//W3C//DTD XHTML 1.0 Transitional//EN"
    "http://www.w3.org/TR/xhtml1/DTD/xhtml1-transitional.dtd">
<html xmlns="http://www.w3.org/1999/xhtml" xml:lang="en" lang="en">
 <head>
  <title>
</title>
<meta http-equiv="Content-Type" content="text/html;charset=utf-8" />
  <meta name='ocr-system' content='tesseract 3.04.00' />
  <meta name='ocr-capabilities' content='ocr_page ocr_carea ocr_par ocr_line ocrx_word'/>
</head>
<body>
  <div class='ocr_page' id='page_1' title='image "./operaomniaiussui06thom/operaomniaiussui06thom_0148.png"; bbox 0 0 2852 4152; ppageno 0'>
   <div class='ocr_carea' id='block_1_1' title="bbox 151 465 360 519">
    <p class='ocr_par' dir='ltr' id='par_1_1' title="bbox 151 465 360 519">
     <span class='ocr_line' id='line_1_1' title="bbox 151 465 360 487; baseline -0.005 0"><span class='ocrx_word' id='word_1_1' title='bbox 151 465 268 487; x_wconf 57' lang='lat' dir='ltr'>“Numan</span> <span class='ocrx_word' id='word_1_2' title='bbox 276 465 310 486; x_wconf 90' lang='lat' dir='ltr'>Cf.</span> <span class='ocrx_word' id='word_1_3' title='bbox 317 468 360 486; x_wconf 80' lang='lat' dir='ltr'>art.</span> 
     </span>
     <span class='ocr_line' id='line_1_2' title="bbox 151 491 360 519; baseline 0 -7"><span class='ocrx_word' id='word_1_4' title='bbox 151 498 170 519; x_wconf 81' lang='lat'>5,</span> <span class='ocrx_word' id='word_1_5' title='bbox 177 491 360 513; x_wconf 65' lang='lat' dir='ltr'>Commenma.</span> 
     </span>
    </p>
   </div>
   <div class='ocr_carea' id='block_1_2' title="bbox 148 1386 356 1413">
    <p class='ocr_par' dir='ltr' id='par_1_2' title="bbox 148 1386 356 1413">
     <span class='ocr_line' id='line_1_3' title="bbox 148 1386 356 1413; baseline -0.005 -5"><span class='ocrx_word' id='word_1_6' title='bbox 148 1388 156 1395; x_wconf 90' lang='grc'>·</span> <span class='ocrx_word' id='word_1_7' title='bbox 163 1386 300 1413; x_wconf 74' lang='lat' dir='ltr'>cf.num.v¹‚</span> <span class='ocrx_word' id='word_1_8' title='bbox 307 1386 356 1407; x_wconf 83' lang='lat' dir='ltr'>init.</span> 
     </span>
    </p>
   </div>
   <div class='ocr_carea' id='block_1_3' title="bbox 145 2047 357 2095">
    <p class='ocr_par' dir='ltr' id='par_1_3' title="bbox 145 2047 357 2095">
     <span class='ocr_line' id='line_1_4' title="bbox 145 2047 357 2074; baseline -0.005 -6"><span class='ocrx_word' id='word_1_9' title='bbox 145 2049 153 2056; x_wconf 87' lang='grc'>·</span> <span class='ocrx_word' id='word_1_10' title='bbox 162 2047 198 2069; x_wconf 83' lang='lat' dir='ltr'>Cf.</span> <span class='ocrx_word' id='word_1_11' title='bbox 210 2053 273 2068; x_wconf 90' lang='lat' dir='ltr'>num.</span> <span class='ocrx_word' id='word_1_12' title='bbox 281 2053 357 2074; x_wconf 87' lang='lat' dir='ltr'>praec.</span> 
     </span>
     <span class='ocr_line' id='line_1_5' title="bbox 147 2073 262 2095; baseline -0.009 0"><span class='ocrx_word' id='word_1_13' title='bbox 147 2073 262 2095; x_wconf 79' lang='lat' dir='ltr'>Secundo.</span> 
     </span>
    </p>
   </div>
   <div class='ocr_carea' id='block_1_4' title="bbox 148 2131 327 2152">
    <p class='ocr_par' dir='ltr' id='par_1_4' title="bbox 148 2131 327 2152">
     <span class='ocr_line' id='line_1_6' title="bbox 148 2131 327 2152; baseline 0.006 -1"><span class='ocrx_word' id='word_1_14' title='bbox 148 2132 156 2140; x_wconf 90' lang='grc'>·</span> <span class='ocrx_word' id='word_1_15' title='bbox 172 2131 209 2152; x_wconf 84' lang='lat' dir='ltr'>Cf.</span> <span class='ocrx_word' id='word_1_16' title='bbox 224 2136 289 2152; x_wconf 89' lang='lat' dir='ltr'>num.</span> <span class='ocrx_word' id='word_1_17' title='bbox 303 2137 327 2152; x_wconf 87' lang='lat'>11.</span> 
     </span>
    </p>
   </div>
   <div class='ocr_carea' id='block_1_5' title="bbox 144 2222 355 2297">
    <p class='ocr_par' dir='ltr' id='par_1_5' title="bbox 144 2222 355 2297">
     <span class='ocr_line' id='line_1_7' title="bbox 145 2222 355 2251; baseline 0 -7"><span class='ocrx_word' id='word_1_18' title='bbox 145 2224 153 2233; x_wconf 86' lang='lat'>&#39;¹</span> <span class='ocrx_word' id='word_1_19' title='bbox 164 2223 264 2251; x_wconf 64' lang='lat' dir='ltr'>Dialog.</span> <span class='ocrx_word' id='word_1_20' title='bbox 275 2223 304 2244; x_wconf 85' lang='lat' dir='ltr'>de</span> <span class='ocrx_word' id='word_1_21' title='bbox 314 2222 355 2244; x_wconf 84' lang='lat' dir='ltr'>Ve-</span> 
     </span>
     <span class='ocr_line' id='line_1_8' title="bbox 147 2249 354 2277; baseline 0.005 -7"><span class='ocrx_word' id='word_1_22' title='bbox 147 2249 227 2276; x_wconf 76' lang='lat' dir='ltr'>rx&#39;tate,</span> <span class='ocrx_word' id='word_1_23' title='bbox 244 2255 294 2277; x_wconf 78' lang='lat' dir='ltr'>cap.</span> <span class='ocrx_word' id='word_1_24' title='bbox 309 2255 354 2276; x_wconf 64' lang='grc' dir='ltr'>ιιι,</span> 
     </span>
     <span class='ocr_line' id='line_1_9' title="bbox 144 2276 235 2297; baseline 0.011 -1"><span class='ocrx_word' id='word_1_25' title='bbox 144 2276 174 2297; x_wconf 86' lang='lat' dir='ltr'>al.</span> <span class='ocrx_word' id='word_1_26' title='bbox 189 2281 235 2297; x_wconf 83' lang='lat' dir='ltr'>xm.</span> 
     </span>
    </p>
   </div>
   <div class='ocr_carea' id='block_1_6' title="bbox 144 2929 331 2950">
    <p class='ocr_par' dir='ltr' id='par_1_6' title="bbox 144 2929 331 2950">
     <span class='ocr_line' id='line_1_10' title="bbox 144 2929 331 2950; baseline 0 0"><span class='ocrx_word' id='word_1_27' title='bbox 144 2931 153 2939; x_wconf 89' lang='lat'>&#39;</span> <span class='ocrx_word' id='word_1_28' title='bbox 169 2929 204 2950; x_wconf 88' lang='lat' dir='ltr'>Cf.</span> <span class='ocrx_word' id='word_1_29' title='bbox 220 2935 283 2950; x_wconf 89' lang='lat' dir='ltr'>num.</span> <span class='ocrx_word' id='word_1_30' title='bbox 299 2935 331 2950; x_wconf 89' lang='grc' dir='ltr'>ιιι.</span> 
     </span>
    </p>
   </div>
   <div class='ocr_carea' id='block_1_7' title="bbox 392 206 461 242">
    <p class='ocr_par' dir='ltr' id='par_1_7' title="bbox 392 206 461 242">
     <span class='ocr_line' id='line_1_11' title="bbox 392 206 461 242; baseline -0.029 0"><span class='ocrx_word' id='word_1_31' title='bbox 392 206 461 242; x_wconf 83' lang='grc'>136</span> 
     </span>
    </p>
   </div>
   <div class='ocr_carea' id='block_1_8' title="bbox 379 279 1447 3573">
    <p class='ocr_par' dir='ltr' id='par_1_8' title="bbox 386 279 1447 369">
     <span class='ocr_line' id='line_1_12' title="bbox 386 279 1447 325; baseline -0.005 -10"><span class='ocrx_word' id='word_1_32' title='bbox 386 284 478 320; x_wconf 91' lang='lat' dir='ltr'>boni,</span> <span class='ocrx_word' id='word_1_33' title='bbox 507 284 567 314; x_wconf 92' lang='lat' dir='ltr'>nisi</span> <span class='ocrx_word' id='word_1_34' title='bbox 595 283 670 325; x_wconf 87' lang='lat' dir='ltr'>quia</span> <span class='ocrx_word' id='word_1_35' title='bbox 692 282 826 314; x_wconf 82' lang='lat' dir='ltr'>intendit</span> <span class='ocrx_word' id='word_1_36' title='bbox 854 282 940 313; x_wconf 86' lang='lat' dir='ltr'>aliud</span> <span class='ocrx_word' id='word_1_37' title='bbox 963 282 1087 312; x_wconf 91' lang='lat' dir='ltr'>bonum</span> <span class='ocrx_word' id='word_1_38' title='bbox 1114 280 1373 321; x_wconf 89' lang='lat' dir='ltr'>incompossibile</span> <span class='ocrx_word' id='word_1_39' title='bbox 1401 279 1447 310; x_wconf 90' lang='lat' dir='ltr'>illi</span> 
     </span>
     <span class='ocr_line' id='line_1_13' title="bbox 386 323 1394 369; baseline -0.006 -10"><span class='ocrx_word' id='word_1_40' title='bbox 386 327 493 369; x_wconf 85' lang='lat' dir='ltr'><strong>priori,</strong></span> <span class='ocrx_word' id='word_1_41' title='bbox 511 338 546 358; x_wconf 90' lang='lat' dir='ltr'>ac</span> <span class='ocrx_word' id='word_1_42' title='bbox 560 338 616 368; x_wconf 92' lang='lat' dir='ltr'>per</span> <span class='ocrx_word' id='word_1_43' title='bbox 638 327 700 358; x_wconf 92' lang='lat' dir='ltr'>hoc</span> <span class='ocrx_word' id='word_1_44' title='bbox 724 327 842 358; x_wconf 88' lang='lat' dir='ltr'>habens</span> <span class='ocrx_word' id='word_1_45' title='bbox 861 336 1016 357; x_wconf 86' lang='lat' dir='ltr'><strong>annexam</strong></span> <span class='ocrx_word' id='word_1_46' title='bbox 1031 325 1241 366; x_wconf 85' lang='lat' dir='ltr'>privationem</span> <span class='ocrx_word' id='word_1_47' title='bbox 1257 323 1394 354; x_wconf 89' lang='lat' dir='ltr'>alterius.</span> 
     </span>
    </p>

    <p class='ocr_par' dir='ltr' id='par_1_9' title="bbox 384 366 1447 1376">
     <span class='ocr_line' id='line_1_14' title="bbox 440 366 1447 413; baseline -0.007 -10"><span class='ocrx_word' id='word_1_48' title='bbox 440 372 597 408; x_wconf 90' lang='lat' dir='ltr'>Secundo,</span> <span class='ocrx_word' id='word_1_49' title='bbox 613 372 688 413; x_wconf 88' lang='lat' dir='ltr'>quia</span> <span class='ocrx_word' id='word_1_50' title='bbox 710 372 788 402; x_wconf 90' lang='lat' dir='ltr'>ratio</span> <span class='ocrx_word' id='word_1_51' title='bbox 804 370 879 401; x_wconf 88' lang='lat' dir='ltr'>mali</span> <span class='ocrx_word' id='word_1_52' title='bbox 897 370 1017 409; x_wconf 87' lang='lat' dir='ltr'>culpae,</span> <span class='ocrx_word' id='word_1_53' title='bbox 1034 370 1071 399; x_wconf 92' lang='lat' dir='ltr'>de</span> <span class='ocrx_word' id='word_1_54' title='bbox 1086 379 1152 409; x_wconf 92' lang='lat' dir='ltr'>quo</span> <span class='ocrx_word' id='word_1_55' title='bbox 1167 375 1214 399; x_wconf 92' lang='lat' dir='ltr'>est</span> <span class='ocrx_word' id='word_1_56' title='bbox 1228 377 1342 402; x_wconf 85' lang='lat' dir='ltr'>sermo,</span> <span class='ocrx_word' id='word_1_57' title='bbox 1358 366 1447 396; x_wconf 90' lang='lat' dir='ltr'>cuius</span> 
     </span>
     <span class='ocr_line' id='line_1_15' title="bbox 386 410 1445 453; baseline -0.008 -6"><span class='ocrx_word' id='word_1_58' title='bbox 386 417 474 447; x_wconf 89' lang='lat' dir='ltr'>Deus</span> <span class='ocrx_word' id='word_1_59' title='bbox 498 425 563 446; x_wconf 89' lang='lat' dir='ltr'>non</span> <span class='ocrx_word' id='word_1_60' title='bbox 586 418 633 446; x_wconf 87' lang='lat' dir='ltr'>est</span> <span class='ocrx_word' id='word_1_61' title='bbox 655 422 775 453; x_wconf 84' lang='lat' dir='ltr'>auctor,</span> <span class='ocrx_word' id='word_1_62' title='bbox 805 424 870 445; x_wconf 91' lang='lat' dir='ltr'>non</span> <span class='ocrx_word' id='word_1_63' title='bbox 895 413 1036 444; x_wconf 86' lang='lat' dir='ltr'>consistit</span> <span class='ocrx_word' id='word_1_64' title='bbox 1062 413 1095 442; x_wconf 91' lang='lat' dir='ltr'>in</span> <span class='ocrx_word' id='word_1_65' title='bbox 1125 411 1244 441; x_wconf 86' lang='lat' dir='ltr'>malitia</span> <span class='ocrx_word' id='word_1_66' title='bbox 1275 410 1445 446; x_wconf 87' lang='lat' dir='ltr'>contrarie,</span> 
     </span>
     <span class='ocr_line' id='line_1_16' title="bbox 387 453 1446 500; baseline -0.008 -10"><span class='ocrx_word' id='word_1_67' title='bbox 387 460 442 490; x_wconf 87' lang='lat' dir='ltr'>sed</span> <span class='ocrx_word' id='word_1_68' title='bbox 456 460 488 490; x_wconf 90' lang='lat' dir='ltr'>in</span> <span class='ocrx_word' id='word_1_69' title='bbox 503 459 621 490; x_wconf 89' lang='lat' dir='ltr'>malitia</span> <span class='ocrx_word' id='word_1_70' title='bbox 636 459 802 500; x_wconf 86' lang='lat' dir='ltr'>privative;</span> <span class='ocrx_word' id='word_1_71' title='bbox 820 465 856 488; x_wconf 93' lang='lat' dir='ltr'>ut</span> <span class='ocrx_word' id='word_1_72' title='bbox 870 468 907 488; x_wconf 86' lang='lat' dir='ltr'>ex</span> <span class='ocrx_word' id='word_1_73' title='bbox 922 456 1106 497; x_wconf 88' lang='lat' dir='ltr'>supradictis</span> <span class='ocrx_word' id='word_1_74' title='bbox 1121 455 1138 474; x_wconf 90' lang='lat'><em>*</em></span> <span class='ocrx_word' id='word_1_75' title='bbox 1153 461 1247 495; x_wconf 86' lang='lat' dir='ltr'>patet.</span> <span class='ocrx_word' id='word_1_76' title='bbox 1263 455 1304 484; x_wconf 89' lang='lat' dir='ltr'>Et</span> <span class='ocrx_word' id='word_1_77' title='bbox 1318 453 1344 483; x_wconf 91' lang='lat' dir='ltr'>si</span> <span class='ocrx_word' id='word_1_78' title='bbox 1360 459 1446 483; x_wconf 87' lang='lat' dir='ltr'>actus</span> 
     </span>
     <span class='ocr_line' id='line_1_17' title="bbox 387 498 1446 538; baseline -0.008 -3"><span class='ocrx_word' id='word_1_79' title='bbox 387 504 546 535; x_wconf 86' lang='lat' dir='ltr'>humanus</span> <span class='ocrx_word' id='word_1_80' title='bbox 570 513 645 534; x_wconf 60' lang='lat' dir='ltr'>non&gt;</span> <span class='ocrx_word' id='word_1_81' title='bbox 655 510 735 534; x_wconf 90' lang='lat' dir='ltr'>esset</span> <span class='ocrx_word' id='word_1_82' title='bbox 757 503 860 533; x_wconf 90' lang='lat' dir='ltr'>malus</span> <span class='ocrx_word' id='word_1_83' title='bbox 884 500 1045 535; x_wconf 87' lang='lat' dir='ltr'>contrarie,</span> <span class='ocrx_word' id='word_1_84' title='bbox 1066 499 1120 529; x_wconf 91' lang='lat' dir='ltr'>sed</span> <span class='ocrx_word' id='word_1_85' title='bbox 1143 498 1293 538; x_wconf 85' lang='lat' dir='ltr'>privative</span> <span class='ocrx_word' id='word_1_86' title='bbox 1312 504 1446 532; x_wconf 87' lang='lat' dir='ltr'>tantum,</span> 
     </span>
     <span class='ocr_line' id='line_1_18' title="bbox 386 540 1447 588; baseline -0.008 -9"><span class='ocrx_word' id='word_1_87' title='bbox 386 555 474 579; x_wconf 89' lang='lat' dir='ltr'>actus</span> <span class='ocrx_word' id='word_1_88' title='bbox 498 548 565 588; x_wconf 89' lang='lat' dir='ltr'>ipse</span> <span class='ocrx_word' id='word_1_89' title='bbox 589 554 669 578; x_wconf 90' lang='lat' dir='ltr'>esset</span> <span class='ocrx_word' id='word_1_90' title='bbox 699 547 802 577; x_wconf 89' lang='lat' dir='ltr'>malus</span> <span class='ocrx_word' id='word_1_91' title='bbox 831 545 999 579; x_wconf 82' lang='lat' dir='ltr'>moraliter,</span> <span class='ocrx_word' id='word_1_92' title='bbox 1025 550 1055 573; x_wconf 89' lang='lat' dir='ltr'>et</span> <span class='ocrx_word' id='word_1_93' title='bbox 1078 549 1252 582; x_wconf 89' lang='lat' dir='ltr'>peccatum,</span> <span class='ocrx_word' id='word_1_94' title='bbox 1278 547 1335 571; x_wconf 91' lang='lat' dir='ltr'>etc.</span> <span class='ocrx_word' id='word_1_95' title='bbox 1353 540 1447 571; x_wconf 90' lang='lat' dir='ltr'>Verbi</span> 
     </span>
     <span class='ocr_line' id='line_1_19' title="bbox 387 584 1447 632; baseline -0.008 -9"><span class='ocrx_word' id='word_1_96' title='bbox 387 592 499 632; x_wconf 89' lang='lat' dir='ltr'>gratia,</span> <span class='ocrx_word' id='word_1_97' title='bbox 523 601 582 632; x_wconf 93' lang='lat' dir='ltr'>pro</span> <span class='ocrx_word' id='word_1_98' title='bbox 606 590 748 626; x_wconf 91' lang='lat' dir='ltr'>novitiis,</span> <span class='ocrx_word' id='word_1_99' title='bbox 774 589 917 623; x_wconf 86' lang='lat' dir='ltr'>caecitas,</span> <span class='ocrx_word' id='word_1_100' title='bbox 942 596 1023 627; x_wconf 91' lang='lat' dir='ltr'>quae</span> <span class='ocrx_word' id='word_1_101' title='bbox 1048 592 1093 616; x_wconf 89' lang='lat' dir='ltr'>est</span> <span class='ocrx_word' id='word_1_102' title='bbox 1116 585 1239 615; x_wconf 88' lang='lat' dir='ltr'>malum</span> <span class='ocrx_word' id='word_1_103' title='bbox 1261 591 1390 615; x_wconf 84' lang='lat' dir='ltr'>naturae</span> <span class='ocrx_word' id='word_1_104' title='bbox 1414 584 1447 614; x_wconf 92' lang='lat' dir='ltr'>in</span> 
     </span>
     <span class='ocr_line' id='line_1_20' title="bbox 387 629 1446 673; baseline -0.008 -6"><span class='ocrx_word' id='word_1_105' title='bbox 387 636 500 672; x_wconf 85' lang='lat' dir='ltr'>oculo,</span> <span class='ocrx_word' id='word_1_106' title='bbox 525 635 663 665; x_wconf 86' lang='lat' dir='ltr'>insinuat</span> <span class='ocrx_word' id='word_1_107' title='bbox 685 634 758 664; x_wconf 90' lang='lat' dir='ltr'>tria:</span> <span class='ocrx_word' id='word_1_108' title='bbox 783 639 860 673; x_wconf 88' lang='lat' dir='ltr'>puta</span> <span class='ocrx_word' id='word_1_109' title='bbox 883 631 1028 666; x_wconf 91' lang='lat' dir='ltr'>oculum,</span> <span class='ocrx_word' id='word_1_110' title='bbox 1054 629 1296 669; x_wconf 86' lang='lat' dir='ltr'>dispositionem</span> <span class='ocrx_word' id='word_1_111' title='bbox 1324 635 1446 659; x_wconf 90' lang='lat' dir='ltr'>contra-</span> 
     </span>
     <span class='ocr_line' id='line_1_21' title="bbox 386 672 1447 718; baseline -0.008 -8"><span class='ocrx_word' id='word_1_112' title='bbox 386 679 465 710; x_wconf 87' lang='lat' dir='ltr'>riam</span> <span class='ocrx_word' id='word_1_113' title='bbox 488 678 583 715; x_wconf 91' lang='lat' dir='ltr'>visui,</span> <span class='ocrx_word' id='word_1_114' title='bbox 605 685 636 709; x_wconf 91' lang='lat' dir='ltr'>et</span> <span class='ocrx_word' id='word_1_115' title='bbox 662 677 872 718; x_wconf 87' lang='lat' dir='ltr'>privationem</span> <span class='ocrx_word' id='word_1_116' title='bbox 895 674 980 704; x_wconf 87' lang='lat' dir='ltr'>visus</span> <span class='ocrx_word' id='word_1_117' title='bbox 1005 673 1109 703; x_wconf 90' lang='lat' dir='ltr'>debiti.</span> <span class='ocrx_word' id='word_1_118' title='bbox 1135 673 1167 703; x_wconf 94' lang='lat' dir='ltr'>Si</span> <span class='ocrx_word' id='word_1_119' title='bbox 1190 672 1222 702; x_wconf 92' lang='lat' dir='ltr'>in</span> <span class='ocrx_word' id='word_1_120' title='bbox 1247 672 1342 702; x_wconf 91' lang='lat' dir='ltr'>oculo</span> <span class='ocrx_word' id='word_1_121' title='bbox 1367 679 1447 702; x_wconf 90' lang='lat' dir='ltr'>esset</span> 
     </span>
     <span class='ocr_line' id='line_1_22' title="bbox 387 716 1446 763; baseline -0.008 -9"><span class='ocrx_word' id='word_1_122' title='bbox 387 723 520 763; x_wconf 86' lang='lat' dir='ltr'>privatio</span> <span class='ocrx_word' id='word_1_123' title='bbox 544 722 629 752; x_wconf 91' lang='lat' dir='ltr'>visus</span> <span class='ocrx_word' id='word_1_124' title='bbox 653 721 747 751; x_wconf 89' lang='lat' dir='ltr'>debiti</span> <span class='ocrx_word' id='word_1_125' title='bbox 771 721 888 759; x_wconf 86' lang='lat' dir='ltr'>absque</span> <span class='ocrx_word' id='word_1_126' title='bbox 904 718 957 748; x_wconf 87' lang='lat' dir='ltr'>illa</span> <span class='ocrx_word' id='word_1_127' title='bbox 971 717 1177 757; x_wconf 88' lang='lat' dir='ltr'>dispositione</span> <span class='ocrx_word' id='word_1_128' title='bbox 1197 716 1362 752; x_wconf 87' lang='lat' dir='ltr'>contraria,</span> <span class='ocrx_word' id='word_1_129' title='bbox 1380 726 1446 747; x_wconf 89' lang='lat' dir='ltr'>cae-</span> 
     </span>
     <span class='ocr_line' id='line_1_23' title="bbox 388 761 1446 802; baseline -0.007 -5"><span class='ocrx_word' id='word_1_130' title='bbox 388 767 462 797; x_wconf 85' lang='lat' dir='ltr'>citas</span> <span class='ocrx_word' id='word_1_131' title='bbox 486 773 565 797; x_wconf 90' lang='lat' dir='ltr'>esset</span> <span class='ocrx_word' id='word_1_132' title='bbox 588 765 710 796; x_wconf 88' lang='lat' dir='ltr'>malum</span> <span class='ocrx_word' id='word_1_133' title='bbox 734 763 827 794; x_wconf 87' lang='lat' dir='ltr'>oculi.</span> <span class='ocrx_word' id='word_1_134' title='bbox 852 761 1026 801; x_wconf 85' lang='lat' dir='ltr'>Dispositio</span> <span class='ocrx_word' id='word_1_135' title='bbox 1046 771 1184 802; x_wconf 89' lang='lat' dir='ltr'>namque</span> <span class='ocrx_word' id='word_1_136' title='bbox 1207 761 1269 797; x_wconf 90' lang='lat' dir='ltr'>illa,</span> <span class='ocrx_word' id='word_1_137' title='bbox 1294 770 1369 791; x_wconf 90' lang='lat' dir='ltr'>cum</span> <span class='ocrx_word' id='word_1_138' title='bbox 1387 771 1446 801; x_wconf 93' lang='lat' dir='ltr'>po-</span> 
     </span>
     <span class='ocr_line' id='line_1_24' title="bbox 386 804 1446 844; baseline -0.007 -3"><span class='ocrx_word' id='word_1_139' title='bbox 386 810 514 841; x_wconf 88' lang='lat' dir='ltr'>sitivum</span> <span class='ocrx_word' id='word_1_140' title='bbox 538 820 592 840; x_wconf 88' lang='lat' dir='ltr'>ens</span> <span class='ocrx_word' id='word_1_141' title='bbox 607 809 655 844; x_wconf 83' lang='lat' dir='ltr'>sit,</span> <span class='ocrx_word' id='word_1_142' title='bbox 672 818 737 838; x_wconf 91' lang='lat' dir='ltr'>non</span> <span class='ocrx_word' id='word_1_143' title='bbox 758 806 919 837; x_wconf 87' lang='lat' dir='ltr'>constituit</span> <span class='ocrx_word' id='word_1_144' title='bbox 934 806 1089 836; x_wconf 88' lang='lat' dir='ltr'>rationem</span> <span class='ocrx_word' id='word_1_145' title='bbox 1108 804 1193 840; x_wconf 87' lang='lat' dir='ltr'>mali,</span> <span class='ocrx_word' id='word_1_146' title='bbox 1210 804 1264 835; x_wconf 91' lang='lat' dir='ltr'>sed</span> <span class='ocrx_word' id='word_1_147' title='bbox 1279 805 1371 835; x_wconf 89' lang='lat' dir='ltr'>boni:</span> <span class='ocrx_word' id='word_1_148' title='bbox 1393 805 1446 835; x_wconf 89' lang='lat' dir='ltr'>sed</span> 
     </span>
     <span class='ocr_line' id='line_1_25' title="bbox 386 849 1446 896; baseline -0.007 -11"><span class='ocrx_word' id='word_1_149' title='bbox 386 854 519 896; x_wconf 81' lang='lat' dir='ltr'>privatio</span> <span class='ocrx_word' id='word_1_150' title='bbox 536 854 620 883; x_wconf 93' lang='lat' dir='ltr'>visus</span> <span class='ocrx_word' id='word_1_151' title='bbox 636 851 730 882; x_wconf 89' lang='lat' dir='ltr'>debiti</span> <span class='ocrx_word' id='word_1_152' title='bbox 746 851 778 880; x_wconf 92' lang='lat' dir='ltr'>in</span> <span class='ocrx_word' id='word_1_153' title='bbox 795 850 890 880; x_wconf 92' lang='lat' dir='ltr'>oculo</span> <span class='ocrx_word' id='word_1_154' title='bbox 907 856 982 890; x_wconf 92' lang='lat' dir='ltr'>apto</span> <span class='ocrx_word' id='word_1_155' title='bbox 995 856 1079 885; x_wconf 91' lang='lat' dir='ltr'>nato,</span> <span class='ocrx_word' id='word_1_156' title='bbox 1095 849 1234 889; x_wconf 85' lang='lat' dir='ltr'>quando,</span> <span class='ocrx_word' id='word_1_157' title='bbox 1246 856 1315 885; x_wconf 88' lang='lat' dir='ltr'>etc.‚</span> <span class='ocrx_word' id='word_1_158' title='bbox 1332 849 1446 879; x_wconf 89' lang='lat' dir='ltr'>consti-</span> 
     </span>
     <span class='ocr_line' id='line_1_26' title="bbox 386 893 1447 934; baseline -0.007 -5"><span class='ocrx_word' id='word_1_159' title='bbox 386 898 447 928; x_wconf 92' lang='lat' dir='ltr'>tuit</span> <span class='ocrx_word' id='word_1_160' title='bbox 465 897 619 928; x_wconf 89' lang='lat' dir='ltr'>rationem</span> <span class='ocrx_word' id='word_1_161' title='bbox 639 895 723 925; x_wconf 88' lang='lat' dir='ltr'>mali.</span> <span class='ocrx_word' id='word_1_162' title='bbox 748 894 780 924; x_wconf 91' lang='lat' dir='ltr'>Si</span> <span class='ocrx_word' id='word_1_163' title='bbox 803 894 898 934; x_wconf 88' lang='lat' dir='ltr'>igitur</span> <span class='ocrx_word' id='word_1_164' title='bbox 917 900 1004 924; x_wconf 87' lang='lat' dir='ltr'>actus</span> <span class='ocrx_word' id='word_1_165' title='bbox 1023 893 1192 929; x_wconf 82' lang='lat' dir='ltr'>humanus,</span> <span class='ocrx_word' id='word_1_166' title='bbox 1214 893 1269 933; x_wconf 93' lang='lat' dir='ltr'>qui</span> <span class='ocrx_word' id='word_1_167' title='bbox 1289 899 1335 923; x_wconf 89' lang='lat' dir='ltr'>est</span> <span class='ocrx_word' id='word_1_168' title='bbox 1350 903 1447 933; x_wconf 86' lang='lat' dir='ltr'>capax</span> 
     </span>
     <span class='ocr_line' id='line_1_27' title="bbox 386 937 1447 977; baseline -0.006 -5"><span class='ocrx_word' id='word_1_169' title='bbox 386 941 462 972; x_wconf 91' lang='lat' dir='ltr'>boni</span> <span class='ocrx_word' id='word_1_170' title='bbox 482 948 512 971; x_wconf 95' lang='lat' dir='ltr'>et</span> <span class='ocrx_word' id='word_1_171' title='bbox 530 940 605 970; x_wconf 91' lang='lat' dir='ltr'>mali</span> <span class='ocrx_word' id='word_1_172' title='bbox 628 938 797 973; x_wconf 90' lang='lat' dir='ltr'>moraliter,</span> <span class='ocrx_word' id='word_1_173' title='bbox 820 938 956 968; x_wconf 87' lang='lat' dir='ltr'>declinat</span> <span class='ocrx_word' id='word_1_174' title='bbox 974 947 992 967; x_wconf 91' lang='lat' dir='ltr'>a</span> <span class='ocrx_word' id='word_1_175' title='bbox 1010 937 1098 967; x_wconf 92' lang='lat' dir='ltr'>bono</span> <span class='ocrx_word' id='word_1_176' title='bbox 1117 937 1244 973; x_wconf 87' lang='lat' dir='ltr'>morali;</span> <span class='ocrx_word' id='word_1_177' title='bbox 1265 937 1338 967; x_wconf 91' lang='lat' dir='ltr'>dato</span> <span class='ocrx_word' id='word_1_178' title='bbox 1358 937 1447 977; x_wconf 91' lang='lat' dir='ltr'>quod</span> 
     </span>
     <span class='ocr_line' id='line_1_28' title="bbox 386 981 1445 1024; baseline -0.004 -9"><span class='ocrx_word' id='word_1_179' title='bbox 386 996 452 1015; x_wconf 91' lang='lat' dir='ltr'>non</span> <span class='ocrx_word' id='word_1_180' title='bbox 475 983 635 1024; x_wconf 85' lang='lat' dir='ltr'>perveniat</span> <span class='ocrx_word' id='word_1_181' title='bbox 654 982 693 1012; x_wconf 92' lang='lat' dir='ltr'>ad</span> <span class='ocrx_word' id='word_1_182' title='bbox 712 983 836 1012; x_wconf 91' lang='lat' dir='ltr'>bonum</span> <span class='ocrx_word' id='word_1_183' title='bbox 851 981 1053 1017; x_wconf 87' lang='lat' dir='ltr'>contrarium,</span> <span class='ocrx_word' id='word_1_184' title='bbox 1074 981 1162 1021; x_wconf 90' lang='lat' dir='ltr'>quod</span> <span class='ocrx_word' id='word_1_185' title='bbox 1177 987 1318 1017; x_wconf 88' lang='lat' dir='ltr'>vocatur,</span> <span class='ocrx_word' id='word_1_186' title='bbox 1336 991 1445 1011; x_wconf 88' lang='lat' dir='ltr'>secun-</span> 
     </span>
     <span class='ocr_line' id='line_1_29' title="bbox 386 1025 1445 1068; baseline -0.004 -10"><span class='ocrx_word' id='word_1_187' title='bbox 386 1030 464 1059; x_wconf 91' lang='lat' dir='ltr'>dum</span> <span class='ocrx_word' id='word_1_188' title='bbox 479 1026 715 1068; x_wconf 89' lang='lat' dir='ltr'>philosophiam</span> <span class='ocrx_word' id='word_1_189' title='bbox 732 1026 895 1062; x_wconf 86' lang='lat' dir='ltr'>moralem,</span> <span class='ocrx_word' id='word_1_190' title='bbox 913 1026 1033 1056; x_wconf 88' lang='lat' dir='ltr'>malum</span> <span class='ocrx_word' id='word_1_191' title='bbox 1049 1026 1210 1056; x_wconf 86' lang='lat' dir='ltr'>contrarie</span> <span class='ocrx_word' id='word_1_192' title='bbox 1215 1035 1230 1063; x_wconf 89' lang='lat'>‚·</span> <span class='ocrx_word' id='word_1_193' title='bbox 1246 1035 1282 1055; x_wconf 91' lang='lat' dir='ltr'>ex</span> <span class='ocrx_word' id='word_1_194' title='bbox 1297 1025 1359 1055; x_wconf 93' lang='lat' dir='ltr'>hoc</span> <span class='ocrx_word' id='word_1_195' title='bbox 1375 1025 1445 1064; x_wconf 89' lang='lat' dir='ltr'>ipso</span> 
     </span>
     <span class='ocr_line' id='line_1_30' title="bbox 385 1068 1447 1113; baseline -0.004 -11"><span class='ocrx_word' id='word_1_196' title='bbox 385 1069 474 1113; x_wconf 83' lang='lat' dir='ltr'>quod</span> <span class='ocrx_word' id='word_1_197' title='bbox 490 1078 535 1102; x_wconf 92' lang='lat' dir='ltr'>est</span> <span class='ocrx_word' id='word_1_198' title='bbox 550 1071 690 1111; x_wconf 91' lang='lat' dir='ltr'>privatus</span> <span class='ocrx_word' id='word_1_199' title='bbox 702 1070 844 1101; x_wconf 91' lang='lat' dir='ltr'>bonitate</span> <span class='ocrx_word' id='word_1_200' title='bbox 859 1069 916 1100; x_wconf 90' lang='lat' dir='ltr'>sibi</span> <span class='ocrx_word' id='word_1_201' title='bbox 933 1069 1046 1106; x_wconf 87' lang='lat' dir='ltr'>debita,</span> <span class='ocrx_word' id='word_1_202' title='bbox 1057 1070 1194 1109; x_wconf 83' lang='lat' dir='ltr'>quando,</span> <span class='ocrx_word' id='word_1_203' title='bbox 1210 1075 1278 1104; x_wconf 68' lang='lat' dir='ltr'>etc„</span> <span class='ocrx_word' id='word_1_204' title='bbox 1291 1068 1367 1098; x_wconf 90' lang='lat' dir='ltr'>mali</span> <span class='ocrx_word' id='word_1_205' title='bbox 1380 1078 1447 1098; x_wconf 90' lang='lat' dir='ltr'>mo-</span> 
     </span>
     <span class='ocr_line' id='line_1_31' title="bbox 384 1112 1445 1155; baseline -0.004 -9"><span class='ocrx_word' id='word_1_206' title='bbox 384 1116 456 1146; x_wconf 89' lang='lat' dir='ltr'>ralis</span> <span class='ocrx_word' id='word_1_207' title='bbox 478 1125 550 1146; x_wconf 92' lang='lat' dir='ltr'>vere</span> <span class='ocrx_word' id='word_1_208' title='bbox 573 1122 604 1146; x_wconf 93' lang='lat' dir='ltr'>et</span> <span class='ocrx_word' id='word_1_209' title='bbox 622 1115 748 1155; x_wconf 87' lang='lat' dir='ltr'>proprie</span> <span class='ocrx_word' id='word_1_210' title='bbox 763 1114 918 1145; x_wconf 87' lang='lat' dir='ltr'>rationem</span> <span class='ocrx_word' id='word_1_211' title='bbox 933 1113 1040 1144; x_wconf 87' lang='lat' dir='ltr'>habet:</span> <span class='ocrx_word' id='word_1_212' title='bbox 1066 1113 1153 1153; x_wconf 92' lang='lat' dir='ltr'>quod</span> <span class='ocrx_word' id='word_1_213' title='bbox 1173 1119 1219 1143; x_wconf 91' lang='lat' dir='ltr'>est</span> <span class='ocrx_word' id='word_1_214' title='bbox 1234 1123 1300 1142; x_wconf 89' lang='lat' dir='ltr'>esse</span> <span class='ocrx_word' id='word_1_215' title='bbox 1323 1112 1445 1142; x_wconf 85' lang='lat' dir='ltr'>malum</span> 
     </span>
     <span class='ocr_line' id='line_1_32' title="bbox 384 1156 1444 1201; baseline -0.004 -11"><span class='ocrx_word' id='word_1_216' title='bbox 384 1159 544 1201; x_wconf 81' lang='lat' dir='ltr'>privative.</span> <span class='ocrx_word' id='word_1_217' title='bbox 570 1159 696 1190; x_wconf 84' lang='lat' dir='ltr'>Habent</span> <span class='ocrx_word' id='word_1_218' title='bbox 715 1158 800 1190; x_wconf 91' lang='lat' dir='ltr'>enim</span> <span class='ocrx_word' id='word_1_219' title='bbox 823 1168 855 1188; x_wconf 91' lang='lat' dir='ltr'>se</span> <span class='ocrx_word' id='word_1_220' title='bbox 878 1158 911 1188; x_wconf 91' lang='lat' dir='ltr'>in</span> <span class='ocrx_word' id='word_1_221' title='bbox 934 1164 1005 1187; x_wconf 90' lang='lat' dir='ltr'>actu</span> <span class='ocrx_word' id='word_1_222' title='bbox 1025 1157 1167 1187; x_wconf 87' lang='lat' dir='ltr'>humano</span> <span class='ocrx_word' id='word_1_223' title='bbox 1184 1156 1269 1186; x_wconf 88' lang='lat' dir='ltr'>malo</span> <span class='ocrx_word' id='word_1_224' title='bbox 1285 1156 1362 1187; x_wconf 87' lang='lat' dir='ltr'>haec</span> <span class='ocrx_word' id='word_1_225' title='bbox 1378 1156 1444 1192; x_wconf 88' lang='lat' dir='ltr'>tria,</span> 
     </span>
     <span class='ocr_line' id='line_1_33' title="bbox 384 1200 1445 1243; baseline -0.004 -9"><span class='ocrx_word' id='word_1_226' title='bbox 384 1203 501 1234; x_wconf 91' lang='lat' dir='ltr'>scilicet</span> <span class='ocrx_word' id='word_1_227' title='bbox 523 1202 655 1243; x_wconf 90' lang='lat' dir='ltr'>privatio</span> <span class='ocrx_word' id='word_1_228' title='bbox 679 1202 827 1233; x_wconf 89' lang='lat' dir='ltr'>bonitatis</span> <span class='ocrx_word' id='word_1_229' title='bbox 847 1201 977 1237; x_wconf 80' lang='lat' dir='ltr'>debitae,</span> <span class='ocrx_word' id='word_1_230' title='bbox 995 1201 1116 1230; x_wconf 86' lang='lat' dir='ltr'>malum</span> <span class='ocrx_word' id='word_1_231' title='bbox 1132 1200 1293 1236; x_wconf 87' lang='lat' dir='ltr'>contrarie,</span> <span class='ocrx_word' id='word_1_232' title='bbox 1312 1207 1342 1231; x_wconf 92' lang='lat' dir='ltr'>et</span> <span class='ocrx_word' id='word_1_233' title='bbox 1357 1207 1445 1231; x_wconf 87' lang='lat' dir='ltr'>actus</span> 
     </span>
     <span class='ocr_line' id='line_1_34' title="bbox 384 1243 1443 1285; baseline -0.002 -7"><span class='ocrx_word' id='word_1_234' title='bbox 384 1247 554 1283; x_wconf 90' lang='lat' dir='ltr'>humanus,</span> <span class='ocrx_word' id='word_1_235' title='bbox 566 1247 646 1277; x_wconf 89' lang='lat' dir='ltr'>sicut</span> <span class='ocrx_word' id='word_1_236' title='bbox 662 1245 801 1282; x_wconf 88' lang='lat' dir='ltr'>caecitas,</span> <span class='ocrx_word' id='word_1_237' title='bbox 819 1245 984 1285; x_wconf 85' lang='lat' dir='ltr'>dispositio</span> <span class='ocrx_word' id='word_1_238' title='bbox 1001 1243 1154 1275; x_wconf 90' lang='lat' dir='ltr'>contraria</span> <span class='ocrx_word' id='word_1_239' title='bbox 1166 1244 1258 1280; x_wconf 90' lang='lat' dir='ltr'>visui,</span> <span class='ocrx_word' id='word_1_240' title='bbox 1276 1250 1306 1274; x_wconf 91' lang='lat' dir='ltr'>et</span> <span class='ocrx_word' id='word_1_241' title='bbox 1321 1244 1443 1276; x_wconf 91' lang='lat' dir='ltr'>oculus.</span> 
     </span>
     <span class='ocr_line' id='line_1_35' title="bbox 384 1288 1444 1330; baseline -0.003 -8"><span class='ocrx_word' id='word_1_242' title='bbox 384 1291 432 1322; x_wconf 87' lang='lat' dir='ltr'>Ex</span> <span class='ocrx_word' id='word_1_243' title='bbox 455 1291 653 1322; x_wconf 91' lang='lat' dir='ltr'>distinctione</span> <span class='ocrx_word' id='word_1_244' title='bbox 680 1290 776 1330; x_wconf 90' lang='lat' dir='ltr'>igitur</span> <span class='ocrx_word' id='word_1_245' title='bbox 803 1289 987 1329; x_wconf 82' lang='lat' dir='ltr'>privationis</span> <span class='ocrx_word' id='word_1_246' title='bbox 1016 1294 1046 1318; x_wconf 93' lang='lat' dir='ltr'>et</span> <span class='ocrx_word' id='word_1_247' title='bbox 1070 1288 1232 1324; x_wconf 85' lang='lat' dir='ltr'>contrarii,</span> <span class='ocrx_word' id='word_1_248' title='bbox 1257 1289 1444 1328; x_wconf 89' lang='lat' dir='ltr'>oppositum</span> 
     </span>
     <span class='ocr_line' id='line_1_36' title="bbox 384 1332 1444 1376; baseline -0.002 -10"><span class='ocrx_word' id='word_1_249' title='bbox 384 1335 492 1376; x_wconf 85' lang='lat' dir='ltr'>potius</span> <span class='ocrx_word' id='word_1_250' title='bbox 508 1335 650 1375; x_wconf 90' lang='lat' dir='ltr'>sequitur</span> <span class='ocrx_word' id='word_1_251' title='bbox 664 1334 731 1364; x_wconf 91' lang='lat' dir='ltr'>eius</span> <span class='ocrx_word' id='word_1_252' title='bbox 748 1333 837 1374; x_wconf 93' lang='lat' dir='ltr'>quod</span> <span class='ocrx_word' id='word_1_253' title='bbox 851 1332 986 1363; x_wconf 87' lang='lat' dir='ltr'>intendit</span> <span class='ocrx_word' id='word_1_254' title='bbox 1000 1332 1123 1363; x_wconf 89' lang='lat' dir='ltr'>Scotus.</span> <span class='ocrx_word' id='word_1_255' title='bbox 1140 1350 1161 1355; x_wconf 96' lang='lat'><em>-</em></span> <span class='ocrx_word' id='word_1_256' title='bbox 1177 1332 1264 1363; x_wconf 86' lang='lat' dir='ltr'>Haec</span> <span class='ocrx_word' id='word_1_257' title='bbox 1287 1332 1326 1363; x_wconf 93' lang='lat' dir='ltr'>de</span> <span class='ocrx_word' id='word_1_258' title='bbox 1341 1333 1444 1364; x_wconf 89' lang='lat' dir='ltr'>tertio.</span> 
     </span>
    </p>

    <p class='ocr_par' dir='ltr' id='par_1_10' title="bbox 381 1376 1445 2079">
     <span class='ocr_line' id='line_1_37' title="bbox 438 1376 1445 1418; baseline -0.002 -8"><span class='ocrx_word' id='word_1_259' title='bbox 438 1380 490 1410; x_wconf 91' lang='lat' dir='ltr'>IX.</span> <span class='ocrx_word' id='word_1_260' title='bbox 508 1379 625 1416; x_wconf 88' lang='lat' dir='ltr'>Quoad</span> <span class='ocrx_word' id='word_1_261' title='bbox 648 1384 797 1418; x_wconf 87' lang='lat' dir='ltr'>quartum</span> <span class='ocrx_word' id='word_1_262' title='bbox 812 1376 839 1413; x_wconf 82' lang='lat'>*,</span> <span class='ocrx_word' id='word_1_263' title='bbox 864 1382 991 1416; x_wconf 90' lang='lat' dir='ltr'>oportet</span> <span class='ocrx_word' id='word_1_264' title='bbox 1011 1376 1145 1406; x_wconf 88' lang='lat' dir='ltr'>stabilire</span> <span class='ocrx_word' id='word_1_265' title='bbox 1169 1376 1202 1406; x_wconf 92' lang='lat' dir='ltr'>in</span> <span class='ocrx_word' id='word_1_266' title='bbox 1225 1376 1294 1412; x_wconf 89' lang='lat' dir='ltr'>hac,</span> <span class='ocrx_word' id='word_1_267' title='bbox 1311 1376 1393 1407; x_wconf 90' lang='lat' dir='ltr'>sicut</span> <span class='ocrx_word' id='word_1_268' title='bbox 1415 1383 1445 1408; x_wconf 92' lang='lat' dir='ltr'>et</span> 
     </span>
     <span class='ocr_line' id='line_1_38' title="bbox 384 1419 1444 1462; baseline -0.003 -9"><span class='ocrx_word' id='word_1_269' title='bbox 384 1423 418 1453; x_wconf 93' lang='lat' dir='ltr'>in</span> <span class='ocrx_word' id='word_1_270' title='bbox 441 1423 548 1453; x_wconf 91' lang='lat' dir='ltr'>ceteris</span> <span class='ocrx_word' id='word_1_271' title='bbox 572 1421 850 1462; x_wconf 90' lang='lat' dir='ltr'>disputationibus,</span> <span class='ocrx_word' id='word_1_272' title='bbox 863 1420 940 1462; x_wconf 90' lang='lat' dir='ltr'>quid</span> <span class='ocrx_word' id='word_1_273' title='bbox 963 1421 1042 1451; x_wconf 86' lang='lat' dir='ltr'>mali</span> <span class='ocrx_word' id='word_1_274' title='bbox 1059 1419 1190 1450; x_wconf 92' lang='lat' dir='ltr'>nomine</span> <span class='ocrx_word' id='word_1_275' title='bbox 1213 1420 1246 1450; x_wconf 91' lang='lat' dir='ltr'>in</span> <span class='ocrx_word' id='word_1_276' title='bbox 1270 1421 1444 1451; x_wconf 87' lang='lat' dir='ltr'>moralibus</span> 
     </span>
     <span class='ocr_line' id='line_1_39' title="bbox 383 1464 1444 1506; baseline -0.002 -9"><span class='ocrx_word' id='word_1_277' title='bbox 383 1466 577 1506; x_wconf 88' lang='lat' dir='ltr'>intelligitur.</span> <span class='ocrx_word' id='word_1_278' title='bbox 594 1466 635 1496; x_wconf 92' lang='lat' dir='ltr'>Et</span> <span class='ocrx_word' id='word_1_279' title='bbox 649 1472 770 1496; x_wconf 91' lang='lat' dir='ltr'>certum</span> <span class='ocrx_word' id='word_1_280' title='bbox 789 1471 836 1495; x_wconf 89' lang='lat' dir='ltr'>est</span> <span class='ocrx_word' id='word_1_281' title='bbox 850 1465 948 1505; x_wconf 90' lang='lat' dir='ltr'>quod,</span> <span class='ocrx_word' id='word_1_282' title='bbox 965 1474 1039 1494; x_wconf 91' lang='lat' dir='ltr'>cum</span> <span class='ocrx_word' id='word_1_283' title='bbox 1055 1464 1177 1494; x_wconf 87' lang='lat' dir='ltr'>malum</span> <span class='ocrx_word' id='word_1_284' title='bbox 1193 1465 1354 1495; x_wconf 86' lang='lat' dir='ltr'>moraliter</span> <span class='ocrx_word' id='word_1_285' title='bbox 1368 1475 1444 1496; x_wconf 90' lang='lat' dir='ltr'>con-</span> 
     </span>
     <span class='ocr_line' id='line_1_40' title="bbox 382 1508 1444 1549; baseline -0.003 -8"><span class='ocrx_word' id='word_1_286' title='bbox 382 1510 518 1541; x_wconf 89' lang='lat' dir='ltr'>tineatur</span> <span class='ocrx_word' id='word_1_287' title='bbox 542 1510 600 1540; x_wconf 92' lang='lat' dir='ltr'>sub</span> <span class='ocrx_word' id='word_1_288' title='bbox 619 1510 704 1540; x_wconf 91' lang='lat' dir='ltr'>malo</span> <span class='ocrx_word' id='word_1_289' title='bbox 721 1509 875 1544; x_wconf 83' lang='lat' dir='ltr'>absolute,</span> <span class='ocrx_word' id='word_1_290' title='bbox 899 1509 997 1549; x_wconf 83' lang='lat' dir='ltr'>quod,</span> <span class='ocrx_word' id='word_1_291' title='bbox 1014 1508 1095 1539; x_wconf 88' lang='lat' dir='ltr'>sicut</span> <span class='ocrx_word' id='word_1_292' title='bbox 1110 1508 1232 1538; x_wconf 85' lang='lat' dir='ltr'>malum</span> <span class='ocrx_word' id='word_1_293' title='bbox 1247 1515 1293 1539; x_wconf 90' lang='lat' dir='ltr'>est</span> <span class='ocrx_word' id='word_1_294' title='bbox 1311 1509 1444 1548; x_wconf 89' lang='lat' dir='ltr'>privatio</span> 
     </span>
     <span class='ocr_line' id='line_1_41' title="bbox 383 1552 1445 1594; baseline -0.001 -10"><span class='ocrx_word' id='word_1_295' title='bbox 383 1554 461 1585; x_wconf 89' lang='lat' dir='ltr'>boni</span> <span class='ocrx_word' id='word_1_296' title='bbox 475 1554 570 1584; x_wconf 90' lang='lat' dir='ltr'>debiti</span> <span class='ocrx_word' id='word_1_297' title='bbox 587 1554 739 1590; x_wconf 90' lang='lat' dir='ltr'>subiecto,</span> <span class='ocrx_word' id='word_1_298' title='bbox 751 1553 891 1594; x_wconf 83' lang='lat' dir='ltr'>quando,</span> <span class='ocrx_word' id='word_1_299' title='bbox 907 1554 1000 1590; x_wconf 85' lang='lat' dir='ltr'>sicut,</span> <span class='ocrx_word' id='word_1_300' title='bbox 1015 1558 1082 1588; x_wconf 87' lang='lat' dir='ltr'>etc.;</span> <span class='ocrx_word' id='word_1_301' title='bbox 1096 1552 1139 1583; x_wconf 87' lang='lat' dir='ltr'>ita</span> <span class='ocrx_word' id='word_1_302' title='bbox 1151 1552 1272 1582; x_wconf 88' lang='lat' dir='ltr'>malum</span> <span class='ocrx_word' id='word_1_303' title='bbox 1285 1553 1445 1584; x_wconf 88' lang='lat' dir='ltr'>moraliter</span> 
     </span>
     <span class='ocr_line' id='line_1_42' title="bbox 384 1596 1442 1638; baseline -0.001 -9"><span class='ocrx_word' id='word_1_304' title='bbox 384 1605 430 1629; x_wconf 89' lang='lat' dir='ltr'>est</span> <span class='ocrx_word' id='word_1_305' title='bbox 453 1597 587 1638; x_wconf 87' lang='lat' dir='ltr'>privatio</span> <span class='ocrx_word' id='word_1_306' title='bbox 610 1597 759 1628; x_wconf 89' lang='lat' dir='ltr'>bonitatis</span> <span class='ocrx_word' id='word_1_307' title='bbox 783 1596 903 1627; x_wconf 90' lang='lat' dir='ltr'>debitae</span> <span class='ocrx_word' id='word_1_308' title='bbox 923 1597 1099 1627; x_wconf 85' lang='lat' dir='ltr'>secundum</span> <span class='ocrx_word' id='word_1_309' title='bbox 1122 1596 1287 1633; x_wconf 83' lang='lat' dir='ltr'>rationem,</span> <span class='ocrx_word' id='word_1_310' title='bbox 1303 1598 1442 1637; x_wconf 65' lang='lat' dir='ltr'>quan-110,</span> 
     </span>
     <span class='ocr_line' id='line_1_43' title="bbox 383 1640 1445 1680; baseline -0.002 -7"><span class='ocrx_word' id='word_1_311' title='bbox 383 1643 475 1680; x_wconf 85' lang='lat' dir='ltr'>sicut,</span> <span class='ocrx_word' id='word_1_312' title='bbox 500 1649 568 1678; x_wconf 90' lang='lat' dir='ltr'>etc.,</span> <span class='ocrx_word' id='word_1_313' title='bbox 589 1642 621 1672; x_wconf 93' lang='lat' dir='ltr'>in</span> <span class='ocrx_word' id='word_1_314' title='bbox 645 1648 715 1672; x_wconf 89' lang='lat' dir='ltr'>actu</span> <span class='ocrx_word' id='word_1_315' title='bbox 732 1641 885 1671; x_wconf 90' lang='lat' dir='ltr'>humano.</span> <span class='ocrx_word' id='word_1_316' title='bbox 909 1641 950 1671; x_wconf 87' lang='lat' dir='ltr'>Et</span> <span class='ocrx_word' id='word_1_317' title='bbox 969 1640 1033 1670; x_wconf 89' lang='lat' dir='ltr'>sive</span> <span class='ocrx_word' id='word_1_318' title='bbox 1053 1647 1139 1671; x_wconf 85' lang='lat' dir='ltr'>actus</span> <span class='ocrx_word' id='word_1_319' title='bbox 1155 1640 1315 1671; x_wconf 86' lang='lat' dir='ltr'>humanus</span> <span class='ocrx_word' id='word_1_320' title='bbox 1332 1641 1445 1671; x_wconf 87' lang='lat' dir='ltr'>habeat</span> 
     </span>
     <span class='ocr_line' id='line_1_44' title="bbox 383 1684 1442 1726; baseline -0.001 -10"><span class='ocrx_word' id='word_1_321' title='bbox 383 1687 559 1716; x_wconf 87' lang='lat' dir='ltr'>secundum</span> <span class='ocrx_word' id='word_1_322' title='bbox 587 1696 679 1716; x_wconf 88' lang='lat' dir='ltr'>suam</span> <span class='ocrx_word' id='word_1_323' title='bbox 707 1685 844 1726; x_wconf 91' lang='lat' dir='ltr'>speciem</span> <span class='ocrx_word' id='word_1_324' title='bbox 867 1684 1118 1715; x_wconf 88' lang='lat' dir='ltr'>contrarietatem</span> <span class='ocrx_word' id='word_1_325' title='bbox 1141 1685 1243 1721; x_wconf 88' lang='lat' dir='ltr'>bono,</span> <span class='ocrx_word' id='word_1_326' title='bbox 1268 1685 1332 1715; x_wconf 92' lang='lat' dir='ltr'>sive</span> <span class='ocrx_word' id='word_1_327' title='bbox 1360 1695 1442 1722; x_wconf 91' lang='lat' dir='ltr'>non,</span> 
     </span>
     <span class='ocr_line' id='line_1_45' title="bbox 383 1728 1443 1770; baseline 0 -10"><span class='ocrx_word' id='word_1_328' title='bbox 383 1730 463 1760; x_wconf 90' lang='lat' dir='ltr'>ratio</span> <span class='ocrx_word' id='word_1_329' title='bbox 493 1730 626 1770; x_wconf 90' lang='lat' dir='ltr'>peccati,</span> <span class='ocrx_word' id='word_1_330' title='bbox 659 1730 770 1770; x_wconf 88' lang='lat' dir='ltr'>culpae</span> <span class='ocrx_word' id='word_1_331' title='bbox 795 1734 824 1760; x_wconf 91' lang='lat' dir='ltr'>et</span> <span class='ocrx_word' id='word_1_332' title='bbox 846 1728 921 1759; x_wconf 92' lang='lat' dir='ltr'>mali</span> <span class='ocrx_word' id='word_1_333' title='bbox 944 1728 1105 1759; x_wconf 89' lang='lat' dir='ltr'>moraliter</span> <span class='ocrx_word' id='word_1_334' title='bbox 1127 1728 1160 1758; x_wconf 93' lang='lat' dir='ltr'>in</span> <span class='ocrx_word' id='word_1_335' title='bbox 1188 1728 1241 1758; x_wconf 87' lang='lat' dir='ltr'>illa</span> <span class='ocrx_word' id='word_1_336' title='bbox 1268 1729 1443 1769; x_wconf 89' lang='lat' dir='ltr'>privatione</span> 
     </span>
     <span class='ocr_line' id='line_1_46' title="bbox 385 1772 1445 1813; baseline 0 -9"><span class='ocrx_word' id='word_1_337' title='bbox 385 1774 526 1804; x_wconf 91' lang='lat' dir='ltr'>consistit</span> <span class='ocrx_word' id='word_1_338' title='bbox 558 1773 738 1804; x_wconf 88' lang='lat' dir='ltr'>formaliter.</span> <span class='ocrx_word' id='word_1_339' title='bbox 769 1772 947 1813; x_wconf 86' lang='lat' dir='ltr'>Ignorantia</span> <span class='ocrx_word' id='word_1_340' title='bbox 977 1772 1072 1812; x_wconf 89' lang='lat' dir='ltr'>igitur</span> <span class='ocrx_word' id='word_1_341' title='bbox 1099 1772 1245 1812; x_wconf 84' lang='lat' dir='ltr'>propriae</span> <span class='ocrx_word' id='word_1_342' title='bbox 1277 1772 1363 1803; x_wconf 92' lang='lat' dir='ltr'>vocis</span> <span class='ocrx_word' id='word_1_343' title='bbox 1399 1780 1445 1804; x_wconf 91' lang='lat' dir='ltr'>est</span> 
     </span>
     <span class='ocr_line' id='line_1_47' title="bbox 383 1815 1444 1858; baseline 0 -10"><span class='ocrx_word' id='word_1_344' title='bbox 383 1818 484 1849; x_wconf 89' lang='lat' dir='ltr'>dicere</span> <span class='ocrx_word' id='word_1_345' title='bbox 513 1818 601 1858; x_wconf 94' lang='lat' dir='ltr'>quod</span> <span class='ocrx_word' id='word_1_346' title='bbox 630 1824 717 1848; x_wconf 89' lang='lat' dir='ltr'>actus</span> <span class='ocrx_word' id='word_1_347' title='bbox 740 1817 899 1847; x_wconf 88' lang='lat' dir='ltr'>humanus</span> <span class='ocrx_word' id='word_1_348' title='bbox 928 1826 994 1846; x_wconf 90' lang='lat' dir='ltr'>non</span> <span class='ocrx_word' id='word_1_349' title='bbox 1017 1823 1146 1856; x_wconf 91' lang='lat' dir='ltr'>propter</span> <span class='ocrx_word' id='word_1_350' title='bbox 1175 1815 1272 1846; x_wconf 88' lang='lat' dir='ltr'>finem</span> <span class='ocrx_word' id='word_1_351' title='bbox 1302 1817 1444 1848; x_wconf 91' lang='lat' dir='ltr'>debitum</span> 
     </span>
     <span class='ocr_line' id='line_1_48' title="bbox 382 1861 1443 1901; baseline 0 -9"><span class='ocrx_word' id='word_1_352' title='bbox 382 1862 492 1898; x_wconf 90' lang='lat' dir='ltr'>factus,</span> <span class='ocrx_word' id='word_1_353' title='bbox 518 1868 563 1892; x_wconf 93' lang='lat' dir='ltr'>est</span> <span class='ocrx_word' id='word_1_354' title='bbox 585 1861 779 1892; x_wconf 82' lang='lat' dir='ltr'>indifferens:</span> <span class='ocrx_word' id='word_1_355' title='bbox 804 1871 840 1891; x_wconf 86' lang='lat' dir='ltr'>ex</span> <span class='ocrx_word' id='word_1_356' title='bbox 864 1871 902 1891; x_wconf 92' lang='lat' dir='ltr'>eo</span> <span class='ocrx_word' id='word_1_357' title='bbox 926 1861 1011 1890; x_wconf 85' lang='lat' dir='ltr'>enim</span> <span class='ocrx_word' id='word_1_358' title='bbox 1034 1861 1122 1901; x_wconf 92' lang='lat' dir='ltr'>quod</span> <span class='ocrx_word' id='word_1_359' title='bbox 1146 1861 1285 1900; x_wconf 89' lang='lat' dir='ltr'>privatus</span> <span class='ocrx_word' id='word_1_360' title='bbox 1313 1868 1359 1891; x_wconf 88' lang='lat' dir='ltr'>est</span> <span class='ocrx_word' id='word_1_361' title='bbox 1382 1861 1443 1892; x_wconf 90' lang='lat' dir='ltr'>fine</span> 
     </span>
     <span class='ocr_line' id='line_1_49' title="bbox 383 1903 1442 1946; baseline -0.001 -10"><span class='ocrx_word' id='word_1_362' title='bbox 383 1906 500 1942; x_wconf 88' lang='lat' dir='ltr'>debito,</span> <span class='ocrx_word' id='word_1_363' title='bbox 517 1906 646 1946; x_wconf 91' lang='lat' dir='ltr'>quando</span> <span class='ocrx_word' id='word_1_364' title='bbox 671 1911 806 1946; x_wconf 89' lang='lat' dir='ltr'>oportet,</span> <span class='ocrx_word' id='word_1_365' title='bbox 824 1910 893 1940; x_wconf 91' lang='lat' dir='ltr'>etc.,</span> <span class='ocrx_word' id='word_1_366' title='bbox 911 1905 986 1934; x_wconf 88' lang='lat' dir='ltr'>mali</span> <span class='ocrx_word' id='word_1_367' title='bbox 1009 1904 1137 1934; x_wconf 90' lang='lat' dir='ltr'>moralis</span> <span class='ocrx_word' id='word_1_368' title='bbox 1161 1903 1317 1935; x_wconf 86' lang='lat' dir='ltr'>rationem</span> <span class='ocrx_word' id='word_1_369' title='bbox 1339 1905 1442 1936; x_wconf 90' lang='lat' dir='ltr'>habet.</span> 
     </span>
     <span class='ocr_line' id='line_1_50' title="bbox 382 1948 1443 1990; baseline -0.001 -10"><span class='ocrx_word' id='word_1_370' title='bbox 382 1951 447 1981; x_wconf 93' lang='lat' dir='ltr'>Nec</span> <span class='ocrx_word' id='word_1_371' title='bbox 477 1960 559 1990; x_wconf 91' lang='lat' dir='ltr'>opus</span> <span class='ocrx_word' id='word_1_372' title='bbox 587 1956 633 1980; x_wconf 91' lang='lat' dir='ltr'>est</span> <span class='ocrx_word' id='word_1_373' title='bbox 661 1948 877 1979; x_wconf 90' lang='lat' dir='ltr'>contrarietate</span> <span class='ocrx_word' id='word_1_374' title='bbox 906 1949 944 1978; x_wconf 91' lang='lat' dir='ltr'>ad</span> <span class='ocrx_word' id='word_1_375' title='bbox 967 1948 1030 1978; x_wconf 92' lang='lat' dir='ltr'>hoc</span> <span class='ocrx_word' id='word_1_376' title='bbox 1066 1948 1155 1988; x_wconf 91' lang='lat' dir='ltr'>quod</span> <span class='ocrx_word' id='word_1_377' title='bbox 1183 1948 1257 1978; x_wconf 88' lang='lat' dir='ltr'>mali</span> <span class='ocrx_word' id='word_1_378' title='bbox 1288 1949 1443 1979; x_wconf 87' lang='lat' dir='ltr'>rationem</span> 
     </span>
     <span class='ocr_line' id='line_1_51' title="bbox 381 1992 1444 2035; baseline -0.001 -11"><span class='ocrx_word' id='word_1_379' title='bbox 381 1994 508 2025; x_wconf 87' lang='lat' dir='ltr'>habeat:</span> <span class='ocrx_word' id='word_1_380' title='bbox 534 1993 679 2035; x_wconf 89' lang='lat' dir='ltr'>quamvis</span> <span class='ocrx_word' id='word_1_381' title='bbox 703 2003 785 2033; x_wconf 90' lang='lat' dir='ltr'>opus</span> <span class='ocrx_word' id='word_1_382' title='bbox 809 1993 847 2023; x_wconf 91' lang='lat' dir='ltr'>sit</span> <span class='ocrx_word' id='word_1_383' title='bbox 863 2003 899 2023; x_wconf 89' lang='lat' dir='ltr'>ea</span> <span class='ocrx_word' id='word_1_384' title='bbox 920 1992 959 2022; x_wconf 92' lang='lat' dir='ltr'>ad</span> <span class='ocrx_word' id='word_1_385' title='bbox 982 1992 1044 2022; x_wconf 94' lang='lat' dir='ltr'>hoc</span> <span class='ocrx_word' id='word_1_386' title='bbox 1067 1992 1155 2032; x_wconf 92' lang='lat' dir='ltr'>quod</span> <span class='ocrx_word' id='word_1_387' title='bbox 1171 1992 1308 2032; x_wconf 90' lang='lat' dir='ltr'>speciem</span> <span class='ocrx_word' id='word_1_388' title='bbox 1332 1992 1444 2024; x_wconf 89' lang='lat' dir='ltr'>habeat</span> 
     </span>
     <span class='ocr_line' id='line_1_52' title="bbox 381 2036 1404 2079; baseline -0.003 -10"><span class='ocrx_word' id='word_1_389' title='bbox 381 2038 550 2079; x_wconf 87' lang='lat' dir='ltr'>positivam</span> <span class='ocrx_word' id='word_1_390' title='bbox 573 2038 606 2068; x_wconf 92' lang='lat' dir='ltr'>in</span> <span class='ocrx_word' id='word_1_391' title='bbox 629 2037 802 2068; x_wconf 88' lang='lat' dir='ltr'>moralibus</span> <span class='ocrx_word' id='word_1_392' title='bbox 826 2037 927 2072; x_wconf 89' lang='lat' dir='ltr'>malis,</span> <span class='ocrx_word' id='word_1_393' title='bbox 952 2043 987 2067; x_wconf 91' lang='lat' dir='ltr'>ut</span> <span class='ocrx_word' id='word_1_394' title='bbox 1010 2042 1096 2076; x_wconf 90' lang='lat' dir='ltr'>patet</span> <span class='ocrx_word' id='word_1_395' title='bbox 1119 2046 1155 2066; x_wconf 84' lang='lat' dir='ltr'>ex</span> <span class='ocrx_word' id='word_1_396' title='bbox 1177 2036 1363 2076; x_wconf 84' lang='lat' dir='ltr'>supradictis</span> <span class='ocrx_word' id='word_1_397' title='bbox 1378 2036 1404 2067; x_wconf 93' lang='lat'>*.</span> 
     </span>
    </p>

    <p class='ocr_par' dir='ltr' id='par_1_11' title="bbox 380 2080 1444 2476">
     <span class='ocr_line' id='line_1_53' title="bbox 448 2080 1442 2122; baseline -0.002 -10"><span class='ocrx_word' id='word_1_398' title='bbox 448 2083 495 2112; x_wconf 88' lang='lat' dir='ltr'>Ex</span> <span class='ocrx_word' id='word_1_399' title='bbox 518 2082 566 2112; x_wconf 89' lang='lat' dir='ltr'>his</span> <span class='ocrx_word' id='word_1_400' title='bbox 589 2088 674 2122; x_wconf 87' lang='lat' dir='ltr'>patet</span> <span class='ocrx_word' id='word_1_401' title='bbox 697 2081 860 2121; x_wconf 86' lang='lat' dir='ltr'>responsio</span> <span class='ocrx_word' id='word_1_402' title='bbox 885 2081 924 2111; x_wconf 91' lang='lat' dir='ltr'>ad</span> <span class='ocrx_word' id='word_1_403' title='bbox 948 2080 1089 2120; x_wconf 91' lang='lat' dir='ltr'>primum</span> <span class='ocrx_word' id='word_1_404' title='bbox 1113 2090 1226 2110; x_wconf 90' lang='lat' dir='ltr'>eorum</span> <span class='ocrx_word' id='word_1_405' title='bbox 1249 2090 1330 2121; x_wconf 91' lang='lat' dir='ltr'>quae</span> <span class='ocrx_word' id='word_1_406' title='bbox 1349 2081 1442 2111; x_wconf 91' lang='lat' dir='ltr'>indu—</span> 
     </span>
     <span class='ocr_line' id='line_1_54' title="bbox 382 2124 1443 2166; baseline -0.003 -8"><span class='ocrx_word' id='word_1_407' title='bbox 382 2133 496 2158; x_wconf 88' lang='lat' dir='ltr'>cuntur</span> <span class='ocrx_word' id='word_1_408' title='bbox 515 2137 551 2157; x_wconf 86' lang='lat' dir='ltr'>ex</span> <span class='ocrx_word' id='word_1_409' title='bbox 573 2137 623 2156; x_wconf 77' lang='lat' dir='ltr'>xm</span> <span class='ocrx_word' id='word_1_410' title='bbox 647 2125 844 2156; x_wconf 90' lang='lat' dir='ltr'>distinctione</span> <span class='ocrx_word' id='word_1_411' title='bbox 867 2124 1004 2155; x_wconf 90' lang='lat' dir='ltr'>Secundi</span> <span class='ocrx_word' id='word_1_412' title='bbox 1017 2124 1044 2155; x_wconf 91' lang='lat'>*.</span> <span class='ocrx_word' id='word_1_413' title='bbox 1068 2125 1116 2154; x_wconf 83' lang='lat' dir='ltr'>Ex</span> <span class='ocrx_word' id='word_1_414' title='bbox 1139 2135 1204 2166; x_wconf 92' lang='lat' dir='ltr'>quo</span> <span class='ocrx_word' id='word_1_415' title='bbox 1229 2124 1314 2155; x_wconf 91' lang='lat' dir='ltr'>enim</span> <span class='ocrx_word' id='word_1_416' title='bbox 1338 2125 1443 2155; x_wconf 91' lang='lat' dir='ltr'>omnis</span> 
     </span>
     <span class='ocr_line' id='line_1_55' title="bbox 383 2168 1444 2209; baseline -0.002 -7"><span class='ocrx_word' id='word_1_417' title='bbox 383 2178 470 2202; x_wconf 86' lang='lat' dir='ltr'>actus</span> <span class='ocrx_word' id='word_1_418' title='bbox 486 2171 673 2202; x_wconf 88' lang='lat' dir='ltr'>deliberatus</span> <span class='ocrx_word' id='word_1_419' title='bbox 690 2170 781 2200; x_wconf 91' lang='lat' dir='ltr'>debet</span> <span class='ocrx_word' id='word_1_420' title='bbox 803 2169 916 2199; x_wconf 89' lang='lat' dir='ltr'>habere</span> <span class='ocrx_word' id='word_1_421' title='bbox 932 2168 1039 2205; x_wconf 87' lang='lat' dir='ltr'>finem,</span> <span class='ocrx_word' id='word_1_422' title='bbox 1064 2169 1139 2209; x_wconf 90' lang='lat' dir='ltr'>quia</span> <span class='ocrx_word' id='word_1_423' title='bbox 1158 2178 1253 2199; x_wconf 92' lang='lat' dir='ltr'>omne</span> <span class='ocrx_word' id='word_1_424' title='bbox 1270 2179 1364 2209; x_wconf 90' lang='lat' dir='ltr'>agens</span> <span class='ocrx_word' id='word_1_425' title='bbox 1381 2169 1444 2209; x_wconf 83' lang='lat' dir='ltr'>agit</span> 
     </span>
     <span class='ocr_line' id='line_1_56' title="bbox 382 2210 1441 2255; baseline -0.002 -9"><span class='ocrx_word' id='word_1_426' title='bbox 382 2222 511 2255; x_wconf 92' lang='lat' dir='ltr'>propter</span> <span class='ocrx_word' id='word_1_427' title='bbox 527 2214 633 2251; x_wconf 87' lang='lat' dir='ltr'>finem,</span> <span class='ocrx_word' id='word_1_428' title='bbox 648 2220 678 2244; x_wconf 94' lang='lat' dir='ltr'>et</span> <span class='ocrx_word' id='word_1_429' title='bbox 693 2213 869 2244; x_wconf 90' lang='lat' dir='ltr'>secundum</span> <span class='ocrx_word' id='word_1_430' title='bbox 882 2213 1071 2243; x_wconf 87' lang='lat' dir='ltr'>Anselmum</span> <span class='ocrx_word' id='word_1_431' title='bbox 1080 2210 1105 2249; x_wconf 90' lang='lat'>*,</span> <span class='ocrx_word' id='word_1_432' title='bbox 1123 2212 1293 2253; x_wconf 88' lang='lat' dir='ltr'>allegatum</span> <span class='ocrx_word' id='word_1_433' title='bbox 1305 2224 1322 2243; x_wconf 85' lang='lat' dir='ltr'>a</span> <span class='ocrx_word' id='word_1_434' title='bbox 1335 2213 1441 2250; x_wconf 89' lang='lat' dir='ltr'>Scoto,</span> 
     </span>
     <span class='ocr_line' id='line_1_57' title="bbox 382 2256 1442 2297; baseline -0.001 -8"><span class='ocrx_word' id='word_1_435' title='bbox 382 2261 414 2289; x_wconf 89' lang='lat' dir='ltr'>in</span> <span class='ocrx_word' id='word_1_436' title='bbox 438 2260 524 2289; x_wconf 89' lang='lat' dir='ltr'>omni</span> <span class='ocrx_word' id='word_1_437' title='bbox 547 2259 695 2289; x_wconf 76' lang='lat' dir='ltr'>volitione</span> <span class='ocrx_word' id='word_1_438' title='bbox 718 2263 764 2288; x_wconf 84' lang='lat' dir='ltr'>est</span> <span class='ocrx_word' id='word_1_439' title='bbox 787 2258 930 2288; x_wconf 75' lang='lat' dir='ltr'>invenire</span> <span class='ocrx_word' id='word_1_440' title='bbox 952 2256 1028 2296; x_wconf 83' lang='lat' dir='ltr'>quid</span> <span class='ocrx_word' id='word_1_441' title='bbox 1051 2261 1082 2286; x_wconf 86' lang='lat' dir='ltr'>et</span> <span class='ocrx_word' id='word_1_442' title='bbox 1105 2264 1180 2294; x_wconf 87' lang='lat' dir='ltr'>cur;</span> <span class='ocrx_word' id='word_1_443' title='bbox 1205 2263 1331 2297; x_wconf 90' lang='lat' dir='ltr'>oportet</span> <span class='ocrx_word' id='word_1_444' title='bbox 1353 2258 1442 2297; x_wconf 92' lang='lat' dir='ltr'>quod</span> 
     </span>
     <span class='ocr_line' id='line_1_58' title="bbox 382 2300 1442 2333; baseline -0.002 0"><span class='ocrx_word' id='word_1_445' title='bbox 382 2304 486 2333; x_wconf 91' lang='lat' dir='ltr'>omnis</span> <span class='ocrx_word' id='word_1_446' title='bbox 510 2303 669 2333; x_wconf 88' lang='lat' dir='ltr'>humanus</span> <span class='ocrx_word' id='word_1_447' title='bbox 699 2308 786 2332; x_wconf 90' lang='lat' dir='ltr'>actus</span> <span class='ocrx_word' id='word_1_448' title='bbox 810 2301 921 2331; x_wconf 90' lang='lat' dir='ltr'>debeat</span> <span class='ocrx_word' id='word_1_449' title='bbox 943 2300 1057 2330; x_wconf 88' lang='lat' dir='ltr'>habere</span> <span class='ocrx_word' id='word_1_450' title='bbox 1079 2300 1254 2331; x_wconf 90' lang='lat' dir='ltr'>bonitatem</span> <span class='ocrx_word' id='word_1_451' title='bbox 1281 2301 1330 2331; x_wconf 90' lang='lat' dir='ltr'>vel</span> <span class='ocrx_word' id='word_1_452' title='bbox 1354 2301 1442 2331; x_wconf 91' lang='lat' dir='ltr'>mali-</span> 
     </span>
     <span class='ocr_line' id='line_1_59' title="bbox 380 2343 1442 2382; baseline -0.003 -4"><span class='ocrx_word' id='word_1_453' title='bbox 380 2347 456 2378; x_wconf 86' lang='lat' dir='ltr'>tiam</span> <span class='ocrx_word' id='word_1_454' title='bbox 472 2347 505 2377; x_wconf 93' lang='lat' dir='ltr'>in</span> <span class='ocrx_word' id='word_1_455' title='bbox 521 2357 580 2377; x_wconf 91' lang='lat' dir='ltr'>suo</span> <span class='ocrx_word' id='word_1_456' title='bbox 605 2345 760 2376; x_wconf 85' lang='lat' dir='ltr'>exercitio.</span> <span class='ocrx_word' id='word_1_457' title='bbox 785 2345 817 2375; x_wconf 90' lang='lat' dir='ltr'>Si</span> <span class='ocrx_word' id='word_1_458' title='bbox 841 2345 927 2375; x_wconf 91' lang='lat' dir='ltr'>enim</span> <span class='ocrx_word' id='word_1_459' title='bbox 946 2344 986 2374; x_wconf 89' lang='lat' dir='ltr'>ad</span> <span class='ocrx_word' id='word_1_460' title='bbox 1002 2343 1143 2375; x_wconf 90' lang='lat' dir='ltr'>debitum</span> <span class='ocrx_word' id='word_1_461' title='bbox 1158 2343 1255 2375; x_wconf 89' lang='lat' dir='ltr'>finem</span> <span class='ocrx_word' id='word_1_462' title='bbox 1270 2345 1442 2382; x_wconf 89' lang='lat' dir='ltr'>ordinatur,</span> 
     </span>
     <span class='ocr_line' id='line_1_60' title="bbox 382 2389 1443 2429; baseline -0.002 -7"><span class='ocrx_word' id='word_1_463' title='bbox 382 2401 456 2422; x_wconf 91' lang='lat' dir='ltr'>cum</span> <span class='ocrx_word' id='word_1_464' title='bbox 479 2391 543 2421; x_wconf 89' lang='lat' dir='ltr'>suis</span> <span class='ocrx_word' id='word_1_465' title='bbox 568 2389 816 2426; x_wconf 89' lang='lat' dir='ltr'>circumstantiis,</span> <span class='ocrx_word' id='word_1_466' title='bbox 842 2395 888 2419; x_wconf 90' lang='lat' dir='ltr'>est</span> <span class='ocrx_word' id='word_1_467' title='bbox 910 2389 1028 2418; x_wconf 86' lang='lat' dir='ltr'>bonus:</span> <span class='ocrx_word' id='word_1_468' title='bbox 1054 2389 1080 2418; x_wconf 91' lang='lat' dir='ltr'>si</span> <span class='ocrx_word' id='word_1_469' title='bbox 1104 2398 1179 2425; x_wconf 90' lang='lat' dir='ltr'>non,</span> <span class='ocrx_word' id='word_1_470' title='bbox 1203 2389 1274 2429; x_wconf 91' lang='lat' dir='ltr'>ipso</span> <span class='ocrx_word' id='word_1_471' title='bbox 1298 2389 1381 2420; x_wconf 85' lang='lat' dir='ltr'>facto</span> <span class='ocrx_word' id='word_1_472' title='bbox 1396 2396 1443 2420; x_wconf 88' lang='lat' dir='ltr'>est</span> 
     </span>
     <span class='ocr_line' id='line_1_61' title="bbox 381 2433 1338 2476; baseline -0.002 -10"><span class='ocrx_word' id='word_1_473' title='bbox 381 2436 494 2472; x_wconf 90' lang='lat' dir='ltr'>malus,</span> <span class='ocrx_word' id='word_1_474' title='bbox 519 2435 594 2476; x_wconf 89' lang='lat' dir='ltr'>quia</span> <span class='ocrx_word' id='word_1_475' title='bbox 617 2435 756 2474; x_wconf 87' lang='lat' dir='ltr'>privatus</span> <span class='ocrx_word' id='word_1_476' title='bbox 780 2433 884 2464; x_wconf 92' lang='lat' dir='ltr'>debita</span> <span class='ocrx_word' id='word_1_477' title='bbox 907 2433 966 2463; x_wconf 89' lang='lat' dir='ltr'>sibi</span> <span class='ocrx_word' id='word_1_478' title='bbox 988 2439 1073 2469; x_wconf 91' lang='lat' dir='ltr'>tunc,</span> <span class='ocrx_word' id='word_1_479' title='bbox 1098 2439 1166 2469; x_wconf 70' lang='lat' dir='ltr'>etc„</span> <span class='ocrx_word' id='word_1_480' title='bbox 1190 2433 1338 2464; x_wconf 88' lang='lat' dir='ltr'>bonitate.</span> 
     </span>
    </p>

    <p class='ocr_par' dir='ltr' id='par_1_12' title="bbox 379 2476 1442 2730">
     <span class='ocr_line' id='line_1_62' title="bbox 435 2476 1442 2519; baseline -0.003 -9"><span class='ocrx_word' id='word_1_481' title='bbox 435 2481 486 2510; x_wconf 91' lang='lat' dir='ltr'>Ad</span> <span class='ocrx_word' id='word_1_482' title='bbox 502 2479 678 2510; x_wconf 87' lang='lat' dir='ltr'>secundum</span> <span class='ocrx_word' id='word_1_483' title='bbox 693 2488 768 2508; x_wconf 90' lang='lat' dir='ltr'>vero</span> <span class='ocrx_word' id='word_1_484' title='bbox 782 2477 895 2508; x_wconf 92' lang='lat' dir='ltr'>dicitur</span> <span class='ocrx_word' id='word_1_485' title='bbox 910 2477 999 2518; x_wconf 91' lang='lat' dir='ltr'>quod</span> <span class='ocrx_word' id='word_1_486' title='bbox 1020 2483 1106 2507; x_wconf 89' lang='lat' dir='ltr'>actus</span> <span class='ocrx_word' id='word_1_487' title='bbox 1122 2476 1206 2514; x_wconf 91' lang='lat' dir='ltr'>iusti,</span> <span class='ocrx_word' id='word_1_488' title='bbox 1224 2488 1260 2508; x_wconf 91' lang='lat' dir='ltr'>ex</span> <span class='ocrx_word' id='word_1_489' title='bbox 1276 2477 1391 2519; x_wconf 92' lang='lat' dir='ltr'>quibus</span> <span class='ocrx_word' id='word_1_490' title='bbox 1406 2477 1442 2508; x_wconf 91' lang='lat' dir='ltr'>fit</span> 
     </span>
     <span class='ocr_line' id='line_1_63' title="bbox 379 2521 1442 2562; baseline -0.002 -8"><span class='ocrx_word' id='word_1_491' title='bbox 379 2524 513 2560; x_wconf 92' lang='lat' dir='ltr'>iustitia,</span> <span class='ocrx_word' id='word_1_492' title='bbox 538 2529 611 2553; x_wconf 91' lang='lat' dir='ltr'>sunt</span> <span class='ocrx_word' id='word_1_493' title='bbox 638 2522 715 2552; x_wconf 93' lang='lat' dir='ltr'>boni</span> <span class='ocrx_word' id='word_1_494' title='bbox 744 2521 921 2552; x_wconf 86' lang='lat' dir='ltr'>moraliter:</span> <span class='ocrx_word' id='word_1_495' title='bbox 947 2521 1091 2562; x_wconf 88' lang='lat' dir='ltr'>quamvis</span> <span class='ocrx_word' id='word_1_496' title='bbox 1122 2531 1187 2551; x_wconf 94' lang='lat' dir='ltr'>non</span> <span class='ocrx_word' id='word_1_497' title='bbox 1217 2521 1279 2552; x_wconf 91' lang='lat' dir='ltr'>sint</span> <span class='ocrx_word' id='word_1_498' title='bbox 1305 2521 1442 2552; x_wconf 88' lang='lat' dir='ltr'>totaliter</span> 
     </span>
     <span class='ocr_line' id='line_1_64' title="bbox 380 2565 1442 2608; baseline -0.002 -10"><span class='ocrx_word' id='word_1_499' title='bbox 380 2568 517 2608; x_wconf 88' lang='lat' dir='ltr'>perfecti,</span> <span class='ocrx_word' id='word_1_500' title='bbox 542 2567 617 2608; x_wconf 90' lang='lat' dir='ltr'>quia</span> <span class='ocrx_word' id='word_1_501' title='bbox 640 2576 706 2596; x_wconf 91' lang='lat' dir='ltr'>non</span> <span class='ocrx_word' id='word_1_502' title='bbox 728 2565 811 2596; x_wconf 90' lang='lat' dir='ltr'>fiunt</span> <span class='ocrx_word' id='word_1_503' title='bbox 828 2571 986 2606; x_wconf 89' lang='lat' dir='ltr'>prompte,</span> <span class='ocrx_word' id='word_1_504' title='bbox 1003 2565 1143 2601; x_wconf 85' lang='lat' dir='ltr'>faciliter,</span> <span class='ocrx_word' id='word_1_505' title='bbox 1164 2565 1394 2602; x_wconf 89' lang='lat' dir='ltr'>delectabiliter,</span> <span class='ocrx_word' id='word_1_506' title='bbox 1412 2572 1442 2596; x_wconf 91' lang='lat' dir='ltr'>et</span> 
     </span>
     <span class='ocr_line' id='line_1_65' title="bbox 379 2609 1441 2651; baseline -0.003 -9"><span class='ocrx_word' id='word_1_507' title='bbox 379 2612 521 2649; x_wconf 86' lang='lat' dir='ltr'>breviter,</span> <span class='ocrx_word' id='word_1_508' title='bbox 538 2618 574 2642; x_wconf 92' lang='lat' dir='ltr'>ut</span> <span class='ocrx_word' id='word_1_509' title='bbox 588 2610 669 2641; x_wconf 89' lang='lat' dir='ltr'>fiunt</span> <span class='ocrx_word' id='word_1_510' title='bbox 682 2610 719 2640; x_wconf 88' lang='lat' dir='ltr'>ab</span> <span class='ocrx_word' id='word_1_511' title='bbox 734 2609 911 2640; x_wconf 78' lang='lat' dir='ltr'>habituatis.</span> <span class='ocrx_word' id='word_1_512' title='bbox 925 2609 1018 2640; x_wconf 91' lang='lat' dir='ltr'>Unde</span> <span class='ocrx_word' id='word_1_513' title='bbox 1034 2609 1195 2649; x_wconf 89' lang='lat' dir='ltr'>sophisma</span> <span class='ocrx_word' id='word_1_514' title='bbox 1209 2609 1441 2651; x_wconf 88' lang='lat' dir='ltr'>Consequentis</span> 
     </span>
     <span class='ocr_line' id='line_1_66' title="bbox 380 2653 1441 2694; baseline -0.003 -8"><span class='ocrx_word' id='word_1_515' title='bbox 380 2663 438 2686; x_wconf 88' lang='lat' dir='ltr'>est:</span> <span class='ocrx_word' id='word_1_516' title='bbox 456 2658 554 2686; x_wconf 90' lang='lat' dir='ltr'>Actus</span> <span class='ocrx_word' id='word_1_517' title='bbox 578 2665 644 2685; x_wconf 92' lang='lat' dir='ltr'>non</span> <span class='ocrx_word' id='word_1_518' title='bbox 658 2654 739 2685; x_wconf 91' lang='lat' dir='ltr'>fiunt</span> <span class='ocrx_word' id='word_1_519' title='bbox 755 2665 791 2685; x_wconf 86' lang='lat' dir='ltr'>ex</span> <span class='ocrx_word' id='word_1_520' title='bbox 806 2654 920 2684; x_wconf 90' lang='lat' dir='ltr'>virtute</span> <span class='ocrx_word' id='word_1_521' title='bbox 942 2653 1076 2684; x_wconf 85' lang='lat' dir='ltr'>iustitiae</span> <span class='ocrx_word' id='word_1_522' title='bbox 1097 2653 1261 2690; x_wconf 83' lang='lat' dir='ltr'>habituali,</span> <span class='ocrx_word' id='word_1_523' title='bbox 1283 2663 1358 2694; x_wconf 89' lang='lat' dir='ltr'>ergo</span> <span class='ocrx_word' id='word_1_524' title='bbox 1375 2664 1441 2684; x_wconf 92' lang='lat' dir='ltr'>non</span> 
     </span>
     <span class='ocr_line' id='line_1_67' title="bbox 381 2700 556 2730; baseline 0 0"><span class='ocrx_word' id='word_1_525' title='bbox 381 2706 454 2730; x_wconf 89' lang='lat' dir='ltr'>sunt</span> <span class='ocrx_word' id='word_1_526' title='bbox 472 2700 556 2730; x_wconf 91' lang='lat' dir='ltr'>iusti.</span> 
     </span>
    </p>

    <p class='ocr_par' dir='ltr' id='par_1_13' title="bbox 379 2741 1441 2917">
     <span class='ocr_line' id='line_1_68' title="bbox 446 2741 1441 2782; baseline -0.002 -8"><span class='ocrx_word' id='word_1_527' title='bbox 446 2742 499 2775; x_wconf 93' lang='lat' dir='ltr'>Ad</span> <span class='ocrx_word' id='word_1_528' title='bbox 522 2743 649 2774; x_wconf 85' lang='lat' dir='ltr'>tertium</span> <span class='ocrx_word' id='word_1_529' title='bbox 672 2741 915 2773; x_wconf 75' lang='lat' dir='ltr'>autem‘dicitur</span> <span class='ocrx_word' id='word_1_530' title='bbox 938 2741 1036 2782; x_wconf 91' lang='lat' dir='ltr'>quod,</span> <span class='ocrx_word' id='word_1_531' title='bbox 1060 2741 1132 2772; x_wconf 91' lang='lat' dir='ltr'>licet</span> <span class='ocrx_word' id='word_1_532' title='bbox 1155 2741 1272 2771; x_wconf 85' lang='lat' dir='ltr'>habens</span> <span class='ocrx_word' id='word_1_533' title='bbox 1293 2741 1441 2773; x_wconf 91' lang='lat' dir='ltr'>virtutem</span> 
     </span>
     <span class='ocr_line' id='line_1_69' title="bbox 380 2785 1440 2826; baseline -0.002 -8"><span class='ocrx_word' id='word_1_534' title='bbox 380 2798 446 2818; x_wconf 91' lang='lat' dir='ltr'>non</span> <span class='ocrx_word' id='word_1_535' title='bbox 468 2793 611 2818; x_wconf 89' lang='lat' dir='ltr'>teneatur</span> <span class='ocrx_word' id='word_1_536' title='bbox 633 2787 673 2817; x_wconf 88' lang='lat' dir='ltr'>ad</span> <span class='ocrx_word' id='word_1_537' title='bbox 696 2796 819 2826; x_wconf 88' lang='lat' dir='ltr'>semper</span> <span class='ocrx_word' id='word_1_538' title='bbox 843 2785 888 2816; x_wconf 89' lang='lat' dir='ltr'>uti</span> <span class='ocrx_word' id='word_1_539' title='bbox 910 2785 972 2821; x_wconf 90' lang='lat' dir='ltr'>illa,</span> <span class='ocrx_word' id='word_1_540' title='bbox 998 2790 1121 2815; x_wconf 90' lang='lat' dir='ltr'>tenetur</span> <span class='ocrx_word' id='word_1_541' title='bbox 1143 2792 1265 2822; x_wconf 90' lang='lat' dir='ltr'>tamen,</span> <span class='ocrx_word' id='word_1_542' title='bbox 1295 2786 1440 2826; x_wconf 90' lang='lat' dir='ltr'>quando-</span> 
     </span>
     <span class='ocr_line' id='line_1_70' title="bbox 380 2829 1440 2873; baseline -0.002 -11"><span class='ocrx_word' id='word_1_543' title='bbox 380 2842 518 2873; x_wconf 89' lang='lat' dir='ltr'>cumque</span> <span class='ocrx_word' id='word_1_544' title='bbox 541 2837 698 2872; x_wconf 90' lang='lat' dir='ltr'>operatur,</span> <span class='ocrx_word' id='word_1_545' title='bbox 719 2830 766 2860; x_wconf 90' lang='lat' dir='ltr'>uti</span> <span class='ocrx_word' id='word_1_546' title='bbox 789 2830 892 2860; x_wconf 88' lang='lat' dir='ltr'>forma</span> <span class='ocrx_word' id='word_1_547' title='bbox 914 2829 1077 2865; x_wconf 85' lang='lat' dir='ltr'>virtutum,</span> <span class='ocrx_word' id='word_1_548' title='bbox 1097 2829 1178 2860; x_wconf 91' lang='lat' dir='ltr'>idest</span> <span class='ocrx_word' id='word_1_549' title='bbox 1199 2836 1282 2860; x_wconf 85' lang='lat' dir='ltr'>recta</span> <span class='ocrx_word' id='word_1_550' title='bbox 1306 2830 1440 2861; x_wconf 89' lang='lat' dir='ltr'>ratione.</span> 
     </span>
     <span class='ocr_line' id='line_1_71' title="bbox 379 2873 1302 2917; baseline -0.003 -11"><span class='ocrx_word' id='word_1_551' title='bbox 379 2878 426 2906; x_wconf 89' lang='lat' dir='ltr'>Ac</span> <span class='ocrx_word' id='word_1_552' title='bbox 449 2886 504 2917; x_wconf 91' lang='lat' dir='ltr'>per</span> <span class='ocrx_word' id='word_1_553' title='bbox 527 2875 597 2912; x_wconf 92' lang='lat' dir='ltr'>hoc,</span> <span class='ocrx_word' id='word_1_554' title='bbox 621 2884 788 2915; x_wconf 89' lang='lat' dir='ltr'>nunquam</span> <span class='ocrx_word' id='word_1_555' title='bbox 811 2880 915 2914; x_wconf 91' lang='lat' dir='ltr'>potest</span> <span class='ocrx_word' id='word_1_556' title='bbox 937 2873 1147 2904; x_wconf 83' lang='lat' dir='ltr'>indifferenter</span> <span class='ocrx_word' id='word_1_557' title='bbox 1169 2873 1302 2913; x_wconf 89' lang='lat' dir='ltr'>operari.</span> 
     </span>
    </p>

    <p class='ocr_par' dir='ltr' id='par_1_14' title="bbox 379 2917 1441 3573">
     <span class='ocr_line' id='line_1_72' title="bbox 433 2917 1441 2960; baseline -0.002 -10"><span class='ocrx_word' id='word_1_558' title='bbox 433 2921 472 2950; x_wconf 90' lang='lat' dir='ltr'>X.</span> <span class='ocrx_word' id='word_1_559' title='bbox 496 2920 547 2950; x_wconf 88' lang='lat' dir='ltr'>Ad</span> <span class='ocrx_word' id='word_1_560' title='bbox 570 2919 710 2960; x_wconf 89' lang='lat' dir='ltr'>primum</span> <span class='ocrx_word' id='word_1_561' title='bbox 733 2924 841 2948; x_wconf 88' lang='lat' dir='ltr'>autem</span> <span class='ocrx_word' id='word_1_562' title='bbox 863 2918 1068 2948; x_wconf 89' lang='lat' dir='ltr'>inductorum</span> <span class='ocrx_word' id='word_1_563' title='bbox 1092 2927 1128 2948; x_wconf 88' lang='lat' dir='ltr'>ex</span> <span class='ocrx_word' id='word_1_564' title='bbox 1151 2917 1323 2955; x_wconf 83' lang='lat' dir='ltr'>Quolibetis</span> <span class='ocrx_word' id='word_1_565' title='bbox 1334 2917 1360 2954; x_wconf 87' lang='lat'>*,</span> <span class='ocrx_word' id='word_1_566' title='bbox 1377 2917 1441 2948; x_wconf 84' lang='lat' dir='ltr'>iam</span> 
     </span>
     <span class='ocr_line' id='line_1_73' title="bbox 381 2960 1440 3003; baseline -0.003 -9"><span class='ocrx_word' id='word_1_567' title='bbox 381 2970 466 3003; x_wconf 86' lang='lat' dir='ltr'>patet</span> <span class='ocrx_word' id='word_1_568' title='bbox 483 2963 657 3003; x_wconf 92' lang='lat' dir='ltr'>responsio.</span> <span class='ocrx_word' id='word_1_569' title='bbox 682 2963 769 2993; x_wconf 89' lang='lat' dir='ltr'>Licet</span> <span class='ocrx_word' id='word_1_570' title='bbox 792 2961 886 2998; x_wconf 87' lang='lat' dir='ltr'>enim,</span> <span class='ocrx_word' id='word_1_571' title='bbox 911 2961 1086 2992; x_wconf 88' lang='lat' dir='ltr'>secundum</span> <span class='ocrx_word' id='word_1_572' title='bbox 1105 2960 1255 2992; x_wconf 89' lang='lat' dir='ltr'>Boetium</span> <span class='ocrx_word' id='word_1_573' title='bbox 1279 2968 1309 2992; x_wconf 90' lang='lat' dir='ltr'>et</span> <span class='ocrx_word' id='word_1_574' title='bbox 1331 2961 1440 2992; x_wconf 90' lang='lat' dir='ltr'>verita-</span> 
     </span>
     <span class='ocr_line' id='line_1_74' title="bbox 380 3005 1439 3047; baseline -0.002 -10"><span class='ocrx_word' id='word_1_575' title='bbox 380 3014 455 3044; x_wconf 88' lang='lat' dir='ltr'>tem,</span> <span class='ocrx_word' id='word_1_576' title='bbox 472 3007 559 3037; x_wconf 91' lang='lat' dir='ltr'>aliud</span> <span class='ocrx_word' id='word_1_577' title='bbox 582 3007 621 3037; x_wconf 90' lang='lat' dir='ltr'>sit</span> <span class='ocrx_word' id='word_1_578' title='bbox 636 3006 769 3047; x_wconf 86' lang='lat' dir='ltr'>privatio</span> <span class='ocrx_word' id='word_1_579' title='bbox 789 3005 933 3042; x_wconf 88' lang='lat' dir='ltr'>iustitiae,</span> <span class='ocrx_word' id='word_1_580' title='bbox 954 3012 984 3036; x_wconf 90' lang='lat' dir='ltr'>et</span> <span class='ocrx_word' id='word_1_581' title='bbox 1007 3005 1093 3036; x_wconf 90' lang='lat' dir='ltr'>aliud</span> <span class='ocrx_word' id='word_1_582' title='bbox 1114 3005 1283 3036; x_wconf 89' lang='lat' dir='ltr'>iniustitiae</span> <span class='ocrx_word' id='word_1_583' title='bbox 1298 3005 1423 3036; x_wconf 87' lang='lat' dir='ltr'>habitus</span> <span class='ocrx_word' id='word_1_584' title='bbox 1431 3014 1439 3042; x_wconf 86' lang='lat'>;</span> 
     </span>
     <span class='ocr_line' id='line_1_75' title="bbox 380 3049 1439 3091; baseline -0.001 -11"><span class='ocrx_word' id='word_1_585' title='bbox 380 3051 458 3082; x_wconf 91' lang='lat' dir='ltr'>ratio</span> <span class='ocrx_word' id='word_1_586' title='bbox 471 3058 576 3081; x_wconf 90' lang='lat' dir='ltr'>tamen</span> <span class='ocrx_word' id='word_1_587' title='bbox 593 3051 668 3080; x_wconf 88' lang='lat' dir='ltr'>mali</span> <span class='ocrx_word' id='word_1_588' title='bbox 682 3050 822 3081; x_wconf 89' lang='lat' dir='ltr'>consistit</span> <span class='ocrx_word' id='word_1_589' title='bbox 833 3049 865 3079; x_wconf 89' lang='lat' dir='ltr'>in</span> <span class='ocrx_word' id='word_1_590' title='bbox 878 3049 945 3090; x_wconf 86' lang='lat' dir='ltr'>ipsa</span> <span class='ocrx_word' id='word_1_591' title='bbox 957 3049 1133 3090; x_wconf 81' lang='lat' dir='ltr'>privatione</span> <span class='ocrx_word' id='word_1_592' title='bbox 1145 3049 1290 3086; x_wconf 91' lang='lat' dir='ltr'>iustitiae,</span> <span class='ocrx_word' id='word_1_593' title='bbox 1302 3049 1439 3091; x_wconf 81' lang='lat' dir='ltr'>quando,</span> 
     </span>
     <span class='ocr_line' id='line_1_76' title="bbox 379 3093 1441 3133; baseline -0.001 -8"><span class='ocrx_word' id='word_1_594' title='bbox 379 3096 472 3133; x_wconf 84' lang='lat' dir='ltr'>sicut,</span> <span class='ocrx_word' id='word_1_595' title='bbox 489 3101 546 3125; x_wconf 89' lang='lat' dir='ltr'>etc.</span> <span class='ocrx_word' id='word_1_596' title='bbox 564 3095 656 3125; x_wconf 91' lang='lat' dir='ltr'>Unde</span> <span class='ocrx_word' id='word_1_597' title='bbox 671 3101 702 3125; x_wconf 94' lang='lat' dir='ltr'>et</span> <span class='ocrx_word' id='word_1_598' title='bbox 717 3093 868 3124; x_wconf 85' lang='lat' dir='ltr'>iniustitia</span> <span class='ocrx_word' id='word_1_599' title='bbox 891 3093 959 3133; x_wconf 88' lang='lat' dir='ltr'>ipsa</span> <span class='ocrx_word' id='word_1_600' title='bbox 974 3093 1104 3124; x_wconf 88' lang='lat' dir='ltr'>actualis</span> <span class='ocrx_word' id='word_1_601' title='bbox 1128 3099 1157 3124; x_wconf 93' lang='lat' dir='ltr'>et</span> <span class='ocrx_word' id='word_1_602' title='bbox 1179 3093 1347 3124; x_wconf 84' lang='lat' dir='ltr'>habitualis</span> <span class='ocrx_word' id='word_1_603' title='bbox 1366 3103 1441 3124; x_wconf 90' lang='lat' dir='ltr'>con-</span> 
     </span>
     <span class='ocr_line' id='line_1_77' title="bbox 379 3137 1440 3178; baseline -0.001 -9"><span class='ocrx_word' id='word_1_604' title='bbox 379 3139 472 3169; x_wconf 89' lang='lat' dir='ltr'>traria</span> <span class='ocrx_word' id='word_1_605' title='bbox 494 3138 638 3174; x_wconf 85' lang='lat' dir='ltr'>iustitiae,</span> <span class='ocrx_word' id='word_1_606' title='bbox 656 3147 721 3168; x_wconf 91' lang='lat' dir='ltr'>non</span> <span class='ocrx_word' id='word_1_607' title='bbox 737 3137 830 3168; x_wconf 88' lang='lat' dir='ltr'>habet</span> <span class='ocrx_word' id='word_1_608' title='bbox 849 3137 1004 3167; x_wconf 85' lang='lat' dir='ltr'>rationem</span> <span class='ocrx_word' id='word_1_609' title='bbox 1020 3138 1104 3173; x_wconf 91' lang='lat' dir='ltr'>mali,</span> <span class='ocrx_word' id='word_1_610' title='bbox 1121 3137 1180 3168; x_wconf 92' lang='lat' dir='ltr'>nisi</span> <span class='ocrx_word' id='word_1_611' title='bbox 1204 3138 1325 3168; x_wconf 91' lang='lat' dir='ltr'>ratione</span> <span class='ocrx_word' id='word_1_612' title='bbox 1339 3137 1440 3178; x_wconf 90' lang='lat' dir='ltr'>priva-</span> 
     </span>
     <span class='ocr_line' id='line_1_78' title="bbox 380 3181 1440 3222; baseline -0.001 -9"><span class='ocrx_word' id='word_1_613' title='bbox 380 3182 485 3213; x_wconf 87' lang='lat' dir='ltr'>tionis.</span> <span class='ocrx_word' id='word_1_614' title='bbox 504 3183 574 3222; x_wconf 92' lang='lat' dir='ltr'>Ipsa</span> <span class='ocrx_word' id='word_1_615' title='bbox 590 3182 684 3222; x_wconf 89' lang='lat' dir='ltr'>igitur</span> <span class='ocrx_word' id='word_1_616' title='bbox 700 3181 833 3221; x_wconf 86' lang='lat' dir='ltr'>privatio</span> <span class='ocrx_word' id='word_1_617' title='bbox 857 3187 903 3212; x_wconf 90' lang='lat' dir='ltr'>est</span> <span class='ocrx_word' id='word_1_618' title='bbox 918 3181 1021 3221; x_wconf 91' lang='lat' dir='ltr'>primo</span> <span class='ocrx_word' id='word_1_619' title='bbox 1038 3181 1174 3212; x_wconf 89' lang='lat' dir='ltr'>malum:</span> <span class='ocrx_word' id='word_1_620' title='bbox 1196 3188 1226 3212; x_wconf 89' lang='lat' dir='ltr'>et</span> <span class='ocrx_word' id='word_1_621' title='bbox 1251 3182 1440 3222; x_wconf 88' lang='lat' dir='ltr'>cuicumque</span> 
     </span>
     <span class='ocr_line' id='line_1_79' title="bbox 381 3225 1440 3265; baseline -0.001 -8"><span class='ocrx_word' id='word_1_622' title='bbox 381 3226 527 3257; x_wconf 91' lang='lat' dir='ltr'>convenit</span> <span class='ocrx_word' id='word_1_623' title='bbox 543 3226 674 3262; x_wconf 86' lang='lat' dir='ltr'>malum,</span> <span class='ocrx_word' id='word_1_624' title='bbox 690 3235 746 3265; x_wconf 92' lang='lat' dir='ltr'>per</span> <span class='ocrx_word' id='word_1_625' title='bbox 760 3225 862 3265; x_wconf 89' lang='lat' dir='ltr'>ipsam</span> <span class='ocrx_word' id='word_1_626' title='bbox 879 3225 1040 3262; x_wconf 87' lang='lat' dir='ltr'>convenit;</span> <span class='ocrx_word' id='word_1_627' title='bbox 1057 3233 1087 3256; x_wconf 92' lang='lat' dir='ltr'>et</span> <span class='ocrx_word' id='word_1_628' title='bbox 1102 3235 1168 3256; x_wconf 91' lang='lat' dir='ltr'>non</span> <span class='ocrx_word' id='word_1_629' title='bbox 1184 3225 1304 3256; x_wconf 88' lang='lat' dir='ltr'>ratione</span> <span class='ocrx_word' id='word_1_630' title='bbox 1319 3232 1440 3256; x_wconf 90' lang='lat' dir='ltr'>contra-</span> 
     </span>
     <span class='ocr_line' id='line_1_80' title="bbox 380 3269 1439 3311; baseline -0.001 -10"><span class='ocrx_word' id='word_1_631' title='bbox 380 3270 507 3301; x_wconf 87' lang='lat' dir='ltr'>rietatis.</span> <span class='ocrx_word' id='word_1_632' title='bbox 538 3288 559 3293; x_wconf 90' lang='lat'><em>-</em></span> <span class='ocrx_word' id='word_1_633' title='bbox 582 3269 700 3300; x_wconf 91' lang='lat' dir='ltr'>Mirum</span> <span class='ocrx_word' id='word_1_634' title='bbox 731 3275 776 3300; x_wconf 89' lang='lat' dir='ltr'>est</span> <span class='ocrx_word' id='word_1_635' title='bbox 804 3275 911 3299; x_wconf 85' lang='lat' dir='ltr'>autem</span> <span class='ocrx_word' id='word_1_636' title='bbox 941 3269 979 3299; x_wconf 89' lang='lat' dir='ltr'>de</span> <span class='ocrx_word' id='word_1_637' title='bbox 1009 3269 1069 3300; x_wconf 91' lang='lat' dir='ltr'>isto</span> <span class='ocrx_word' id='word_1_638' title='bbox 1100 3269 1231 3300; x_wconf 87' lang='lat' dir='ltr'>homine</span> <span class='ocrx_word' id='word_1_639' title='bbox 1264 3275 1439 3311; x_wconf 84' lang='lat' dir='ltr'>exponente</span> 
     </span>
     <span class='ocr_line' id='line_1_81' title="bbox 380 3312 1438 3355; baseline -0.001 -10"><span class='ocrx_word' id='word_1_640' title='bbox 380 3315 469 3355; x_wconf 92' lang='lat' dir='ltr'>quod</span> <span class='ocrx_word' id='word_1_641' title='bbox 484 3313 537 3345; x_wconf 89' lang='lat' dir='ltr'>illa</span> <span class='ocrx_word' id='word_1_642' title='bbox 551 3313 698 3354; x_wconf 90' lang='lat' dir='ltr'>Dionysii</span> <span class='ocrx_word' id='word_1_643' title='bbox 718 3312 894 3350; x_wconf 87' lang='lat' dir='ltr'>auctoritas,</span> <span class='ocrx_word' id='word_1_644' title='bbox 911 3323 942 3342; x_wconf 95' lang='lat' dir='ltr'>1v</span> <span class='ocrx_word' id='word_1_645' title='bbox 962 3323 1028 3354; x_wconf 90' lang='lat' dir='ltr'>cap.</span> <span class='ocrx_word' id='word_1_646' title='bbox 1046 3314 1085 3344; x_wconf 87' lang='lat' dir='ltr'>de</span> <span class='ocrx_word' id='word_1_647' title='bbox 1099 3314 1173 3345; x_wconf 73' lang='lat' dir='ltr'>Diu.</span> <span class='ocrx_word' id='word_1_648' title='bbox 1190 3313 1296 3352; x_wconf 69' lang='lat' dir='ltr'>Nom„</span> <span class='ocrx_word' id='word_1_649' title='bbox 1312 3314 1438 3344; x_wconf 85' lang='lat' dir='ltr'>Malum</span> 
     </span>
     <span class='ocr_line' id='line_1_82' title="bbox 380 3356 1438 3399; baseline -0.001 -10"><span class='ocrx_word' id='word_1_650' title='bbox 380 3369 422 3389; x_wconf 87' lang='lat' dir='ltr'>ex</span> <span class='ocrx_word' id='word_1_651' title='bbox 444 3357 666 3399; x_wconf 83' lang='lat' dir='ltr'>singularibus</span> <span class='ocrx_word' id='word_1_652' title='bbox 688 3356 871 3398; x_wconf 82' lang='lat' dir='ltr'>defectibus,</span> <span class='ocrx_word' id='word_1_653' title='bbox 896 3357 1079 3396; x_wconf 87' lang='lat' dir='ltr'>intelligitur</span> <span class='ocrx_word' id='word_1_654' title='bbox 1101 3358 1140 3387; x_wconf 91' lang='lat' dir='ltr'>de</span> <span class='ocrx_word' id='word_1_655' title='bbox 1164 3357 1249 3388; x_wconf 88' lang='lat' dir='ltr'>malo</span> <span class='ocrx_word' id='word_1_656' title='bbox 1273 3357 1438 3398; x_wconf 89' lang='lat' dir='ltr'>privative;</span> 
     </span>
     <span class='ocr_line' id='line_1_83' title="bbox 381 3401 1438 3442; baseline 0 -10"><span class='ocrx_word' id='word_1_657' title='bbox 381 3410 411 3433; x_wconf 91' lang='lat' dir='ltr'>et</span> <span class='ocrx_word' id='word_1_658' title='bbox 434 3413 470 3433; x_wconf 86' lang='lat' dir='ltr'>ex</span> <span class='ocrx_word' id='word_1_659' title='bbox 493 3402 552 3432; x_wconf 84' lang='lat' dir='ltr'>alia</span> <span class='ocrx_word' id='word_1_660' title='bbox 574 3405 661 3442; x_wconf 79' lang='lat' dir='ltr'>parte</span> <span class='ocrx_word' id='word_1_661' title='bbox 685 3401 807 3432; x_wconf 90' lang='lat' dir='ltr'>dicente</span> <span class='ocrx_word' id='word_1_662' title='bbox 831 3401 919 3442; x_wconf 92' lang='lat' dir='ltr'>quod</span> <span class='ocrx_word' id='word_1_663' title='bbox 943 3401 1063 3431; x_wconf 89' lang='lat' dir='ltr'>malum</span> <span class='ocrx_word' id='word_1_664' title='bbox 1083 3401 1233 3441; x_wconf 83' lang='lat' dir='ltr'>privative</span> <span class='ocrx_word' id='word_1_665' title='bbox 1255 3408 1301 3432; x_wconf 91' lang='lat' dir='ltr'>est</span> <span class='ocrx_word' id='word_1_666' title='bbox 1320 3401 1438 3432; x_wconf 84' lang='lat' dir='ltr'>indiffe-</span> 
     </span>
     <span class='ocr_line' id='line_1_84' title="bbox 380 3444 1439 3487; baseline 0 -11"><span class='ocrx_word' id='word_1_667' title='bbox 380 3456 460 3477; x_wconf 88' lang='lat' dir='ltr'>rens.</span> <span class='ocrx_word' id='word_1_668' title='bbox 486 3446 634 3487; x_wconf 91' lang='lat' dir='ltr'>Sequitur</span> <span class='ocrx_word' id='word_1_669' title='bbox 656 3445 741 3476; x_wconf 90' lang='lat' dir='ltr'>enim</span> <span class='ocrx_word' id='word_1_670' title='bbox 758 3455 795 3476; x_wconf 86' lang='lat' dir='ltr'>ex</span> <span class='ocrx_word' id='word_1_671' title='bbox 809 3445 857 3475; x_wconf 87' lang='lat' dir='ltr'>his</span> <span class='ocrx_word' id='word_1_672' title='bbox 881 3446 969 3486; x_wconf 91' lang='lat' dir='ltr'>quod</span> <span class='ocrx_word' id='word_1_673' title='bbox 992 3444 1174 3486; x_wconf 87' lang='lat' dir='ltr'>Dionysius,</span> <span class='ocrx_word' id='word_1_674' title='bbox 1191 3452 1324 3477; x_wconf 88' lang='lat' dir='ltr'>tractans</span> <span class='ocrx_word' id='word_1_675' title='bbox 1343 3445 1386 3476; x_wconf 92' lang='lat' dir='ltr'>ibi</span> <span class='ocrx_word' id='word_1_676' title='bbox 1401 3446 1439 3476; x_wconf 95' lang='lat' dir='ltr'>de</span> 
     </span>
     <span class='ocr_line' id='line_1_85' title="bbox 380 3489 1440 3530; baseline 0.001 -11"><span class='ocrx_word' id='word_1_677' title='bbox 380 3490 476 3526; x_wconf 89' lang='lat' dir='ltr'>malo,</span> <span class='ocrx_word' id='word_1_678' title='bbox 495 3496 604 3521; x_wconf 87' lang='lat' dir='ltr'>tractat</span> <span class='ocrx_word' id='word_1_679' title='bbox 627 3490 665 3520; x_wconf 93' lang='lat' dir='ltr'>de</span> <span class='ocrx_word' id='word_1_680' title='bbox 687 3489 896 3520; x_wconf 83' lang='lat' dir='ltr'>indifferente:</span> <span class='ocrx_word' id='word_1_681' title='bbox 921 3495 951 3519; x_wconf 93' lang='lat' dir='ltr'>et</span> <span class='ocrx_word' id='word_1_682' title='bbox 974 3490 1062 3530; x_wconf 91' lang='lat' dir='ltr'>quod</span> <span class='ocrx_word' id='word_1_683' title='bbox 1086 3490 1208 3520; x_wconf 88' lang='lat' dir='ltr'>bonum</span> <span class='ocrx_word' id='word_1_684' title='bbox 1228 3489 1388 3529; x_wconf 86' lang='lat' dir='ltr'>consurgit</span> <span class='ocrx_word' id='word_1_685' title='bbox 1404 3500 1440 3520; x_wconf 86' lang='lat' dir='ltr'>ex</span> 
     </span>
     <span class='ocr_line' id='line_1_86' title="bbox 381 3533 1438 3573; baseline 0 -10"><span class='ocrx_word' id='word_1_686' title='bbox 381 3543 474 3564; x_wconf 90' lang='lat' dir='ltr'>causa</span> <span class='ocrx_word' id='word_1_687' title='bbox 490 3534 622 3573; x_wconf 88' lang='lat' dir='ltr'>integra,</span> <span class='ocrx_word' id='word_1_688' title='bbox 640 3533 818 3564; x_wconf 81' lang='lat' dir='ltr'>indifferens</span> <span class='ocrx_word' id='word_1_689' title='bbox 831 3540 937 3564; x_wconf 85' lang='lat' dir='ltr'>autem</span> <span class='ocrx_word' id='word_1_690' title='bbox 950 3543 986 3563; x_wconf 86' lang='lat' dir='ltr'>ex</span> <span class='ocrx_word' id='word_1_691' title='bbox 1001 3533 1211 3573; x_wconf 89' lang='lat' dir='ltr'>singularibus</span> <span class='ocrx_word' id='word_1_692' title='bbox 1227 3533 1438 3564; x_wconf 88' lang='lat' dir='ltr'>defectibus.-</span> 
     </span>
    </p>
   </div>
   <div class='ocr_carea' id='block_1_9' title="bbox 1039 202 1910 250">
    <p class='ocr_par' dir='ltr' id='par_1_15' title="bbox 1039 202 1910 250">
     <span class='ocr_line' id='line_1_87' title="bbox 1039 202 1910 250; baseline -0.005 -9"><span class='ocrx_word' id='word_1_693' title='bbox 1039 203 1304 250; x_wconf 90' lang='lat' dir='ltr'>QUAESTIO</span> <span class='ocrx_word' id='word_1_694' title='bbox 1333 203 1473 250; x_wconf 82' lang='lat' dir='ltr'>XVIII,</span> <span class='ocrx_word' id='word_1_695' title='bbox 1502 202 1796 239; x_wconf 88' lang='lat' dir='ltr'>ARTICULUS</span> <span class='ocrx_word' id='word_1_696' title='bbox 1825 202 1910 238; x_wconf 93' lang='lat' dir='ltr'>VIII</span> 
     </span>
    </p>
   </div>
   <div class='ocr_carea' id='block_1_10' title="bbox 1496 279 2559 1328">
    <p class='ocr_par' dir='ltr' id='par_1_16' title="bbox 1499 279 2559 406">
     <span class='ocr_line' id='line_1_88' title="bbox 1501 279 2559 322; baseline 0.001 -12"><span class='ocrx_word' id='word_1_697' title='bbox 1501 280 1580 312; x_wconf 90' lang='lat' dir='ltr'>Istos</span> <span class='ocrx_word' id='word_1_698' title='bbox 1597 286 1704 311; x_wconf 89' lang='lat' dir='ltr'>autem</span> <span class='ocrx_word' id='word_1_699' title='bbox 1726 280 1852 310; x_wconf 88' lang='lat' dir='ltr'>habitus</span> <span class='ocrx_word' id='word_1_700' title='bbox 1866 279 2076 312; x_wconf 78' lang='lat' dir='ltr'>indifferentes</span> <span class='ocrx_word' id='word_1_701' title='bbox 2091 291 2174 322; x_wconf 88' lang='lat' dir='ltr'>quos</span> <span class='ocrx_word' id='word_1_702' title='bbox 2190 282 2303 313; x_wconf 87' lang='lat' dir='ltr'>Scotus</span> <span class='ocrx_word' id='word_1_703' title='bbox 2321 280 2410 312; x_wconf 82' lang='lat' dir='ltr'>finxit</span> <span class='ocrx_word' id='word_1_704' title='bbox 2425 280 2451 317; x_wconf 93' lang='lat'>*,</span> <span class='ocrx_word' id='word_1_705' title='bbox 2469 290 2559 320; x_wconf 84' lang='lat' dir='ltr'>expe-</span> 
     </span>
     <span class='ocr_line' id='line_1_89' title="bbox 1499 323 2559 366; baseline 0.002 -12"><span class='ocrx_word' id='word_1_706' title='bbox 1499 324 1610 354; x_wconf 81' lang='lat' dir='ltr'>rientia</span> <span class='ocrx_word' id='word_1_707' title='bbox 1633 324 1737 354; x_wconf 89' lang='lat' dir='ltr'>testari</span> <span class='ocrx_word' id='word_1_708' title='bbox 1752 324 1877 354; x_wconf 90' lang='lat' dir='ltr'>videtur</span> <span class='ocrx_word' id='word_1_709' title='bbox 1895 323 2098 355; x_wconf 86' lang='lat' dir='ltr'>chimaericos</span> <span class='ocrx_word' id='word_1_710' title='bbox 2118 335 2200 356; x_wconf 87' lang='lat' dir='ltr'>esse:</span> <span class='ocrx_word' id='word_1_711' title='bbox 2226 335 2264 356; x_wconf 90' lang='lat' dir='ltr'>eo</span> <span class='ocrx_word' id='word_1_712' title='bbox 2280 326 2369 366; x_wconf 91' lang='lat' dir='ltr'>quod</span> <span class='ocrx_word' id='word_1_713' title='bbox 2392 335 2489 356; x_wconf 86' lang='lat' dir='ltr'>nemo</span> <span class='ocrx_word' id='word_1_714' title='bbox 2505 335 2559 364; x_wconf 85' lang='lat' dir='ltr'>ap-</span> 
     </span>
     <span class='ocr_line' id='line_1_90' title="bbox 1499 367 2089 406; baseline 0.005 -9"><span class='ocrx_word' id='word_1_715' title='bbox 1499 374 1588 406; x_wconf 85' lang='lat' dir='ltr'>paret</span> <span class='ocrx_word' id='word_1_716' title='bbox 1609 367 1790 398; x_wconf 90' lang='lat' dir='ltr'>habituatus</span> <span class='ocrx_word' id='word_1_717' title='bbox 1813 367 1852 397; x_wconf 90' lang='lat' dir='ltr'>ad</span> <span class='ocrx_word' id='word_1_718' title='bbox 1875 367 2089 400; x_wconf 83' lang='lat' dir='ltr'>indifferentia.</span> 
     </span>
    </p>

    <p class='ocr_par' dir='ltr' id='par_1_17' title="bbox 1499 411 2559 756">
     <span class='ocr_line' id='line_1_91' title="bbox 1554 411 2559 452; baseline 0.002 -12"><span class='ocrx_word' id='word_1_719' title='bbox 1554 411 1609 442; x_wconf 90' lang='lat' dir='ltr'>XI.</span> <span class='ocrx_word' id='word_1_720' title='bbox 1619 411 1670 441; x_wconf 91' lang='lat' dir='ltr'>Ad</span> <span class='ocrx_word' id='word_1_721' title='bbox 1683 421 1718 440; x_wconf 90' lang='lat' dir='ltr'>ea</span> <span class='ocrx_word' id='word_1_722' title='bbox 1730 411 1861 441; x_wconf 89' lang='lat' dir='ltr'>demum</span> <span class='ocrx_word' id='word_1_723' title='bbox 1876 420 1957 452; x_wconf 87' lang='lat' dir='ltr'>quae</span> <span class='ocrx_word' id='word_1_724' title='bbox 1970 421 2006 442; x_wconf 87' lang='lat' dir='ltr'>ex</span> <span class='ocrx_word' id='word_1_725' title='bbox 2016 422 2059 442; x_wconf 86' lang='lat' dir='ltr'>vn</span> <span class='ocrx_word' id='word_1_726' title='bbox 2072 411 2271 444; x_wconf 88' lang='lat' dir='ltr'>distinctione</span> <span class='ocrx_word' id='word_1_727' title='bbox 2284 413 2420 444; x_wconf 88' lang='lat' dir='ltr'>Secundi</span> <span class='ocrx_word' id='word_1_728' title='bbox 2431 412 2559 443; x_wconf 91' lang='lat' dir='ltr'>inducta</span> 
     </span>
     <span class='ocr_line' id='line_1_92' title="bbox 1500 454 2558 497; baseline 0.003 -14"><span class='ocrx_word' id='word_1_729' title='bbox 1500 461 1574 484; x_wconf 86' lang='lat' dir='ltr'>sunt</span> <span class='ocrx_word' id='word_1_730' title='bbox 1595 454 1622 490; x_wconf 86' lang='lat'>*,</span> <span class='ocrx_word' id='word_1_731' title='bbox 1647 454 1869 493; x_wconf 89' lang='lat' dir='ltr'>respondendo</span> <span class='ocrx_word' id='word_1_732' title='bbox 1889 455 2002 486; x_wconf 91' lang='lat' dir='ltr'>dicitur</span> <span class='ocrx_word' id='word_1_733' title='bbox 2024 457 2112 496; x_wconf 89' lang='lat' dir='ltr'>quod</span> <span class='ocrx_word' id='word_1_734' title='bbox 2131 457 2210 488; x_wconf 87' lang='lat' dir='ltr'>ratio</span> <span class='ocrx_word' id='word_1_735' title='bbox 2227 457 2320 497; x_wconf 90' lang='lat' dir='ltr'>primi</span> <span class='ocrx_word' id='word_1_736' title='bbox 2339 457 2419 487; x_wconf 89' lang='lat' dir='ltr'>nihil</span> <span class='ocrx_word' id='word_1_737' title='bbox 2433 456 2558 497; x_wconf 90' lang='lat' dir='ltr'>penitus</span> 
     </span>
     <span class='ocr_line' id='line_1_93' title="bbox 1499 497 2558 533; baseline 0.005 -7"><span class='ocrx_word' id='word_1_738' title='bbox 1499 498 1590 533; x_wconf 86' lang='lat' dir='ltr'>valet,</span> <span class='ocrx_word' id='word_1_739' title='bbox 1615 507 1632 527; x_wconf 88' lang='lat' dir='ltr'>a</span> <span class='ocrx_word' id='word_1_740' title='bbox 1656 497 1837 528; x_wconf 85' lang='lat' dir='ltr'>necessitate</span> <span class='ocrx_word' id='word_1_741' title='bbox 1861 498 1975 529; x_wconf 84' lang='lat' dir='ltr'>obiecti</span> <span class='ocrx_word' id='word_1_742' title='bbox 1991 499 2030 529; x_wconf 91' lang='lat' dir='ltr'>ad</span> <span class='ocrx_word' id='word_1_743' title='bbox 2045 500 2318 531; x_wconf 87' lang='lat' dir='ltr'>immediationem</span> <span class='ocrx_word' id='word_1_744' title='bbox 2336 501 2413 531; x_wconf 86' lang='lat' dir='ltr'>boni</span> <span class='ocrx_word' id='word_1_745' title='bbox 2428 506 2459 531; x_wconf 91' lang='lat' dir='ltr'>et</span> <span class='ocrx_word' id='word_1_746' title='bbox 2481 500 2558 530; x_wconf 85' lang='lat' dir='ltr'>mali</span> 
     </span>
     <span class='ocr_line' id='line_1_94' title="bbox 1500 540 2558 586; baseline 0.005 -17"><span class='ocrx_word' id='word_1_747' title='bbox 1500 541 1630 570; x_wconf 89' lang='lat' dir='ltr'>moralis</span> <span class='ocrx_word' id='word_1_748' title='bbox 1644 540 1677 570; x_wconf 91' lang='lat' dir='ltr'>in</span> <span class='ocrx_word' id='word_1_749' title='bbox 1693 541 1817 578; x_wconf 88' lang='lat' dir='ltr'>eodem,</span> <span class='ocrx_word' id='word_1_750' title='bbox 1837 543 2021 582; x_wconf 77' lang='lat' dir='ltr'>procedens,</span> <span class='ocrx_word' id='word_1_751' title='bbox 2038 543 2105 575; x_wconf 89' lang='lat' dir='ltr'>Stat</span> <span class='ocrx_word' id='word_1_752' title='bbox 2124 544 2208 575; x_wconf 89' lang='lat' dir='ltr'>enim</span> <span class='ocrx_word' id='word_1_753' title='bbox 2224 545 2312 586; x_wconf 94' lang='lat' dir='ltr'>quod</span> <span class='ocrx_word' id='word_1_754' title='bbox 2327 545 2489 575; x_wconf 89' lang='lat' dir='ltr'>obiectum</span> <span class='ocrx_word' id='word_1_755' title='bbox 2512 550 2558 574; x_wconf 90' lang='lat' dir='ltr'>est</span> 
     </span>
     <span class='ocr_line' id='line_1_95' title="bbox 1500 584 2558 628; baseline 0.004 -14"><span class='ocrx_word' id='word_1_756' title='bbox 1500 584 1720 620; x_wconf 85' lang='lat' dir='ltr'>necessarium,</span> <span class='ocrx_word' id='word_1_757' title='bbox 1739 591 1770 615; x_wconf 88' lang='lat' dir='ltr'>et</span> <span class='ocrx_word' id='word_1_758' title='bbox 1790 592 1896 616; x_wconf 90' lang='lat' dir='ltr'>tamen</span> <span class='ocrx_word' id='word_1_759' title='bbox 1915 593 2074 624; x_wconf 88' lang='lat' dir='ltr'>neutrum,</span> <span class='ocrx_word' id='word_1_760' title='bbox 2100 595 2135 619; x_wconf 93' lang='lat' dir='ltr'>ut</span> <span class='ocrx_word' id='word_1_761' title='bbox 2157 595 2244 628; x_wconf 87' lang='lat' dir='ltr'>patet</span> <span class='ocrx_word' id='word_1_762' title='bbox 2265 599 2302 620; x_wconf 87' lang='lat' dir='ltr'>ex</span> <span class='ocrx_word' id='word_1_763' title='bbox 2323 588 2412 619; x_wconf 88' lang='lat' dir='ltr'>dictis</span> <span class='ocrx_word' id='word_1_764' title='bbox 2426 587 2452 619; x_wconf 89' lang='lat'>*.</span> <span class='ocrx_word' id='word_1_765' title='bbox 2467 588 2509 618; x_wconf 94' lang='lat' dir='ltr'>Et</span> <span class='ocrx_word' id='word_1_766' title='bbox 2531 588 2558 618; x_wconf 90' lang='lat' dir='ltr'>si</span> 
     </span>
     <span class='ocr_line' id='line_1_96' title="bbox 1500 627 2558 670; baseline 0.005 -12"><span class='ocrx_word' id='word_1_767' title='bbox 1500 628 1666 659; x_wconf 86' lang='lat' dir='ltr'>necessitas</span> <span class='ocrx_word' id='word_1_768' title='bbox 1682 627 1775 659; x_wconf 88' lang='lat' dir='ltr'>infert</span> <span class='ocrx_word' id='word_1_769' title='bbox 1796 629 2069 662; x_wconf 86' lang='lat' dir='ltr'>immediationem</span> <span class='ocrx_word' id='word_1_770' title='bbox 2083 631 2160 662; x_wconf 92' lang='lat' dir='ltr'>boni</span> <span class='ocrx_word' id='word_1_771' title='bbox 2176 632 2307 670; x_wconf 89' lang='lat' dir='ltr'>et.mali‚</span> <span class='ocrx_word' id='word_1_772' title='bbox 2327 642 2401 663; x_wconf 91' lang='lat' dir='ltr'>cum</span> <span class='ocrx_word' id='word_1_773' title='bbox 2419 632 2453 662; x_wconf 90' lang='lat' dir='ltr'>in</span> <span class='ocrx_word' id='word_1_774' title='bbox 2468 631 2558 662; x_wconf 85' lang='lat' dir='ltr'>omni</span> 
     </span>
     <span class='ocr_line' id='line_1_97' title="bbox 1499 671 2557 716; baseline 0.004 -15"><span class='ocrx_word' id='word_1_775' title='bbox 1499 671 1652 702; x_wconf 90' lang='lat' dir='ltr'>volitione</span> <span class='ocrx_word' id='word_1_776' title='bbox 1667 681 1733 702; x_wconf 91' lang='lat' dir='ltr'>non</span> <span class='ocrx_word' id='word_1_777' title='bbox 1749 672 1853 704; x_wconf 87' lang='lat' dir='ltr'>solum</span> <span class='ocrx_word' id='word_1_778' title='bbox 1869 674 1956 714; x_wconf 85' lang='lat' dir='ltr'>quid,</span> <span class='ocrx_word' id='word_1_779' title='bbox 1973 674 2027 704; x_wconf 92' lang='lat' dir='ltr'>sed</span> <span class='ocrx_word' id='word_1_780' title='bbox 2043 685 2102 706; x_wconf 88' lang='lat' dir='ltr'>cur</span> <span class='ocrx_word' id='word_1_781' title='bbox 2116 675 2255 716; x_wconf 83' lang='lat' dir='ltr'>exigatur</span> <span class='ocrx_word' id='word_1_782' title='bbox 2267 676 2294 713; x_wconf 86' lang='lat'>*,</span> <span class='ocrx_word' id='word_1_783' title='bbox 2312 676 2463 707; x_wconf 88' lang='lat' dir='ltr'>concedat</span> <span class='ocrx_word' id='word_1_784' title='bbox 2477 685 2557 716; x_wconf 91' lang='lat' dir='ltr'>quo-</span> 
     </span>
     <span class='ocr_line' id='line_1_98' title="bbox 1500 715 2555 756; baseline 0.005 -11"><span class='ocrx_word' id='word_1_785' title='bbox 1500 725 1563 756; x_wconf 91' lang='lat' dir='ltr'>que</span> <span class='ocrx_word' id='word_1_786' title='bbox 1578 715 1676 756; x_wconf 91' lang='lat' dir='ltr'>quod,</span> <span class='ocrx_word' id='word_1_787' title='bbox 1693 723 1836 756; x_wconf 88' lang='lat' dir='ltr'>respectu</span> <span class='ocrx_word' id='word_1_788' title='bbox 1852 715 1932 754; x_wconf 87' lang='lat' dir='ltr'>finis,</span> <span class='ocrx_word' id='word_1_789' title='bbox 1950 718 2054 748; x_wconf 86' lang='lat' dir='ltr'>omnis</span> <span class='ocrx_word' id='word_1_790' title='bbox 2072 725 2159 750; x_wconf 84' lang='lat' dir='ltr'>actus</span> <span class='ocrx_word' id='word_1_791' title='bbox 2177 727 2233 751; x_wconf 82' lang='lat' dir='ltr'>aut</span> <span class='ocrx_word' id='word_1_792' title='bbox 2247 720 2350 750; x_wconf 86' lang='lat' dir='ltr'>malus</span> <span class='ocrx_word' id='word_1_793' title='bbox 2369 726 2424 751; x_wconf 88' lang='lat' dir='ltr'>aut</span> <span class='ocrx_word' id='word_1_794' title='bbox 2441 721 2555 750; x_wconf 89' lang='lat' dir='ltr'>bonus.</span> 
     </span>
    </p>

    <p class='ocr_par' dir='ltr' id='par_1_18' title="bbox 1496 760 2559 1328">
     <span class='ocr_line' id='line_1_99' title="bbox 1555 760 2557 804; baseline 0.004 -15"><span class='ocrx_word' id='word_1_795' title='bbox 1555 760 1746 801; x_wconf 85' lang='lat' dir='ltr'>Exemplum</span> <span class='ocrx_word' id='word_1_796' title='bbox 1768 770 1842 790; x_wconf 92' lang='lat' dir='ltr'>vero</span> <span class='ocrx_word' id='word_1_797' title='bbox 1866 771 1925 800; x_wconf 92' lang='lat' dir='ltr'>pro</span> <span class='ocrx_word' id='word_1_798' title='bbox 1948 762 2069 792; x_wconf 91' lang='lat' dir='ltr'>ratione</span> <span class='ocrx_word' id='word_1_799' title='bbox 2092 764 2230 800; x_wconf 90' lang='lat' dir='ltr'>secundi,</span> <span class='ocrx_word' id='word_1_800' title='bbox 2252 764 2401 804; x_wconf 88' lang='lat' dir='ltr'>implicat.</span> <span class='ocrx_word' id='word_1_801' title='bbox 2423 764 2508 801; x_wconf 87' lang='lat' dir='ltr'>Quia</span> <span class='ocrx_word' id='word_1_802' title='bbox 2531 763 2557 793; x_wconf 91' lang='lat' dir='ltr'>si</span> 
     </span>
     <span class='ocr_line' id='line_1_100' title="bbox 1499 804 2554 847; baseline 0.005 -13"><span class='ocrx_word' id='word_1_803' title='bbox 1499 804 1570 844; x_wconf 89' lang='lat' dir='ltr'>quis</span> <span class='ocrx_word' id='word_1_804' title='bbox 1588 804 1640 835; x_wconf 93' lang='lat' dir='ltr'>det</span> <span class='ocrx_word' id='word_1_805' title='bbox 1652 804 1888 845; x_wconf 88' lang='lat' dir='ltr'>eleemosynam</span> <span class='ocrx_word' id='word_1_806' title='bbox 1898 805 2039 844; x_wconf 90' lang='lat' dir='ltr'>pauperi,</span> <span class='ocrx_word' id='word_1_807' title='bbox 2052 812 2083 836; x_wconf 90' lang='lat' dir='ltr'>et</span> <span class='ocrx_word' id='word_1_808' title='bbox 2096 816 2162 837; x_wconf 92' lang='lat' dir='ltr'>non</span> <span class='ocrx_word' id='word_1_809' title='bbox 2173 815 2303 847; x_wconf 91' lang='lat' dir='ltr'>propter</span> <span class='ocrx_word' id='word_1_810' title='bbox 2314 808 2436 838; x_wconf 89' lang='lat' dir='ltr'>malum</span> <span class='ocrx_word' id='word_1_811' title='bbox 2448 807 2554 843; x_wconf 86' lang='lat' dir='ltr'>finem,</span> 
     </span>
     <span class='ocr_line' id='line_1_101' title="bbox 1500 848 2556 892; baseline 0.004 -14"><span class='ocrx_word' id='word_1_812' title='bbox 1500 855 1530 879; x_wconf 92' lang='lat' dir='ltr'>et</span> <span class='ocrx_word' id='word_1_813' title='bbox 1543 848 1623 879; x_wconf 88' lang='lat' dir='ltr'>nihil</span> <span class='ocrx_word' id='word_1_814' title='bbox 1638 848 1754 888; x_wconf 89' lang='lat' dir='ltr'>cogitet</span> <span class='ocrx_word' id='word_1_815' title='bbox 1773 849 1811 878; x_wconf 91' lang='lat' dir='ltr'>de</span> <span class='ocrx_word' id='word_1_816' title='bbox 1827 848 1889 879; x_wconf 91' lang='lat' dir='ltr'>fine</span> <span class='ocrx_word' id='word_1_817' title='bbox 1905 848 2082 886; x_wconf 87' lang='lat' dir='ltr'>actualiter;</span> <span class='ocrx_word' id='word_1_818' title='bbox 2099 859 2166 880; x_wconf 90' lang='lat' dir='ltr'>non</span> <span class='ocrx_word' id='word_1_819' title='bbox 2180 858 2309 891; x_wconf 89' lang='lat' dir='ltr'>propter</span> <span class='ocrx_word' id='word_1_820' title='bbox 2326 851 2389 882; x_wconf 90' lang='lat' dir='ltr'>hoc</span> <span class='ocrx_word' id='word_1_821' title='bbox 2405 852 2468 892; x_wconf 88' lang='lat' dir='ltr'>agit</span> <span class='ocrx_word' id='word_1_822' title='bbox 2490 861 2556 882; x_wconf 89' lang='lat' dir='ltr'>non</span> 
     </span>
     <span class='ocr_line' id='line_1_102' title="bbox 1499 892 2559 933; baseline 0.003 -10"><span class='ocrx_word' id='word_1_823' title='bbox 1499 899 1628 932; x_wconf 88' lang='lat' dir='ltr'>propter</span> <span class='ocrx_word' id='word_1_824' title='bbox 1642 892 1749 924; x_wconf 87' lang='lat' dir='ltr'>finem.</span> <span class='ocrx_word' id='word_1_825' title='bbox 1775 892 1859 930; x_wconf 89' lang='lat' dir='ltr'>Quia</span> <span class='ocrx_word' id='word_1_826' title='bbox 1875 899 1930 923; x_wconf 90' lang='lat' dir='ltr'>aut</span> <span class='ocrx_word' id='word_1_827' title='bbox 1953 892 2016 933; x_wconf 88' lang='lat' dir='ltr'>agit</span> <span class='ocrx_word' id='word_1_828' title='bbox 2034 899 2163 933; x_wconf 87' lang='lat' dir='ltr'>propter</span> <span class='ocrx_word' id='word_1_829' title='bbox 2185 893 2282 925; x_wconf 83' lang='lat' dir='ltr'>finem</span> <span class='ocrx_word' id='word_1_830' title='bbox 2292 895 2478 927; x_wconf 83' lang='lat' dir='ltr'>virtualiter:</span> <span class='ocrx_word' id='word_1_831' title='bbox 2503 902 2559 926; x_wconf 89' lang='lat' dir='ltr'>aut</span> 
     </span>
     <span class='ocr_line' id='line_1_103' title="bbox 1499 935 2557 978; baseline 0.004 -12"><span class='ocrx_word' id='word_1_832' title='bbox 1499 936 1563 975; x_wconf 88' lang='lat' dir='ltr'>agit</span> <span class='ocrx_word' id='word_1_833' title='bbox 1577 943 1707 976; x_wconf 92' lang='lat' dir='ltr'>propter</span> <span class='ocrx_word' id='word_1_834' title='bbox 1729 935 1826 967; x_wconf 90' lang='lat' dir='ltr'>finem</span> <span class='ocrx_word' id='word_1_835' title='bbox 1845 937 1934 977; x_wconf 93' lang='lat' dir='ltr'>quod</span> <span class='ocrx_word' id='word_1_836' title='bbox 1957 943 2004 967; x_wconf 89' lang='lat' dir='ltr'>est</span> <span class='ocrx_word' id='word_1_837' title='bbox 2026 937 2187 968; x_wconf 89' lang='lat' dir='ltr'>obiectum</span> <span class='ocrx_word' id='word_1_838' title='bbox 2204 937 2311 978; x_wconf 82' lang='lat' dir='ltr'>ipsum</span> <span class='ocrx_word' id='word_1_839' title='bbox 2347 939 2412 972; x_wconf 86' lang='lat' dir='ltr'>iam</span> <span class='ocrx_word' id='word_1_840' title='bbox 2432 940 2518 970; x_wconf 90' lang='lat' dir='ltr'>enim</span> <span class='ocrx_word' id='word_1_841' title='bbox 2539 939 2557 958; x_wconf 83' lang='lat'>&#39;¹‘</span> 
     </span>
     <span class='ocr_line' id='line_1_104' title="bbox 1499 937 2558 1025; baseline 0.005 -15"><span class='ocrx_word' id='word_1_842' title='bbox 1499 980 1619 1011; x_wconf 89' lang='lat' dir='ltr'>dictum</span> <span class='ocrx_word' id='word_1_843' title='bbox 1640 987 1686 1011; x_wconf 88' lang='lat' dir='ltr'>est</span> <span class='ocrx_word' id='word_1_844' title='bbox 1708 981 1797 1022; x_wconf 92' lang='lat' dir='ltr'>quod</span> <span class='ocrx_word' id='word_1_845' title='bbox 1820 981 1982 1011; x_wconf 91' lang='lat' dir='ltr'>obiectum</span> <span class='ocrx_word' id='word_1_846' title='bbox 2009 980 2182 1012; x_wconf 87' lang='lat' dir='ltr'>voluntatis</span> <span class='ocrx_word' id='word_1_847' title='bbox 2205 989 2252 1013; x_wconf 89' lang='lat' dir='ltr'>est</span> <span class='ocrx_word' id='word_1_848' title='bbox 2273 937 2378 1025; x_wconf 45' lang='lat' dir='ltr'>finisg,</span> <span class='ocrx_word' id='word_1_849' title='bbox 2395 984 2448 1014; x_wconf 87' lang='lat' dir='ltr'>dat</span> <span class='ocrx_word' id='word_1_850' title='bbox 2471 982 2558 1014; x_wconf 84' lang='lat' dir='ltr'>enim</span> 
     </span>
     <span class='ocr_line' id='line_1_105' title="bbox 1499 1024 2557 1068; baseline 0.005 -15"><span class='ocrx_word' id='word_1_851' title='bbox 1499 1024 1734 1065; x_wconf 87' lang='lat' dir='ltr'>eleemosynam</span> <span class='ocrx_word' id='word_1_852' title='bbox 1758 1024 1908 1064; x_wconf 87' lang='lat' dir='ltr'>pauperi,</span> <span class='ocrx_word' id='word_1_853' title='bbox 1934 1031 1968 1055; x_wconf 93' lang='lat' dir='ltr'>ut</span> <span class='ocrx_word' id='word_1_854' title='bbox 1990 1025 2043 1055; x_wconf 90' lang='lat' dir='ltr'>det</span> <span class='ocrx_word' id='word_1_855' title='bbox 2065 1024 2300 1066; x_wconf 87' lang='lat' dir='ltr'>eleemosynam</span> <span class='ocrx_word' id='word_1_856' title='bbox 2321 1027 2462 1068; x_wconf 87' lang='lat' dir='ltr'>pauperi.</span> <span class='ocrx_word' id='word_1_857' title='bbox 2484 1028 2557 1058; x_wconf 87' lang='lat' dir='ltr'>Hoc</span> 
     </span>
     <span class='ocr_line' id='line_1_106' title="bbox 1498 1068 2557 1109; baseline 0.004 -11"><span class='ocrx_word' id='word_1_858' title='bbox 1498 1074 1606 1098; x_wconf 86' lang='lat' dir='ltr'>autem</span> <span class='ocrx_word' id='word_1_859' title='bbox 1633 1074 1756 1098; x_wconf 86' lang='lat' dir='ltr'>constat</span> <span class='ocrx_word' id='word_1_860' title='bbox 1783 1078 1849 1098; x_wconf 92' lang='lat' dir='ltr'>esse</span> <span class='ocrx_word' id='word_1_861' title='bbox 1877 1068 2010 1099; x_wconf 87' lang='lat' dir='ltr'>bonum.</span> <span class='ocrx_word' id='word_1_862' title='bbox 2041 1068 2185 1109; x_wconf 87' lang='lat' dir='ltr'>Implicat</span> <span class='ocrx_word' id='word_1_863' title='bbox 2212 1079 2286 1109; x_wconf 90' lang='lat' dir='ltr'>ergo</span> <span class='ocrx_word' id='word_1_864' title='bbox 2318 1069 2418 1102; x_wconf 87' lang='lat' dir='ltr'>dicere</span> <span class='ocrx_word' id='word_1_865' title='bbox 2450 1077 2557 1102; x_wconf 83' lang='lat' dir='ltr'>actum</span> 
     </span>
     <span class='ocr_line' id='line_1_107' title="bbox 1498 1111 2558 1152; baseline 0.004 -11"><span class='ocrx_word' id='word_1_866' title='bbox 1498 1111 1678 1142; x_wconf 90' lang='lat' dir='ltr'>humanum</span> <span class='ocrx_word' id='word_1_867' title='bbox 1710 1111 1829 1152; x_wconf 83' lang='lat' dir='ltr'>absque</span> <span class='ocrx_word' id='word_1_868' title='bbox 1852 1111 1924 1143; x_wconf 92' lang='lat' dir='ltr'>fine.</span> <span class='ocrx_word' id='word_1_869' title='bbox 1956 1111 2054 1150; x_wconf 91' lang='lat' dir='ltr'>Quod</span> <span class='ocrx_word' id='word_1_870' title='bbox 2077 1112 2102 1143; x_wconf 90' lang='lat' dir='ltr'>si</span> <span class='ocrx_word' id='word_1_871' title='bbox 2132 1111 2212 1143; x_wconf 88' lang='lat' dir='ltr'>aliae</span> <span class='ocrx_word' id='word_1_872' title='bbox 2240 1112 2489 1145; x_wconf 78' lang='lat' dir='ltr'>circumstantiae</span> <span class='ocrx_word' id='word_1_873' title='bbox 2517 1114 2558 1145; x_wconf 87' lang='lat' dir='ltr'>ad</span> 
     </span>
     <span class='ocr_line' id='line_1_108' title="bbox 1498 1155 2558 1193; baseline 0.003 -7"><span class='ocrx_word' id='word_1_874' title='bbox 1498 1162 1604 1186; x_wconf 90' lang='lat' dir='ltr'>actum</span> <span class='ocrx_word' id='word_1_875' title='bbox 1628 1156 1751 1186; x_wconf 91' lang='lat' dir='ltr'>bonum</span> <span class='ocrx_word' id='word_1_876' title='bbox 1778 1155 1968 1186; x_wconf 84' lang='lat' dir='ltr'>necessariae</span> <span class='ocrx_word' id='word_1_877' title='bbox 1991 1156 2191 1193; x_wconf 83' lang='lat' dir='ltr'>omittantur,</span> <span class='ocrx_word' id='word_1_878' title='bbox 2217 1164 2340 1189; x_wconf 86' lang='lat' dir='ltr'>constat</span> <span class='ocrx_word' id='word_1_879' title='bbox 2362 1165 2468 1189; x_wconf 87' lang='lat' dir='ltr'>actum</span> <span class='ocrx_word' id='word_1_880' title='bbox 2491 1167 2558 1188; x_wconf 90' lang='lat' dir='ltr'>esse</span> 
     </span>
     <span class='ocr_line' id='line_1_109' title="bbox 1498 1199 2559 1236; baseline 0.002 -6"><span class='ocrx_word' id='word_1_881' title='bbox 1498 1199 1633 1236; x_wconf 85' lang='lat' dir='ltr'>malurn,</span> <span class='ocrx_word' id='word_1_882' title='bbox 1658 1206 1689 1231; x_wconf 92' lang='lat' dir='ltr'>et</span> <span class='ocrx_word' id='word_1_883' title='bbox 1711 1210 1776 1231; x_wconf 91' lang='lat' dir='ltr'>non</span> <span class='ocrx_word' id='word_1_884' title='bbox 1798 1199 2036 1231; x_wconf 87' lang='lat' dir='ltr'>indifferentem.</span> <span class='ocrx_word' id='word_1_885' title='bbox 2062 1200 2094 1231; x_wconf 91' lang='lat' dir='ltr'>Si</span> <span class='ocrx_word' id='word_1_886' title='bbox 2118 1200 2203 1231; x_wconf 90' lang='lat' dir='ltr'>enim</span> <span class='ocrx_word' id='word_1_887' title='bbox 2226 1200 2348 1232; x_wconf 90' lang='lat' dir='ltr'>malum</span> <span class='ocrx_word' id='word_1_888' title='bbox 2375 1202 2559 1233; x_wconf 89' lang='lat' dir='ltr'>consisteret</span> 
     </span>
     <span class='ocr_line' id='line_1_110' title="bbox 1496 1243 2557 1285; baseline 0.003 -12"><span class='ocrx_word' id='word_1_889' title='bbox 1496 1243 1529 1273; x_wconf 91' lang='lat' dir='ltr'>in</span> <span class='ocrx_word' id='word_1_890' title='bbox 1553 1243 1687 1284; x_wconf 88' lang='lat' dir='ltr'>positive</span> <span class='ocrx_word' id='word_1_891' title='bbox 1711 1244 1866 1285; x_wconf 86' lang='lat' dir='ltr'>oppositis</span> <span class='ocrx_word' id='word_1_892' title='bbox 1898 1244 2155 1281; x_wconf 85' lang='lat' dir='ltr'>circumstantiis,</span> <span class='ocrx_word' id='word_1_893' title='bbox 2179 1245 2302 1276; x_wconf 80' lang='lat' dir='ltr'>malum</span> <span class='ocrx_word' id='word_1_894' title='bbox 2326 1255 2343 1276; x_wconf 87' lang='lat' dir='ltr'>a</span> <span class='ocrx_word' id='word_1_895' title='bbox 2366 1245 2435 1276; x_wconf 93' lang='lat' dir='ltr'>Deo</span> <span class='ocrx_word' id='word_1_896' title='bbox 2460 1252 2557 1282; x_wconf 89' lang='lat' dir='ltr'>esset,</span> 
     </span>
     <span class='ocr_line' id='line_1_111' title="bbox 1497 1287 2304 1328; baseline 0.002 -10"><span class='ocrx_word' id='word_1_897' title='bbox 1497 1287 1578 1319; x_wconf 90' lang='lat' dir='ltr'>sicut</span> <span class='ocrx_word' id='word_1_898' title='bbox 1594 1294 1694 1319; x_wconf 88' lang='lat' dir='ltr'>cetera</span> <span class='ocrx_word' id='word_1_899' title='bbox 1714 1287 1858 1328; x_wconf 84' lang='lat' dir='ltr'>positiva.</span> <span class='ocrx_word' id='word_1_900' title='bbox 1878 1306 1899 1311; x_wconf 98' lang='lat'>-</span> <span class='ocrx_word' id='word_1_901' title='bbox 1923 1288 1985 1319; x_wconf 89' lang='lat' dir='ltr'>Sed</span> <span class='ocrx_word' id='word_1_902' title='bbox 2009 1289 2047 1319; x_wconf 92' lang='lat' dir='ltr'>de</span> <span class='ocrx_word' id='word_1_903' title='bbox 2070 1289 2119 1319; x_wconf 92' lang='lat' dir='ltr'>his</span> <span class='ocrx_word' id='word_1_904' title='bbox 2136 1289 2304 1320; x_wconf 82' lang='lat' dir='ltr'>hactenus.</span> 
     </span>
    </p>
   </div>
   <div class='ocr_carea' id='block_1_11' title="bbox 1493 1355 2562 2670">
    <p class='ocr_par' dir='ltr' id='par_1_19' title="bbox 1495 1355 2559 1561">
     <span class='ocr_line' id='line_1_112' title="bbox 1500 1355 2559 1427; baseline 0.002 -42"><span class='ocrx_word' id='word_1_905' title='bbox 1500 1365 1547 1427; x_wconf 70' lang='lat' dir='ltr'>Iu</span> <span class='ocrx_word' id='word_1_906' title='bbox 1570 1355 1776 1396; x_wconf 88' lang='lat' dir='ltr'>responsione</span> <span class='ocrx_word' id='word_1_907' title='bbox 1799 1355 1839 1385; x_wconf 88' lang='lat' dir='ltr'>ad</span> <span class='ocrx_word' id='word_1_908' title='bbox 1861 1355 2003 1395; x_wconf 90' lang='lat' dir='ltr'>primum</span> <span class='ocrx_word' id='word_1_909' title='bbox 2018 1355 2121 1386; x_wconf 87' lang='lat' dir='ltr'>octavi</span> <span class='ocrx_word' id='word_1_910' title='bbox 2137 1355 2267 1393; x_wconf 85' lang='lat' dir='ltr'>articuli,</span> <span class='ocrx_word' id='word_1_911' title='bbox 2288 1355 2422 1387; x_wconf 89' lang='lat' dir='ltr'>dubium</span> <span class='ocrx_word' id='word_1_912' title='bbox 2441 1356 2559 1396; x_wconf 87' lang='lat' dir='ltr'>duplex</span> 
     </span>
     <span class='ocr_line' id='line_1_113' title="bbox 1528 1399 2557 1440; baseline 0.002 -11"><span class='ocrx_word' id='word_1_913' title='bbox 1528 1399 1673 1430; x_wconf 91' lang='lat' dir='ltr'>occurrit.</span> <span class='ocrx_word' id='word_1_914' title='bbox 1698 1399 1841 1430; x_wconf 89' lang='lat' dir='ltr'>Primum</span> <span class='ocrx_word' id='word_1_915' title='bbox 1861 1406 1915 1436; x_wconf 90' lang='lat' dir='ltr'>est,</span> <span class='ocrx_word' id='word_1_916' title='bbox 1940 1399 2016 1439; x_wconf 86' lang='lat' dir='ltr'>quia</span> <span class='ocrx_word' id='word_1_917' title='bbox 2029 1399 2229 1440; x_wconf 86' lang='lat' dir='ltr'>aequivocari</span> <span class='ocrx_word' id='word_1_918' title='bbox 2244 1400 2368 1430; x_wconf 90' lang='lat' dir='ltr'>videtur</span> <span class='ocrx_word' id='word_1_919' title='bbox 2382 1400 2421 1430; x_wconf 92' lang='lat' dir='ltr'>de</span> <span class='ocrx_word' id='word_1_920' title='bbox 2439 1400 2557 1432; x_wconf 80' lang='lat' dir='ltr'>medio.</span> 
     </span>
     <span class='ocr_line' id='line_1_114' title="bbox 1495 1443 2556 1484; baseline 0.002 -11"><span class='ocrx_word' id='word_1_921' title='bbox 1495 1443 1579 1473; x_wconf 90' lang='lat' dir='ltr'>Nam</span> <span class='ocrx_word' id='word_1_922' title='bbox 1601 1443 1681 1473; x_wconf 91' lang='lat' dir='ltr'>ratio</span> <span class='ocrx_word' id='word_1_923' title='bbox 1703 1443 1823 1474; x_wconf 82' lang='lat' dir='ltr'>litterae</span> <span class='ocrx_word' id='word_1_924' title='bbox 1845 1443 1989 1483; x_wconf 91' lang='lat' dir='ltr'>loquitur</span> <span class='ocrx_word' id='word_1_925' title='bbox 2011 1444 2050 1474; x_wconf 93' lang='lat' dir='ltr'>de</span> <span class='ocrx_word' id='word_1_926' title='bbox 2068 1444 2176 1474; x_wconf 91' lang='lat' dir='ltr'>medio</span> <span class='ocrx_word' id='word_1_927' title='bbox 2190 1453 2247 1484; x_wconf 89' lang='lat' dir='ltr'>per</span> <span class='ocrx_word' id='word_1_928' title='bbox 2265 1444 2556 1484; x_wconf 83' lang='lat' dir='ltr'>participationem:</span> 
     </span>
     <span class='ocr_line' id='line_1_115' title="bbox 1496 1486 2557 1528; baseline 0.002 -11"><span class='ocrx_word' id='word_1_929' title='bbox 1496 1493 1584 1517; x_wconf 88' lang='lat' dir='ltr'>actus</span> <span class='ocrx_word' id='word_1_930' title='bbox 1619 1493 1726 1517; x_wconf 85' lang='lat' dir='ltr'>autem</span> <span class='ocrx_word' id='word_1_931' title='bbox 1759 1486 1938 1517; x_wconf 85' lang='lat' dir='ltr'>indifferens</span> <span class='ocrx_word' id='word_1_932' title='bbox 1971 1493 2019 1518; x_wconf 89' lang='lat' dir='ltr'>est</span> <span class='ocrx_word' id='word_1_933' title='bbox 2051 1488 2195 1518; x_wconf 89' lang='lat' dir='ltr'>medium</span> <span class='ocrx_word' id='word_1_934' title='bbox 2226 1497 2283 1528; x_wconf 90' lang='lat' dir='ltr'>per</span> <span class='ocrx_word' id='word_1_935' title='bbox 2315 1488 2557 1528; x_wconf 83' lang='lat' dir='ltr'>abnegationem</span> 
     </span>
     <span class='ocr_line' id='line_1_116' title="bbox 1497 1537 1632 1561; baseline 0 0"><span class='ocrx_word' id='word_1_936' title='bbox 1497 1537 1632 1561; x_wconf 88' lang='lat' dir='ltr'>tantum.</span> 
     </span>
    </p>

    <p class='ocr_par' dir='ltr' id='par_1_20' title="bbox 1496 1573 2562 1825">
     <span class='ocr_line' id='line_1_117' title="bbox 1552 1573 2557 1615; baseline 0.001 -10"><span class='ocrx_word' id='word_1_937' title='bbox 1552 1575 1736 1605; x_wconf 92' lang='lat' dir='ltr'>Secundum</span> <span class='ocrx_word' id='word_1_938' title='bbox 1751 1581 1806 1610; x_wconf 91' lang='lat' dir='ltr'>est,</span> <span class='ocrx_word' id='word_1_939' title='bbox 1823 1573 1898 1614; x_wconf 91' lang='lat' dir='ltr'>quia</span> <span class='ocrx_word' id='word_1_940' title='bbox 1913 1573 2028 1604; x_wconf 85' lang='lat' dir='ltr'>falsum</span> <span class='ocrx_word' id='word_1_941' title='bbox 2045 1581 2092 1605; x_wconf 91' lang='lat' dir='ltr'>est</span> <span class='ocrx_word' id='word_1_942' title='bbox 2106 1575 2195 1615; x_wconf 91' lang='lat' dir='ltr'>quod</span> <span class='ocrx_word' id='word_1_943' title='bbox 2211 1574 2334 1605; x_wconf 88' lang='lat' dir='ltr'>malum</span> <span class='ocrx_word' id='word_1_944' title='bbox 2348 1575 2468 1606; x_wconf 88' lang='lat' dir='ltr'>morale</span> <span class='ocrx_word' id='word_1_945' title='bbox 2491 1581 2557 1606; x_wconf 81' lang='lat' dir='ltr'>n&#39;on</span> 
     </span>
     <span class='ocr_line' id='line_1_118' title="bbox 1496 1618 2561 1660; baseline 0.001 -11"><span class='ocrx_word' id='word_1_946' title='bbox 1496 1619 1588 1649; x_wconf 88' lang='lat' dir='ltr'>tollat</span> <span class='ocrx_word' id='word_1_947' title='bbox 1603 1625 1709 1649; x_wconf 91' lang='lat' dir='ltr'>totum</span> <span class='ocrx_word' id='word_1_948' title='bbox 1724 1619 1848 1648; x_wconf 91' lang='lat' dir='ltr'>bonum</span> <span class='ocrx_word' id='word_1_949' title='bbox 1864 1618 1983 1648; x_wconf 91' lang='lat' dir='ltr'>morale</span> <span class='ocrx_word' id='word_1_950' title='bbox 2007 1618 2065 1648; x_wconf 89' lang='lat' dir='ltr'>sibi</span> <span class='ocrx_word' id='word_1_951' title='bbox 2085 1618 2280 1658; x_wconf 91' lang='lat' dir='ltr'>oppositum.</span> <span class='ocrx_word' id='word_1_952' title='bbox 2305 1621 2404 1650; x_wconf 92' lang='lat' dir='ltr'>Actus</span> <span class='ocrx_word' id='word_1_953' title='bbox 2420 1627 2561 1660; x_wconf 73' lang='lat' dir='ltr'>namque</span> 
     </span>
     <span class='ocr_line' id='line_1_119' title="bbox 1496 1662 2558 1703; baseline 0.001 -11"><span class='ocrx_word' id='word_1_954' title='bbox 1496 1662 1755 1703; x_wconf 87' lang='lat' dir='ltr'>intemperantiae</span> <span class='ocrx_word' id='word_1_955' title='bbox 1776 1662 1915 1703; x_wconf 90' lang='lat' dir='ltr'>undique</span> <span class='ocrx_word' id='word_1_956' title='bbox 1939 1662 2042 1692; x_wconf 83' lang='lat' dir='ltr'>malus</span> <span class='ocrx_word' id='word_1_957' title='bbox 2064 1662 2147 1693; x_wconf 91' lang='lat' dir='ltr'>tollit</span> <span class='ocrx_word' id='word_1_958' title='bbox 2168 1669 2274 1693; x_wconf 88' lang='lat' dir='ltr'>toturn</span> <span class='ocrx_word' id='word_1_959' title='bbox 2293 1663 2415 1693; x_wconf 88' lang='lat' dir='ltr'>bonum</span> <span class='ocrx_word' id='word_1_960' title='bbox 2438 1669 2558 1703; x_wconf 86' lang='lat' dir='ltr'>tempe-</span> 
     </span>
     <span class='ocr_line' id='line_1_120' title="bbox 1496 1706 2562 1747; baseline 0.001 -11"><span class='ocrx_word' id='word_1_961' title='bbox 1496 1707 1613 1737; x_wconf 88' lang='lat' dir='ltr'>rantiae</span> <span class='ocrx_word' id='word_1_962' title='bbox 1630 1707 1669 1737; x_wconf 84' lang='lat' dir='ltr'>ab</span> <span class='ocrx_word' id='word_1_963' title='bbox 1688 1707 1743 1737; x_wconf 90' lang='lat' dir='ltr'>illo</span> <span class='ocrx_word' id='word_1_964' title='bbox 1759 1713 1846 1737; x_wconf 90' lang='lat' dir='ltr'>actu:</span> <span class='ocrx_word' id='word_1_965' title='bbox 1867 1706 2012 1747; x_wconf 90' lang='lat' dir='ltr'>quamvis</span> <span class='ocrx_word' id='word_1_966' title='bbox 2029 1716 2095 1737; x_wconf 93' lang='lat' dir='ltr'>non</span> <span class='ocrx_word' id='word_1_967' title='bbox 2109 1707 2200 1737; x_wconf 85' lang='lat' dir='ltr'>tollat</span> <span class='ocrx_word' id='word_1_968' title='bbox 2215 1707 2338 1737; x_wconf 90' lang='lat' dir='ltr'>bonum</span> <span class='ocrx_word' id='word_1_969' title='bbox 2354 1707 2486 1738; x_wconf 84' lang='lat' dir='ltr'>actionis</span> <span class='ocrx_word' id='word_1_970' title='bbox 2500 1706 2562 1737; x_wconf 67' lang='lat' dir='ltr'>lni-r</span> 
     </span>
     <span class='ocr_line' id='line_1_121' title="bbox 1497 1746 2559 1791; baseline 0 -10"><span class='ocrx_word' id='word_1_971' title='bbox 1497 1760 1628 1787; x_wconf 88' lang='lat' dir='ltr'>manae,</span> <span class='ocrx_word' id='word_1_972' title='bbox 1660 1757 1771 1791; x_wconf 90' lang='lat' dir='ltr'>utpote</span> <span class='ocrx_word' id='word_1_973' title='bbox 1801 1750 1998 1787; x_wconf 89' lang='lat' dir='ltr'>subiectum;</span> <span class='ocrx_word' id='word_1_974' title='bbox 2022 1750 2103 1781; x_wconf 89' lang='lat' dir='ltr'>sicut</span> <span class='ocrx_word' id='word_1_975' title='bbox 2130 1760 2188 1781; x_wconf 89' lang='lat' dir='ltr'>nec</span> <span class='ocrx_word' id='word_1_976' title='bbox 2215 1750 2280 1781; x_wconf 88' lang='lat' dir='ltr'>ulla</span> <span class='ocrx_word' id='word_1_977' title='bbox 2307 1750 2441 1791; x_wconf 82' lang='lat' dir='ltr'>privatio</span> <span class='ocrx_word' id='word_1_978' title='bbox 2474 1746 2559 1781; x_wconf 68' lang='lat' dir='ltr'>teuit</span> 
     </span>
     <span class='ocr_line' id='line_1_122' title="bbox 1498 1795 1687 1825; baseline 0 0"><span class='ocrx_word' id='word_1_979' title='bbox 1498 1795 1687 1825; x_wconf 90' lang='lat' dir='ltr'>subiectum.</span> 
     </span>
    </p>

    <p class='ocr_par' dir='ltr' id='par_1_21' title="bbox 1495 1837 2558 2186">
     <span class='ocr_line' id='line_1_123' title="bbox 1556 1837 2558 1879; baseline 0 -10"><span class='ocrx_word' id='word_1_980' title='bbox 1556 1839 1593 1870; x_wconf 88' lang='grc' dir='ltr'>ΙΙ.</span> <span class='ocrx_word' id='word_1_981' title='bbox 1617 1839 1668 1869; x_wconf 95' lang='lat' dir='ltr'>Ad</span> <span class='ocrx_word' id='word_1_982' title='bbox 1691 1838 1832 1878; x_wconf 80' lang='lat' dir='ltr'>primum</span> <span class='ocrx_word' id='word_1_983' title='bbox 1854 1839 1972 1870; x_wconf 92' lang='lat' dir='ltr'>horum</span> <span class='ocrx_word' id='word_1_984' title='bbox 1991 1838 2104 1869; x_wconf 88' lang='lat' dir='ltr'>dicitur</span> <span class='ocrx_word' id='word_1_985' title='bbox 2122 1838 2220 1879; x_wconf 91' lang='lat' dir='ltr'>quod,</span> <span class='ocrx_word' id='word_1_986' title='bbox 2237 1838 2313 1879; x_wconf 78' lang='lat' dir='ltr'>quia</span> <span class='ocrx_word' id='word_1_987' title='bbox 2335 1837 2415 1869; x_wconf 83' lang='lat' dir='ltr'>ratio</span> <span class='ocrx_word' id='word_1_988' title='bbox 2437 1838 2558 1869; x_wconf 75' lang='lat' dir='ltr'>litterae</span> 
     </span>
     <span class='ocr_line' id='line_1_124' title="bbox 1496 1882 2556 1922; baseline -0.001 -9"><span class='ocrx_word' id='word_1_989' title='bbox 1496 1883 1656 1913; x_wconf 90' lang='lat' dir='ltr'>inducitur</span> <span class='ocrx_word' id='word_1_990' title='bbox 1674 1883 1714 1913; x_wconf 90' lang='lat' dir='ltr'>ad</span> <span class='ocrx_word' id='word_1_991' title='bbox 1733 1883 1988 1913; x_wconf 86' lang='lat' dir='ltr'>satisfaciendum</span> <span class='ocrx_word' id='word_1_992' title='bbox 2003 1882 2125 1913; x_wconf 90' lang='lat' dir='ltr'>motivo</span> <span class='ocrx_word' id='word_1_993' title='bbox 2142 1883 2328 1922; x_wconf 85' lang='lat' dir='ltr'>argumenti,</span> <span class='ocrx_word' id='word_1_994' title='bbox 2344 1882 2470 1919; x_wconf 82' lang='lat' dir='ltr'>scilicet,</span> <span class='ocrx_word' id='word_1_995' title='bbox 2486 1883 2556 1912; x_wconf 62' lang='lat' dir='ltr'>Pu·-</span> 
     </span>
     <span class='ocr_line' id='line_1_125' title="bbox 1497 1927 2557 1967; baseline -0.001 -10"><span class='ocrx_word' id='word_1_996' title='bbox 1497 1929 1582 1958; x_wconf 81' lang='lat' dir='ltr'>vatio</span> <span class='ocrx_word' id='word_1_997' title='bbox 1605 1932 1636 1957; x_wconf 87' lang='lat' dir='ltr'>et</span> <span class='ocrx_word' id='word_1_998' title='bbox 1658 1927 1783 1957; x_wconf 84' lang='lat' dir='ltr'>habitus</span> <span class='ocrx_word' id='word_1_999' title='bbox 1804 1933 1880 1957; x_wconf 84' lang='lat' dir='ltr'>sunt</span> <span class='ocrx_word' id='word_1_1000' title='bbox 1898 1928 2039 1967; x_wconf 79' lang='lat' dir='ltr'>opposita</span> <span class='ocrx_word' id='word_1_1001' title='bbox 2063 1927 2257 1962; x_wconf 75' lang='lat' dir='ltr'>immediata,</span> <span class='ocrx_word' id='word_1_1002' title='bbox 2277 1936 2344 1956; x_wconf 90' lang='lat' dir='ltr'>non</span> <span class='ocrx_word' id='word_1_1003' title='bbox 2359 1932 2406 1957; x_wconf 91' lang='lat' dir='ltr'>est</span> <span class='ocrx_word' id='word_1_1004' title='bbox 2429 1927 2557 1957; x_wconf 82' lang='lat' dir='ltr'>descen-</span> 
     </span>
     <span class='ocr_line' id='line_1_126' title="bbox 1497 1969 2558 2007; baseline 0 -7"><span class='ocrx_word' id='word_1_1005' title='bbox 1497 1971 1638 2001; x_wconf 89' lang='lat' dir='ltr'>dendum</span> <span class='ocrx_word' id='word_1_1006' title='bbox 1660 1971 1700 2000; x_wconf 87' lang='lat' dir='ltr'>ad</span> <span class='ocrx_word' id='word_1_1007' title='bbox 1723 1971 1784 2000; x_wconf 86' lang='lat' dir='ltr'>tale</span> <span class='ocrx_word' id='word_1_1008' title='bbox 1806 1971 1857 2000; x_wconf 93' lang='lat' dir='ltr'>vel</span> <span class='ocrx_word' id='word_1_1009' title='bbox 1874 1971 1936 2001; x_wconf 91' lang='lat' dir='ltr'>tale</span> <span class='ocrx_word' id='word_1_1010' title='bbox 1951 1970 2109 2007; x_wconf 81' lang='lat' dir='ltr'>medium3</span> <span class='ocrx_word' id='word_1_1011' title='bbox 2133 1971 2188 2001; x_wconf 90' lang='lat' dir='ltr'>sed</span> <span class='ocrx_word' id='word_1_1012' title='bbox 2211 1971 2360 2001; x_wconf 86' lang='lat' dir='ltr'>standum</span> <span class='ocrx_word' id='word_1_1013' title='bbox 2382 1976 2430 2000; x_wconf 90' lang='lat' dir='ltr'>est</span> <span class='ocrx_word' id='word_1_1014' title='bbox 2443 1970 2477 2000; x_wconf 90' lang='lat' dir='ltr'>in</span> <span class='ocrx_word' id='word_1_1015' title='bbox 2492 1969 2558 2000; x_wconf 79' lang='lat' dir='ltr'>for&#39;-</span> 
     </span>
     <span class='ocr_line' id='line_1_127' title="bbox 1496 2012 2557 2050; baseline 0 -6"><span class='ocrx_word' id='word_1_1016' title='bbox 1496 2014 1581 2050; x_wconf 89' lang='lat' dir='ltr'>mali,</span> <span class='ocrx_word' id='word_1_1017' title='bbox 1598 2014 1715 2045; x_wconf 90' lang='lat' dir='ltr'>scilicet</span> <span class='ocrx_word' id='word_1_1018' title='bbox 1732 2014 1845 2045; x_wconf 88' lang='lat' dir='ltr'>habere</span> <span class='ocrx_word' id='word_1_1019' title='bbox 1861 2015 1911 2044; x_wconf 91' lang='lat' dir='ltr'>vel</span> <span class='ocrx_word' id='word_1_1020' title='bbox 1926 2024 1993 2044; x_wconf 91' lang='lat' dir='ltr'>non</span> <span class='ocrx_word' id='word_1_1021' title='bbox 2008 2014 2121 2044; x_wconf 88' lang='lat' dir='ltr'>habere</span> <span class='ocrx_word' id='word_1_1022' title='bbox 2139 2014 2292 2044; x_wconf 88' lang='lat' dir='ltr'>medium.</span> <span class='ocrx_word' id='word_1_1023' title='bbox 2316 2014 2358 2044; x_wconf 91' lang='lat' dir='ltr'>Et</span> <span class='ocrx_word' id='word_1_1024' title='bbox 2372 2014 2435 2044; x_wconf 91' lang='lat' dir='ltr'>hoc</span> <span class='ocrx_word' id='word_1_1025' title='bbox 2450 2012 2557 2044; x_wconf 80' lang='lat' dir='ltr'>solum</span> 
     </span>
     <span class='ocr_line' id='line_1_128' title="bbox 1495 2056 2558 2098; baseline 0 -10"><span class='ocrx_word' id='word_1_1026' title='bbox 1495 2058 1630 2089; x_wconf 90' lang='lat' dir='ltr'>intendit</span> <span class='ocrx_word' id='word_1_1027' title='bbox 1651 2058 1772 2088; x_wconf 85' lang='lat' dir='ltr'>littera:</span> <span class='ocrx_word' id='word_1_1028' title='bbox 1797 2058 1913 2089; x_wconf 89' lang='lat' dir='ltr'>scilicet</span> <span class='ocrx_word' id='word_1_1029' title='bbox 1935 2059 2024 2098; x_wconf 90' lang='lat' dir='ltr'>quod</span> <span class='ocrx_word' id='word_1_1030' title='bbox 2051 2058 2208 2098; x_wconf 87' lang='lat' dir='ltr'>quaedam</span> <span class='ocrx_word' id='word_1_1031' title='bbox 2235 2056 2385 2098; x_wconf 82' lang='lat' dir='ltr'>privative</span> <span class='ocrx_word' id='word_1_1032' title='bbox 2407 2057 2558 2098; x_wconf 58' lang='lat' dir='ltr'>oppodta</span> 
     </span>
     <span class='ocr_line' id='line_1_129' title="bbox 1495 2100 2557 2143; baseline -0.001 -10"><span class='ocrx_word' id='word_1_1033' title='bbox 1495 2103 1612 2133; x_wconf 89' lang='lat' dir='ltr'>habent</span> <span class='ocrx_word' id='word_1_1034' title='bbox 1639 2102 1796 2138; x_wconf 87' lang='lat' dir='ltr'>medium,</span> <span class='ocrx_word' id='word_1_1035' title='bbox 1822 2102 1896 2143; x_wconf 89' lang='lat' dir='ltr'>quia</span> <span class='ocrx_word' id='word_1_1036' title='bbox 1919 2101 2053 2142; x_wconf 85' lang='lat' dir='ltr'>privatio</span> <span class='ocrx_word' id='word_1_1037' title='bbox 2074 2102 2215 2133; x_wconf 90' lang='lat' dir='ltr'>consistit</span> <span class='ocrx_word' id='word_1_1038' title='bbox 2237 2102 2270 2132; x_wconf 89' lang='lat' dir='ltr'>in</span> <span class='ocrx_word' id='word_1_1039' title='bbox 2293 2100 2418 2142; x_wconf 84' lang='lat' dir='ltr'>privari,</span> <span class='ocrx_word' id='word_1_1040' title='bbox 2442 2110 2479 2133; x_wconf 84' lang='lat' dir='ltr'>ac</span> <span class='ocrx_word' id='word_1_1041' title='bbox 2500 2100 2557 2142; x_wconf 78' lang='lat' dir='ltr'>per</span> 
     </span>
     <span class='ocr_line' id='line_1_130' title="bbox 1495 2146 2535 2186; baseline -0.002 -9"><span class='ocrx_word' id='word_1_1042' title='bbox 1495 2147 1557 2177; x_wconf 93' lang='lat' dir='ltr'>hoc</span> <span class='ocrx_word' id='word_1_1043' title='bbox 1579 2156 1646 2177; x_wconf 91' lang='lat' dir='ltr'>non</span> <span class='ocrx_word' id='word_1_1044' title='bbox 1669 2146 1753 2177; x_wconf 92' lang='lat' dir='ltr'>tollit</span> <span class='ocrx_word' id='word_1_1045' title='bbox 1775 2153 1880 2177; x_wconf 86' lang='lat' dir='ltr'>totum</span> <span class='ocrx_word' id='word_1_1046' title='bbox 1904 2146 2101 2186; x_wconf 88' lang='lat' dir='ltr'>oppositum.</span> <span class='ocrx_word' id='word_1_1047' title='bbox 2532 2163 2535 2170; x_wconf 62' lang='grc' dir='ltr'>ι</span> 
     </span>
    </p>

    <p class='ocr_par' dir='ltr' id='par_1_22' title="bbox 1493 2188 2560 2670">
     <span class='ocr_line' id='line_1_131' title="bbox 1549 2188 2560 2231; baseline -0.001 -10"><span class='ocrx_word' id='word_1_1048' title='bbox 1549 2191 1601 2221; x_wconf 92' lang='lat' dir='ltr'>Ad</span> <span class='ocrx_word' id='word_1_1049' title='bbox 1630 2191 1806 2221; x_wconf 91' lang='lat' dir='ltr'>secundum</span> <span class='ocrx_word' id='word_1_1050' title='bbox 1837 2190 1950 2221; x_wconf 90' lang='lat' dir='ltr'>dicitur</span> <span class='ocrx_word' id='word_1_1051' title='bbox 1979 2190 2067 2231; x_wconf 90' lang='lat' dir='ltr'>quod</span> <span class='ocrx_word' id='word_1_1052' title='bbox 2096 2190 2217 2220; x_wconf 90' lang='lat' dir='ltr'>malum</span> <span class='ocrx_word' id='word_1_1053' title='bbox 2248 2188 2368 2220; x_wconf 83' lang='lat' dir='ltr'>morale</span> <span class='ocrx_word' id='word_1_1054' title='bbox 2391 2188 2560 2230; x_wconf 72' lang='lat' dir='ltr'>dupliciter</span> 
     </span>
     <span class='ocr_line' id='line_1_132' title="bbox 1494 2233 2555 2275; baseline -0.001 -11"><span class='ocrx_word' id='word_1_1055' title='bbox 1494 2235 1624 2275; x_wconf 82' lang='lat' dir='ltr'>intelligi</span> <span class='ocrx_word' id='word_1_1056' title='bbox 1647 2241 1752 2274; x_wconf 91' lang='lat' dir='ltr'>potest</span> <span class='ocrx_word' id='word_1_1057' title='bbox 1774 2244 1840 2264; x_wconf 91' lang='lat' dir='ltr'>non</span> <span class='ocrx_word' id='word_1_1058' title='bbox 1863 2234 1971 2264; x_wconf 89' lang='lat' dir='ltr'>tollere</span> <span class='ocrx_word' id='word_1_1059' title='bbox 1994 2240 2100 2264; x_wconf 89' lang='lat' dir='ltr'>totum</span> <span class='ocrx_word' id='word_1_1060' title='bbox 2123 2233 2320 2274; x_wconf 87' lang='lat' dir='ltr'>oppositum.</span> <span class='ocrx_word' id='word_1_1061' title='bbox 2343 2233 2461 2269; x_wconf 86' lang='lat' dir='ltr'>Primo,</span> <span class='ocrx_word' id='word_1_1062' title='bbox 2485 2242 2555 2274; x_wconf 90' lang='lat' dir='ltr'>per-</span> 
     </span>
     <span class='ocr_line' id='line_1_133' title="bbox 1494 2277 2557 2318; baseline -0.001 -10"><span class='ocrx_word' id='word_1_1063' title='bbox 1494 2278 1633 2309; x_wconf 88' lang='lat' dir='ltr'>missive:</span> <span class='ocrx_word' id='word_1_1064' title='bbox 1658 2278 1751 2314; x_wconf 88' lang='lat' dir='ltr'>idest,</span> <span class='ocrx_word' id='word_1_1065' title='bbox 1775 2288 1842 2308; x_wconf 90' lang='lat' dir='ltr'>non</span> <span class='ocrx_word' id='word_1_1066' title='bbox 1865 2284 1912 2308; x_wconf 88' lang='lat' dir='ltr'>est</span> <span class='ocrx_word' id='word_1_1067' title='bbox 1935 2287 2060 2308; x_wconf 89' lang='lat' dir='ltr'>necesse</span> <span class='ocrx_word' id='word_1_1068' title='bbox 2083 2277 2172 2318; x_wconf 90' lang='lat' dir='ltr'>quod</span> <span class='ocrx_word' id='word_1_1069' title='bbox 2193 2277 2284 2308; x_wconf 88' lang='lat' dir='ltr'>tollat</span> <span class='ocrx_word' id='word_1_1070' title='bbox 2307 2283 2413 2308; x_wconf 86' lang='lat' dir='ltr'>totum</span> <span class='ocrx_word' id='word_1_1071' title='bbox 2431 2277 2557 2307; x_wconf 79' lang='lat' dir='ltr'>bonum</span> 
     </span>
     <span class='ocr_line' id='line_1_134' title="bbox 1495 2321 2558 2363; baseline -0.002 -10"><span class='ocrx_word' id='word_1_1072' title='bbox 1495 2322 1691 2363; x_wconf 90' lang='lat' dir='ltr'>oppositum.</span> <span class='ocrx_word' id='word_1_1073' title='bbox 1720 2323 1762 2352; x_wconf 94' lang='lat' dir='ltr'>Et</span> <span class='ocrx_word' id='word_1_1074' title='bbox 1791 2322 1852 2352; x_wconf 91' lang='lat' dir='ltr'>hoc</span> <span class='ocrx_word' id='word_1_1075' title='bbox 1883 2328 1929 2352; x_wconf 91' lang='lat' dir='ltr'>est</span> <span class='ocrx_word' id='word_1_1076' title='bbox 1960 2321 2124 2352; x_wconf 86' lang='lat' dir='ltr'>manifeste</span> <span class='ocrx_word' id='word_1_1077' title='bbox 2153 2331 2274 2351; x_wconf 87' lang='lat' dir='ltr'>verum.</span> <span class='ocrx_word' id='word_1_1078' title='bbox 2302 2321 2385 2351; x_wconf 83' lang='lat' dir='ltr'>Dare</span> <span class='ocrx_word' id='word_1_1079' title='bbox 2414 2328 2558 2361; x_wconf 77' lang='lat' dir='ltr'>namque</span> 
     </span>
     <span class='ocr_line' id='line_1_135' title="bbox 1495 2364 2556 2407; baseline -0.003 -10"><span class='ocrx_word' id='word_1_1080' title='bbox 1495 2367 1730 2407; x_wconf 87' lang='lat' dir='ltr'>eleemosynam</span> <span class='ocrx_word' id='word_1_1081' title='bbox 1753 2365 1905 2406; x_wconf 88' lang='lat' dir='ltr'>indigenti</span> <span class='ocrx_word' id='word_1_1082' title='bbox 1921 2371 2051 2405; x_wconf 89' lang='lat' dir='ltr'>propter</span> <span class='ocrx_word' id='word_1_1083' title='bbox 2065 2364 2192 2395; x_wconf 90' lang='lat' dir='ltr'>inanem</span> <span class='ocrx_word' id='word_1_1084' title='bbox 2211 2364 2354 2404; x_wconf 89' lang='lat' dir='ltr'>gloriam,</span> <span class='ocrx_word' id='word_1_1085' title='bbox 2370 2370 2417 2395; x_wconf 91' lang='lat' dir='ltr'>est</span> <span class='ocrx_word' id='word_1_1086' title='bbox 2431 2364 2556 2394; x_wconf 88' lang='lat' dir='ltr'>malum</span> 
     </span>
     <span class='ocr_line' id='line_1_136' title="bbox 1494 2408 2556 2441; baseline -0.003 0"><span class='ocrx_word' id='word_1_1087' title='bbox 1494 2411 1630 2441; x_wconf 88' lang='lat' dir='ltr'>morale:</span> <span class='ocrx_word' id='word_1_1088' title='bbox 1655 2420 1722 2440; x_wconf 92' lang='lat' dir='ltr'>non</span> <span class='ocrx_word' id='word_1_1089' title='bbox 1748 2416 1855 2440; x_wconf 87' lang='lat' dir='ltr'>tamen</span> <span class='ocrx_word' id='word_1_1090' title='bbox 1887 2409 1971 2440; x_wconf 90' lang='lat' dir='ltr'>tollit</span> <span class='ocrx_word' id='word_1_1091' title='bbox 1997 2415 2098 2439; x_wconf 90' lang='lat' dir='ltr'>totam</span> <span class='ocrx_word' id='word_1_1092' title='bbox 2126 2408 2301 2439; x_wconf 83' lang='lat' dir='ltr'>bonitatem</span> <span class='ocrx_word' id='word_1_1093' title='bbox 2331 2408 2485 2439; x_wconf 86' lang='lat' dir='ltr'>moralem</span> <span class='ocrx_word' id='word_1_1094' title='bbox 2513 2409 2556 2438; x_wconf 74' lang='lat' dir='ltr'>ab</span> 
     </span>
     <span class='ocr_line' id='line_1_137' title="bbox 1494 2452 2554 2495; baseline -0.003 -10"><span class='ocrx_word' id='word_1_1095' title='bbox 1494 2461 1565 2486; x_wconf 89' lang='lat' dir='ltr'>actu</span> <span class='ocrx_word' id='word_1_1096' title='bbox 1587 2454 1661 2491; x_wconf 87' lang='lat' dir='ltr'>illo,</span> <span class='ocrx_word' id='word_1_1097' title='bbox 1686 2454 1762 2495; x_wconf 91' lang='lat' dir='ltr'>quia</span> <span class='ocrx_word' id='word_1_1098' title='bbox 1785 2460 1872 2484; x_wconf 89' lang='lat' dir='ltr'>actus</span> <span class='ocrx_word' id='word_1_1099' title='bbox 1895 2459 1942 2484; x_wconf 90' lang='lat' dir='ltr'>est</span> <span class='ocrx_word' id='word_1_1100' title='bbox 1963 2453 2068 2483; x_wconf 91' lang='lat' dir='ltr'>bonus</span> <span class='ocrx_word' id='word_1_1101' title='bbox 2096 2452 2257 2483; x_wconf 89' lang='lat' dir='ltr'>moraliter</span> <span class='ocrx_word' id='word_1_1102' title='bbox 2280 2453 2457 2483; x_wconf 87' lang='lat' dir='ltr'>secundum</span> <span class='ocrx_word' id='word_1_1103' title='bbox 2478 2452 2554 2482; x_wconf 84' lang='lat' dir='ltr'>sub-</span> 
     </span>
     <span class='ocr_line' id='line_1_138' title="bbox 1494 2495 2558 2534; baseline -0.002 -5"><span class='ocrx_word' id='word_1_1104' title='bbox 1494 2499 1650 2534; x_wconf 88' lang='lat' dir='ltr'>stantiam,</span> <span class='ocrx_word' id='word_1_1105' title='bbox 1675 2498 1778 2528; x_wconf 90' lang='lat' dir='ltr'>malus</span> <span class='ocrx_word' id='word_1_1106' title='bbox 1801 2504 1908 2528; x_wconf 90' lang='lat' dir='ltr'>autem</span> <span class='ocrx_word' id='word_1_1107' title='bbox 1931 2497 2107 2527; x_wconf 87' lang='lat' dir='ltr'>secundum</span> <span class='ocrx_word' id='word_1_1108' title='bbox 2124 2496 2390 2527; x_wconf 86' lang='lat' dir='ltr'>circumstantiam</span> <span class='ocrx_word' id='word_1_1109' title='bbox 2407 2495 2490 2527; x_wconf 80' lang='lat' dir='ltr'>finis.</span> <span class='ocrx_word' id='word_1_1110' title='bbox 2513 2496 2558 2527; x_wconf 91' lang='lat' dir='ltr'>Et</span> 
     </span>
     <span class='ocr_line' id='line_1_139' title="bbox 1493 2540 2557 2576; baseline -0.003 -3"><span class='ocrx_word' id='word_1_1111' title='bbox 1493 2543 1579 2574; x_wconf 90' lang='lat' dir='ltr'>hunc</span> <span class='ocrx_word' id='word_1_1112' title='bbox 1602 2552 1731 2573; x_wconf 89' lang='lat' dir='ltr'>sensum</span> <span class='ocrx_word' id='word_1_1113' title='bbox 1753 2552 1820 2572; x_wconf 89' lang='lat' dir='ltr'>non</span> <span class='ocrx_word' id='word_1_1114' title='bbox 1843 2551 1911 2572; x_wconf 89' lang='lat' dir='ltr'>esse</span> <span class='ocrx_word' id='word_1_1115' title='bbox 1934 2541 2073 2571; x_wconf 87' lang='lat' dir='ltr'>alienum</span> <span class='ocrx_word' id='word_1_1116' title='bbox 2096 2541 2134 2571; x_wconf 87' lang='lat' dir='ltr'>ab</span> <span class='ocrx_word' id='word_1_1117' title='bbox 2150 2543 2297 2576; x_wconf 73' lang='lat' dir='ltr'>Auctore,</span> <span class='ocrx_word' id='word_1_1118' title='bbox 2320 2540 2374 2571; x_wconf 83' lang='lat' dir='ltr'>illa</span> <span class='ocrx_word' id='word_1_1119' title='bbox 2394 2540 2490 2571; x_wconf 84' lang='lat' dir='ltr'>verba</span> <span class='ocrx_word' id='word_1_1120' title='bbox 2503 2540 2557 2571; x_wconf 84' lang='lat' dir='ltr'>lit·</span> 
     </span>
     <span class='ocr_line' id='line_1_140' title="bbox 1493 2585 2554 2625; baseline -0.003 -8"><span class='ocrx_word' id='word_1_1121' title='bbox 1493 2594 1576 2618; x_wconf 89' lang='lat' dir='ltr'>terae</span> <span class='ocrx_word' id='word_1_1122' title='bbox 1599 2587 1747 2622; x_wconf 90' lang='lat' dir='ltr'>innuunt,</span> <span class='ocrx_word' id='word_1_1123' title='bbox 1763 2585 1889 2622; x_wconf 89' lang='lat' dir='ltr'>scilicet,</span> <span class='ocrx_word' id='word_1_1124' title='bbox 1913 2586 2000 2616; x_wconf 84' lang='lat' dir='ltr'>Talis</span> <span class='ocrx_word' id='word_1_1125' title='bbox 2008 2585 2151 2625; x_wconf 75' lang='lat' dir='ltr'>privatio</span> <span class='ocrx_word' id='word_1_1126' title='bbox 2167 2594 2230 2615; x_wconf 87' lang='lat' dir='ltr'>non</span> <span class='ocrx_word' id='word_1_1127' title='bbox 2245 2594 2371 2624; x_wconf 76' lang='lat' dir='ltr'>semper</span> <span class='ocrx_word' id='word_1_1128' title='bbox 2385 2589 2432 2615; x_wconf 80' lang='lat' dir='ltr'>est</span> <span class='ocrx_word' id='word_1_1129' title='bbox 2446 2585 2554 2614; x_wconf 84' lang='lat' dir='ltr'>imme-</span> 
     </span>
     <span class='ocr_line' id='line_1_141' title="bbox 1494 2627 2554 2670; baseline -0.004 -8"><span class='ocrx_word' id='word_1_1130' title='bbox 1494 2631 1582 2662; x_wconf 86' lang='lat' dir='ltr'>diata</span> <span class='ocrx_word' id='word_1_1131' title='bbox 1597 2641 1668 2661; x_wconf 86' lang='lat' dir='ltr'>cum</span> <span class='ocrx_word' id='word_1_1132' title='bbox 1684 2630 1824 2670; x_wconf 80' lang='lat' dir='ltr'>opposito</span> <span class='ocrx_word' id='word_1_1133' title='bbox 1839 2629 1947 2659; x_wconf 87' lang='lat' dir='ltr'>habitu</span> <span class='ocrx_word' id='word_1_1134' title='bbox 1959 2637 1970 2659; x_wconf 90' lang='grc'>.·</span> <span class='ocrx_word' id='word_1_1135' title='bbox 1992 2629 2082 2670; x_wconf 86' lang='lat' dir='ltr'>quasi</span> <span class='ocrx_word' id='word_1_1136' title='bbox 2105 2628 2282 2659; x_wconf 89' lang='lat' dir='ltr'>insinuetur</span> <span class='ocrx_word' id='word_1_1137' title='bbox 2304 2628 2402 2669; x_wconf 89' lang='lat' dir='ltr'>quod,</span> <span class='ocrx_word' id='word_1_1138' title='bbox 2427 2627 2508 2658; x_wconf 86' lang='lat' dir='ltr'>sicut</span> <span class='ocrx_word' id='word_1_1139' title='bbox 2520 2627 2554 2658; x_wconf 81' lang='lat' dir='ltr'>in</span> 
     </span>
    </p>
   </div>
   <div class='ocr_carea' id='block_1_12' title="bbox 2585 288 2796 337">
    <p class='ocr_par' dir='ltr' id='par_1_23' title="bbox 2585 288 2796 337">
     <span class='ocr_line' id='line_1_142' title="bbox 2585 288 2796 313; baseline 0.014 -3"><span class='ocrx_word' id='word_1_1140' title='bbox 2585 289 2596 300; x_wconf 66' lang='lat'><strong>⁶</strong></span> <span class='ocrx_word' id='word_1_1141' title='bbox 2612 288 2649 311; x_wconf 79' lang='lat' dir='ltr'>Cf.</span> <span class='ocrx_word' id='word_1_1142' title='bbox 2663 295 2727 312; x_wconf 86' lang='lat' dir='ltr'>num.</span> <span class='ocrx_word' id='word_1_1143' title='bbox 2742 297 2760 312; x_wconf 89' lang='grc' dir='ltr'>ιι</span> <span class='ocrx_word' id='word_1_1144' title='bbox 2772 290 2796 313; x_wconf 88' lang='lat' dir='ltr'>in</span> 
     </span>
     <span class='ocr_line' id='line_1_143' title="bbox 2587 315 2638 337; baseline 0 0"><span class='ocrx_word' id='word_1_1145' title='bbox 2587 315 2638 337; x_wconf 81' lang='lat' dir='ltr'>fine.</span> 
     </span>
    </p>
   </div>
   <div class='ocr_carea' id='block_1_13' title="bbox 2587 460 2774 487">
    <p class='ocr_par' dir='ltr' id='par_1_24' title="bbox 2587 460 2774 487">
     <span class='ocr_line' id='line_1_144' title="bbox 2587 460 2774 487; baseline 0 -5"><span class='ocrx_word' id='word_1_1146' title='bbox 2587 463 2595 471; x_wconf 88' lang='lat'>¹</span> <span class='ocrx_word' id='word_1_1147' title='bbox 2611 460 2646 482; x_wconf 82' lang='lat' dir='ltr'>Cf.</span> <span class='ocrx_word' id='word_1_1148' title='bbox 2663 466 2727 482; x_wconf 90' lang='lat' dir='ltr'>num.</span> <span class='ocrx_word' id='word_1_1149' title='bbox 2742 466 2774 487; x_wconf 73' lang='lat' dir='ltr'>tv,</span> 
     </span>
    </p>
   </div>
   <div class='ocr_carea' id='block_1_14' title="bbox 2585 592 2734 615">
    <p class='ocr_par' dir='ltr' id='par_1_25' title="bbox 2585 592 2734 615">
     <span class='ocr_line' id='line_1_145' title="bbox 2585 592 2734 615; baseline 0 -1"><span class='ocrx_word' id='word_1_1150' title='bbox 2585 593 2593 602; x_wconf 83' lang='lat'>¹</span> <span class='ocrx_word' id='word_1_1151' title='bbox 2609 592 2680 615; x_wconf 89' lang='lat' dir='ltr'>Num.</span> <span class='ocrx_word' id='word_1_1152' title='bbox 2695 598 2734 614; x_wconf 85' lang='lat' dir='ltr'>vn.</span> 
     </span>
    </p>
   </div>
   <div class='ocr_carea' id='block_1_15' title="bbox 2585 676 2760 698">
    <p class='ocr_par' dir='ltr' id='par_1_26' title="bbox 2585 676 2760 698">
     <span class='ocr_line' id='line_1_146' title="bbox 2585 676 2760 698; baseline 0 0"><span class='ocrx_word' id='word_1_1153' title='bbox 2585 678 2594 687; x_wconf 84' lang='lat'>&#39;¹</span> <span class='ocrx_word' id='word_1_1154' title='bbox 2605 676 2642 698; x_wconf 83' lang='lat' dir='ltr'>ef.</span> <span class='ocrx_word' id='word_1_1155' title='bbox 2652 682 2717 698; x_wconf 86' lang='lat' dir='ltr'>num.</span> <span class='ocrx_word' id='word_1_1156' title='bbox 2726 682 2760 698; x_wconf 80' lang='lat' dir='ltr'>ix.</span> 
     </span>
    </p>
   </div>
   <div class='ocr_carea' id='block_1_16' title="bbox 2584 943 2699 965">
    <p class='ocr_par' dir='ltr' id='par_1_27' title="bbox 2584 943 2699 965">
     <span class='ocr_line' id='line_1_147' title="bbox 2584 943 2699 965; baseline -0.009 0"><span class='ocrx_word' id='word_1_1157' title='bbox 2584 945 2593 954; x_wconf 83' lang='lat'><strong>‘</strong></span> <span class='ocrx_word' id='word_1_1158' title='bbox 2608 944 2659 965; x_wconf 81' lang='lat' dir='ltr'>Art.</span> <span class='ocrx_word' id='word_1_1159' title='bbox 2676 943 2699 965; x_wconf 91' lang='lat'>6.</span> 
     </span>
    </p>
   </div>
   <div class='ocr_carea' id='block_1_17' title="bbox 1495 2672 2600 2713">
    <p class='ocr_par' dir='ltr' id='par_1_28' title="bbox 1495 2672 2600 2713">
     <span class='ocr_line' id='line_1_148' title="bbox 1495 2672 2600 2713; baseline -0.004 -8"><span class='ocrx_word' id='word_1_1160' title='bbox 1495 2674 1659 2706; x_wconf 88' lang='lat' dir='ltr'>communi</span> <span class='ocrx_word' id='word_1_1161' title='bbox 1683 2673 1797 2704; x_wconf 89' lang='lat' dir='ltr'>sufficit</span> <span class='ocrx_word' id='word_1_1162' title='bbox 1826 2673 1994 2713; x_wconf 89' lang='lat' dir='ltr'>privationi</span> <span class='ocrx_word' id='word_1_1163' title='bbox 2017 2672 2050 2703; x_wconf 91' lang='lat' dir='ltr'>in</span> <span class='ocrx_word' id='word_1_1164' title='bbox 2073 2672 2202 2713; x_wconf 87' lang='lat' dir='ltr'>privari,</span> <span class='ocrx_word' id='word_1_1165' title='bbox 2225 2672 2316 2713; x_wconf 90' lang='lat' dir='ltr'>quod</span> <span class='ocrx_word' id='word_1_1166' title='bbox 2339 2681 2405 2702; x_wconf 91' lang='lat' dir='ltr'>non</span> <span class='ocrx_word' id='word_1_1167' title='bbox 2428 2677 2556 2712; x_wconf 70' lang='lat' dir='ltr'>oportet</span> <span class='ocrx_word' id='word_1_1168' title='bbox 2597 2683 2600 2687; x_wconf 93' lang='lat'>·</span> 
     </span>
    </p>
   </div>
   <div class='ocr_carea' id='block_1_18' title="bbox 1493 2715 2558 2973">
    <p class='ocr_par' dir='ltr' id='par_1_29' title="bbox 1493 2715 2558 2973">
     <span class='ocr_line' id='line_1_149' title="bbox 1494 2715 2558 2757; baseline -0.003 -8"><span class='ocrx_word' id='word_1_1169' title='bbox 1494 2729 1561 2749; x_wconf 91' lang='lat' dir='ltr'>esse</span> <span class='ocrx_word' id='word_1_1170' title='bbox 1583 2718 1800 2749; x_wconf 88' lang='lat' dir='ltr'>immediatam</span> <span class='ocrx_word' id='word_1_1171' title='bbox 1824 2717 1975 2757; x_wconf 90' lang='lat' dir='ltr'>opposito</span> <span class='ocrx_word' id='word_1_1172' title='bbox 2005 2716 2142 2753; x_wconf 84' lang='lat' dir='ltr'>habitui;</span> <span class='ocrx_word' id='word_1_1173' title='bbox 2165 2716 2208 2747; x_wconf 89' lang='lat' dir='ltr'>ita</span> <span class='ocrx_word' id='word_1_1174' title='bbox 2230 2716 2264 2746; x_wconf 91' lang='lat' dir='ltr'>in</span> <span class='ocrx_word' id='word_1_1175' title='bbox 2287 2715 2413 2756; x_wconf 86' lang='lat' dir='ltr'>speciali</span> <span class='ocrx_word' id='word_1_1176' title='bbox 2440 2715 2558 2746; x_wconf 74' lang='lat' dir='ltr'>sufficit</span> 
     </span>
     <span class='ocr_line' id='line_1_150' title="bbox 1494 2760 2554 2802; baseline -0.003 -9"><span class='ocrx_word' id='word_1_1177' title='bbox 1494 2763 1597 2798; x_wconf 89' lang='lat' dir='ltr'>malo,</span> <span class='ocrx_word' id='word_1_1178' title='bbox 1621 2762 1711 2802; x_wconf 92' lang='lat' dir='ltr'>quod</span> <span class='ocrx_word' id='word_1_1179' title='bbox 1734 2771 1800 2791; x_wconf 90' lang='lat' dir='ltr'>non</span> <span class='ocrx_word' id='word_1_1180' title='bbox 1824 2768 1949 2801; x_wconf 90' lang='lat' dir='ltr'>oportet</span> <span class='ocrx_word' id='word_1_1181' title='bbox 1972 2761 2080 2801; x_wconf 89' lang='lat' dir='ltr'>ipsum</span> <span class='ocrx_word' id='word_1_1182' title='bbox 2104 2760 2225 2800; x_wconf 88' lang='lat' dir='ltr'>privare</span> <span class='ocrx_word' id='word_1_1183' title='bbox 2248 2766 2317 2791; x_wconf 92' lang='lat' dir='ltr'>toto</span> <span class='ocrx_word' id='word_1_1184' title='bbox 2340 2760 2427 2790; x_wconf 87' lang='lat' dir='ltr'>bono</span> <span class='ocrx_word' id='word_1_1185' title='bbox 2451 2768 2554 2800; x_wconf 49' lang='lat' dir='ltr'>oppos</span> 
     </span>
     <span class='ocr_line' id='line_1_151' title="bbox 1494 2803 2557 2845; baseline -0.003 -8"><span class='ocrx_word' id='word_1_1186' title='bbox 1494 2807 1565 2838; x_wconf 91' lang='lat' dir='ltr'>sito.</span> <span class='ocrx_word' id='word_1_1187' title='bbox 1578 2824 1599 2829; x_wconf 95' lang='lat'>—</span> <span class='ocrx_word' id='word_1_1188' title='bbox 1615 2806 1772 2842; x_wconf 90' lang='lat' dir='ltr'>Secundo,</span> <span class='ocrx_word' id='word_1_1189' title='bbox 1790 2812 1894 2845; x_wconf 88' lang='lat' dir='ltr'>potest</span> <span class='ocrx_word' id='word_1_1190' title='bbox 1908 2805 2038 2844; x_wconf 84' lang='lat' dir='ltr'>intelligi</span> <span class='ocrx_word' id='word_1_1191' title='bbox 2061 2804 2204 2845; x_wconf 89' lang='lat' dir='ltr'>positive,</span> <span class='ocrx_word' id='word_1_1192' title='bbox 2222 2813 2277 2835; x_wconf 87' lang='lat' dir='ltr'>seu</span> <span class='ocrx_word' id='word_1_1193' title='bbox 2300 2813 2356 2844; x_wconf 90' lang='lat' dir='ltr'>per</span> <span class='ocrx_word' id='word_1_1194' title='bbox 2379 2813 2423 2834; x_wconf 82' lang='lat' dir='ltr'>se.</span> <span class='ocrx_word' id='word_1_1195' title='bbox 2447 2804 2490 2835; x_wconf 91' lang='lat' dir='ltr'>Et</span> <span class='ocrx_word' id='word_1_1196' title='bbox 2510 2803 2557 2834; x_wconf 80' lang='lat' dir='ltr'>sie</span> 
     </span>
     <span class='ocr_line' id='line_1_152' title="bbox 1493 2849 2555 2890; baseline -0.003 -9"><span class='ocrx_word' id='word_1_1197' title='bbox 1493 2850 1680 2886; x_wconf 87' lang='lat' dir='ltr'>verificatur,</span> <span class='ocrx_word' id='word_1_1198' title='bbox 1697 2859 1756 2889; x_wconf 89' lang='lat' dir='ltr'>pro</span> <span class='ocrx_word' id='word_1_1199' title='bbox 1779 2856 1899 2890; x_wconf 87' lang='lat' dir='ltr'>quanto</span> <span class='ocrx_word' id='word_1_1200' title='bbox 1923 2849 2027 2879; x_wconf 91' lang='lat' dir='ltr'>omnis</span> <span class='ocrx_word' id='word_1_1201' title='bbox 2051 2855 2148 2885; x_wconf 89' lang='lat' dir='ltr'>actus,</span> <span class='ocrx_word' id='word_1_1202' title='bbox 2169 2855 2465 2889; x_wconf 84' lang='lat' dir='ltr'>quantumcumque</span> <span class='ocrx_word' id='word_1_1203' title='bbox 2488 2856 2555 2878; x_wconf 72' lang='lat' dir='ltr'>mn-</span> 
     </span>
     <span class='ocr_line' id='line_1_153' title="bbox 1493 2891 2558 2934; baseline -0.003 -9"><span class='ocrx_word' id='word_1_1204' title='bbox 1493 2895 1553 2930; x_wconf 86' lang='lat' dir='ltr'>lus,</span> <span class='ocrx_word' id='word_1_1205' title='bbox 1578 2900 1704 2934; x_wconf 89' lang='lat' dir='ltr'>oportet</span> <span class='ocrx_word' id='word_1_1206' title='bbox 1727 2893 1815 2934; x_wconf 93' lang='lat' dir='ltr'>quod</span> <span class='ocrx_word' id='word_1_1207' title='bbox 1837 2893 1950 2923; x_wconf 90' lang='lat' dir='ltr'>habeat</span> <span class='ocrx_word' id='word_1_1208' title='bbox 1974 2893 2054 2923; x_wconf 88' lang='lat' dir='ltr'>hanc</span> <span class='ocrx_word' id='word_1_1209' title='bbox 2080 2893 2255 2923; x_wconf 87' lang='lat' dir='ltr'>bonitatem</span> <span class='ocrx_word' id='word_1_1210' title='bbox 2277 2892 2442 2928; x_wconf 82' lang='lat' dir='ltr'>moralem,</span> <span class='ocrx_word' id='word_1_1211' title='bbox 2466 2891 2558 2932; x_wconf 61' lang='lat' dir='ltr'>quod</span> 
     </span>
     <span class='ocr_line' id='line_1_154' title="bbox 1494 2934 2554 2973; baseline -0.003 -4"><span class='ocrx_word' id='word_1_1212' title='bbox 1494 2938 1611 2969; x_wconf 90' lang='lat' dir='ltr'>scilicet</span> <span class='ocrx_word' id='word_1_1213' title='bbox 1640 2937 1803 2968; x_wconf 89' lang='lat' dir='ltr'>ordinetur</span> <span class='ocrx_word' id='word_1_1214' title='bbox 1830 2937 1869 2967; x_wconf 88' lang='lat' dir='ltr'>ad</span> <span class='ocrx_word' id='word_1_1215' title='bbox 1897 2937 2141 2973; x_wconf 89' lang='lat' dir='ltr'>beatitudinem,</span> <span class='ocrx_word' id='word_1_1216' title='bbox 2173 2942 2204 2967; x_wconf 90' lang='lat' dir='ltr'>et</span> <span class='ocrx_word' id='word_1_1217' title='bbox 2226 2936 2266 2967; x_wconf 88' lang='lat' dir='ltr'>sit</span> <span class='ocrx_word' id='word_1_1218' title='bbox 2287 2936 2391 2966; x_wconf 89' lang='lat' dir='ltr'>bonus</span> <span class='ocrx_word' id='word_1_1219' title='bbox 2414 2934 2554 2966; x_wconf 86' lang='lat' dir='ltr'>bonitate</span> 
     </span>
    </p>
   </div>
   <div class='ocr_carea' id='block_1_19' title="bbox 1493 2979 2590 3021">
    <p class='ocr_par' dir='ltr' id='par_1_30' title="bbox 1493 2979 2590 3021">
     <span class='ocr_line' id='line_1_155' title="bbox 1493 2979 2590 3021; baseline -0.003 -8"><span class='ocrx_word' id='word_1_1220' title='bbox 1493 2982 1565 3013; x_wconf 90' lang='lat' dir='ltr'>finis</span> <span class='ocrx_word' id='word_1_1221' title='bbox 1584 2981 1837 3013; x_wconf 88' lang='lat' dir='ltr'>communissimi</span> <span class='ocrx_word' id='word_1_1222' title='bbox 1861 2981 2043 3017; x_wconf 89' lang='lat' dir='ltr'>formaliter,</span> <span class='ocrx_word' id='word_1_1223' title='bbox 2060 2987 2097 3011; x_wconf 93' lang='lat' dir='ltr'>ut</span> <span class='ocrx_word' id='word_1_1224' title='bbox 2111 2986 2197 3021; x_wconf 86' lang='lat' dir='ltr'>patet</span> <span class='ocrx_word' id='word_1_1225' title='bbox 2212 2990 2249 3010; x_wconf 88' lang='lat' dir='ltr'>ex</span> <span class='ocrx_word' id='word_1_1226' title='bbox 2264 2979 2452 3020; x_wconf 81' lang='lat' dir='ltr'>supradictis</span> <span class='ocrx_word' id='word_1_1227' title='bbox 2461 2979 2490 3010; x_wconf 68' lang='lat'>¹⁸.</span> <span class='ocrx_word' id='word_1_1228' title='bbox 2513 2979 2554 3015; x_wconf 75' lang='lat' dir='ltr'>Et</span> <span class='ocrx_word' id='word_1_1229' title='bbox 2579 2982 2590 2992; x_wconf 83' lang='lat'>&#39;</span> 
     </span>
    </p>
   </div>
   <div class='ocr_carea' id='block_1_20' title="bbox 1493 3024 2557 3374">
    <p class='ocr_par' dir='ltr' id='par_1_31' title="bbox 1493 3024 2557 3374">
     <span class='ocr_line' id='line_1_156' title="bbox 1493 3024 2556 3066; baseline -0.003 -9"><span class='ocrx_word' id='word_1_1230' title='bbox 1493 3027 1536 3058; x_wconf 92' lang='lat' dir='ltr'>sic</span> <span class='ocrx_word' id='word_1_1231' title='bbox 1553 3027 1674 3056; x_wconf 87' lang='lat' dir='ltr'>malum</span> <span class='ocrx_word' id='word_1_1232' title='bbox 1688 3026 1807 3056; x_wconf 86' lang='lat' dir='ltr'>morale</span> <span class='ocrx_word' id='word_1_1233' title='bbox 1823 3035 1889 3056; x_wconf 89' lang='lat' dir='ltr'>non</span> <span class='ocrx_word' id='word_1_1234' title='bbox 1906 3032 2011 3066; x_wconf 88' lang='lat' dir='ltr'>potest</span> <span class='ocrx_word' id='word_1_1235' title='bbox 2025 3025 2135 3056; x_wconf 89' lang='lat' dir='ltr'>tollere</span> <span class='ocrx_word' id='word_1_1236' title='bbox 2149 3031 2250 3055; x_wconf 88' lang='lat' dir='ltr'>totam</span> <span class='ocrx_word' id='word_1_1237' title='bbox 2264 3024 2439 3055; x_wconf 86' lang='lat' dir='ltr'>bonitatem</span> <span class='ocrx_word' id='word_1_1238' title='bbox 2452 3030 2556 3054; x_wconf 77' lang='lat' dir='ltr'>mora-</span> 
     </span>
     <span class='ocr_line' id='line_1_157' title="bbox 1493 3068 2554 3109; baseline -0.003 -8"><span class='ocrx_word' id='word_1_1239' title='bbox 1493 3071 1574 3101; x_wconf 91' lang='lat' dir='ltr'>lem:</span> <span class='ocrx_word' id='word_1_1240' title='bbox 1599 3070 1680 3101; x_wconf 91' lang='lat' dir='ltr'>sicut</span> <span class='ocrx_word' id='word_1_1241' title='bbox 1698 3080 1756 3100; x_wconf 92' lang='lat' dir='ltr'>nec</span> <span class='ocrx_word' id='word_1_1242' title='bbox 1775 3069 1937 3109; x_wconf 80' lang='lat' dir='ltr'>aegritudo</span> <span class='ocrx_word' id='word_1_1243' title='bbox 1953 3076 2055 3100; x_wconf 88' lang='lat' dir='ltr'>totam</span> <span class='ocrx_word' id='word_1_1244' title='bbox 2069 3069 2234 3099; x_wconf 85' lang='lat' dir='ltr'>sanitatem</span> <span class='ocrx_word' id='word_1_1245' title='bbox 2252 3068 2286 3099; x_wconf 88' lang='lat' dir='ltr'>in</span> <span class='ocrx_word' id='word_1_1246' title='bbox 2302 3078 2436 3109; x_wconf 83' lang='lat' dir='ltr'>corpore</span> <span class='ocrx_word' id='word_1_1247' title='bbox 2450 3074 2554 3108; x_wconf 70' lang='lat' dir='ltr'>perso·</span> 
     </span>
     <span class='ocr_line' id='line_1_158' title="bbox 1493 3110 2552 3152; baseline -0.002 -8"><span class='ocrx_word' id='word_1_1248' title='bbox 1493 3121 1618 3145; x_wconf 81' lang='lat' dir='ltr'>vetante</span> <span class='ocrx_word' id='word_1_1249' title='bbox 1641 3115 1674 3144; x_wconf 87' lang='lat' dir='ltr'>in</span> <span class='ocrx_word' id='word_1_1250' title='bbox 1696 3114 1769 3144; x_wconf 89' lang='lat' dir='ltr'>vita.</span> <span class='ocrx_word' id='word_1_1251' title='bbox 1795 3114 1836 3145; x_wconf 90' lang='lat' dir='ltr'>Et</span> <span class='ocrx_word' id='word_1_1252' title='bbox 1858 3113 1935 3144; x_wconf 88' lang='lat' dir='ltr'>haec</span> <span class='ocrx_word' id='word_1_1253' title='bbox 1957 3113 2096 3152; x_wconf 87' lang='lat' dir='ltr'>intellige</span> <span class='ocrx_word' id='word_1_1254' title='bbox 2119 3113 2157 3142; x_wconf 91' lang='lat' dir='ltr'>de</span> <span class='ocrx_word' id='word_1_1255' title='bbox 2174 3111 2260 3143; x_wconf 88' lang='lat' dir='ltr'>malo</span> <span class='ocrx_word' id='word_1_1256' title='bbox 2277 3119 2307 3144; x_wconf 85' lang='lat' dir='ltr'>et</span> <span class='ocrx_word' id='word_1_1257' title='bbox 2322 3112 2409 3143; x_wconf 88' lang='lat' dir='ltr'>bono</span> <span class='ocrx_word' id='word_1_1258' title='bbox 2428 3110 2552 3149; x_wconf 77' lang='lat' dir='ltr'>morali,</span> 
     </span>
     <span class='ocr_line' id='line_1_159' title="bbox 1493 3154 2552 3197; baseline -0.003 -8"><span class='ocrx_word' id='word_1_1259' title='bbox 1493 3169 1559 3189; x_wconf 92' lang='lat' dir='ltr'>non</span> <span class='ocrx_word' id='word_1_1260' title='bbox 1583 3158 1759 3189; x_wconf 86' lang='lat' dir='ltr'>secundum</span> <span class='ocrx_word' id='word_1_1261' title='bbox 1783 3157 1863 3188; x_wconf 90' lang='lat' dir='ltr'>hanc</span> <span class='ocrx_word' id='word_1_1262' title='bbox 1885 3157 1935 3187; x_wconf 92' lang='lat' dir='ltr'>vel</span> <span class='ocrx_word' id='word_1_1263' title='bbox 1962 3156 2049 3187; x_wconf 86' lang='lat' dir='ltr'>illam</span> <span class='ocrx_word' id='word_1_1264' title='bbox 2077 3156 2250 3193; x_wconf 85' lang='lat' dir='ltr'>rationem,</span> <span class='ocrx_word' id='word_1_1265' title='bbox 2273 3162 2351 3197; x_wconf 84' lang='lat' dir='ltr'>puta</span> <span class='ocrx_word' id='word_1_1266' title='bbox 2377 3154 2552 3187; x_wconf 77' lang='lat' dir='ltr'>secundum</span> 
     </span>
     <span class='ocr_line' id='line_1_160' title="bbox 1494 3198 2552 3243; baseline -0.004 -10"><span class='ocrx_word' id='word_1_1267' title='bbox 1494 3202 1631 3243; x_wconf 88' lang='lat' dir='ltr'>speciem</span> <span class='ocrx_word' id='word_1_1268' title='bbox 1662 3202 1712 3232; x_wconf 92' lang='lat' dir='ltr'>vel</span> <span class='ocrx_word' id='word_1_1269' title='bbox 1735 3201 1896 3232; x_wconf 90' lang='lat' dir='ltr'>obiectum</span> <span class='ocrx_word' id='word_1_1270' title='bbox 1920 3199 1983 3243; x_wconf 87' lang='lat' dir='ltr'>(sic</span> <span class='ocrx_word' id='word_1_1271' title='bbox 2010 3210 2149 3241; x_wconf 88' lang='lat' dir='ltr'>namque</span> <span class='ocrx_word' id='word_1_1272' title='bbox 2177 3199 2291 3241; x_wconf 85' lang='lat' dir='ltr'>aliquis</span> <span class='ocrx_word' id='word_1_1273' title='bbox 2314 3206 2401 3231; x_wconf 77' lang='lat' dir='ltr'>actus</span> <span class='ocrx_word' id='word_1_1274' title='bbox 2431 3198 2552 3230; x_wconf 74' lang='lat' dir='ltr'>null-m</span> 
     </span>
     <span class='ocr_line' id='line_1_161' title="bbox 1493 3243 2551 3288; baseline -0.004 -11"><span class='ocrx_word' id='word_1_1275' title='bbox 1493 3247 1586 3277; x_wconf 90' lang='lat' dir='ltr'>habet</span> <span class='ocrx_word' id='word_1_1276' title='bbox 1602 3246 1785 3282; x_wconf 90' lang='lat' dir='ltr'>bonitatem,</span> <span class='ocrx_word' id='word_1_1277' title='bbox 1809 3251 1846 3276; x_wconf 89' lang='lat' dir='ltr'>ut</span> <span class='ocrx_word' id='word_1_1278' title='bbox 1859 3245 1892 3275; x_wconf 93' lang='lat' dir='ltr'>in</span> <span class='ocrx_word' id='word_1_1279' title='bbox 1907 3245 2009 3275; x_wconf 90' lang='lat' dir='ltr'>littera</span> <span class='ocrx_word' id='word_1_1280' title='bbox 2020 3244 2038 3264; x_wconf 81' lang='grc'>*</span> <span class='ocrx_word' id='word_1_1281' title='bbox 2060 3243 2202 3287; x_wconf 89' lang='lat' dir='ltr'>dicitur);</span> <span class='ocrx_word' id='word_1_1282' title='bbox 2226 3244 2282 3275; x_wconf 90' lang='lat' dir='ltr'>sed</span> <span class='ocrx_word' id='word_1_1283' title='bbox 2297 3243 2488 3288; x_wconf 84' lang='lat' dir='ltr'>simpliciter,</span> <span class='ocrx_word' id='word_1_1284' title='bbox 2502 3251 2551 3272; x_wconf 72' lang='lat'>80-</span> 
     </span>
     <span class='ocr_line' id='line_1_162' title="bbox 1494 3288 2557 3331; baseline -0.005 -10"><span class='ocrx_word' id='word_1_1285' title='bbox 1494 3291 1635 3321; x_wconf 90' lang='lat' dir='ltr'>cundum</span> <span class='ocrx_word' id='word_1_1286' title='bbox 1659 3290 1748 3331; x_wconf 91' lang='lat' dir='ltr'>quod</span> <span class='ocrx_word' id='word_1_1287' title='bbox 1773 3289 1978 3320; x_wconf 90' lang='lat' dir='ltr'>inveniuntur</span> <span class='ocrx_word' id='word_1_1288' title='bbox 2000 3288 2032 3318; x_wconf 90' lang='lat' dir='ltr'>in</span> <span class='ocrx_word' id='word_1_1289' title='bbox 2056 3298 2162 3319; x_wconf 88' lang='lat' dir='ltr'>rerum</span> <span class='ocrx_word' id='word_1_1290' title='bbox 2185 3295 2296 3320; x_wconf 83' lang='lat' dir='ltr'>natura</span> <span class='ocrx_word' id='word_1_1291' title='bbox 2317 3288 2351 3318; x_wconf 85' lang='lat' dir='ltr'>in</span> <span class='ocrx_word' id='word_1_1292' title='bbox 2371 3293 2444 3318; x_wconf 64' lang='lat' dir='ltr'>‘actu</span> <span class='ocrx_word' id='word_1_1293' title='bbox 2467 3295 2557 3317; x_wconf 67' lang='lat' dir='ltr'>ezer·-</span> 
     </span>
     <span class='ocr_line' id='line_1_163' title="bbox 1494 3329 2549 3374; baseline -0.005 -9"><span class='ocrx_word' id='word_1_1294' title='bbox 1494 3335 1566 3365; x_wconf 89' lang='lat' dir='ltr'>cito.</span> <span class='ocrx_word' id='word_1_1295' title='bbox 1582 3334 1632 3365; x_wconf 90' lang='lat' dir='ltr'>Sic</span> <span class='ocrx_word' id='word_1_1296' title='bbox 1644 3334 1730 3364; x_wconf 90' lang='lat' dir='ltr'>enim</span> <span class='ocrx_word' id='word_1_1297' title='bbox 1741 3339 1868 3374; x_wconf 84' lang='lat' dir='ltr'>oportet</span> <span class='ocrx_word' id='word_1_1298' title='bbox 1882 3332 2110 3364; x_wconf 86' lang='lat' dir='ltr'>beatitudinem</span> <span class='ocrx_word' id='word_1_1299' title='bbox 2125 3339 2232 3363; x_wconf 82' lang='lat' dir='ltr'>actum</span> <span class='ocrx_word' id='word_1_1300' title='bbox 2247 3340 2377 3363; x_wconf 86' lang='lat' dir='ltr'>omnem</span> <span class='ocrx_word' id='word_1_1301' title='bbox 2388 3329 2549 3371; x_wconf 84' lang='lat' dir='ltr'>respicere.</span> 
     </span>
    </p>
   </div>
   <div class='ocr_carea' id='block_1_21' title="bbox 1497 3396 2551 3474">
    <p class='ocr_par' dir='ltr' id='par_1_32' title="bbox 1497 3396 2551 3474">
     <span class='ocr_line' id='line_1_164' title="bbox 1497 3396 2551 3474; baseline -0.005 -43"><span class='ocrx_word' id='word_1_1302' title='bbox 1497 3410 1629 3474; x_wconf 74' lang='lat' dir='ltr'>C1acA</span> <span class='ocrx_word' id='word_1_1303' title='bbox 1653 3400 1770 3431; x_wconf 85' lang='lat' dir='ltr'>calcem</span> <span class='ocrx_word' id='word_1_1304' title='bbox 1792 3398 1870 3429; x_wconf 90' lang='lat' dir='ltr'>noni</span> <span class='ocrx_word' id='word_1_1305' title='bbox 1886 3399 2017 3436; x_wconf 90' lang='lat' dir='ltr'>articuli,</span> <span class='ocrx_word' id='word_1_1306' title='bbox 2035 3406 2081 3430; x_wconf 88' lang='lat' dir='ltr'>est</span> <span class='ocrx_word' id='word_1_1307' title='bbox 2103 3398 2238 3430; x_wconf 89' lang='lat' dir='ltr'>dubium</span> <span class='ocrx_word' id='word_1_1308' title='bbox 2257 3403 2383 3429; x_wconf 80' lang='lat' dir='ltr'>motum</span> <span class='ocrx_word' id='word_1_1309' title='bbox 2395 3406 2413 3427; x_wconf 88' lang='lat' dir='ltr'>a</span> <span class='ocrx_word' id='word_1_1310' title='bbox 2428 3396 2551 3428; x_wconf 83' lang='lat' dir='ltr'>Duran-</span> 
     </span>
    </p>
   </div>
   <div class='ocr_carea' id='block_1_22' title="bbox 1560 3440 2587 3483">
    <p class='ocr_par' dir='ltr' id='par_1_33' title="bbox 1560 3440 2587 3483">
     <span class='ocr_line' id='line_1_165' title="bbox 1560 3440 2587 3483; baseline -0.004 -9"><span class='ocrx_word' id='word_1_1311' title='bbox 1560 3445 1612 3481; x_wconf 93' lang='lat' dir='ltr'>do,</span> <span class='ocrx_word' id='word_1_1312' title='bbox 1627 3444 1660 3474; x_wconf 89' lang='lat' dir='ltr'>in</span> <span class='ocrx_word' id='word_1_1313' title='bbox 1676 3444 1702 3474; x_wconf 93' lang='lat'>11</span> <span class='ocrx_word' id='word_1_1314' title='bbox 1719 3443 1816 3480; x_wconf 75' lang='lat' dir='ltr'>Sent„</span> <span class='ocrx_word' id='word_1_1315' title='bbox 1831 3443 1900 3474; x_wconf 91' lang='lat' dir='ltr'>dist.</span> <span class='ocrx_word' id='word_1_1316' title='bbox 1913 3453 1950 3473; x_wconf 69' lang='lat' dir='ltr'>xi.</span> <span class='ocrx_word' id='word_1_1317' title='bbox 1963 3443 1996 3472; x_wconf 79' lang='lat' dir='ltr'>*t</span> <span class='ocrx_word' id='word_1_1318' title='bbox 2017 3443 2093 3483; x_wconf 91' lang='lat' dir='ltr'>quia</span> <span class='ocrx_word' id='word_1_1319' title='bbox 2108 3453 2174 3474; x_wconf 92' lang='lat' dir='ltr'>non</span> <span class='ocrx_word' id='word_1_1320' title='bbox 2195 3441 2318 3473; x_wconf 88' lang='lat' dir='ltr'>videtur</span> <span class='ocrx_word' id='word_1_1321' title='bbox 2332 3450 2444 3471; x_wconf 90' lang='lat' dir='ltr'>verum</span> <span class='ocrx_word' id='word_1_1322' title='bbox 2462 3440 2551 3481; x_wconf 92' lang='lat' dir='ltr'>quod</span> <span class='ocrx_word' id='word_1_1323' title='bbox 2579 3448 2587 3457; x_wconf 92' lang='lat'><strong>·</strong></span> 
     </span>
    </p>
   </div>
   <div class='ocr_carea' id='block_1_23' title="bbox 1493 3484 2552 3571">
    <p class='ocr_par' dir='ltr' id='par_1_34' title="bbox 1493 3484 2552 3571">
     <span class='ocr_line' id='line_1_166' title="bbox 1494 3484 2550 3527; baseline -0.005 -8"><span class='ocrx_word' id='word_1_1324' title='bbox 1494 3495 1581 3519; x_wconf 85' lang='lat' dir='ltr'>actus</span> <span class='ocrx_word' id='word_1_1325' title='bbox 1597 3498 1632 3518; x_wconf 87' lang='lat' dir='ltr'>ex</span> <span class='ocrx_word' id='word_1_1326' title='bbox 1648 3487 1873 3527; x_wconf 86' lang='lat' dir='ltr'>imaginatione</span> <span class='ocrx_word' id='word_1_1327' title='bbox 1887 3487 2102 3527; x_wconf 90' lang='lat' dir='ltr'>procedentes,</span> <span class='ocrx_word' id='word_1_1328' title='bbox 2123 3493 2158 3518; x_wconf 89' lang='lat' dir='ltr'>ut</span> <span class='ocrx_word' id='word_1_1329' title='bbox 2173 3485 2293 3525; x_wconf 73' lang='lat' dir='ltr'>fricatio</span> <span class='ocrx_word' id='word_1_1330' title='bbox 2309 3484 2432 3520; x_wconf 84' lang='lat' dir='ltr'>barbae,</span> <span class='ocrx_word' id='word_1_1331' title='bbox 2448 3484 2550 3514; x_wconf 91' lang='lat' dir='ltr'>motio</span> 
     </span>
     <span class='ocr_line' id='line_1_167' title="bbox 1493 3527 2552 3571; baseline -0.005 -9"><span class='ocrx_word' id='word_1_1332' title='bbox 1493 3532 1606 3568; x_wconf 89' lang='lat' dir='ltr'>baculi,</span> <span class='ocrx_word' id='word_1_1333' title='bbox 1627 3538 1694 3568; x_wconf 71' lang='lat' dir='ltr'>etc„</span> <span class='ocrx_word' id='word_1_1334' title='bbox 1712 3531 1774 3562; x_wconf 87' lang='lat' dir='ltr'>sint</span> <span class='ocrx_word' id='word_1_1335' title='bbox 1792 3538 1875 3562; x_wconf 90' lang='lat' dir='ltr'>extra</span> <span class='ocrx_word' id='word_1_1336' title='bbox 1891 3541 1990 3571; x_wconf 89' lang='lat' dir='ltr'>genus</span> <span class='ocrx_word' id='word_1_1337' title='bbox 2004 3531 2112 3561; x_wconf 91' lang='lat' dir='ltr'>moris.</span> <span class='ocrx_word' id='word_1_1338' title='bbox 2138 3529 2222 3568; x_wconf 86' lang='lat' dir='ltr'>Quia</span> <span class='ocrx_word' id='word_1_1339' title='bbox 2237 3534 2324 3559; x_wconf 84' lang='lat' dir='ltr'>actus</span> <span class='ocrx_word' id='word_1_1340' title='bbox 2343 3527 2481 3558; x_wconf 90' lang='lat' dir='ltr'>hominis</span> <span class='ocrx_word' id='word_1_1341' title='bbox 2496 3527 2552 3569; x_wconf 91' lang='lat' dir='ltr'>qui</span> 
     </span>
    </p>
   </div>
   <div class='ocr_carea' id='block_1_24' title="bbox 2579 2981 2793 3061">
    <p class='ocr_par' dir='ltr' id='par_1_35' title="bbox 2579 2981 2793 3061">
     <span class='ocr_line' id='line_1_168' title="bbox 2607 2981 2793 3009; baseline 0.005 -6"><span class='ocrx_word' id='word_1_1342' title='bbox 2607 2981 2655 3009; x_wconf 85' lang='lat' dir='ltr'>Qu.</span> <span class='ocrx_word' id='word_1_1343' title='bbox 2670 2987 2691 3008; x_wconf 83' lang='grc' dir='ltr'>ι,</span> <span class='ocrx_word' id='word_1_1344' title='bbox 2709 2985 2751 3003; x_wconf 77' lang='grc' dir='ltr'>ιη.</span> <span class='ocrx_word' id='word_1_1345' title='bbox 2762 2981 2793 3008; x_wconf 84' lang='lat'>6,-</span> 
     </span>
     <span class='ocr_line' id='line_1_169' title="bbox 2579 3007 2792 3039; baseline 0.005 -10"><span class='ocrx_word' id='word_1_1346' title='bbox 2579 3014 2619 3039; x_wconf 74' lang='lat'>9¹¹·</span> <span class='ocrx_word' id='word_1_1347' title='bbox 2629 3014 2651 3035; x_wconf 82' lang='lat' dir='ltr'>v,</span> <span class='ocrx_word' id='word_1_1348' title='bbox 2662 3010 2704 3029; x_wconf 81' lang='lat' dir='ltr'>art.</span> <span class='ocrx_word' id='word_1_1349' title='bbox 2715 3007 2739 3035; x_wconf 81' lang='lat'>8;</span> <span class='ocrx_word' id='word_1_1350' title='bbox 2750 3014 2792 3036; x_wconf 77' lang='lat' dir='ltr'>qu.</span> 
     </span>
     <span class='ocr_line' id='line_1_170' title="bbox 2579 3037 2738 3061; baseline -0.006 -5"><span class='ocrx_word' id='word_1_1351' title='bbox 2579 3037 2631 3061; x_wconf 70' lang='lat' dir='ltr'>uta,</span> <span class='ocrx_word' id='word_1_1352' title='bbox 2646 3037 2689 3056; x_wconf 74' lang='lat' dir='ltr'>m.</span> <span class='ocrx_word' id='word_1_1353' title='bbox 2703 3041 2738 3061; x_wconf 79' lang='lat'>4.‚</span> 
     </span>
    </p>
   </div>
   <div class='ocr_carea' id='block_1_25' title="bbox 2578 3248 2751 3276">
    <p class='ocr_par' dir='ltr' id='par_1_36' title="bbox 2578 3248 2751 3276">
     <span class='ocr_line' id='line_1_171' title="bbox 2578 3248 2751 3276; baseline 0 -6"><span class='ocrx_word' id='word_1_1354' title='bbox 2578 3249 2588 3260; x_wconf 86' lang='grc'><em>“</em></span> <span class='ocrx_word' id='word_1_1355' title='bbox 2603 3248 2630 3270; x_wconf 84' lang='lat' dir='ltr'>Iu</span> <span class='ocrx_word' id='word_1_1356' title='bbox 2644 3253 2751 3276; x_wconf 81' lang='lat' dir='ltr'>corpore.</span> 
     </span>
    </p>
   </div>
  </div>
 </body>
</html>
