2852 4152
160 1911 172 1922 ⁸
186 1911 218 1933 Ca
238 1911 370 1937 .xv‚n.8.-

161 1937 185 1959 S.
196 1937 216 1959 T
235 1954 241 1959 .
256 1937 307 1959 lect.
321 1943 352 1958 vi.

163 2017 172 2026 ·
187 2016 244 2043 cap.
259 2022 301 2038 ιιι.

160 2439 168 2448 ”
183 2438 239 2465 Cup.
254 2443 295 2459 vn.

159 2755 169 2765 ⁶
185 2754 242 2781 Cap.
256 2759 298 2775 ιιι.

408 216 477 242 112

403 284 508 332 quod
538 296 582 320 ex
611 284 767 321 consilio
795 284 1003 321 iudicatum
1025 292 1090 321 est.
1122 286 1250 321 Motus
1278 296 1370 320 vero
1401 296 1464 332 ap-

402 336 579 386 petitivus
599 342 610 357 ⁸
639 338 677 374 in
705 338 836 384 finem,
857 350 936 374 non
964 337 1172 386 applicatur
1199 336 1375 373 consilio:
1397 336 1464 373 sed

404 390 522 437 magis
543 390 741 427 consilium
762 390 843 438 ipsi,
865 389 953 438 quia
973 390 1172 426 consilium
1192 388 1465 437 praesupponit

404 442 612 491 appetitum
641 443 739 480 finis.
770 442 844 479 Sed
873 443 1059 491 appetitus
1088 454 1220 478 eorum
1250 453 1349 488 quae
1378 448 1464 477 sunt

404 495 452 532 ad
481 495 612 542 finem,
641 495 914 544 praesupponit
934 494 1287 532 determinationem
1308 493 1461 529 consilii.

403 549 453 584 Et
479 548 566 585 ideo
601 548 800 597 applicatio
834 547 1026 595 appetitivi
1056 554 1182 582 motus
1211 546 1258 582 ad
1288 545 1462 582 determi-

403 600 598 637 nationem
632 601 796 647 consilii,
826 599 978 648 proprie
1009 606 1063 635 est
1091 610 1309 635 consensus.
1339 598 1462 644 Unde,

404 665 493 690 cum
523 653 717 691 consilium
747 665 825 690 non
853 653 899 688 sit
926 651 997 688 nisi
1021 651 1067 688 de
1096 651 1153 688 his
1182 663 1280 699 quae
1300 659 1386 688 sunt
1414 651 1463 688 ad

402 706 534 753 finem,
560 718 778 752 consensus,
804 704 955 753 proprie
980 703 1187 751 loquendo,
1211 716 1290 741 non
1315 712 1370 740 est
1393 704 1463 741 nisi

404 758 451 795 de
479 758 537 796 his
566 771 664 808 quae
693 766 779 795 sunt
807 757 854 794 ad
883 757 1013 793 finem.

455 813 514 848 AD
534 823 670 848 PR1MUM
689 822 786 847 ERGO
807 821 990 847 DlCENDUM
1009 809 1126 858 quod,
1143 809 1237 845 sicut
1254 809 1463 847 conclusio-

402 876 470 901 nes
499 864 640 900 scimus
666 876 735 912 per
761 861 954 911 principia,
983 862 1124 899 horum
1152 870 1282 899 tamen
1309 875 1388 899 non
1409 870 1464 900 est

402 916 572 963 scientia,
602 916 668 953 sed
696 915 801 964 quod
829 915 952 951 maius
980 922 1047 962 est,
1073 915 1212 952 scilicet
1239 915 1462 960 intellectus;

401 969 451 1006 ita
481 968 737 1005 consentimus
765 969 823 1005 his
848 980 946 1016 quae
975 975 1062 1004 sunt
1089 969 1138 1006 ad
1163 968 1281 1005 finem
1308 976 1464 1016 propter

401 1021 530 1067 finem,
561 1021 667 1058 cuius
686 1029 815 1058 tamen
843 1033 921 1058 non
951 1028 1006 1057 est
1031 1033 1250 1068 consensus,
1272 1021 1339 1057 sed
1359 1022 1463 1068 quod

401 1074 524 1111 maius
553 1081 619 1122 est,
649 1074 787 1111 scilicet
814 1075 1003 1111 voluntas.

452 1207 475 1239 ε)
494 1207 664 1239 appetitivus.
682 1221 701 1226 -
718 1207 852 1239 appetitus
870 1207 1047 1231 ABCFGIKL.

1101 207 1366 253 QUAESTIO
1395 207 1483 253 XV,

1513 206 1807 243 ARTICULUS
1837 206 1887 242 IV

1571 286 1629 320 AD
1647 296 1835 321 SECUNDUM
1855 295 2038 321 DICENDUM
2053 286 2157 334 quod
2176 286 2448 335 intemperatus
2467 287 2581 323 habet

1517 348 1587 384 pro
1608 337 1685 373 fine
1710 336 1998 374 delectationem
2019 338 2154 386 operis,
2179 347 2334 387 propter
2354 351 2470 388 quam
2491 351 2580 375 con-

1518 389 1628 425 sentit
1647 388 1684 425 in
1700 401 1808 437 opus,
1830 389 1950 436 magis
1970 401 2086 438 quam
2106 391 2229 440 ipsam
2250 391 2524 440 operationem.

1571 443 1629 477 AD
1653 452 1812 478 TERTlUM
1841 453 2024 479 DICENDUM
2044 444 2149 491 quod
2177 445 2309 481 electio
2340 444 2443 481 addit
2467 457 2580 492 supra

1519 505 1747 529 consensum
1767 494 1959 542 quandam
1985 496 2206 533 relationem
2226 504 2398 545 respectu
2420 496 2499 533 eius
2519 497 2579 533 cui

1517 545 1654 593 aliquid
1683 545 1933 593 praeeligitur:
1965 555 2001 584 et
2023 548 2110 585 ideo
2130 556 2216 597 post
2244 561 2486 596 consensum,
2516 550 2580 585 ad-

1516 599 1591 634 huc
1611 605 1780 634 remanet
1803 599 1946 637 electio.
1968 601 2098 638 Potest
2116 601 2219 638 enim
2240 602 2455 650 contingere
2476 602 2579 650 quod

1515 663 1585 699 per
1614 649 1811 687 consilium
1838 651 2078 690 inveniantur
2108 655 2216 703 plura
2251 654 2427 692 ducentia
2455 655 2502 691 ad
2535 654 2579 690 fi-

1517 715 1619 750 nem,
1641 715 1805 752 quorum
1829 704 1922 741 dum
1941 705 2138 760 quodlibet
2154 707 2296 756 placet,
2325 707 2364 744 in
2383 705 2580 755 quodlibet

1519 768 1652 793 eorum
1681 756 1928 793 consentitur:
1957 759 2024 795 sed
2053 770 2098 795 ex
2126 760 2251 797 multis
2283 772 2380 809 quae
2408 759 2577 808 placent,

1517 809 1817 857 praeaccipimus
1839 821 1960 846 unum
1989 809 2173 858 eligendo.
2199 812 2276 849 Sed
2304 812 2335 850 si
2366 811 2580 850 inveniatur

1517 874 1638 899 unum
1665 863 1788 899 solum
1810 862 1915 910 quod
1934 863 2100 911 placeat,
2126 876 2204 901 non
2223 865 2401 902 differunt
2419 877 2458 902 re
2489 876 2578 901 con-

1518 927 1650 952 sensus
1672 922 1707 951 et
1734 915 1880 962 electio,
1901 915 1969 952 sed
1997 915 2141 952 ratione
2169 923 2332 954 tantum:
2357 925 2398 954 ut
2421 929 2579 954 consen-

1518 980 1581 1004 sus
1611 967 1753 1005 dicatur
1781 968 1992 1005 secundum
2017 968 2122 1016 quod
2150 969 2273 1017 placet
2301 970 2350 1007 ad
2370 971 2577 1018 agendum3

1518 1020 1650 1056 electio
1671 1028 1815 1068 autem,
1831 1021 2044 1058 secundum
2060 1021 2167 1069 quod
2185 1022 2392 1070 praefertur
2404 1023 2462 1060 his
2481 1035 2579 1071 quae

1517 1085 1595 1109 non
1621 1073 1783 1121 placent.

543 1272 549 1289 χ
1352 1275 1616 1282 mm

1182 1349 1498 1392 ARTICULUS
1527 1349 1799 1401 QUARTUS

548 1451 704 1482 UTRUM
728 1450 974 1482 CONSENSUS
998 1450 1041 1481 IN
1064 1449 1219 1482 AcTUM
1242 1450 1488 1481 PERTINEAT
1512 1450 1659 1481 SOLUM
1682 1450 1739 1481 AD
1765 1450 2039 1482 SUPERIOREM
2062 1450 2229 1481 ANIMAE
2251 1451 2429 1483 PARTEM

838 1537 912 1566 Infra,
933 1545 977 1570 qu.
996 1544 1077 1568 Lmv,
1098 1541 1143 1562 art.
1164 1545 1193 1570 73
1213 1537 1233 1562 11
1253 1537 1335 1566 Seni„
1355 1537 1414 1562 dist.
1431 1545 1496 1567 xxm,
1516 1545 1560 1570 qu.
1579 1545 1617 1568 111,
1635 1542 1681 1562 art.
1705 1545 1732 1568 13
1753 1537 1794 1562 De
1817 1537 1906 1566 Verit„
1926 1545 1969 1570 qu.
1988 1544 2027 1567 ιν,
2047 1541 2095 1562 art.
2117 1537 2140 1562 3.

435 1673 446 1685 Ι
486 1659 490 1668 2
517 1669 554 1686 W„
610 1647 632 1672 D
653 1647 825 1678 QUARTUM
845 1647 898 1672 sm
918 1646 1156 1672 PROCEDITUR.
1177 1635 1335 1672 Videtur
1358 1635 1462 1684 quod

611 1701 820 1726 consensus
840 1689 887 1725 ad
907 1688 1099 1747 agendum
1114 1701 1193 1725 non
1212 1700 1364 1737 semper
1376 1701 1462 1737 per-

434 1779 438 1793 }
460 1784 463 1790 Δ
535 1790 537 1792 q
568 1742 783 1793 tineatad
799 1741 1034 1790 superiorem
1047 1741 1244 1779 rationem.
1257 1742 1462 1778 Delectatio

417 1799 420 1802 ’
452 1812 465 1824 ==
487 1765 577 1826 7⁵1¹
566 1790 715 1833 &enim
731 1795 970 1842 consequitur
983 1795 1249 1843 operationem,
1266 1800 1303 1831 et
1312 1795 1464 1842 perficit

399 1861 504 1889 eam.
532 1849 628 1885 sicut
659 1849 772 1885 decor
799 1848 1040 1893 iuventutem,
1075 1847 1171 1884 sicut
1198 1847 1332 1884 dicitur
1359 1848 1398 1884 in
1426 1849 1461 1884 Χ

397 1902 517 1938 Ethic.
538 1901 557 1923 ²³⁶
578 1901 654 1937 Sed
684 1912 891 1937 consensus
919 1900 956 1937 in
982 1876 1273 1937 delectationem
1302 1901 1463 1949 pertinet

398 1954 447 1991 ad
465 1954 683 1990 inferiorem
703 1953 900 1999 rationem,
921 1960 962 1989 ut
982 1952 1070 1989 dicit
1084 1953 1316 2000 Augustinus
1332 1953 1370 1990 in
1391 1955 1461 1990 XII

396 2008 443 2044 de
465 2008 501 2043 T
497 2007 567 2044 rin.
584 2007 604 2028 '¹‘
623 2007 725 2053 Ergo
750 2017 958 2042 consensus
986 2005 1024 2042 in
1050 2012 1178 2042 actum
1197 2018 1276 2042 non
1301 2007 1461 2055 pertinet

397 2060 445 2097 ad
474 2060 597 2097 solam
625 2059 861 2107 superiorem
890 2057 1088 2095 rationem.

451 2125 485 2150 2.
516 2113 748 2159 PREATEREA,
769 2112 866 2148 actio
895 2111 933 2148 in
962 2123 1078 2160 quam
1105 2111 1376 2159 consentimus,
1407 2112 1460 2150 di-

397 2165 490 2202 citur
519 2178 600 2202 esse
619 2165 843 2202 voluntaria.
875 2164 951 2201 Sed
970 2165 1175 2201 multarum
1204 2165 1459 2212 potentiarum

398 2226 453 2255 est
467 2218 678 2267 producere
702 2218 869 2254 actiones
887 2217 1132 2254 voluntarias.
1154 2218 1256 2264 Ergo
1281 2230 1359 2254 non
1379 2219 1460 2255 sola

397 2272 571 2321 superior
598 2271 691 2308 ratio
722 2270 907 2307 consentit
934 2270 972 2306 in
1001 2277 1139 2307 actum.

453 2326 486 2361 3.
516 2325 756 2370 PRAETEREA,
786 2322 960 2371 superior
987 2323 1081 2359 ratio
1117 2322 1272 2359 intendit
1300 2324 1461 2361 aeternis

397 2377 631 2426 inspiciendis
665 2388 712 2413 ac
749 2376 1001 2422 consulendis,
1030 2383 1072 2412 ut
1105 2375 1338 2423 Augustinus
1373 2376 1462 2414 dicit

397 2430 435 2467 in
464 2432 533 2467 XII
563 2430 608 2466 de
639 2431 675 2466 T
671 2430 742 2466 rin.
763 2429 782 2450 ’¹‘
807 2429 883 2466 Sed
908 2429 1099 2466 multoties
1127 2429 1246 2465 homo
1277 2430 1462 2467 consentit

396 2484 436 2520 in
464 2491 590 2520 actum
618 2494 697 2519 non
716 2489 871 2531 propter
889 2482 1054 2519 rationes
1082 2488 1266 2529 aeternas,
1287 2482 1354 2519 sed
1372 2494 1460 2531 pro-

397 2544 480 2586 pter
497 2536 641 2584 aliquas
657 2535 820 2572 rationes
835 2536 1076 2584 temporales,
1093 2535 1155 2571 vel
1175 2534 1286 2572 etiarn
1306 2543 1463 2584 propter

398 2590 542 2637 aliquas
562 2588 710 2625 animae
729 2588 938 2637 passiones.
960 2588 1052 2625 Non
1081 2599 1170 2635 ergo
1191 2587 1403 2625 consentire
1423 2588 1462 2626 in

398 2650 523 2679 actum
552 2641 712 2690 pertinet
740 2643 788 2679 ad
817 2642 939 2679 solam
968 2641 1204 2690 superiorem
1234 2641 1432 2679 rationem.

452 2696 527 2732 SED
555 2706 700 2732 CONTRA
722 2706 789 2731 EST
817 2694 922 2743 quod
941 2693 1173 2743 Augustinus
1202 2693 1301 2741 dicit,
1322 2695 1391 2732 XII
1417 2696 1462 2732 de

402 2750 438 2786 T
433 2749 504 2785 rin.
516 2748 552 2784 *z
571 2747 662 2785 Non
677 2753 799 2798 potest
810 2753 1008 2796 peccatum
1027 2748 1230 2796 efficaciter
1240 2753 1463 2796 perpetran-

398 2802 486 2838 dum
506 2806 629 2838 mente
653 2801 813 2847 decerni,
835 2801 908 2838 nisi
931 2801 994 2838 illa
1019 2800 1150 2837 mentis
1173 2800 1324 2837 intentio
1346 2807 1463 2849 penes

398 2866 512 2902 quam
545 2865 694 2891 summa
716 2859 880 2902 potestas
909 2859 962 2890 est
988 2854 1159 2891 membra
1192 2853 1229 2889 in
1258 2851 1354 2901 'opus
1382 2865 1462 2891 mo-

397 2907 509 2944 vendi
530 2907 590 2943 vel
607 2908 655 2944 ab
675 2918 788 2956 opere
806 2907 1018 2953 cohibendi,
1040 2906 1165 2943 malae
1191 2906 1332 2943 actioni
1356 2907 1463 2944 cedat

399 2966 435 2996 et
459 2961 607 2997 serviat.

452 3014 677 3050 REsponnEo
697 3025 880 3050 DICENDUM
901 3012 1006 3060 quod
1021 3012 1144 3049 finalis
1165 3012 1349 3049 sententia
1364 3024 1462 3049 sem-

397 3078 467 3115 per
499 3066 659 3114 pertinet
687 3067 735 3103 ad
764 3078 853 3102 eum
878 3066 942 3115 qui
970 3065 1143 3114 superior
1170 3073 1240 3111 est,
1271 3065 1321 3102 ad
1345 3077 1461 3114 quern

399 3119 560 3168 pertinet
586 3119 632 3155 de
657 3119 735 3155 aliis
762 3119 945 3156 iudicare:
972 3118 1141 3167 quandiu
1167 3118 1268 3155 enim
1294 3118 1462 3156 iudican-

401 3172 494 3209 dum
514 3179 627 3208 restat
641 3172 746 3220 quod
765 3172 1000 3220 proponitur,
1023 3171 1196 3209 nondum
1214 3172 1324 3209 datur
1338 3171 1461 3209 finalis

401 3225 594 3262 sententia.
626 3225 870 3261 Manifestum
905 3232 961 3261 est
993 3232 1120 3261 autem
1149 3225 1255 3273 quod
1289 3224 1463 3273 superior

400 3278 493 3315 ratio
523 3285 578 3315 est
605 3289 702 3327 quae
735 3278 850 3314 habet
878 3277 925 3314 de
954 3278 1132 3314 omnibus
1160 3277 1342 3315 iudicare:
1372 3277 1461 3326 quia

401 3331 448 3368 de
476 3331 714 3368 sensibilibus
746 3342 815 3379 per
848 3330 1032 3367 rationem
1068 3330 1298 3376 iudicamus;
1328 3330 1375 3368 de
1402 3329 1463 3367 his

1515 1647 1610 1672 vero
1631 1647 1728 1683 quae
1749 1634 1798 1671 ad
1822 1634 1986 1671 rationes
2010 1635 2198 1671 humanas
2218 1633 2419 1683 pertinent,
2439 1633 2580 1672 iudica-

1516 1700 1602 1724 mus
1621 1687 1834 1725 secundum
1850 1687 2013 1724 rationes
2034 1686 2194 1734 divinas,
2211 1699 2310 1737 quae
2324 1687 2512 1736 pertinent
2531 1687 2582 1726 ad

1516 1742 1701 1778 rationem
1731 1740 1980 1790 superiorem.
2010 1741 2060 1777 Et
2087 1739 2175 1778 ideo
2204 1740 2374 1790 quandiu
2392 1740 2579 1779 incertum

1516 1802 1573 1831 est
1591 1800 1609 1816 α
1629 1807 1677 1831 an
1705 1794 1918 1831 secundum
1948 1793 2112 1830 rationes
2133 1793 2280 1831 divinas
2303 1793 2497 1830 'resistatur
2513 1791 2579 1831 vel

1516 1859 1607 1894 non,
1628 1847 1774 1884 nullum
1799 1846 1981 1884 iudicium
2010 1846 2164 1883 rationis
2189 1846 2306 1883 habet
2324 1845 2511 1885 rationem
2534 1847 2579 1884 fi-

1515 1900 1608 1937 nalis
1628 1900 1848 1937 sententiae.
1870 1899 2010 1936 Finalis
2031 1906 2159 1936 autem
2185 1899 2370 1936 sententia
2394 1899 2440 1936 de
2466 1911 2579 1949 agen·
2611 1936 2616 1941 ,

1516 1953 1572 1990 dis
1608 1961 1663 1989 est
1697 1965 1905 1989 consensus
1933 1952 1972 1989 in
2000 1960 2139 1989 actum.
2170 1953 2219 1989 Et
2246 1952 2333 1989 ideo
2371 1964 2578 1990 consensus

1514 2005 1553 2042 in
1573 2013 1700 2042 actum
1719 2005 1881 2054 pertinet
1899 2005 1949 2042 ad
1968 2005 2154 2042 rationem
2171 2005 2424 2053 superiorem:
2445 2017 2579 2044 secun-

1515 2059 1608 2095 dum
1637 2066 1766 2095 tamen
1794 2058 1898 2106 quod
1926 2058 1965 2094 in
1994 2057 2138 2094 ratione
2160 2058 2339 2095 voluntas
2365 2057 2578 2106 includitur,

1515 2111 1611 2148 sicut
1638 2123 1752 2160 supra
1770 2111 1790 2132 '¹‘
1819 2111 1961 2148 dictum
1991 2117 2057 2147 est.

1568 2166 1626 2201 AD
1655 2176 1792 2202 PRIMUM
1821 2175 1918 2201 ERGO
1947 2175 2132 2200 DiCENDUM
2166 2163 2271 2212 quod
2305 2175 2512 2200 consensus
2539 2163 2579 2201 in

1515 2217 1806 2254 delectationem
1839 2216 1965 2265 operis
1991 2215 2152 2264 pertinet
2185 2217 2235 2253 ad
2254 2216 2490 2265 superiorem
2522 2228 2579 2253 ra-

1514 2271 1672 2317 tionem,
1702 2270 1796 2307 sicut
1825 2278 1860 2306 et
1889 2281 2096 2306 consensus
2115 2268 2154 2305 in
2174 2281 2292 2316 opus:
2322 2268 2391 2309 sed
2419 2281 2578 2306 consen-

1515 2336 1578 2360 sus
1593 2323 1632 2360 in
1647 2322 1938 2360 delectationem
1959 2320 2206 2369 cogitationis,
2226 2321 2388 2369 pertinet
2401 2322 2450 2358 ad
2466 2322 2578 2359 ratio-

1514 2388 1604 2414 nem
1633 2375 1863 2421 inferiorem,
1890 2374 1986 2411 sicut
2003 2374 2054 2411 ad
2077 2374 2198 2422 ipsam
2218 2374 2382 2422 pertinet
2402 2374 2575 2422 cogitare.

1515 2431 1564 2466 Et
1590 2437 1720 2466 tamen
1749 2428 1796 2465 de
1824 2428 1899 2464 hoc
1925 2427 2009 2476 ipso
2030 2427 2134 2476 quod
2159 2433 2214 2463 est
2234 2426 2397 2475 cogitare
2417 2428 2479 2464 vel
2498 2440 2577 2465 non

1515 2483 1695 2531 cogitare,
1725 2481 1952 2529 inquantum
1982 2479 2242 2517 consideratur
2267 2486 2310 2516 ut
2337 2479 2435 2517 actio
2463 2477 2578 2530 quae-

1515 2535 1618 2583 dam,
1638 2534 1754 2572 habet
1772 2533 1953 2571 iudicium
1969 2532 2142 2582 superior
2161 2531 2274 2569 ratio:
2295 2539 2331 2568 et
2346 2531 2515 2571 similiter
2528 2533 2576 2573 de

1515 2587 1763 2626 delectatione
1792 2593 2062 2634 consequente.
2093 2585 2171 2622 Sed
2198 2585 2424 2633 inquantum
2442 2585 2578 2636 accipi-

1514 2650 1575 2679 tur
1599 2647 1641 2678 ut
1664 2641 1712 2678 ad
1740 2639 1930 2677 actionem
1950 2638 2063 2676 aliam
2092 2637 2321 2685 ordinatum,
2346 2638 2400 2675 sic
2417 2638 2579 2686 pertinet

1515 2696 1566 2732 ad
1583 2694 1798 2731 inferiorem
1818 2693 2016 2729 rationem.
2033 2691 2150 2738 Quod
2170 2691 2274 2728 enim
2293 2691 2342 2728 ad
2361 2691 2463 2728 aliud
2478 2690 2578 2729 ordi-

1515 2755 1636 2794 natur,
1662 2746 1711 2784 ad
1730 2745 1947 2783 inferiorern
1966 2752 2086 2782 artem
2106 2744 2168 2782 vel
2186 2743 2397 2792 potentiam
2416 2744 2578 2792 pertinet

1515 2811 1632 2850 quam
1651 2799 1738 2836 finis
1757 2799 1806 2836 ad
1825 2810 1941 2846 quem
1967 2797 2178 2835 ordinatur:
2197 2796 2301 2834 unde
2325 2808 2385 2833 ars
2405 2808 2502 2845 quae
2522 2805 2580 2835 est

1516 2855 1564 2891 de
1591 2853 1687 2900 fine,
1717 2850 2019 2897 architectonica,
2049 2862 2117 2887 seu
2143 2849 2376 2900 principalis,
2404 2855 2576 2887 vocatur.

1569 2908 1627 2943 An
1657 2917 1846 2942 SECUNDUM
1867 2915 2050 2941 chENDUM
2079 2903 2195 2952 quod,
2217 2902 2306 2951 quia
2334 2901 2502 2939 actiones
2522 2902 2576 2940 di-

1517 2966 1652 2996 cuntur
1679 2957 1915 2995 voluntariae
1942 2969 1987 2994 ex
2006 2956 2081 2993 hoc
2101 2955 2205 3004 quod
2230 2955 2282 2991 eis
2303 2954 2574 3003 consentimus,

1515 3024 1594 3049 non
1622 3018 1772 3061 oportet
1800 3010 1903 3059 quod
1928 3021 2136 3046 consensus
2155 3008 2201 3045 sit
2219 3007 2417 3044 cuiuslibet
2443 3015 2577 3063 poten-

1514 3065 1603 3112 tiae,
1634 3065 1702 3102 sed
1729 3063 1951 3110 voluntatis,
1982 3074 2004 3099 a
2031 3068 2120 3110 qua
2135 3060 2270 3098 dicitur
2295 3048 2577 3108 voluntarium;

1515 3130 1615 3167 quae
1644 3125 1699 3154 est
1725 3117 1763 3154 in
1791 3115 1948 3162 ratione,
1979 3114 2074 3152 sicut
2102 3113 2244 3151 dictum
2274 3121 2330 3150 est
2348 3113 2379 3150 ²¹⁸.

1567 3172 1626 3208 Ao
1645 3181 1804 3207 TERTIUM
1821 3179 2006 3206 DICENDUM
2026 3166 2130 3226 quod
2145 3166 2239 3203 ratio
2255 3166 2429 3215 superior
2442 3165 2578 3204 dicitur

1515 3223 1748 3270 consentire,
1778 3234 1856 3259 non
1884 3221 2010 3258 solum
2042 3219 2130 3268 quia
2163 3219 2377 3256 secundum
2410 3218 2575 3256 rationes

1514 3285 1685 3314 aeternas
1713 3287 1866 3323 semper
1893 3280 2049 3311 moveat
2073 3273 2121 3310 ad
2140 3272 2347 3320 agendmm
2373 3271 2441 3308 sed
2461 3270 2574 3308 etiam

1514 3329 1603 3379 quia
1631 3328 1842 3366 secundum
1871 3326 2034 3364 rationes
2063 3333 2234 3363 aeternas
2261 3337 2339 3362 non
2368 3323 2546 3361 dissentit.

455 3469 481 3499 α)
502 3468 629 3493 incertum
650 3471 696 3493 est.
714 3482 733 3487 -
751 3471 851 3493 certum
872 3475 923 3492 non
943 3468 978 3492 sit
998 3468 1026 3499 E,
1047 3468 1174 3493 incertum
1196 3469 1232 3493 sit
1250 3469 1364 3499 KsBFH,
1383 3469 1476 3493 omittit
1495 3469 1541 3500 pC,
1560 3472 1660 3493 certum
1680 3469 1715 3493 sit
1734 3468 1820 3492 ceteri.

2606 2122 2789 2150 ‘Archadi-

2604 3123 2687 3146 *lbid.
