2846 4146
93 714 102 722 ·
113 713 160 740 Qu.
168 718 213 739 ων,
224 715 266 734 ιη.
276 718 301 738 4,

91 738 223 760 Commeat.
233 744 257 760 n.
267 744 301 764 ιιι,

91 940 100 950 ·
116 939 163 968 Qu.
179 945 212 966 ix,
227 943 270 962 nrt.
284 945 300 960 1.

90 1291 99 1300 ¹
112 1288 172 1311 lbid.

86 1915 98 1924 ”
112 1913 176 1937 Sent-
189 1919 230 1936 vn.

83 2235 164 2284 ἱεὲιρ..
175 2241 191 2258 ι.
199 2247 210 2252 -
217 2235 243 2258 S.
250 2235 295 2258 Th.

83 2337 95 2347 ’
109 2335 178 2359 ven.
191 2342 212 2364 5.

82 2709 95 2718 ·
110 2707 178 2730 Vm.
188 2713 222 2736 ις.

85 2921 96 2930 ·
110 2919 178 2942 vers.
192 2925 225 2946 ¹4-

86 3125 98 3135 '¹
108 3123 164 3152 Cup.
174 3130 239 3151 xvm,
249 3130 296 3146 xix.

112 3241 160 3269 Qu.
172 3247 240 3269 uni,
255 3245 296 3264 art.

1012 240 1277 287 QUAESTIO
1308 240 1427 287 LXV,
1457 239 1752 276 ARTICULUS
1783 240 1814 275 11

333 320 408 361 quia
428 329 503 350 vero
527 319 634 350 omnia
657 329 830 349 consonare
846 320 988 351 absolute
1004 327 1034 351 et
1049 320 1231 360 simpliciter
1247 319 1386 359 disputa-

333 372 418 400 mus;
442 364 518 394 haec
534 363 573 393 de
588 363 690 394 tertio.
716 363 750 393 In
769 373 835 404 quo
852 364 924 403 plus
941 365 1061 395 dictum
1077 371 1124 395 est
1138 370 1236 405 quam
1250 363 1384 404 promis-

331 417 405 439 sum
427 407 531 443 fuerit,
554 417 593 438 ne
616 407 769 438 connexio
793 407 961 439 adduceret
983 409 1022 439 ad
1046 408 1238 439 credendum
1260 408 1385 438 habitus

330 451 484 483 virtutum
505 450 676 482 moralium
699 461 736 481 ex
758 451 949 492 respectibus
973 463 1039 483 esse
1061 453 1201 491 virtutes,
1218 458 1248 482 et
1267 462 1332 482 non
1349 462 1385 482 ex

332 494 480 526 essentia:
505 494 594 525 cuius
617 494 809 526 contrarium
832 506 926 535 supra
943 495 1121 532 habuimus,
1146 503 1203 528 etc.

386 539 468 570 XIV.
486 538 521 568 ln
537 536 741 579 responsione
758 539 796 568 ad
808 539 948 578 primurn
962 540 993 570 in
1007 540 1121 570 eodem
1134 540 1276 576 articulo,
1289 539 1384 569 habes

330 583 384 613 illa
405 583 512 619 verba,
537 582 652 613 scilicet
679 583 767 622 quod
789 589 954 623 geometra
978 584 1101 615 modico
1122 584 1226 614 studio
1249 584 1386 623 acquirit

329 627 494 657 scientiam
517 627 656 656 alicuius
673 627 886 658 conclusionis
901 638 995 668 quam
1019 638 1184 668 nunquam
1201 627 1382 658 considera-

331 671 394 708 vit,·
416 680 453 700 ex
475 670 591 711 quibus
614 677 756 700 errarunt
777 671 965 702 Thomistae
988 671 1085 712 aliqui
1108 673 1147 702 de
1162 671 1271 702 habitu
1287 671 1384 701 scien-

330 714 399 750 tiae,
424 721 459 746 ut
482 714 626 754 superius
641 714 659 733 *
681 715 896 754 exposuimus.
921 716 961 746 Et
983 715 1055 746 ideo
1079 723 1283 747 transeamus.

383 758 451 789 XV.
477 757 512 787 In
534 757 740 797 responsione
764 759 803 788 ad
826 759 954 789 tertium
976 759 1009 789 in
1032 760 1146 790 eodem
1165 759 1307 798 articulo,
1323 759 1385 789 hoc

329 801 435 832 solum
458 807 552 832 restat
574 801 796 832 declarandum
820 803 909 843 quod
931 803 963 833 in
987 803 1069 833 calce
1084 803 1167 833 illius
1183 803 1309 834 dicitur:
1327 802 1383 832 sci-

327 842 400 875 licet
421 845 510 886 quod
534 855 627 875 causa
645 846 871 886 dependendae
891 853 1021 877 mutuae
1043 847 1124 877 inter
1138 845 1338 887 prudentiam
1355 849 1385 876 et

327 888 462 919 morales
484 889 624 926 virtutes,
642 896 688 920 est
704 897 816 921 mutua
831 891 932 921 motio
948 890 1078 921 rationis
1093 896 1124 921 et
1137 886 1304 930 appetitus.
1322 890 1384 920 Ubi

328 939 403 977 nota
425 933 515 974 quod
537 933 681 974 superius
695 934 722 971 *,
739 934 818 965 dum
841 935 879 964 de
903 934 1022 965 actibus
1045 933 1217 965 voluntatis
1239 941 1384 965 tractare-

327 982 388 1013 tur,
412 977 580 1007 didicimus
603 978 691 1018 quod
714 978 793 1009 ratio
813 985 859 1009 est
874 979 1016 1018 primum
1031 988 1164 1009 movens
1181 978 1220 1008 ad
1235 978 1383 1018 speciem,

327 1027 359 1051 et
380 1027 548 1061 propterea
570 1028 678 1053 movet
705 1022 882 1062 appetitum
905 1032 941 1053 ex
964 1029 1052 1062 parte
1075 1022 1203 1059 obiecti;
1227 1022 1384 1063 appetitus

325 1069 432 1095 autem
455 1072 502 1095 est
523 1065 663 1106 primum
692 1075 824 1097 movens
846 1066 887 1096 ad
910 1066 1104 1103 exercitium,
1129 1073 1159 1097 et
1181 1066 1253 1096 ideo
1277 1072 1385 1097 movet

325 1108 480 1140 rationem
504 1119 540 1139 ex
561 1116 649 1150 parte
672 1109 812 1141 subiecti.
833 1111 874 1141 Et
896 1110 927 1141 in
949 1111 1009 1141 hoc
1024 1117 1089 1141 tam
1105 1111 1262 1141 excelsum
1278 1117 1308 1141 et
1323 1110 1384 1150 pri-

326 1162 418 1183 mum
440 1153 631 1196 principium
647 1153 773 1185 deducit
788 1157 917 1191 Auctor,
934 1155 1023 1195 quasi
1038 1155 1071 1185 in
1086 1155 1223 1195 primam
1237 1155 1383 1191 radicem,

326 1197 558 1228 connexionem
579 1197 735 1230 virtutum
756 1199 935 1229 moralium.
955 1198 997 1229 Et
1014 1198 1137 1230 merito.
1155 1198 1239 1236 Quia
1254 1199 1383 1230 virtutes

326 1241 461 1271 morales
484 1240 651 1282 perficiunt
673 1242 851 1283 appetitum
873 1249 1016 1282 respectu
1039 1242 1126 1273 finis:
1147 1250 1177 1274 et
1191 1253 1228 1273 ex
1244 1242 1385 1283 supradi-

327 1284 382 1315 ctis
401 1285 419 1304 *
441 1292 563 1316 constat
585 1287 674 1327 quod
696 1286 852 1326 appetitus
877 1296 913 1316 ex
936 1286 998 1316 hoc
1017 1287 1104 1327 quod
1127 1286 1294 1327 proprium
1317 1287 1384 1317 eius

325 1329 486 1359 obiectum
509 1336 556 1360 est
576 1329 656 1367 finis,
674 1329 768 1360 habet
782 1330 870 1370 quod
886 1329 925 1362 sit
944 1330 1084 1370 primum
1099 1340 1232 1360 movens
1247 1330 1286 1360 ad
1301 1340 1384 1360 exer-

326 1372 446 1403 citium.
469 1372 622 1416 Perfectio
647 1373 743 1413 igitur
764 1373 918 1404 virtutum
941 1373 1112 1405 moralium
1129 1381 1247 1414 spectat
1261 1374 1301 1404 ad
1316 1384 1385 1413 per-

2422 239 2498 284 423

1439 317 1607 348 sectionem
1630 317 1787 357 appetitus
1804 324 1839 348 ut
1855 317 2011 348 moventis
2034 318 2074 347 ad
2093 317 2287 354 exercitium;
2305 328 2340 348 ac
2354 327 2410 357 per
2424 317 2498 353 hoc,

1439 369 1475 393 ut
1497 362 1654 392 moventis
1677 362 1846 397 rationem;
1871 371 1906 391 ac
1930 371 1986 400 per
2008 362 2079 397 hoc,
2105 368 2139 392 ut
2161 362 2338 392 inchoantis
2362 362 2500 401 pruden-

1438 406 1524 443 tiam,
1549 416 1631 447 quae
1653 412 1700 436 est
1721 406 1754 435 in
1778 405 1899 436 ratione
1922 412 1957 435 ut
1979 412 2067 436 mota
2090 406 2128 435 ab
2153 406 2304 445 appetitu.
2328 406 2499 436 Prudentia

1438 460 1524 486 vero,
1541 450 1615 491 quia
1630 450 1748 480 formas
1766 449 1818 480 dat
1836 449 2011 490 agibilibus,
2029 450 2087 480 sub
2104 449 2219 489 quibus
2236 449 2346 479 formis
2363 449 2496 489 agibilia,

1439 500 1549 534 utpote
1573 493 1686 525 rationi
1714 503 1868 530 consona,
1894 494 1997 523 bonos
2022 492 2161 523 efficiunt
2183 493 2322 529 habitus,
2347 493 2401 533 qui
2426 499 2499 523 sunt

1438 538 1581 574 virtutes;
1606 537 1727 578 perficit
1749 537 1943 568 intellectum
1967 543 2122 577 quatenus
2146 536 2285 566 motivus
2309 543 2355 566 est
2373 537 2412 566 ad
2429 547 2498 576 spe-

1438 582 1531 617 ciem;
1549 591 1584 612 ac
1601 592 1656 621 per
1678 582 1749 618 hoc,
1773 588 1929 622 quatenus
1953 581 2092 612 motivus
2116 587 2162 611 est
2184 580 2341 620 appetitus
2361 591 2397 610 ex
2412 587 2499 620 parte

1438 626 1551 656 obiecti
1574 626 1613 656 ad
1635 625 1765 656 virtutes
1792 626 1937 656 morales.
1963 625 2046 662 Quia
2068 625 2163 664 igitur
2193 631 2303 654 mutua
2327 631 2373 654 est
2397 624 2498 654 motio

1438 670 1567 700 rationis
1594 677 1624 700 et
1647 670 1817 709 appetitus;
1847 677 1877 701 et
1905 669 2072 709 prudentia
2093 668 2126 699 in
2157 669 2290 705 ratione,
2317 675 2347 698 et
2368 668 2498 699 virtutes

1438 714 1573 744 morales
1585 714 1618 743 in
1633 714 1783 753 appetitu,
1797 720 1939 753 spectant
1954 714 1993 743 ad
2009 713 2077 744 illas
2093 720 2220 744 mutuas
2235 712 2407 743 motiones:
2425 712 2499 742 hinc

1416 768 1418 770 ’
1438 757 1583 797 provenit
1605 763 1641 788 ut
1662 757 1828 797 prudentia
1860 764 1890 788 et
1913 758 2047 787 morales
2075 757 2204 787 virtutes
2232 763 2344 787 mutua
2367 766 2498 797 quoque

1438 801 1634 832 connexione
1657 801 1718 831 sint
1734 802 1954 841 dependentes.
1971 819 1990 823 -
2006 802 2046 832 Et
2060 801 2133 831 hinc
2148 801 2244 837 eleva,
2261 801 2368 837 lector,
2384 801 2498 831 mentis

1437 845 1548 876 oculos
1572 845 1605 875 in
1629 845 1846 875 celsitudinem
1869 845 2086 875 admirabilem
2110 845 2268 876 doctrinae
2287 844 2382 875 huius
2402 844 2499 875 divini

1438 889 1594 925 Doctoris,
1612 889 1706 919 etiam
1721 889 1753 919 in
1766 889 1814 919 his
1827 889 1966 919 minimis
1979 889 2163 919 resolveritis
2175 889 2207 919 in
2220 889 2322 930 prima
2333 888 2497 929 principia.

1492 933 1575 964 XVI.
1593 933 1627 963 In
1643 932 1850 973 responsione
1865 933 1905 963 ad
1920 940 2070 974 quartum
2083 933 2116 963 in
2129 933 2243 964 eodem
2255 933 2398 969 articulo,
2412 939 2497 970 nota,

1439 977 1567 1014 novitie,
1591 977 1681 1018 quod
1703 977 1776 1007 hinc
1795 977 1890 1007 habes
1907 977 2066 1018 duplicem
2084 977 2287 1008 differentiam
2303 977 2384 1007 inter
2398 984 2499 1007 artem

1438 1028 1468 1052 et
1491 1021 1702 1062 prudentiam,
1727 1031 1764 1051 ex
1786 1031 1850 1061 qua
1873 1020 1907 1051 fit
1930 1021 2018 1062 quod
2042 1028 2121 1052 artes
2145 1031 2210 1051 non
2234 1028 2308 1052 sunt
2329 1031 2496 1058 connexae,

1438 1065 1621 1106 prudentiae
1643 1075 1718 1099 vero
1743 1075 1808 1095 non
1833 1065 1939 1095 solum
1965 1075 2133 1101 connexae,
2150 1065 2204 1095 sed
2229 1075 2301 1096 una.
2321 1065 2426 1095 Prima
2442 1072 2497 1102 est,

1437 1110 1511 1151 quia
1535 1120 1582 1140 ars
1599 1109 1724 1150 respicit
1738 1109 1885 1139 factibilia
1901 1119 1967 1139 uno
1984 1109 2082 1139 modo
2099 1116 2233 1145 tantum,
2250 1109 2366 1140 scilicet
2381 1115 2417 1140 ut
2432 1120 2498 1140 ma-

1437 1153 1560 1184 teriam:
1585 1153 1752 1194 prudentia
1769 1163 1844 1183 vero
1861 1153 1986 1194 respicit
2003 1153 2126 1193 agibilia
2141 1153 2314 1193 dupliciter,
2331 1153 2446 1185 scilicet
2463 1161 2499 1184 ut

1438 1197 1612 1234 materiam,
1628 1204 1658 1228 et
1673 1204 1709 1228 ut
1723 1197 1887 1238 principia.
1899 1215 1919 1220 -
1936 1197 2080 1228 Secunda
2099 1204 2144 1228 est
2159 1198 2258 1238 quod,
2275 1197 2369 1229 etiam
2385 1198 2498 1229 stando

1437 1242 1606 1282 utrobique
1628 1241 1710 1272 infra
1731 1241 1887 1272 rationem
1910 1242 2067 1278 materiae,
2087 1241 2236 1273 factibilia
2254 1252 2320 1272 non
2334 1249 2408 1272 sunt
2422 1252 2499 1272 con-

1438 1296 1525 1322 nexa,
1550 1293 1586 1316 ut
1608 1295 1693 1316 error
1716 1285 1748 1316 in
1772 1296 1838 1316 uno
1858 1286 2011 1319 redundet
2026 1285 2058 1316 in
2074 1286 2175 1316 aliud:
2193 1285 2317 1325 agibilia
2331 1292 2439 1317 autem
2454 1286 2498 1318 sic

1439 1336 1512 1360 sunt
1536 1329 1688 1366 ordinata,
1705 1330 1793 1370 quod
1816 1340 1901 1360 error
1915 1329 1947 1359 in
1964 1340 2030 1360 uno
2046 1340 2183 1360 errorem
2199 1330 2361 1361 induceret
2376 1330 2408 1360 in
2424 1330 2496 1368 alio,

1440 1380 1476 1403 ut
1498 1383 1535 1403 ex
1557 1373 1722 1414 praedictis
1738 1373 1755 1392 *
1769 1380 1863 1413 patet.

1087 1515 1403 1557 ARTICULUS
1433 1515 1732 1557 SECUNDUS

756 1599 912 1630 UTRUM
935 1598 1151 1630 VIRTUTES
1173 1598 1376 1629 MORALES
1400 1597 1578 1629 possmr
1601 1598 1702 1629 ESSE
1724 1598 1819 1628 SINE
1843 1598 2063 1630 CARITATE

502 1669 534 1693 ΙΙ·
553 1669 605 1699 [Ι“’,
624 1675 668 1701 qu.
687 1674 756 1698 xxm,
774 1673 820 1693 art.
840 1675 870 1701 73
889 1668 920 1693 111
939 1668 1022 1697 Sem„
1041 1668 1098 1693 dist.
1117 1675 1192 1698 xxvn,
1211 1675 1256 1700 qu.
1275 1675 1302 1698 11,
1322 1672 1369 1692 art.
1389 1675 1415 1699 4,
1434 1667 1481 1699 qu*
1503 1667 1526 1696 3,
1545 1667 1576 1691 ad
1599 1674 1628 1698 ²3
1649 1667 1706 1692 dist.
1725 1674 1805 1696 xxxvr,
1825 1672 1870 1692 art.
1891 1675 1904 1692 2
1911 1675 1918 1698 ;
1940 1668 1980 1692 De
2003 1668 2108 1698 Virtut„
2128 1677 2173 1702 qu.
2192 1677 2216 1700 ν,
2236 1676 2282 1694 art.
2302 1678 2326 1696 2.

358 1779 398 1798 „f
410 1770 422 1792 ἓ
441 1773 511 1814 ,Ὗ
537 1759 559 1784 n
575 1758 764 1785 SECUNDUM
779 1759 832 1784 Sic
847 1759 1086 1784 PROCEDITUR.
1102 1746 1261 1784 Videtur
1279 1747 1382 1795 quod

358 1787 506 1863 &225⁴
535 1800 693 1838 virtutes
721 1801 887 1838 morales
904 1800 1051 1849 possint
1079 1812 1161 1837 esse
1181 1800 1263 1837 sine
1292 1799 1384 1836 cari-

403 1852 462 1898 ὲὲ
478 1861 504 1899 (2
536 1859 622 1891 tate.
643 1853 789 1890 Dicitur
808 1853 910 1890 enim
930 1853 968 1890 in
987 1853 1083 1890 libro
1107 1853 1381 1890 Sententiarum

344 1901 356 1911 ’
382 1883 715 1955 QQNProsperi
742 1906 779 1953 ²⁸,
809 1907 914 1955 quod
942 1907 1063 1943 omnis
1089 1907 1208 1943 virtus
1229 1911 1383 1954 praeter

325 1959 539 2006 caritatem,
562 1965 686 2008 potest
710 1972 788 1996 esse
815 1960 1023 1996 communis
1059 1960 1165 1996 bonis
1200 1965 1236 1996 et
1261 1959 1381 1996 malis.

326 2012 404 2049 Sed
431 2012 569 2049 caritas
593 2024 667 2049 non
689 2018 813 2060 potest
828 2025 906 2049 esse
932 2013 1006 2049 nisi
1029 2013 1066 2049 in
1087 2013 1203 2059 bonis,
1224 2020 1266 2049 ut
1294 2012 1383 2049 dici-

323 2072 385 2102 tur
415 2065 571 2102 ibidem.
602 2067 704 2114 Ergo
733 2065 827 2102 aliae
863 2065 1022 2103 virtutes
1056 2073 1216 2115 possunt
1250 2065 1383 2102 haberi

324 2118 405 2155 sine
434 2118 598 2155 caritate.
1248 2147 1250 2150 ψ

378 2182 414 2208 2.
435 2171 668 2218 PRAETEREA,
687 2170 844 2208 virtutes
865 2172 1028 2209 morales
1055 2180 1216 2221 possunt
1240 2171 1383 2221 acquiri

326 2235 372 2260 ex
399 2223 545 2260 actibus
568 2224 759 2271 humanis,
779 2231 821 2261 ut
849 2224 982 2261 dicitur
1000 2224 1039 2261 in
1068 2225 1100 2261 II
1123 2225 1243 2262 Ethic.
1264 2224 1284 2246 ²*
1305 2224 1382 2262 Sed

324 2276 458 2314 caritas
486 2288 564 2314 non
591 2277 754 2314 habetur
780 2277 851 2314 nisi
875 2290 921 2314 ex
939 2277 1146 2324 infusione;
1167 2278 1379 2315 secundum

323 2330 415 2366 illud
433 2331 545 2374 Rom.
565 2341 589 2366 v
605 2330 644 2365 *t
670 2329 818 2366 Caritas
835 2330 910 2367 Dei
926 2330 1064 2380 diffusa
1082 2336 1136 2367 est
1153 2331 1189 2367 in
1209 2331 1383 2367 cordibus

323 2383 458 2420 nostris
479 2395 553 2432 per
578 2382 756 2430 Spiritum
785 2383 976 2428 Sanctum,
1012 2384 1079 2431 qui
1102 2383 1211 2420 datus
1237 2389 1292 2420 est
1316 2395 1382 2420 no-

322 2435 389 2472 his.
410 2436 511 2484 Ergo
541 2435 634 2473 aliae
671 2435 827 2473 virtutes
854 2444 1015 2485 possunt
1050 2437 1182 2475 haberi
1211 2435 1292 2474 sine
1321 2449 1381 2474 ca-

323 2488 441 2526 ritate.

361 2542 412 2578 ·3.
442 2541 684 2588 PRAETEREA,
712 2540 870 2578 virtutes
905 2541 1069 2580 morales
1107 2550 1383 2580 connectuntur

266 2591 268 2594 ’
323 2593 580 2641 adinvicem,
609 2593 834 2642 inquantum
869 2593 1086 2642 dependent
1119 2607 1141 2631 a
1167 2594 1380 2644 prudentia.

325 2647 401 2683 Sed
438 2646 570 2683 caritas
607 2658 686 2683 non
727 2647 916 2695 dependet
950 2659 972 2683 a
1007 2647 1230 2696 prudentia3
1259 2649 1380 2686 immo

322 2698 561 2747 prudentiam
590 2698 746 2745 excedit,
775 2699 987 2736 secundum
1014 2700 1105 2737 illud
1131 2701 1265 2750 Ephes.
1287 2713 1323 2738 111
1342 2701 1380 2738 *ε

325 2752 666 2800 Supereminentem
684 2751 860 2789 scientiae
882 2753 1075 2790 caritatem
1109 2754 1255 2791 Christi.
1277 2755 1379 2802 Ergo

323 2805 480 2842 virtutes
508 2805 672 2842 morales
711 2816 789 2841 non
818 2814 1093 2843 connectuntur
1121 2806 1283 2854 caritati,
1313 2807 1381 2844 sed

325 2858 404 2894 sine
433 2869 478 2894 ea
506 2869 588 2894 esse
615 2864 787 2906 possunt.
1104 2860 1109 2864 ”

378 2911 453 2947 SED
482 2921 627 2947 CONTRA
654 2921 721 2947 Es‘r
748 2911 852 2959 quod
873 2910 1007 2948 dicitur
1026 2913 1039 2948 Ι
1060 2913 1169 2949 Ioan.
1191 2924 1225 2949 111
1244 2912 1283 2950 *z
1309 2913 1384 2955 Qui

325 2974 400 3000 non
428 2963 560 3012 diligit,
579 2969 708 3000 manet
724 2963 762 3000 in
782 2969 912 3000 morte.
935 2964 1011 3001 Sed
1034 2976 1104 3013 per
1120 2965 1277 3002 virtutes
1296 2978 1382 3015 per-

324 3015 448 3053 ficitur
483 3016 562 3053 vita
595 3015 814 3065 spiritualis:
844 3016 948 3065 ipsae
987 3017 1090 3054 enim
1128 3026 1214 3055 sunt
1249 3019 1382 3067 quibus

325 3074 424 3105 recte
449 3069 602 3115 vivitur,
631 3077 674 3106 ut
700 3069 932 3116 Augustinus
962 3068 1061 3116 dicit,
1091 3070 1128 3107 in
1158 3072 1189 3107 II
1224 3071 1270 3108 de
1297 3073 1379 3109 Lib.

324 3121 445 3158 Arbit.
466 3121 490 3142 ⁸
507 3122 609 3170 Ergo
638 3134 716 3159 non
744 3129 904 3170 possunt
925 3134 1006 3159 esse
1034 3123 1114 3160 sine
1144 3123 1343 3161 dilectione
1364 3130 1381 3146 α

326 3174 496 3212 caritatis.
608 3171 613 3175 “
858 3203 862 3206 -

378 3228 603 3264 RESPONDEO
622 3226 806 3265 DICEND'UM
825 3227 942 3276 quod,
959 3227 1054 3264 sicut
1072 3240 1188 3278 supra
1203 3230 1224 3251 *
1239 3229 1381 3266 dictum

325 3288 392 3328 est,
412 3280 570 3318 virtutes
597 3281 763 3317 morales
790 3287 904 3329 prout
931 3288 1018 3318 sunt
1045 3281 1262 3330 operativae
1291 3283 1383 3320 boni

323 3333 362 3370 in
389 3333 523 3370 ordine
552 3333 600 3370 ad
627 3333 746 3370 finem
779 3333 844 3382 qui
873 3346 952 3372 non
988 3334 1134 3372 excedit
1165 3335 1382 3373 facultatem

325 3387 535 3424 naturalem
563 3386 748 3433 hominis,
773 3387 933 3435 possunt
964 3399 1033 3436 per
1061 3400 1178 3437 opera
1213 3389 1383 3426 humana

326 3439 479 3487 acquiri.
505 3440 554 3476 Et
582 3439 634 3476 sic
663 3439 867 3488 acquisitae
896 3439 975 3477 sine
1000 3441 1151 3477 caritate
1186 3452 1267 3478 esse
1295 3453 1383 3490 pos-

1437 1754 1540 1783 sunt:
1570 1746 1665 1783 sieut
1691 1747 1844 1784 fuerunt
1871 1747 1909 1784 in
1938 1748 2064 1785 multis
2083 1749 2294 1796 gentilibus.
2311 1771 2335 1777 -
2358 1751 2499 1788 Secun-

1437 1799 1531 1836 dum
1560 1807 1688 1836 autem
1709 1801 1813 1849 quod
1841 1809 1928 1837 sunt
1948 1801 2166 1850 operativae
2187 1803 2278 1840 boni
2305 1804 2344 1840 in
2365 1805 2497 1842 ordine

1437 1852 1486 1889 ad
1513 1851 1691 1889 ultimum
1720 1853 1837 1890 finem
1871 1856 2219 1903 supernaturalem,
2251 1856 2303 1892 sic
2330 1857 2496 1906 perfecte

1437 1913 1474 1941 et
1499 1917 1592 1957 vere
1611 1906 1754 1942 habent
1780 1907 1966 1944 rationem
1986 1907 2153 1954 virtutis3
2184 1918 2220 1946 et
2240 1922 2317 1946 non
2337 1919 2499 1959 possunt

1436 1958 1614 1996 humanis
1643 1959 1787 1996 actibus
1815 1960 1969 2008 acquiri,
1990 1961 2059 1997 Sed
2078 1961 2328 2000 infunduntur
2356 1976 2377 2000 a
2396 1965 2494 2001 Deo.

1437 2011 1486 2048 Et
1512 2011 1734 2049 huiusmodi
1760 2012 1916 2049 virtutes
1944 2015 2110 2051 morales
2130 2015 2211 2052 sine
2241 2017 2391 2053 caritate
2413 2030 2495 2054 esse

1436 2077 1515 2101 non
1534 2072 1704 2114 possunt.
1725 2066 1880 2102 Dictum
1901 2074 1956 2103 est
1975 2067 2077 2103 enim
2097 2080 2211 2117 supra
2229 2069 2249 2090 '³‘
2268 2070 2373 2118 quod
2402 2071 2496 2107 aliae

1435 2118 1592 2155 virtutes
1620 2119 1786 2155 morales
1814 2131 1892 2156 non
1919 2128 2079 2168 possunt
2108 2133 2190 2158 esse
2219 2122 2298 2159 sine
2330 2124 2498 2171 pruden-

1436 2171 1503 2217 tia3
1531 2171 1732 2220 prudentia
1761 2180 1888 2209 autem
1909 2185 1987 2209 non
2015 2181 2139 2222 potest
2161 2187 2243 2211 esse
2271 2176 2352 2213 sine
2379 2177 2496 2214 virtu-

1435 2224 1535 2261 tibus
1563 2225 1783 2273 moralibus,
1813 2225 2039 2274 inquantum
2068 2227 2222 2265 virtutes
2251 2230 2415 2267 morales
2443 2231 2496 2268 fa-

1437 2277 1538 2314 ciunt
1565 2277 1663 2314 bene
1683 2290 1723 2314 se
1752 2279 1893 2315 habere
1923 2279 1970 2318 ad
1995 2280 2183 2328 quosdam
2211 2281 2322 2330 fines,
2342 2294 2388 2319 ex
2415 2283 2497 2331 qui-

1435 2330 1506 2366 bus
1533 2330 1706 2379 procedit
1734 2331 1828 2367 ratio
1857 2331 2090 2380 prudentIae.
2111 2333 2173 2370 Ad
2196 2341 2339 2371 rectam
2368 2343 2497 2374 autem

1436 2382 1622 2420 rationem
1641 2383 1864 2432 prudentiae
1884 2385 2005 2422 multo
2025 2385 2145 2433 magis
2174 2387 2373 2436 requiritur
2391 2389 2498 2437 quod

1434 2437 1552 2473 homo
1573 2437 1671 2473 bene
1700 2449 1739 2473 se
1758 2437 1898 2474 habeat
1921 2438 2019 2474 circa
2037 2439 2212 2476 ultimum
2237 2440 2369 2489 finem,
2391 2442 2496 2490 quod

1435 2489 1478 2526 fit
1504 2501 1574 2537 per
1602 2489 1815 2536 caritatem,
1845 2502 1962 2538 quam
1992 2491 2089 2528 circa
2118 2492 2211 2529 alios
2243 2494 2362 2542 fines,
2392 2495 2497 2543 quod

1435 2542 1478 2578 fit
1505 2554 1574 2591 per
1595 2541 1749 2579 virtutes
1770 2543 1956 2580 morales:
1984 2543 2082 2581 sicu't
2106 2545 2199 2582 ratio
2219 2554 2321 2583 recta
2348 2547 2387 2584 in
2413 2561 2496 2597 spe-

1437 2594 1607 2631 culativis
1644 2595 1810 2632 maxime
1844 2595 1985 2644 indiget
2019 2597 2143 2645 primo
2172 2599 2357 2649 principio
2391 2601 2497 2638 inde-

1436 2647 1689 2694 monstrabili,
1721 2648 1825 2697 quod
1855 2656 1910 2686 est
1946 2651 2235 2688 contradictoria
2271 2665 2346 2690 non
2382 2655 2495 2691 simul

1435 2712 1513 2737 esse
1539 2712 1644 2738 vera.
1678 2701 1789 2738 Unde
1818 2701 2063 2740 manifestum
2091 2704 2134 2740 fit
2171 2705 2277 2752 quod
2310 2713 2381 2742 nec
2408 2720 2496 2755 pru-

1436 2753 1562 2790 dentia
1589 2753 1711 2791 infusa
1737 2762 1863 2803 potest
1891 2767 1974 2792 esse
2003 2756 2083 2793 sine
2105 2757 2278 2804 caritate;
2302 2771 2374 2795 nec
2402 2755 2496 2797 aliae

1434 2806 1590 2844 virtutes
1610 2807 1774 2844 morales
1794 2816 2084 2858 consequenter,
2106 2822 2204 2858 quae
2224 2811 2304 2848 sine
2331 2812 2497 2860 pruden-

1434 2860 1485 2896 tia
1507 2871 1595 2896 ‘esse
1624 2872 1703 2896 non
1730 2869 1902 2909 possunt.

1487 2913 1596 2949 Patet
1622 2912 1732 2961 igitur
1765 2925 1810 2950 ex
1843 2914 1947 2951 dictis
1981 2916 2087 2962 quod
2122 2917 2225 2952 solae
2258 2917 2415 2955 virtutes
2443 2919 2498 2955 in-

1434 2966 1541 3002 fusae
1570 2974 1656 3003 sunt
1683 2967 1884 3015 perfectae,
1908 2975 1943 3004 et
1971 2967 2188 3017 simpliciter
2217 2969 2399 3007 dicendae
2424 2971 2498 3008 vir-

1434 3026 1553 3055 tutes:
1593 3018 1682 3068 quia
1719 3020 1817 3056 bene
1851 3019 2028 3057 ordinant
2063 3022 2262 3060 hominem
2300 3023 2349 3060 ad
2377 3023 2497 3062 finem

1434 3072 1612 3108 ultimum
1626 3071 1864 3121 simpliciter.
1894 3073 2000 3110 Aliae
2033 3086 2126 3111 vero
2160 3075 2329 3123 virtutes,
2360 3077 2499 3115 scilicet

1436 3124 1650 3173 acquisitae,
1671 3132 1758 3161 sunt
1778 3125 1990 3163 secundum
2018 3127 2111 3175 quid
2137 3127 2306 3176 virtutes,
2326 3142 2404 3167 non
2433 3143 2497 3167 au-

1435 3186 1514 3214 tem
1552 3177 1789 3226 simpliciter:
1819 3179 1995 3216 ordinant
2031 3179 2132 3217 enirn
2165 3181 2365 3220 hominem
2398 3183 2496 3220 bene

1436 3238 1610 3279 respectu
1637 3231 1724 3267 finis
1747 3231 1869 3268 ultimi
1895 3232 1932 3269 in
1954 3233 2079 3281 aliquo
2099 3245 2249 3281 genere,
2270 3248 2348 3272 non
2368 3243 2495 3273 autern

1436 3291 1611 3333 respectu
1639 3283 1727 3320 finis
1754 3283 1873 3321 ultimi
1902 3285 2131 3334 simpliciter.
2162 3287 2272 3324 Unde
2291 3289 2403 3326 Rom.
2423 3301 2495 3336 xlv,

1437 3349 1551 3385 super
1569 3336 1659 3374 illud
1678 3336 1710 3384 ’¹‘,
1741 3337 1859 3374 Omne
1885 3339 1986 3388 quod
2012 3351 2085 3376 non
2106 3346 2160 3376 est
2176 3352 2226 3376 ex
2241 3341 2341 3388 fide,
2362 3353 2497 3389 pecca-

1436 3395 1514 3426 tum
1534 3395 1597 3435 est,
1619 3389 1706 3426 dicit
1721 3390 1888 3428 Glossa*
1902 3391 2118 3440 Augustini:
2147 3393 2221 3430 Ubi
2236 3393 2334 3430 deest
2352 3395 2495 3444 agnitio
2523 3417 2554 3432 m>

1437 3443 1622 3490 veritatis,
1635 3442 1744 3491 salsa
1763 3449 1816 3480 est
1842 3443 1959 3481 virtus
1987 3445 2098 3481 etiam
2128 3446 2164 3482 in
2191 3446 2296 3483 bonis
2315 3447 2493 3485 moribus.

379 3551 407 3586 α)
427 3553 572 3579 dilectione.
586 3568 604 3572 -
618 3554 762 3579 directione
781 3553 1029 3579 ABCDFGHIKLa.

2526 1372 2675 1394 *ef-numm
2685 1378 2736 1400 sqq.

2523 2078 2660 2104 ‘Art.1;qu.
2669 2083 2734 2104 Lvtn,

2524 2108 2565 2125 art.
2581 2110 2604 2130 4,
2619 2110 2639 2131 5.

2525 3352 2533 3360 ·
2548 3350 2615 3373 Vel-⁵.
2629 3357 2662 3379 2³-

2523 3386 2532 3394 ·
2555 3385 2635 3407 Ordin.
2659 3386 2708 3407 sine

2557 3418 2598 3437 m.;
2615 3418 2643 3433 ex
2666 3413 2705 3433 lib.

2522 3438 2586 3459 Sent.
2612 3439 2704 3466 Prosp..

2522 3467 2581 3486 sent.
2597 3471 2640 3486 cvr.
