2852 4152
94 288 102 297 '¹
124 287 180 315 Cap.
195 294 217 314 v,
232 293 255 309 n.
270 293 285 309 ι.

99 547 106 555 ·
120 546 168 573 Qu.
183 552 249 572 xxw,
264 550 305 569 art.

96 578 115 598 13
131 578 170 600 qu.
184 579 244 599 xxx,
264 577 306 594 art.

95 605 120 627 33
135 605 173 627 qu.
184 605 249 626 xxxi,
264 603 306 621 art.

91 1677 102 1688 ¹⁶
112 1676 147 1697 De
157 1675 177 1697 F
177 1676 215 1697 ide
228 1676 303 1703 Orth„

28 1698 34 1699 7
92 1702 133 1724 lib.
149 1702 184 1729 11,
200 1708 249 1729 cap.
264 1708 304 1723 xv.

92 1892 102 1901 '
117 1890 173 1918 Cap.
189 1896 210 1917 v,
226 1896 249 1911 n.
264 1896 279 1911 1.

92 2051 101 2059 '¹
118 2049 165 2076 Qu.
181 2054 250 2075 xxxv,
261 2051 302 2069 art.

92 2367 102 2377 '¹
116 2366 167 2388 Art.
182 2371 202 2387 2.

93 2584 102 2591 “
117 2582 168 2603 An.
185 2587 199 2607 ι,
215 2586 235 2601 2.

93 2636 103 2645 ⁶
122 2633 259 2660 Nemesius,
276 2632 304 2654 de

94 2660 148 2682 Nat.
161 2660 229 2681 Hom.
253 2665 303 2687 cap.

93 2676 246 2713 xx,al.1ib.185‚
253 2692 303 2713 cap.

93 2720 132 2735 xiv
147 2714 180 2734 vel
195 2719 246 2734 xm.

96 3055 105 3064 ²
119 3053 171 3075 Lib.
184 3053 202 3079 1,
218 3058 268 3080 cap.
280 3058 306 3078 u,

95 3078 305 3128 p¹.¹}'3.-S.Tl1.lect.

95 3269 107 3279 ⁴*
115 3268 152 3290 Cf.
160 3267 204 3289 loe.
211 3266 250 3288 cit.
259 3272 306 3294 arg.

97 3301 171 3350 vt..
185 3333 206 3349 2.

337 211 413 248 274

335 277 373 314 in
395 279 425 314 ΙΙ
446 279 633 315 Rhetoric.
652 278 682 326 ²¹²,
708 279 823 316 timor
851 280 896 316 de
914 280 1014 316 malo
1034 280 1260 327 corruptivo,
1291 279 1395 327 quod

335 338 468 367 natura
483 331 617 379 refugit
630 339 784 381 propter
799 333 967 369 naturale
984 332 1210 370 desiderium
1228 331 1394 368 essendi:

336 391 372 420 et
391 383 470 420 talis
490 383 603 421 timor
617 384 751 422 dicitur
762 390 779 406 ‘²
795 385 985 422 naturalis.
1002 386 1070 421 Est
1083 385 1218 421 iterum
1236 385 1281 420 de
1294 383 1395 420 malo

335 437 599 483 contristativo,
621 438 725 485 quod
745 450 823 474 non
846 445 1028 486 repugnat
1049 445 1216 483 naturae,
1244 435 1311 472 sed
1331 437 1396 472 de-

335 489 472 539 siderio
494 490 698 539 appetitus:
730 498 765 527 et
784 490 865 527 talis
885 490 997 526 timor
1024 501 1102 525 non
1128 496 1182 525 est
1204 488 1393 525 naturalis.

336 541 440 579 Sicut
460 542 572 579 etiam
593 555 707 591 supra
725 543 745 564 *
764 555 889 589 amor,
916 540 1220 590 concupiscentia
1240 548 1275 577 et
1295 540 1395 577 dele-

335 595 446 632 ctatio
476 595 647 632 distincta
676 603 762 632 sunt
784 607 853 643 per
872 594 1040 631 naturale
1062 601 1097 630 et
1115 605 1194 630 non
1213 594 1392 630 naturale.

389 647 466 684 Sed
495 648 705 685 secundum
730 648 893 696 primam
916 646 1178 695 acceptionem
1199 646 1393 692 naturalis,

335 700 533 737 sciendum
563 708 617 737 est
644 701 747 749 quod
776 699 965 749 quaedam
988 699 1034 735 de
1054 698 1296 747 passionibus
1316 699 1394 736 ani-

334 765 420 790 mae
450 753 682 802 quandoque
712 753 887 790 dicuntur
906 753 1107 798 naturales,
1127 759 1169 788 ut
1188 764 1309 799 amor,
1331 751 1395 788 de-

335 805 514 843 siderium
545 813 580 842 et
608 818 715 854 spes:
745 805 839 841 aliae
867 817 962 841 vero
992 805 1181 841 naturales
1215 804 1287 841 dici
1315 817 1394 841 non

333 865 504 907 possunt.
535 859 584 894 Et
610 859 684 894 hoc
712 857 812 905 ideo,
842 857 931 905 quia
960 869 1070 894 amor
1099 865 1135 894 et
1162 857 1308 904 odium,
1330 857 1393 894 de-

334 911 515 948 siderium
546 918 581 947 et
608 911 705 958 fuga,
735 910 942 959 important
969 910 1250 947 inclinationem
1276 922 1394 958 quan-

334 965 422 1001 dam
443 964 491 1000 ad
509 964 823 1012 prosequendum
849 964 996 1000 bonum
1017 970 1052 1000 et
1071 963 1294 1011 fugiendum
1314 975 1394 999 ma-

333 1017 433 1062 lum;
463 1028 561 1064 quae
595 1016 750 1063 quidem
783 1016 973 1053 inclinatio
1007 1016 1168 1065 pertinet
1201 1015 1314 1052 etiam
1344 1015 1393 1052 ad

333 1069 542 1118 appetitum
571 1070 792 1106 naturalem.
815 1070 863 1106 Et
882 1069 969 1106 ideo
990 1076 1045 1106 est
1065 1067 1079 1098 β
1107 1080 1217 1105 amor
1237 1068 1392 1117 quidam

385 1191 411 1222 α)
432 1191 538 1216 dicitur.
557 1205 576 1210 -
594 1198 649 1216 esse
668 1191 763 1215 addunt
783 1191 829 1215 Pa.
841 1205 859 1209 —
878 1191 991 1215 Eaedem
1010 1198 1057 1222 pro
1077 1190 1133 1219 Est,
1155 1190 1198 1214 Et.

385 1225 409 1258 β)
430 1229 476 1251 est.
494 1240 513 1245 -—
531 1227 591 1251 Om.
611 1226 878 1258 ABCDEFGIKLpH.

1026 187 1292 248 QUAEs‘rio
1322 202 1424 248 XLI,
1454 202 1749 239 AnricuLus
1779 203 1831 239 lv

1452 279 1648 316 naturalis:
1671 287 1707 316 et
1727 280 1956 318 desiderium
1971 283 2032 319 vel
2061 295 2147 332 spes
2170 291 2295 332 potest
2322 283 2509 331 quodam-

1451 332 1571 369 modo
1601 332 1673 369 dici
1702 332 1815 369 etiam
1844 332 1883 370 in
1910 334 2023 372 rebus
2045 336 2276 373 naturalibus
2296 336 2509 384 cognitione

1452 384 1676 421 carentibus.
1688 405 1711 411 -
1726 385 1802 421 Sed
1817 384 1912 422 aliae
1926 387 2122 434 passiones
2139 388 2289 425 animae
2304 388 2511 437 important

1451 437 1640 484 quosdam
1669 444 1796 473 motus
1824 437 1872 474 ad
1900 451 1997 488 quos
2025 441 2128 478 nullo
2151 442 2269 478 modo
2294 441 2433 478 suffieit
2455 442 2509 478 in-

1451 488 1601 525 clinatio
1622 489 1810 526 naturalis.
1831 490 1902 527 Vel
1921 492 2009 539 quia
2029 492 2075 530 de
2102 493 2244 530 ratione
2264 494 2402 530 harum
2420 506 2506 543 pas-

1450 541 1603 578 sionum
1624 548 1680 578 est
1695 553 1828 579 sensus
1856 555 1924 580 seu
1945 545 2121 594 cognitio,
2143 546 2239 583 sicut
2262 545 2404 582 dictum
2425 545 2509 583 est*

1450 594 1554 642 quod
1575 594 1828 642 apprehensio
1856 596 2055 645 requiritur
2073 598 2122 635 ad
2141 598 2327 635 rationem
2348 597 2509 635 delecta-

1449 646 1559 683 tionis
1584 654 1621 683 et
1649 646 1810 684 doloris:
1839 649 1941 685 unde
1970 662 2067 698 quae
2090 656 2106 679 Ὺ
2135 658 2262 688 carent
2281 650 2507 698 cognitione,

1449 711 1527 735 non
1555 707 1715 748 possunt
1744 699 1817 736 dici
1845 701 2021 738 delectari
2047 704 2109 740 vel
2138 704 2278 741 dolere.
2314 700 2392 740 Aut
2419 702 2508 751 quia

1448 751 1667 788 huiusmodi
1696 759 1824 789 motus
1861 760 1948 790 sunt
1976 762 2107 792 contra
2135 756 2323 793 'rationem
2356 756 2509 793 inclina-

1448 804 1560 841 tionis
1580 804 1777 842 naturalis:
1806 813 1899 854 puta
1927 807 2031 855 quod
2056 806 2266 856 desperatio
2287 808 2423 857 refugit
2441 809 2509 845 bo-

1448 870 1542 894 num
1570 865 1726 906 propter
1744 858 1910 907 aliquam
1940 858 2218 906 difficultatem
2249 869 2285 898 et
2311 861 2426 898 timor
2450 873 2507 898 re-

1448 910 1541 958 fugit
1567 910 1896 959 impugnationem
1925 911 2014 948 mali
2043 911 2231 960 contrarii,
2252 913 2301 950 ad
2324 913 2428 962 quod
2455 921 2510 950 est

1448 963 1640 999 inclinatio
1669 963 1859 1001 naturalis.
1890 965 1939 1001 Et
1966 965 2051 1001 ideo
2079 964 2298 1003 huiusmodi
2311 966 2508 1014 passiones

1448 1016 1551 1052 nullo
1579 1016 1699 1052 modo
1729 1017 1981 1054 attribuuntur
2008 1017 2121 1054 rebus
2149 1017 2374 1055 inanimatis.

1501 1068 1550 1104 Et
1577 1080 1647 1116 per
1674 1069 1747 1105 hoc
1774 1076 1878 1117 patet
1905 1069 2104 1118 responsio
2134 1071 2182 1108 ad
2211 1070 2369 1108 obiecta.

1500 1189 1527 1222 γ)
1546 1196 1621 1222 quae.
1639 1203 1658 1208 —
1677 1190 1739 1221 quia
1758 1190 1786 1221 C,
1806 1190 1852 1222 qui
1870 1190 1949 1215 PHK.

1115 1360 1433 1403 ARTICULUS
1463 1360 1734 1412 QUARTUS

803 1453 959 1484 UTRUM
983 1452 1323 1484 CONVENIENTER
1346 1452 1646 1484 ASSIGNENTUR
1669 1452 1839 1484 SPECIES
1862 1452 2039 1484 T1MOR1s

597 1533 628 1558 111
648 1533 730 1561 Seni„
751 1532 809 1556 dist.
827 1539 893 1562 xxw,
914 1540 962 1564 qu.
979 1539 996 1562 1,
1016 1536 1061 1556 art.
1083 1531 1111 1563 33
1132 1532 1190 1557 dist.
1208 1539 1290 1561 xxxxv.
1310 1539 1353 1564 qu.
1372 1539 1399 1561 11,
1419 1536 1465 1557 art.
1488 1540 1510 1563 1,
1529 1534 1575 1564 qu·
1598 1539 1620 1563 2,
1639 1532 1672 1556 ad
1691 1531 1719 1562 6;
1739 1533 1782 1557 De
1805 1532 1893 1562 Verit„
1913 1540 1958 1565 qu.
1976 1540 2042 1562 xm,
2061 1537 2106 1557 art.
2125 1540 2151 1564 4,
2170 1533 2202 1558 ad
2221 1541 2246 1566 7.

450 1653 454 1660 q
542 1624 564 1649 D
585 1623 758 1653 QUARTUM
777 1622 830 1647 SIC
850 1622 1089 1648 Paocssm‘rua.
1110 1610 1269 1648 Videtur
1288 1611 1392 1659 quod

357 1649 459 1726 ’ζξέᾼ
543 1663 853 1702 inconvenienter
889 1665 1154 1700 Damascenus
1182 1663 1202 1685 ’¹‘
1230 1663 1393 1711 assignet

349 1720 468 1798 ster:
490 1717 608 1761 (sex
643 1717 787 1777 specie-s
816 1716 979 1753 timoris:
1009 1716 1148 1776 scilicet
1174 1717 1390 1776 segnitiem,

388 1787 399 1799 κ
420 1768 477 1801 ⁷⁴⁹*
499 1764 846 1816 &erubescentgam
871 1769 1148 1816 verecundzam,
1175 1770 1392 1806 admzratzo-

331 1837 437 1870 nem,
464 1830 670 1872 stuporem,
700 1823 893 1872 agoniam.
921 1823 971 1859 Ut
999 1822 1100 1859 enim
1135 1822 1392 1870 Philosophus

332 1877 431 1923 dicit,
452 1877 490 1913 in
519 1878 550 1913 Il
571 1877 759 1913 Rhetoric.
779 1875 816 1922 ²¹²,
847 1876 960 1912 timor
982 1881 1036 1912 est
1061 1876 1106 1911 de
1130 1875 1231 1912 malo
1256 1876 1392 1911 contri-

330 1930 473 1968 stativo.
505 1930 606 1976 Ergo
637 1928 781 1977 species
810 1927 954 1965 timoris
992 1928 1133 1965 debent
1159 1927 1392 1976 respondere

331 1983 531 2032 speciebus
559 1981 736 2018 tristitiae.
769 1981 865 2017 Sunt
899 1988 1025 2017 autem
1055 1988 1219 2028 quatuor
1247 1980 1392 2028 species

330 2035 509 2082 tristitiae,
530 2042 571 2072 ut
599 2047 712 2083 supra
739 2033 759 2055 '¹‘
787 2033 930 2070 dictum
961 2041 1026 2070 est.
1048 2034 1150 2081 Ergo
1173 2033 1299 2070 solum
1328 2033 1392 2070 de-

330 2090 420 2127 bent
448 2101 529 2125 esse
554 2095 717 2136 quatuor
745 2086 888 2135 species
916 2086 1074 2134 timoris,
1096 2086 1148 2124 eis
1170 2099 1392 2135 correspon-

331 2143 473 2180 dentes.

385 2207 419 2232 2.
441 2196 679 2240 ΡΚΑΕΤΕΚΕΑ,
708 2192 800 2229 illud
829 2192 933 2241 quod
961 2192 999 2228 in
1028 2200 1114 2228 actu
1142 2199 1271 2229 nostro
1302 2204 1392 2229 con-

331 2248 440 2295 sistit,
470 2254 620 2284 nostrae
650 2245 825 2295 potestati
854 2245 1059 2282 subiicitur.
1090 2246 1166 2282 Sed
1195 2245 1310 2282 timor
1338 2253 1393 2282 est

333 2303 379 2339 de
408 2301 510 2337 malo
546 2299 652 2348 quod
686 2298 833 2335 excedit
866 2305 1094 2346 potestatem
1131 2305 1323 2345 nostram,
1351 2306 1394 2335 ut

334 2354 475 2391 dictum
505 2359 561 2389 est
578 2352 609 2388 ²¹².
631 2352 722 2388 Non
752 2363 840 2399 ergo
869 2350 1044 2398 segnities
1073 2358 1109 2387 et
1133 2351 1392 2388 erubescentia

333 2414 370 2443 et
396 2405 644 2453 verecundia,
674 2417 773 2453 quae
801 2404 1005 2452 respiciunt
1033 2403 1297 2452 operationem
1325 2416 1393 2441 no-

333 2467 459 2506 stram,
481 2459 620 2496 debent
647 2457 739 2506 poni
768 2456 913 2506 species
942 2457 1098 2493 timoris.

389 2514 423 2549 3.
444 2512 677 2557 PRAETEREA,
704 2510 818 2547 timor
847 2517 902 2546 est
929 2511 977 2547 de
1005 2510 1153 2556 futuro,
1180 2517 1222 2546 ut
1250 2509 1392 2546 dictum

333 2573 388 2602 est
414 2564 445 2601 ³⁸.
468 2564 545 2601 Sed
563 2563 789 2600 verecundia
818 2568 871 2599 est
888 2563 933 2599 de
961 2563 1062 2610 turpi
1079 2567 1164 2599 actu
1193 2563 1269 2599 iam
1293 2574 1393 2599 com-

332 2619 456 2663 misso,
476 2625 519 2654 ut
542 2616 748 2664 Gregorius
777 2616 977 2663 Nyssenus
996 2615 1016 2636 '¹‘
1035 2614 1134 2652 dicit.
1157 2616 1258 2663 Ergo
1286 2627 1394 2652 vere-

333 2671 471 2708 cundia
498 2682 577 2706 non
606 2677 662 2706 est
689 2669 834 2718 species
863 2668 1020 2705 timoris.

384 2736 421 2771 4.
443 2724 675 2770 PRAETEREA,
695 2723 810 2759 timor
833 2734 912 2758 non
941 2729 996 2758 est
1015 2720 1086 2758 nisi
1113 2721 1160 2757 de
1181 2722 1296 2758 malo.
1319 2721 1394 2758 Sed

333 2776 530 2814 admiratio
562 2783 597 2812 et
625 2783 756 2824 stupor
793 2782 880 2812 sunt
909 2775 956 2811 de
985 2786 1125 2821 magno
1155 2782 1192 2811 et
1219 2774 1391 2822 insolito,

333 2830 411 2867 sive
440 2830 543 2866 bono
573 2828 653 2866 sive
686 2828 801 2865 malo.
832 2828 933 2875 Ergo
963 2826 1163 2865 admiratio
1200 2835 1236 2864 et
1263 2835 1396 2876 stupor

333 2895 411 2920 non
440 2890 527 2920 sunt
554 2882 699 2931 species
727 2881 884 2918 timoris.

389 2937 421 2973 5.
443 2936 681 2982 PRAETEREA,
711 2933 928 2983 philosophi
957 2945 1000 2969 ex
1029 2932 1280 2970 admiratione
1308 2940 1395 2969 sunt

333 2988 427 3026 moti
443 2989 490 3026 ad
509 2988 779 3036 inquirendum
797 2987 1009 3033 veritatem,
1025 2993 1066 3022 ut
1086 2986 1220 3023 dicitur
1236 2986 1274 3023 in
1293 2986 1394 3035 prin-

334 3042 431 3090 cipio
459 3042 674 3089 Metaphys.
704 3040 724 3062 ’¹‘
743 3040 881 3077 Timor
908 3047 1036 3076 autem
1068 3051 1148 3076 non
1181 3047 1314 3076 movet
1345 3039 1394 3076 ad

334 3094 613 3144 inquirendum,
634 3095 701 3131 sed
730 3094 850 3141 magis
871 3093 919 3130 ad
947 3092 1181 3140 fugiendum.
1203 3093 1305 3140 Ergo
1329 3092 1395 3129 ad-

334 3147 480 3185 miratio
509 3159 587 3184 non
617 3154 672 3183 est
699 3146 844 3195 species
871 3145 1029 3183 timoris.

388 3201 463 3238 SED
491 3211 530 3237 IN
559 3211 792 3237 CONTRARxUM
826 3198 987 3236 sufficiat
1017 3198 1219 3235 auctoritas
1251 3199 1394 3235 Dama-

335 3253 437 3290 sceni
466 3260 503 3290 et
530 3252 703 3301 Gregorii
731 3252 895 3300 Nysseni
923 3251 954 3288 ²⁸.

389 3308 613 3344 RESPONDEO
641 3317 824 3343 mCENDUM
853 3304 970 3352 quod,
992 3304 1086 3341 sicut
1114 3303 1257 3341 dictum
1280 3310 1337 3340 est
1361 3304 1393 3351 *,

335 3359 449 3396 timor
478 3367 532 3396 est
560 3359 607 3396 de
636 3359 760 3395 futuro
790 3359 892 3394 malo
922 3358 1025 3405 quod
1055 3357 1200 3394 excedit
1231 3363 1394 3405 potesta-

363 1628 425 1659 )sr‘
446 1631 489 1654 *st

1446 1618 1525 1647 tem
1544 1610 1720 1658 timentis,
1736 1618 1779 1647 ut
1802 1610 1941 1647 scilicet
1966 1611 1999 1647 ei
2020 1611 2139 1648 resisti
2163 1623 2242 1648 non
2256 1612 2387 1660 possit.
2405 1612 2510 1650 Sicut

1447 1671 1575 1700 autem
1595 1664 1743 1700 bonum
1763 1663 1941 1710 hominis,
1961 1663 2012 1700 ita
2032 1671 2068 1700 et
2094 1664 2252 1711 malum,
2272 1672 2398 1713 potest
2422 1677 2512 1703 con-

1448 1716 1601 1753 siderari
1629 1716 1691 1752 vel
1719 1715 1758 1752 in
1788 1716 2008 1764 operatione
2036 1716 2164 1765 ipsius,
2194 1718 2257 1753 vel
2285 1717 2325 1754 in
2353 1717 2512 1755 exterio—

1447 1769 1549 1805 ribus
1578 1769 1703 1805 rebus.
1726 1769 1768 1804 In
1797 1769 2018 1817 operatione
2043 1776 2172 1806 autem
2192 1769 2310 1818 ipsius
2328 1770 2508 1819 hominis,

1446 1829 1571 1870 potest
1592 1821 1731 1870 duplex
1749 1822 1895 1858 malum
1914 1821 2050 1859 timeri.
2066 1821 2195 1859 Primo
2215 1822 2385 1871 quidem,
2401 1824 2510 1861 labor

1446 1886 1609 1922 gravans
1637 1881 1823 1911 naturam.
1844 1875 1894 1911 Et
1921 1874 1973 1911 sic
2002 1883 2178 1912 causatur
2203 1877 2394 1926 segnities:
2422 1889 2510 1913 cum

1447 1926 1754 1976 scilicetfaliquis
1782 1927 1917 1975 refugit
1948 1928 2113 1976 operari,
2143 1936 2300 1977 propter
2331 1929 2510 1966 timorem

1447 1979 1659 2017 excedentis
1691 1980 1843 2017 laboris.
1866 2002 1888 2007 -
1915 1980 2107 2028 Secundo,
2137 1981 2328 2029 turpitudo
2356 1981 2511 2019 laedens

1447 2033 1681 2082 opinionem.
1707 2034 1757 2070 Et
1784 2032 1849 2081 sic,
1874 2033 1904 2070 si
1931 2033 2125 2083 turpitudo
2154 2033 2331 2071 timeatur
2357 2034 2396 2072 in
2425 2042 2511 2072 actu

1448 2086 1737 2133 committendo,
1775 2093 1830 2123 est
1862 2087 2136 2124 erubescentia:
2170 2086 2200 2124 si
2233 2095 2361 2125 autem
2389 2087 2436 2125 sit
2463 2088 2510 2126 de

1446 2139 1545 2188 turpi
1572 2139 1649 2176 iam
1677 2139 1789 2187 facto,
1811 2147 1867 2176 est
1892 2140 2130 2177 verecundia.

1500 2193 1649 2229 Malum
1669 2199 1796 2229 autern
1825 2192 1932 2240 quod
1951 2192 1989 2229 in
2009 2192 2255 2230 exterioribus
2277 2193 2391 2230 rebus
2420 2205 2509 2230 con-

1447 2244 1559 2293 sistit,
1589 2245 1722 2293 triplici
1751 2244 1897 2282 ratione
1926 2250 1944 2266 ‘²
1969 2253 2096 2294 potest
2128 2246 2310 2283 excedere
2346 2245 2510 2283 hominis

1447 2298 1664 2334 facultatem
1684 2297 1733 2334 ad
1748 2297 2010 2334 resistendum.
2028 2297 2158 2335 Primo
2178 2299 2347 2347 quidem,
2363 2298 2509 2335 ratione

1448 2362 1537 2387 suae
1557 2350 1844 2398 magnitudinis:
1875 2362 1963 2386 cum
1982 2350 2122 2387 scilicet
2145 2351 2277 2400 aliquis
2297 2351 2511 2388 considerat

1447 2403 1602 2451 aliquod
1617 2415 1800 2451 magnum
1815 2403 1972 2449 malum,
1990 2403 2097 2440 cuius
2113 2403 2252 2440 exitum
2269 2403 2509 2440 considerare

1447 2468 1526 2493 non
1564 2455 1710 2493 sufficit.
1748 2456 1797 2492 Et
1828 2455 1882 2492 sic
1916 2463 1972 2492 est
2008 2456 2220 2493 admiratio.
2254 2477 2278 2484 -
2308 2456 2508 2504 Secundo,

1448 2508 1592 2545 ratione
1622 2508 1904 2546 dissuetudinis:
1925 2509 2015 2556 quia
2033 2509 2171 2545 scilicet
2190 2509 2345 2557 aliquod
2364 2509 2510 2546 malum

1448 2561 1715 2598 inconsuetum
1751 2568 1902 2598 nostrae
1940 2561 2231 2598 considerationi
2268 2561 2443 2608 offertur,
2474 2569 2511 2598 et

1448 2614 1500 2651 sic
1530 2621 1584 2651 est
1603 2626 1787 2661 magnum
1811 2621 1940 2650 nostra
1959 2613 2208 2663 reputatione.
2229 2614 2279 2650 Et
2297 2614 2372 2651 hoc
2390 2614 2509 2651 modo

1450 2675 1505 2704 est
1522 2673 1662 2716 stupor,
1679 2667 1745 2714 qui
1765 2674 1940 2704 causatur
1959 2678 2004 2703 ex
2022 2666 2171 2704 insolita
2188 2666 2468 2715 imaginatione.
2485 2687 2509 2695 -

1450 2720 1581 2757 Tertio
1602 2720 1733 2767 modo,
1755 2719 1898 2756 ratione
1918 2719 2220 2768 improvisionis,
2249 2719 2338 2769 quia
2370 2719 2511 2757 scilicet

1448 2773 1643 2822 provideri
1671 2784 1750 2809 non
1782 2779 1927 2821 potest:
1957 2773 2052 2810 sicut
2083 2773 2208 2810 futura
2235 2772 2438 2810 infortunia
2468 2772 2511 2810 ti-

1450 2834 1612 2863 mentur.
1634 2826 1682 2862 Et
1709 2825 1791 2862 talis
1819 2826 1934 2862 timor
1953 2825 2087 2863 dicitur
2114 2826 2268 2876 agonia.

1502 2880 1561 2915 AD
1590 2890 1727 2916 PRIMUM
1761 2890 1860 2916 ERGO
1897 2890 2081 2916 DICENDUM
2110 2879 2215 2927 quod
2247 2879 2329 2915 illae
2365 2877 2511 2927 species

1449 2931 1617 2969 tristitiae
1641 2943 1740 2979 quae
1760 2944 1874 2981 supra
1892 2931 1913 2953 *
1931 2932 2077 2980 positae
2101 2939 2198 2979 sunt,
2219 2943 2298 2968 non
2322 2931 2511 2980 accipiun-

1449 2991 1508 3022 tur
1527 2985 1738 3022 secundum
1759 2984 2016 3022 diversitatem
2040 2984 2189 3032 obiecti,
2210 2984 2277 3022 sed
2298 2984 2510 3022 secundum

1450 3038 1606 3075 effectus
1635 3036 1661 3084 β,
1683 3045 1719 3075 et
1738 3038 1950 3075 secundum
1979 3037 2167 3086 quasdam
2188 3037 2370 3087 speciales
2399 3037 2510 3074 ratio-

1450 3104 1528 3128 nes.
1558 3092 1607 3128 Et
1634 3091 1721 3128 ideo
1750 3103 1829 3128 non
1857 3098 2006 3140 oportet
2034 3090 2139 3139 quod
2171 3090 2254 3127 illae
2283 3090 2428 3139 species
2450 3089 2511 3127 tri-

1449 3144 1568 3181 stitiae
1597 3144 1852 3192 respondeant
1869 3149 1885 3172 Υ
1904 3143 1981 3180 istis
2009 3143 2210 3192 speciebus
2233 3143 2391 3191 timoris,
2412 3154 2510 3192 quae

1449 3197 1684 3246 accipiuntur
1707 3196 1918 3234 secundum
1939 3196 2167 3234 divisionem
2193 3196 2388 3245 propriam
2407 3194 2511 3232 obie-

1451 3250 1498 3287 cti
1525 3250 1643 3299 ipsius
1671 3250 1828 3287 timoris.

1503 3305 1562 3340 An
1578 3314 1767 3340 SECUNDUM
1782 3314 1966 3340 DICENDUM
1986 3302 2092 3351 quod
2110 3302 2281 3352 operatio
2297 3300 2509 3339 secundum

1452 3356 1556 3405 quod
1592 3356 1670 3393 iam
1698 3356 1758 3404 fit,
1784 3355 1957 3393 subditur
1991 3355 2166 3404 potestati
2202 3354 2401 3404 operantis.
2432 3352 2510 3390 Sed

389 3483 416 3516 α)
436 3483 535 3514 triplici
554 3482 667 3507 ratione.
684 3495 703 3500 -
721 3480 863 3513 tripliciter
882 3481 928 3505 Pa.

390 3525 413 3561 β)
434 3526 548 3560 effectus.
566 3541 583 3545 —
602 3526 784 3551 diversitatem
804 3525 910 3558 effectus
928 3525 979 3549 EF.

1503 3481 1529 3513 γ)
1550 3479 1737 3512 respondeant.
1754 3493 1773 3498 -
1790 3479 2017 3511 cor-respondeant
2035 3479 2064 3504 P.

2535 555 2545 566 ⁸
2561 555 2611 582 Qu.
2625 561 2689 582 xxxi,
2703 558 2748 582 art,

2535 587 2609 629 32³1.
2618 587 2658 610 ‘³'²·
2671 587 2745 608 *ω’

2538 2946 2547 2955 ·
2559 2943 2662 2966 ιοαοὴ.
2670 2944 2693 2966 in
2700 2949 2750 2972 arg.
