2846 4146
154 696 166 706 ⁸
184 695 220 717 Cf.
235 701 298 717 num.
314 702 334 716 v.

156 923 165 931 ·
182 921 219 943 Cf.
234 927 297 943 num.
313 928 343 943 iv.

157 1187 164 1195 ·
180 1183 282 1205 Νυιη.νι
293 1189 344 1210 sqq.
364 1172 366 1175 V

154 2153 163 2162 α
187 2152 218 2173 ΠΙ
242 2152 284 2174 ΠΙ·
294 2168 300 2179 Ι

154 2192 208 2214 cur,
219 2190 260 2209 art.
270 2192 293 2214 3,
305 2187 332 2208 ad
342 2193 363 2209 2.

387 233 462 269 422

391 310 437 334 est
461 301 545 334 enim
560 301 684 334 habitus
704 304 932 344 principiorum
949 303 980 333 in
998 304 1149 344 appetitu,
1167 304 1240 345 quia
1266 303 1342 333 fines
1363 303 1448 343 prin-

392 348 472 388 cipia
496 355 568 379 sunt
591 348 809 388 operabilium.

447 393 543 429 Quod
567 393 698 422 demum
720 392 895 432 appetitum
919 399 999 422 recte
1023 402 1055 422 se
1078 392 1191 422 habere
1215 392 1253 421 ad
1276 390 1353 420 fines
1373 399 1447 429 ope-

392 435 547 471 rabilium,
572 436 610 466 sit
633 436 745 466 habere
770 436 898 466 virtutes
922 436 1065 471 morales,
1082 442 1166 474 patet
1182 445 1217 464 ex
1237 445 1274 464 eo
1295 434 1381 474 quod
1399 443 1447 463 ea-

393 480 466 510 dem
489 487 535 510 est
556 480 653 510 virtus
671 480 835 510 intendens
851 479 947 510 finem
963 479 1128 519 proprium
1143 478 1274 508 alicuius
1291 477 1446 512 materiae,

393 531 422 554 et
446 523 562 563 eligens
586 524 727 554 medium
750 523 782 553 in
806 523 866 553 illa.
883 526 929 553 Ac
953 533 1007 562 per
1030 523 1101 558 hoc,
1125 523 1235 552 eadem
1259 529 1304 551 est
1327 528 1447 560 tempe-

392 567 508 598 rantiae
531 567 629 599 virtus
653 578 715 608 qua
738 567 808 607 quis
832 574 915 597 recto
940 566 1080 605 appetitu
1103 565 1236 596 intendit
1263 566 1385 595 bonum
1402 574 1446 594 ra-

393 611 488 641 tionis
515 612 548 641 in
571 611 829 642 delectationibus
857 617 972 645 tactus;
997 616 1027 639 et
1050 619 1113 649 qua
1141 609 1225 648 eligit
1250 608 1392 638 medium
1415 608 1447 637 in

393 655 511 685 eisdem
534 656 708 685 secundum
731 661 846 684 rectam
869 653 1032 683 rationem.

449 699 488 729 Et
500 699 543 728 sic
555 706 639 738 patet
655 705 739 729 totus
757 692 958 737 processus'*.
975 697 1039 733 Qui
1063 702 1150 726 tanto
1174 696 1276 726 verior
1299 705 1447 735 compro-

393 743 492 778 batur,
517 749 636 782 quanto
661 752 696 771 ex
719 742 787 771 sola
809 740 990 771 definitione
1010 739 1132 770 virtutis
1151 740 1288 775 moralis,
1306 740 1447 770 conside-

393 786 491 816 rando
515 795 595 826 quae
619 786 785 824 coexigunt
808 784 976 824 particulae
1000 782 1200 819 definitionis,
1225 784 1353 814 deduxit
1376 793 1448 814 con-

392 829 556 859 nexionem
586 836 731 863 mutuam
753 829 905 858 virtutum
932 827 1118 863 moralium,
1148 834 1331 868 computata
1353 828 1446 858 etiam

391 873 471 903 inter
494 883 544 902 eas
566 872 741 912 prudentia.
765 890 785 894 -
809 872 895 902 Haec
915 872 952 901 de
976 871 1126 901 secundo.

446 917 497 946 XI.
519 916 634 953 Quoad
658 915 798 951 tertium,
815 916 1036 955 respondendo
1056 915 1197 946 ordinate
1215 915 1344 946 obiectis
1359 915 1385 951 *,
1402 915 1447 945 di-

392 960 470 990 citur
493 960 581 1000 quod
605 959 723 999 primae
747 959 874 990 rationis
900 959 999 989 maior
1023 965 1069 989 est
1091 958 1177 996 falsa,
1202 959 1227 989 si
1251 966 1297 990 est
1324 959 1446 989 univer-

391 1003 471 1038 salis,
493 1010 528 1034 ut
550 1013 616 1033 esse
633 1003 733 1034 debet.
750 1003 830 1034 Sunt
845 1003 931 1033 enim
946 1003 1063 1033 multae
1080 1003 1224 1043 partiales
1240 1002 1447 1043 perfectiones

390 1056 557 1083 connexae,
574 1047 646 1077 licet
669 1057 734 1077 non
758 1057 869 1077 omnes
893 1047 954 1077 sint
973 1056 1146 1077 connexae:
1166 1047 1342 1077 intellectus
1362 1047 1447 1077 enim

391 1097 421 1121 et
443 1091 588 1121 voluntas
612 1094 769 1121 connexae
793 1099 874 1127 sunt,
893 1091 978 1121 visus
1002 1098 1032 1121 et
1055 1091 1181 1122 auditus
1205 1101 1279 1122 non.
1298 1091 1390 1122 Unde
1410 1101 1447 1121 ex

391 1134 452 1165 hoc
476 1135 554 1165 nihil
576 1135 717 1165 habetur.

443 1179 586 1209 Secunda
607 1189 682 1209 vero
705 1178 794 1214 ratio,
812 1189 849 1209 ex
871 1177 1053 1208 definitione
1075 1178 1208 1215 virtutis,
1232 1178 1296 1208 iam
1314 1178 1447 1210 *soluta

391 1229 457 1258 est;
482 1229 512 1252 et
535 1222 715 1253 convictum
734 1229 780 1253 est
803 1223 891 1263 quod
914 1222 946 1252 in
971 1221 1152 1252 definitione
1175 1222 1297 1253 virtutis
1321 1229 1447 1263 oportet

391 1266 498 1296 cadere
520 1274 636 1297 rectam
659 1267 813 1297 rationem
832 1266 1022 1306 simpliciter,
1038 1273 1069 1296 et
1085 1276 1150 1296 non
1166 1267 1342 1297 secundum
1357 1267 1445 1307 quid,

391 1317 426 1340 ut
449 1320 615 1350 opponens
631 1310 708 1349 vult,
733 1311 907 1341 concedens
929 1310 1017 1350 quod
1033 1320 1099 1340 non
1123 1317 1241 1350 spectat
1264 1312 1303 1341 ad
1325 1318 1445 1351 tempe-

389 1354 504 1384 tantiae
528 1354 676 1384 virtutem
698 1353 821 1384 firmare
844 1354 988 1385 animum
1011 1364 1050 1384 ne
1073 1354 1188 1386 timore
1211 1355 1322 1386 mortis
1350 1355 1447 1386 forni-

390 1405 492 1434 cetur;
509 1405 538 1428 et
562 1398 605 1428 sic
628 1398 735 1429 incidit
758 1398 790 1428 in
813 1398 940 1428 foveam
962 1408 1121 1438 magnam,
1141 1398 1257 1431 scilicet
1273 1400 1362 1440 quod
1377 1399 1446 1430 talis

389 1452 454 1472 non
478 1441 570 1472 faciat
595 1449 704 1473 contra
730 1443 978 1482 temperantiam.
1004 1442 1105 1474 Cuius
1128 1443 1314 1483 oppositum
1340 1450 1447 1474 tamen

390 1485 492 1517 sentit.
505 1503 526 1508 -
538 1486 579 1516 Et
602 1493 758 1526 praeterea
774 1486 979 1517 convincitur.
1001 1488 1067 1517 Aut
1088 1486 1157 1517 talis
1179 1487 1295 1518 recedit
1308 1498 1326 1518 a
1341 1487 1446 1518 medio

389 1530 622 1569 temperantiae,
642 1537 696 1561 aut
719 1540 795 1560 non.
811 1530 844 1561 Si
860 1530 913 1566 sic,
929 1530 1064 1561 declinat
1078 1530 1111 1562 in
1126 1531 1240 1562 vitium
1255 1538 1446 1563 extremum:

388 1583 462 1613 ergo
486 1580 532 1604 est
555 1581 663 1604 contra
686 1581 801 1605 rectam
823 1574 978 1605 rationem
1000 1581 1194 1614 spectantem
1217 1575 1256 1606 ad
1271 1582 1447 1616 temperan-

389 1618 475 1648 tiam.
500 1617 533 1648 Si
555 1628 637 1654 non,
666 1628 740 1658 ergo
767 1618 1008 1657 fornicationem
1031 1619 1237 1651 committens
1260 1629 1297 1650 ex
1320 1621 1448 1651 avaritia

390 1662 509 1698 solum,
538 1669 568 1692 et
591 1672 656 1692 non
681 1669 809 1702 propter
837 1662 1089 1699 delectationem;
1114 1673 1180 1694 non
1208 1671 1316 1703 peccat
1339 1671 1447 1695 contra

389 1706 638 1745 temperantiam.

447 1750 498 1780 Ad
517 1749 644 1780 tertium
663 1749 870 1790 respondetur
885 1749 917 1779 in
933 1750 1043 1786 littera,
1056 1751 1096 1780 ad
1111 1751 1260 1790 primum,
1277 1752 1365 1792 quod
1382 1763 1447 1783 ma-

389 1793 483 1824 teriae
505 1794 658 1824 virtutum
681 1800 755 1824 sunt
770 1793 924 1833 duplices:
942 1795 1098 1834 quaedam
1114 1802 1288 1834 spectantes
1305 1797 1343 1826 ad
1360 1807 1447 1827 com-

389 1847 521 1868 munem
543 1838 649 1873 vitam,
674 1837 829 1878 quaedam
852 1837 892 1867 ad
915 1837 1054 1878 aliquem
1077 1839 1295 1878 particularem
1318 1846 1445 1871 statum.

390 1881 425 1910 In
448 1881 572 1920 primis,
596 1890 677 1921 quae
700 1887 774 1911 sunt
796 1880 943 1911 materiae
966 1882 1119 1912 virtutum
1142 1882 1356 1920 cardinalium,
1381 1895 1446 1914 non

389 1924 543 1964 contingit
565 1924 698 1955 exerceri
719 1924 752 1954 in
775 1935 839 1954 una
863 1931 893 1955 et
915 1934 981 1955 non
1003 1925 1036 1955 in
1060 1925 1129 1962 alia,
1153 1933 1244 1963 recte,
1269 1927 1312 1958 sic
1336 1934 1372 1958 ut
1393 1927 1447 1959 fiat

388 1968 485 1999 virtus
509 1968 625 2009 aliqua:
650 1968 794 2009 quamvis
818 1968 918 2008 possit
939 1969 1099 2000 inchoatio
1123 1969 1227 2010 aliqua
1249 1971 1371 2002 virtutis
1395 1982 1446 2011 ge-

389 2013 499 2043 nerari.
511 2030 532 2035 —
548 2013 583 2042 In
598 2012 664 2043 istis
679 2018 794 2048 autem,
811 2012 964 2052 contingit
986 2012 1051 2043 fieri
1071 2023 1169 2044 unam
1191 2014 1258 2044 sine
1281 2015 1340 2046 alia
1363 2023 1445 2047 actu.

389 2056 439 2087 Fit
461 2063 568 2087 tamen
591 2057 695 2087 omnis
712 2056 886 2096 dupliciter.
910 2057 1028 2094 Primo,
1045 2058 1077 2087 in
1090 2059 1233 2097 potentia
1251 2060 1445 2100 propinqua,

389 2107 425 2131 ut
446 2100 480 2130 in
501 2100 602 2131 littera
625 2100 746 2131 dicitur.
771 2100 917 2131 Secundo
931 2124 938 2137 ,
959 2102 991 2131 in
1009 2103 1261 2141 praeparatione
1283 2105 1394 2142 animi,
1412 2112 1448 2135 ut

389 2144 489 2175 alibi*
499 2144 574 2175 dicit
586 2146 720 2175 Auctor:
732 2144 806 2185 quia
817 2145 970 2175 connexio
982 2144 1135 2176 virtutum
1148 2146 1296 2177 omnium
1311 2155 1357 2179 est
1371 2158 1447 2179 con-

389 2188 481 2219 nexio
504 2188 538 2219 in
559 2188 661 2225 tertio,
679 2188 759 2219 idest
780 2188 814 2218 in
837 2189 1016 2228 prudentia,
1034 2199 1115 2229 quae
1139 2190 1234 2221 dictat
1257 2191 1390 2222 formale
1413 2193 1446 2223 in

389 2232 478 2263 omni
492 2232 616 2268 virtute,
632 2232 747 2263 scilicet
762 2233 1033 2272 praeparationem
1048 2234 1157 2272 animi,
1174 2235 1268 2265 etiam
1284 2235 1446 2268 deficiente

389 2276 526 2307 materia.

444 2321 484 2350 Et
496 2330 551 2360 per
562 2320 624 2350 hoc
639 2326 724 2359 patet
738 2319 902 2360 responsio
913 2320 953 2350 ad
967 2327 1126 2360 quartum.
1139 2322 1226 2352 Tum
1239 2323 1314 2362 quia
1330 2323 1446 2354 forma-

388 2363 458 2394 liter
478 2370 611 2399 tantum,
627 2363 707 2394 idest
722 2363 896 2394 secundum
915 2365 1186 2404 praeparationem
1210 2366 1315 2403 animi,
1333 2367 1447 2399 sufficit

390 2407 562 2438 castitatem
576 2407 775 2447 coniugalem
790 2413 820 2438 et
834 2407 1044 2447 virginitatem
1060 2418 1126 2439 esse
1142 2419 1308 2441 connexas.
1320 2428 1341 2433 -
1357 2412 1445 2442 Tum

388 2451 463 2492 quia
485 2450 602 2481 falsum
625 2458 676 2481 est·
694 2451 782 2491 quod
805 2450 844 2481 sit
867 2451 969 2481 maior
991 2452 1069 2482 ratio
1093 2453 1131 2482 de
1156 2454 1350 2486 connexione
1374 2466 1443 2496 spe-

390 2495 525 2531 cialium,
551 2504 648 2535 quam
670 2494 864 2534 generalium
886 2495 1053 2526 virtutum:
1078 2496 1162 2537 quia,
1187 2504 1223 2528 ut
1246 2498 1366 2529 dictum
1388 2507 1443 2536 est,

388 2538 502 2569 harum
517 2538 664 2569 materiae
679 2538 778 2578 magis
794 2548 952 2569 connexae
968 2546 1042 2569 sunt
1057 2540 1280 2572 coniunctione
1294 2552 1444 2574 occursus

387 2589 530 2623 respectu
553 2582 797 2613 conversationis
812 2582 979 2619 humanae,
995 2583 1068 2614 licet
1083 2583 1189 2615 minus
1206 2595 1364 2617 connexae
1383 2587 1445 2618 sint

388 2626 610 2657 coniunctione
633 2626 856 2657 similitudinis.
879 2627 920 2657 Et
943 2634 1109 2667 propterea
1131 2628 1205 2659 istas
1228 2637 1354 2669 oportet
1377 2641 1443 2662 esse

388 2680 542 2701 connexas
557 2670 729 2701 formaliter
743 2677 774 2701 et
789 2670 1001 2702 materialiter:
1017 2671 1094 2707 illas,
1117 2671 1290 2704 formaliter
1308 2681 1443 2707 tantum.

442 2715 508 2745 XII.
531 2714 582 2744 Ad
605 2714 753 2755 quintum
772 2714 884 2745 dicitur
908 2714 1082 2754 dupliciter,
1105 2715 1191 2747 iuxta
1220 2717 1301 2748 duos
1327 2720 1443 2750 modos

387 2758 503 2798 quibus
526 2758 679 2788 connexio
695 2758 754 2789 ista
768 2758 898 2798 intelligi
918 2765 1030 2798 potest.
1048 2759 1213 2791 Connexio
1230 2771 1367 2803 namque
1383 2764 1443 2794 vir-

387 2808 501 2838 tutum,
515 2812 589 2832 cum
603 2812 668 2832 non
679 2802 718 2833 sit
731 2802 913 2838 successiva,
927 2803 1043 2834 claudit
1058 2803 1091 2834 in
1107 2814 1140 2834 se
1155 2804 1347 2837 simultatem
1363 2814 1442 2838 tem-

386 2846 483 2886 poris,
506 2846 549 2877 ita
571 2847 660 2886 quod
683 2853 809 2886 oportet
831 2856 882 2876 eas
904 2846 938 2877 in
962 2847 1076 2877 eodem
1105 2855 1248 2888 tempore
1272 2860 1352 2886 esse,
1376 2851 1443 2882 fieri

387 2897 416 2920 et
439 2890 609 2930 corrumpi.
633 2890 694 2920 Sed
716 2890 901 2921 huiusmodi
923 2891 1065 2922 simultas
1089 2893 1240 2933 temporis
1261 2901 1365 2933 potest
1384 2895 1442 2926 du-

386 2934 507 2973 pliciter
529 2934 668 2973 intelligi.
686 2934 803 2970 Primo,
824 2935 1000 2965 secundum
1015 2935 1151 2975 rigorem
1167 2937 1319 2968 veritatis:
1337 2946 1372 2970 ut
1386 2939 1442 2970 sci-

385 2977 457 3008 licet
478 2978 511 3007 in
534 2979 648 3008 eodem
671 2978 798 3009 instanti
821 2979 973 3018 temporis
991 2989 1057 3019 quo
1077 2986 1123 3010 est
1138 2990 1210 3017 una,
1228 2981 1268 3012 sit
1282 2983 1442 3014 actualiter

386 3021 458 3057 alia;
476 3028 506 3052 et
527 3022 560 3052 in
584 3022 672 3052 nullo
695 3021 822 3053 instanti
844 3022 884 3053 sit
907 3033 971 3053 una
993 3023 1059 3053 sine
1078 3023 1137 3054 alia
1151 3026 1321 3057 actualiter.
1338 3027 1378 3058 Et
1391 3027 1442 3058 hic

385 3074 494 3095 sensus
506 3065 627 3096 videtur
638 3066 849 3098 communiter
861 3066 972 3108 accipi:
990 3074 1020 3098 et
1034 3074 1143 3098 contra
1154 3078 1228 3099 eum
1241 3071 1383 3109 procedit
1396 3082 1442 3102 ar-

385 3115 583 3148 gumentum.
603 3110 704 3146 Unde,
722 3110 806 3141 hunc
822 3111 984 3151 sequendo
1000 3121 1138 3147 sensum,
1156 3114 1338 3145 conceditur
1352 3116 1442 3155 quod

385 3152 473 3183 nulla
496 3153 700 3183 cardinalium
715 3154 868 3185 virtutum
883 3161 929 3185 est
944 3155 1031 3195 prior
1045 3162 1099 3186 aut
1113 3158 1269 3196 posterior
1285 3158 1380 3189 altera
1395 3169 1441 3190 se-

386 3196 527 3227 cundum
548 3203 684 3237 tempus.
704 3198 744 3227 Et
766 3198 906 3229 similiter
925 3199 1012 3239 quod
1027 3199 1114 3230 nulla
1129 3207 1176 3232 est
1190 3202 1291 3241 prima
1308 3203 1442 3242 positive

386 3240 495 3270 ordine
511 3241 677 3280 temporis;
695 3241 750 3271 sed
768 3242 923 3282 quaelibet
937 3243 980 3273 sic
997 3251 1042 3275 est
1057 3243 1159 3284 prima
1178 3246 1330 3286 negative.
1346 3264 1365 3270 -
1379 3247 1441 3278 Ne—

384 3290 475 3323 gatur
497 3291 603 3315 autem
626 3285 715 3325 quod
737 3292 885 3330 sequatur
907 3287 1145 3326 temperantiam
1161 3299 1228 3320 esse
1242 3290 1328 3330 prius
1343 3290 1440 3322 virtu-

385 3334 450 3359 tem
472 3338 569 3368 quam
591 3329 630 3359 sit
652 3328 760 3360 virtus.
780 3329 820 3359 Et
843 3330 986 3369 probatio
1011 3332 1142 3362 assumit
1158 3332 1282 3370 falsum,
1306 3334 1439 3366 scilicet:

385 3371 417 3402 Si
436 3372 640 3412 temperantia
663 3383 729 3403 non
753 3379 799 3403 est
821 3373 918 3403 virtus
937 3374 1003 3405 sine
1022 3375 1135 3406 virtute
1159 3376 1361 3415 fortitudinis,
1377 3378 1440 3409 for-

384 3415 487 3446 titudo
511 3423 557 3447 est
586 3416 672 3456 prius
702 3417 814 3447 virtus:
840 3417 953 3448 sufficit
976 3419 1061 3448 enim
1084 3420 1123 3449 ad
1146 3421 1216 3457 hoc,
1237 3422 1325 3462 quod
1353 3422 1440 3453 forti-

384 3459 462 3489 tudo
488 3459 527 3490 sit
549 3459 644 3490 simul
666 3460 774 3496 virtus,
799 3467 834 3491 ut
857 3468 951 3501 patet.
966 3479 987 3485 -
1002 3463 1075 3494 Non
1099 3464 1201 3494 habeo
1225 3466 1357 3496 demum
1380 3476 1438 3506 pro

383 3501 615 3534 inconvenienti
630 3505 718 3544 quod
730 3504 824 3535 unico
840 3512 921 3541 actu,
936 3505 969 3535 in
984 3506 1097 3538 virtute
1112 3515 1159 3539 tot
1174 3510 1438 3548 praecedentium,

381 3554 568 3585 generentur
591 3548 686 3578 simul
709 3558 819 3579 omnes
842 3549 971 3580 virtutes
994 3550 1026 3580 in
1051 3561 1116 3582 esse
1136 3552 1285 3592 perfecto.
1301 3554 1341 3584 Et
1365 3564 1439 3585 cum

1079 226 1342 272 QUAESTIO
1374 225 1492 272 LXV,
1521 224 1815 261 ARTICULUS
1845 226 1859 260 1

1502 302 1624 338 dicitur,
1649 303 1710 332 Ille
1732 308 1824 333 actus
1847 308 1894 333 est
1916 304 2011 334 unius
2035 306 2177 335 virtutis:
2201 304 2271 334 dico
2291 305 2380 344 quod
2402 304 2454 334 ille
2473 311 2560 335 actus

1502 353 1547 376 est
1570 353 1656 376 actus
1679 346 1876 386 generativus
1899 347 2092 386 prudentiae,
2117 348 2172 389 qui
2197 347 2258 387 agit
2280 348 2313 378 in
2335 348 2449 379 virtute
2471 348 2559 379 habi-

1501 396 1552 420 tus
1568 389 1798 429 principiorum
1814 390 2008 429 prudentiae.
2021 391 2107 422 Cum
2126 392 2220 428 enirn,
2234 398 2269 422 ut
2281 401 2318 422 ex
2333 392 2423 423 dictis
2434 392 2452 410 '²‘
2464 399 2558 432 patet,

1500 433 1624 463 habitus
1648 433 1878 473 principiorum
1901 435 2084 474 prudentiae
2107 436 2140 466 in
2163 442 2249 476 parte
2273 436 2498 475 apprehensiva
2522 437 2560 467 sit

1501 477 1685 517 synderesis.
1709 477 1741 507 in
1765 483 1852 516 parte
1875 477 2044 517 appetitiva
2067 479 2107 510 sit
2125 479 2165 510 ad
2188 479 2294 509 minus
2310 479 2421 519 triplex
2435 480 2560 511 habitus

1500 520 1597 550 trium
1614 521 1768 551 virtutum
1787 520 2009 558 cardinalium
2025 529 2055 553 et
2073 523 2215 563 pluribus
2231 523 2388 554 habitibus
2404 523 2500 554 simul
2514 524 2560 555 uti

1502 564 1663 604 contingat
1678 565 1710 594 in
1726 564 1836 594 ordine
1852 565 1891 594 ad
1915 575 2031 602 unum;
2048 574 2078 597 et
2093 567 2269 606 prudentia,
2286 577 2350 598 una
2364 567 2507 604 existens,
2523 578 2560 598 ex

1501 608 1650 638 omnibus
1674 608 1722 638 his
1745 608 1880 648 pendeat
1887 617 1895 644 3
1913 616 1944 640 et
1965 611 2124 649 generatio
2148 611 2332 651 prudentiae
2354 611 2394 642 sit
2408 611 2559 652 perfectio

1500 652 1669 682 virtutum:
1700 662 1897 692 consequens
1920 659 1967 683 est
1989 660 2024 684 ut
2046 661 2134 685 actus
2151 655 2348 695 generativus
2375 655 2560 695 prudentiae

1500 696 1650 735 procedat
1673 702 1703 726 et
1726 705 1743 726 a
1766 696 1938 737 synderesi,
1956 704 1987 728 et
2009 697 2166 729 habitibus
2180 696 2278 730 trib'us
2294 699 2447 730 virtutum
2463 699 2560 730 cardi-

1500 739 1622 769 nalium
1636 749 1702 769 non
1716 739 1803 779 prius
1826 740 2044 780 perfectarum,
2063 742 2119 772 sed
2133 742 2204 782 ipso
2218 750 2289 774 actu
2305 750 2471 783 generante
2485 753 2560 783 pru—

1501 783 1640 813 dentiam
1659 793 1725 813 esse
1741 783 1916 823 perfectum
1939 785 2170 824 accipientium.
2189 787 2230 818 Et
2245 787 2289 818 sic
2304 787 2357 818 ille
2372 794 2468 823 actus,
2485 787 2559 818 dato

1500 827 1589 867 quod
1605 834 1685 858 esset
1700 827 1794 858 unius
1810 834 1934 858 tanturn
1951 828 2082 865 virtutis,
2094 836 2172 868 puta
2186 831 2370 871 synderesis,
2383 832 2458 872 quia
2473 831 2559 862 nulla

1500 871 1768 912 praesupponitur
1781 871 1842 902 alia
1857 872 1968 908 virtus;
1983 879 2064 903 esset
2079 879 2185 904 tamen
2199 875 2376 906 multorum
2391 875 2559 906 habituum

1500 915 1749 955 participativus‚
1774 923 1804 946 et
1826 915 1869 946 sic
1892 923 2000 956 posset
2027 917 2143 948 multas
2171 927 2392 950 consummare
2414 919 2558 951 virtutes:

1500 959 1581 990 sicut
1603 966 1676 999 post
1702 959 1840 999 genitam
1861 960 2072 999 prudentiam,
2101 968 2183 992 recte
2206 962 2384 1003 praecipere
2407 963 2503 994 simul
2526 964 2559 994 in

1499 1003 1642 1043 pluribus
1670 1003 1818 1039 materiis,
1843 1011 1889 1034 est
1911 1011 1999 1035 actus
2022 1004 2117 1036 unius
2139 1005 2271 1042 virtutis,
2295 1007 2479 1046 prudentiae
2502 1007 2559 1038 sci-

1498 1047 1579 1083 licet,
1605 1047 1751 1084 elicitive;
1772 1048 1945 1078 multarum
1968 1055 2075 1079 autem
2098 1049 2251 1080 virtutum
2273 1050 2454 1088 moralium,
2474 1051 2560 1092 prin-

1500 1091 1658 1131 cipiorum
1681 1091 1876 1131 prudentiae,
1895 1098 1942 1122 est
1957 1099 2045 1123 actus
2068 1093 2293 1133 participative.

1555 1135 1702 1166 Secundo
1726 1142 1834 1166 autem
1856 1136 1967 1172 modo,
1989 1136 2132 1168 simultas
2147 1137 2300 1177 temporis
2313 1137 2500 1178 intelligitur
2513 1148 2560 1170 se—

1500 1179 1642 1209 cundum
1665 1179 1950 1220 propinquitatem:
1975 1187 2010 1211 ut
2032 1180 2150 1211 scilicet
2171 1191 2253 1222 quae
2275 1191 2390 1221 parum
2413 1182 2561 1214 differunt

1500 1223 1678 1253 secundum
1696 1230 1832 1263 tempuS,
1858 1223 1954 1254 simul
1977 1234 2044 1255 esse
2059 1225 2222 1262 dicuntur;
2241 1225 2327 1256 iuxta
2348 1225 2438 1262 illud,
2467 1226 2561 1264 Quod

1494 1277 1614 1307 parum
1630 1267 1737 1304 distat,
1754 1268 1833 1298 nihil
1846 1268 1968 1299 distare
1982 1268 2107 1299 videtur
2120 1269 2147 1299 *.
2165 1269 2206 1301 Et
2221 1269 2265 1300 sic
2279 1269 2408 1300 virtutes
2424 1271 2560 1301 morales

1499 1311 1644 1351 pluribus
1660 1311 1780 1342 actibus
1803 1311 1893 1352 quasi
1909 1312 2006 1343 simul
2017 1320 2217 1353 generantur:
2235 1321 2266 1345 et
2281 1313 2429 1345 dicuntur
2444 1324 2560 1346 conne-

1498 1365 1564 1391 xae,
1585 1355 1659 1396 quia
1682 1362 1808 1396 oportet
1823 1366 2084 1397 unamquamque
2100 1357 2206 1388 statim
2221 1357 2315 1388 aliam
2339 1358 2489 1390 comitem
2504 1359 2561 1390 ha-

1499 1399 1582 1430 bere.
1606 1400 1647 1430 Et
1669 1399 1740 1430 licet
1758 1399 1820 1430 hoc
1835 1399 1978 1431 videatur
1993 1401 2095 1441 prima
2110 1401 2188 1432 facie
2203 1401 2429 1439 inconsonum,
2446 1403 2472 1434 si
2488 1403 2560 1444 quis

1499 1450 1605 1474 tamen
1629 1443 1804 1474 consideret
1825 1445 1915 1485 quod
1937 1454 2042 1475 sermo
2069 1455 2214 1485 praesens
2237 1455 2304 1476 non
2327 1453 2374 1478 est
2395 1447 2560 1489 metaphy-

1500 1487 1583 1518 sicus
1611 1497 1715 1528 neque
1742 1487 1997 1525 mathematicus,
2021 1489 2076 1519 sed
2099 1490 2241 1526 moralis,
2265 1490 2298 1521 in
2321 1501 2388 1531 quo
2414 1501 2482 1522 non
2505 1492 2560 1522 ad-

1500 1531 1653 1562 amussim
1675 1531 1830 1562 certitudo
1852 1532 2029 1572 quaeritur;
2046 1539 2077 1564 et
2099 1534 2238 1565 attendat
2261 1534 2301 1564 ad
2323 1534 2400 1565 alias
2418 1536 2560 1576 proprie-

1499 1582 1577 1606 tates
1600 1576 1764 1612 virtutum,
1780 1577 1870 1616 quod
1892 1576 1987 1606 simili
2009 1577 2108 1608 modo
2127 1575 2342 1609 verificantur:
2359 1588 2424 1609 non
2441 1589 2560 1620 usque-

1495 1617 1627 1660 >quaque
1649 1620 1712 1650 hoc
1730 1627 1867 1660 spernet.
1882 1620 1971 1650 Patet
1993 1630 2132 1661 namque
2146 1622 2235 1661 quod
2251 1622 2401 1662 attingere
2416 1623 2561 1654 medium

1500 1674 1566 1694 non
1581 1664 1688 1694 minus
1705 1663 1853 1694 convenit
1868 1663 1974 1694 virtuti
1986 1674 2082 1705 quam
2100 1665 2268 1696 connexio:
2286 1672 2317 1696 et
2332 1673 2456 1698 constat
2471 1667 2562 1708 quod

1500 1708 1681 1747 contingere
1705 1707 1846 1737 medium
1871 1714 2000 1738 vocatur
2021 1718 2088 1738 non
2111 1709 2218 1739 solum
2241 1709 2391 1750 attingere
2406 1717 2559 1748 centrum,

1500 1752 1555 1782 sed
1577 1761 1686 1792 prope.
1712 1752 1818 1788 Quare
1833 1761 1908 1791 ergo
1925 1752 2079 1783 connexio
2094 1752 2249 1794 virtutum
2262 1763 2329 1784 non
2344 1755 2488 1786 vocanda
2502 1761 2559 1792 est,

1500 1796 1526 1825 si
1550 1805 1650 1835 prope
1679 1795 1756 1831 sint;
1785 1795 1840 1826 sed
1868 1795 1974 1826 solum
2002 1795 2036 1826 in
2062 1796 2191 1828 instanti
2213 1797 2239 1828 si
2267 1797 2444 1838 attingant?
2470 1799 2560 1830 Idem

1500 1839 1585 1870 enim
1607 1839 1731 1870 videtur
1753 1838 1786 1869 in
1809 1839 1939 1869 materia
1962 1840 2167 1871 connexionis
2189 1841 2319 1878 instans,
2338 1843 2429 1884 quod
2442 1842 2477 1873 in
2492 1853 2559 1874 ma-

1498 1884 1575 1914 teria
1598 1884 1636 1913 de
1659 1882 1766 1913 medio
1789 1890 1946 1923 punctum
1971 1884 2115 1916 centrale.

1554 1927 1636 1958 XIII.
1661 1928 1702 1958 Et
1725 1927 1803 1957 scito
1828 1927 1878 1958 hic
1900 1928 1990 1968 quod
2009 1937 2046 1958 ex
2068 1935 2205 1969 utroque
2227 1930 2327 1960 modo
2351 1930 2561 1962 simultaneae

1499 1971 1708 2011 generationis
1722 1971 1886 2007 virtutum,
1902 1971 2040 2002 salvatur
2059 1973 2148 2013 quod
2165 1973 2305 2010 virtutes,
2326 1981 2483 2014 quatenus
2498 1975 2561 2006 vir·-

1498 2022 1582 2046 tutes
1604 2022 1688 2051 sunt,
1712 2015 1877 2055 qualitates
1892 2022 1967 2046 sunt
1988 2016 2160 2053 absolutae,
2176 2026 2255 2060 quas
2270 2017 2405 2049 dicimus
2422 2018 2558 2056 habitus,

1498 2059 1584 2090 iuxta
1611 2059 1756 2099 superius
1777 2058 1796 2077 θ
1819 2059 2026 2091 determinata
2053 2068 2162 2092 contra
2189 2061 2332 2093 Scotum.
2360 2063 2444 2093 Nam
2470 2063 2498 2094 si
2518 2063 2561 2094 si-
2586 2062 2771 2112 &Qu-3⁸¹⁸*-
2790 2079 2801 2091 .

1500 2104 1616 2134 multas
1637 2103 1696 2134 ista
1719 2112 1785 2134 non
1809 2110 1855 2134 est
1876 2103 2081 2141 instantanea,
2106 2105 2161 2135 sed
2183 2106 2287 2146 quasi;
2312 2113 2436 2138 constat
2457 2107 2557 2148 quod,

1499 2147 1580 2178 sicut
1602 2154 1676 2187 post
1699 2147 1818 2178 multos
1842 2154 1940 2185 actus,
1957 2158 1994 2179 ex
2017 2148 2126 2190 aliquo
2145 2149 2178 2180 in
2200 2149 2315 2181 virtute
2333 2151 2492 2188 omnium,
2506 2161 2560 2192 ge-

1499 2198 1626 2223 neratur
1647 2191 1772 2231 habitus
1795 2193 2029 2232 temperantiae,
2045 2193 2088 2224 ita
2110 2199 2141 2224 et
2155 2193 2253 2224 virtus
2268 2195 2502 2235 temperantiae,
2517 2195 2562 2227 Et

1500 2236 1580 2267 sicut
1591 2243 1724 2275 augetur
1734 2235 1868 2272 habitus,
1884 2236 1982 2267 virtus
1998 2244 2146 2277 augetur:
2164 2244 2195 2268 et
2217 2238 2262 2269 sic
2278 2239 2317 2269 de
2332 2239 2441 2270 aliis.—
2454 2239 2487 2271 Si
2502 2249 2558 2270 au-

1499 2287 1564 2311 tem
1583 2279 1726 2311 simultas
1740 2280 1799 2310 ista
1815 2287 1861 2311 est
1873 2290 1943 2311 vere
1957 2281 2162 2318 instantanea,
2180 2289 2256 2313 tunc
2271 2282 2353 2314 sieut
2368 2293 2432 2314 una
2447 2283 2559 2315 electio

1499 2324 1711 2364 comparativa
1733 2331 1838 2363 potest
1861 2334 1927 2354 esse
1942 2335 1961 2355 a
1975 2325 2093 2362 multis,
2109 2325 2211 2356 immo
2227 2327 2376 2358 omnibus
2391 2327 2560 2359 virtutibus

1498 2367 1724 2404 cardinalibus,
1754 2375 1926 2408 postquam
1948 2375 2023 2399 sunt
2049 2369 2188 2408 genitae;
2211 2370 2255 2400 ita
2277 2380 2341 2401 una
2363 2371 2474 2402 similis
2496 2372 2560 2402 ele·

1498 2411 1561 2442 ctio
1585 2418 1690 2451 potest
1712 2421 1779 2442 esse
1794 2412 1972 2452 generativa
1987 2413 2083 2443 simul
2097 2413 2256 2449 omnium,
2271 2414 2315 2445 ita
2329 2415 2362 2445 in
2378 2415 2559 2456 propinqua

1475 2475 1478 2479 ⁴
1498 2455 1704 2495 dispositione
1716 2456 1925 2492 existentium,
1941 2463 1977 2487 ut
1991 2457 2086 2487 unico
2102 2464 2174 2488 actu
2190 2459 2432 2498 supervenienti,
2449 2459 2482 2490 in
2497 2459 2558 2490 vir·

1496 2506 1563 2530 tute
1585 2506 1634 2530 tot
1654 2500 1920 2540 praecedentium,
1939 2501 2134 2540 generandae
2157 2509 2259 2532 essent
2285 2503 2462 2533 secundum
2484 2513 2558 2534 suas

1497 2544 1656 2574 absolutas
1684 2543 1836 2575 entitates.
1864 2545 1930 2574 Nec
1952 2545 1986 2574 in
2009 2544 2071 2575 hoc
2094 2552 2141 2576 est
2162 2545 2336 2577 differentia
2360 2547 2441 2577 inter
2462 2547 2556 2578 ratio-

1496 2597 1570 2618 nem
1592 2587 1725 2623 virtutis,
1741 2594 1772 2618 et
1789 2587 1924 2624 habitus,
1948 2595 1985 2619 ut
2006 2595 2101 2628 patet.
2121 2589 2287 2620 Manifeste
2301 2597 2408 2621 autem
2424 2597 2557 2628 constat,

1496 2641 1584 2667 cum,
1609 2631 1775 2672 proposito
1803 2631 1957 2662 adulterio
1981 2633 2190 2672 perpetrando
2214 2634 2274 2664 sub
2300 2633 2429 2665 instanti
2452 2644 2558 2675 poena

1496 2675 1617 2710 mortis.
1641 2675 1766 2715 eligitur
1789 2686 1985 2715 perseverare
2007 2676 2040 2706 in
2064 2677 2167 2713 bono;
2183 2677 2370 2708 electionem
2387 2678 2476 2709 illam
2489 2689 2558 2710 esse

1496 2730 1513 2749 a
1536 2719 1702 2760 prudentia
1723 2719 1881 2750 iudicante
1905 2726 1935 2750 et
1958 2720 2177 2761 praecipiente,
2194 2731 2212 2751 a
2230 2721 2348 2752 iustitia
2362 2722 2413 2753 ius
2428 2723 2557 2754 alterius

1496 2763 1639 2803 coniugis
1663 2763 1816 2794 refutante
1835 2764 1962 2800 violare,
1980 2775 1997 2794 a
2013 2764 2198 2796 fortitudine
2211 2765 2359 2796 timorem
2375 2766 2487 2798 mortis
2501 2777 2556 2798 su—

1495 2814 1632 2847 perante,
1646 2818 1663 2838 a
1675 2808 1880 2847 temperantia
1891 2808 2132 2839 delectationem
2143 2819 2310 2840 veneream
2322 2811 2450 2851 quando
2463 2820 2557 2851 opor-

1495 2858 1548 2888 tet,
1572 2858 1641 2887 etc.,
1658 2858 1830 2883 recusante.
1855 2852 1947 2883 Unde
1962 2852 1988 2882 si
2004 2852 2076 2893 quis
2094 2853 2134 2884 sit
2156 2854 2236 2884 adeo
2255 2854 2439 2885 exercitatus
2452 2854 2486 2885 in
2500 2855 2556 2886 ha-

1494 2905 1567 2926 rum
1590 2895 1737 2926 omnium
1760 2896 1914 2926 virtutum
1936 2896 2066 2934 actibus,
2091 2903 2128 2928 ut
2149 2898 2308 2929 devenerit
2322 2898 2363 2928 ad
2377 2898 2450 2935 hoc,
2467 2899 2556 2940 quod

1495 2940 1520 2969 si
1545 2939 1639 2970 unico
1663 2946 1734 2970 actu
1758 2940 1861 2970 adhuc
1883 2948 2084 2978 exerceretur,
2108 2940 2195 2972 fieret
2216 2941 2250 2972 in
2266 2951 2305 2972 eo
2319 2942 2418 2973 virtus
2433 2949 2556 2983 tempe-

1494 2983 1625 3020 rantiae,
1650 2990 1680 3014 et
1703 2983 1845 3014 similiter
1867 2985 1906 3015 de
1928 2984 2047 3016 iustitia
2070 2991 2101 3016 et
2123 2985 2204 3022 aliis;
2229 2992 2260 3017 et
2281 2986 2350 3026 ipse
2371 2986 2404 3017 in
2424 2987 2557 3018 unicum

1493 3028 1703 3067 postmodum
1726 3035 1813 3059 exeat
1831 3035 1938 3059 actum
1954 3029 2117 3060 cadentem
2133 3039 2228 3070 super
2246 3030 2391 3061 materias
2407 3031 2557 3062 omnium

1493 3072 1663 3108 virtutum,
1689 3082 1724 3102 ac
1747 3082 1803 3112 per
1824 3072 1887 3103 hoc
1909 3073 2160 3114 aequivalentem
2183 3081 2322 3114 quatuor
2343 3074 2480 3105 actibus:
2497 3074 2555 3106 illo

1494 3116 1589 3146 unico
1613 3122 1684 3146 actu
1707 3117 1940 3155 generabuntur
1967 3117 2063 3147 simul
2091 3124 2230 3158 quatuor
2256 3117 2381 3149 habitus
2403 3118 2553 3155 virtuosi,

1493 3169 1575 3200 quos
1597 3160 1728 3191 virtutes
1751 3160 1921 3191 cardinales
1951 3160 2096 3192 dicimus.
2120 3161 2192 3192 Hoc
2215 3168 2323 3192 autem
2345 3162 2553 3203 contingeret,

1493 3204 1518 3234 si
1542 3203 1586 3234 sic
1609 3203 1781 3244 dispositus
1804 3205 1844 3234 ad
1865 3204 2005 3241 virtutes,
2029 3205 2196 3245 proposito
2220 3205 2278 3236 sibi
2300 3206 2456 3237 adulterio
2476 3215 2554 3237 cum

1493 3254 1605 3284 morte,
1630 3255 1666 3279 ut
1689 3248 1809 3279 dictum
1837 3256 1897 3284 est,
1922 3249 2049 3288 eligeret
2075 3249 2199 3280 bonum
2221 3249 2352 3280 rationis
2373 3249 2550 3290 possidere:

1493 3299 1568 3322 tunc
1591 3291 1676 3322 enim
1698 3292 1819 3323 ratione
1841 3292 1949 3323 iudicii
1971 3299 2002 3323 et
2024 3293 2181 3333 praecepti
2203 3292 2291 3325 fieret
2313 3293 2488 3334 prudentia,
2504 3303 2552 3324 ra-

1492 3335 1579 3366 tione
1601 3336 1763 3366 electionis
1785 3336 1943 3376 sequentis
1958 3335 2068 3368 fierent
2086 3337 2163 3368 aliae
2177 3337 2317 3368 virtutes.
2333 3338 2375 3368 Et
2389 3337 2491 3368 simile
2506 3343 2553 3367 est

1492 3379 1524 3409 in
1548 3379 1703 3410 similibus
1726 3380 1957 3420 comparativis.
1981 3381 2022 3411 Et
2043 3381 2122 3411 scias
2144 3381 2233 3422 quod
2255 3388 2344 3412 tanto
2366 3380 2488 3412 facilius
2512 3380 2551 3411 si-

1493 3424 1688 3454 multaneam
1710 3423 1947 3464 generationem
1959 3424 1993 3454 in
2007 3424 2135 3455 instanti
2151 3425 2292 3461 salvabis,
2309 3431 2429 3465 quanto
2445 3425 2486 3455 ad
2501 3435 2550 3455 so-

1492 3467 1561 3497 lum
1584 3474 1702 3498 statum
1724 3467 1846 3498 virtutis
1870 3467 2016 3507 obligaris
2040 3468 2226 3500 salvandum
2248 3469 2338 3509 quod
2359 3467 2414 3499 fiat
2435 3468 2469 3498 in
2499 3468 2550 3498 in-

1493 3511 1599 3542 stanti:
1616 3511 1770 3552 quoniam
1785 3511 1914 3542 virtutes
1930 3512 2049 3552 absque
2064 3512 2186 3543 virtutis
2203 3519 2295 3548 statu,
2309 3518 2420 3552 utpote
2435 3512 2550 3552 imper-

1492 3554 1599 3591 fectae,
1624 3565 1690 3586 non
1713 3562 1787 3586 sunt
1810 3565 1968 3586 connexae
1982 3554 2010 3586 ³.
2026 3574 2047 3579 -
2064 3556 2125 3587 Sed
2147 3566 2187 3587 ne
2205 3555 2369 3586 videamur
2383 3555 2500 3596 fugere,
2521 3563 2551 3588 et

2587 400 2598 411 ⁸
2606 399 2641 422 Cf.
2650 406 2713 422 num.
2721 407 2745 422 x.

2637 1289 2644 1296 .
2658 1273 2760 1302 resp-ad
2774 1279 2801 1302 ι,

2578 3560 2587 3569 ·
2602 3559 2640 3582 ef.
2653 3564 2718 3583 nnn.
2725 3565 2766 3583 ιιι
