2852 4152
126 742 135 750 ·
156 740 188 762 Ca
207 756 212 761 .

131 766 156 788 S.
167 766 188 788 T
206 782 212 788 .
227 766 279 788 lect.
295 772 310 787 ι.

129 822 191 844 'Ad
206 828 226 843 2.

131 871 338 893 'Commentarvnh

229 746 244 766 ι,
259 746 282 761 η.
297 746 316 761 2.
328 751 339 756 -

127 1531 137 1542 ³
152 1530 230 1552 Primi.

128 1616 137 1624 ·
154 1613 200 1641 Qu.
219 1619 279 1640 xvn,
294 1617 337 1635 art.

120 2094 131 2105 ⁴
148 2095 198 2116 Art.
215 2100 230 2116 ι.

120 2187 131 2197 ⁴
146 2186 226 2208 Eiusd.
241 2190 282 2208 art.
297 2193 314 2208 1.

122 2215 141 2223 ‘¹
157 2213 195 2234 Ad
209 2219 230 2235 2.

121 2816 129 2825 ·
147 2815 197 2836 Art.
213 2821 229 2836 1.

124 2915 133 2923 ‘
144 2914 200 2941 Cap.
210 2919 224 2940 1,
234 2919 255 2935 n.
265 2920 286 2942 9,
298 2920 332 2939 10;

166 2945 332 2988 ·†¹1Y.‘1¹L·c{?1i‘¹}:

295 2983 302 2993 ‚

123 3019 278 3067 'sfufan
288 3026 333 3067 ῒηῖ

1072 183 1336 228 QUAESTIO
1368 183 1415 226 L,
1448 182 1738 220 ARTlCULUS
1769 182 1819 218 lV

1040 303 1370 335 Commentaria
1391 302 1640 334 Cardinalis
1662 302 1862 335 Caietam

396 401 416 421 u
440 390 571 421 articulo
595 390 710 431 primo,
732 391 871 421 secundo
892 398 922 421 et
945 391 1035 421 tertio
1056 390 1247 431 quaestionis
1271 389 1426 429 quinqua-

369 402 544 474 Igesimae,
564 434 643 465 circa
667 435 843 465 subiectum
859 434 993 470 habitus,
1015 434 1241 464 advertendum
1261 440 1306 463 est
1326 433 1424 473 quod,

368 478 441 520 quia
465 478 589 509 habitus
611 478 683 508 finis
707 485 754 509 est
772 478 1006 513 habituationis,
1024 484 1054 507 et
1070 476 1224 507 habituari
1248 486 1424 506 assuescere

367 523 530 563 quoddam
554 529 618 558 est;
641 522 713 552 ideo
730 522 784 552 ubi
809 532 874 552 non
890 521 1048 551 invenitur
1072 520 1280 555 consuetude,
1299 526 1353 550 aut
1369 520 1425 550 ali—

368 566 446 607 quid
460 566 572 602 maius,
585 565 627 596 ibi
642 576 707 596 non
724 565 880 595 invenitur
892 564 1018 604 proprie
1030 563 1164 593 habitus.
1179 564 1310 603 Propter
1326 564 1423 604 quod,

369 609 570 640 existentibus
595 610 720 639 duobus
744 608 912 651 principiis,
930 607 1046 638 scilicet
1069 614 1179 637 natura
1203 613 1233 638 et
1250 607 1421 643 voluntate,

368 654 422 684 ubi
446 660 492 684 est
515 663 592 692 pure
617 659 736 688 natura,
754 652 831 682 nihil
855 658 900 682 est
919 651 1043 681 habitus
1059 650 1201 690 proprie:
1228 651 1253 680 si
1278 651 1363 681 enim
1378 651 1425 681 in-

367 697 480 728 finities
503 697 582 736 lapis
606 696 786 736 proiiciatur
809 704 944 730 sursum,
967 704 1033 724 non
1057 694 1270 725 habituabitur
1292 695 1332 724 ad
1355 705 1424 725 mo-

367 747 437 771 tum
460 750 595 776 sursum,
613 746 648 770 ut
664 739 776 769 dicitur
791 738 823 768 in
840 739 866 768 II
886 739 988 768 Ethic.
1005 738 1023 757 *
1037 755 1058 760 -
1075 738 1136 769 Ubi
1158 745 1264 768 autem
1288 746 1334 769 est
1356 739 1424 779 ipsa

366 785 522 819 voluntas,
540 784 582 813 ibi
598 790 643 813 est
658 782 792 822 perfecte
809 782 944 812 habitus.
956 782 1047 812 Unde
1064 788 1094 812 et
1109 782 1146 812 de
1163 782 1283 813 ratione
1298 783 1424 814 habitus

366 828 489 858 videtur
504 827 728 862 voluntarium,
745 833 780 856 ut
795 826 827 855 in
843 832 897 856 art.
915 827 930 856 3
948 823 963 840 *
979 828 1100 856 Auctor
1116 826 1205 856 dicit:
1231 833 1261 857 et
1279 827 1312 856 in
1329 827 1369 857 111
1386 827 1425 857 de

365 873 482 902 Anima
497 871 523 906 *,
548 873 701 900 Averroes
725 869 800 900 dicit
822 870 911 909 quod
933 870 1059 900 habitus
1082 875 1128 900 est
1143 879 1204 910 quo
1223 872 1294 911 quis
1312 881 1424 911 opera-

366 921 421 946 tur
439 925 509 945 cum
530 914 605 944 vult.
623 931 643 936 -
660 914 694 943 ln
711 913 902 944 intermediis
926 920 1042 950 autem,
1059 921 1179 954 quanto
1196 914 1309 955 aliquis
1326 915 1424 954 magis

366 958 530 999 participat
545 957 665 997 aliquid
688 957 826 993 rationis,
845 963 932 987 tanto
949 957 1048 997 magis
1067 957 1232 997 participat
1247 958 1400 989 habitum.

420 1002 456 1031 11.
474 1001 515 1031 Et
528 1001 601 1031 hinc
625 1001 770 1040 provenit
785 1001 899 1040 primo,
916 1001 1005 1041 quod
1027 1001 1152 1032 habitus
1169 1002 1208 1031 ad
1225 1002 1424 1041 operationes

366 1052 439 1075 sunt
462 1044 673 1084 principaliter
701 1044 733 1074 in
757 1045 878 1081 anima,
904 1045 984 1075 idest
1006 1045 1039 1075 in
1062 1045 1138 1084 ipsis
1168 1045 1335 1076 virtutibus
1359 1046 1423 1077 ani-

366 1099 445 1124 mae,
462 1095 492 1118 et
508 1088 692 1118 secundario
708 1088 740 1118 in
757 1089 881 1128 organis
898 1088 1073 1128 corporeis:
1098 1089 1251 1129 quoniam
1267 1089 1338 1120 illae
1354 1090 1423 1130 qui-

366 1133 439 1163 dem
462 1132 682 1172 principaliter,
700 1132 776 1162 haec
799 1139 906 1163 autem
930 1132 1114 1163 secundario
1146 1133 1331 1163 rationalem
1355 1144 1423 1164 mo-

365 1184 436 1207 tum
465 1176 600 1216 sapiunt.
624 1176 664 1207 Et
694 1182 822 1216 propter
844 1176 921 1212 hoc,
946 1176 1098 1207 habituati
1129 1177 1168 1206 ad
1202 1177 1423 1208 delectationes

365 1220 495 1256 veneris,
512 1220 562 1250 vel
579 1220 655 1256 cibi,
678 1227 783 1260 potus,
808 1220 1019 1261 loquacitatis,
1043 1220 1121 1256 ludi,
1146 1221 1368 1261 blasphemiae,
1393 1229 1423 1253 et

366 1264 527 1300 similium,
543 1263 685 1294 volentes
709 1264 877 1300 abstinere,
904 1265 994 1304 quasi
1026 1274 1091 1294 non
1115 1272 1266 1304 possunt,
1291 1275 1424 1306 corpore

365 1308 429 1338 iam
452 1314 576 1338 assueto
601 1308 639 1337 ad
663 1308 759 1338 talem
782 1308 940 1348 appetitus
964 1309 1135 1349 sequelam.

422 1351 569 1382 Provenit
592 1352 731 1382 secundo
754 1352 852 1392 quod,
876 1351 949 1383 licet
970 1352 1004 1382 in
1028 1352 1178 1383 membris
1202 1353 1371 1393 corporeis,
1394 1361 1424 1384 et

364 1402 451 1435 parte
474 1396 646 1435 vegetativa
671 1395 824 1432 absolute,
843 1396 951 1426 nullus
967 1396 1007 1427 sit
1024 1397 1164 1434 habitus;
1189 1397 1222 1427 in
1245 1397 1364 1428 eisdem
1380 1404 1424 1429 ta-

365 1449 438 1470 men
461 1449 519 1479 pro
536 1446 656 1480 quanto
673 1446 703 1470 et
725 1450 791 1480 quo
813 1440 912 1470 modo
929 1440 1107 1471 obedientia
1130 1447 1204 1472 sunt
1219 1442 1349 1473 rationis
1364 1442 1423 1472 im-

364 1483 462 1523 perio,
480 1483 604 1514 habitus
628 1490 702 1514 sunt
725 1484 928 1522 secundario,
954 1484 1034 1515 sicut
1057 1491 1087 1515 et
1109 1485 1368 1523 assuefactiones;
1389 1493 1424 1517 ut

364 1527 396 1557 in
420 1527 574 1568 principio
599 1527 739 1568 corporis
763 1527 916 1558 articuli*
940 1528 1061 1565 dicitur,
1080 1535 1110 1559 et
1132 1536 1219 1570 patet
1239 1530 1272 1560 in
1295 1530 1423 1562 musicis

365 1577 396 1602 et
418 1571 485 1601 aliis
509 1570 687 1602 artificibus.
706 1572 881 1608 Quomodo
906 1579 1012 1603 autem
1036 1572 1193 1610 obediant,
1212 1574 1366 1614 superius,
1391 1574 1423 1604 in

365 1615 549 1656 quaestione
573 1616 611 1645 de
635 1615 769 1656 imperio
793 1615 820 1651 ⁴*‚
845 1615 967 1647 dictum
990 1623 1044 1647 est.

417 1659 566 1690 Provenit
588 1660 690 1696 tertio,
707 1660 795 1700 quod
818 1659 850 1690 in
874 1660 1064 1691 animalibus
1087 1661 1195 1697 brutis,
1220 1671 1278 1701 pro
1302 1669 1422 1702 quanto

365 1703 484 1743 aliquid
507 1703 694 1744 participant
717 1703 922 1740 obedientiae,
939 1705 1063 1744 capacia
1086 1712 1160 1736 sunt
1182 1705 1360 1737 habituum.

419 1747 567 1777 Provenit
589 1755 701 1788 quarto
723 1748 820 1788 quod,
846 1758 920 1778 cum
944 1748 1060 1788 duplex
1083 1749 1122 1779 sit
1145 1749 1280 1785 habitus,
1305 1750 1421 1780 scilicet

364 1791 404 1820 ad
427 1796 589 1827 naturam,
615 1798 645 1821 et
669 1791 708 1821 ad
740 1791 958 1831 operationem
967 1801 975 1828 ;
1000 1799 1030 1823 et
1053 1792 1103 1823 hic
1135 1792 1254 1824 differat
1277 1804 1294 1823 a
1318 1794 1422 1833 primo

363 1834 396 1863 in
419 1834 490 1870 hoc,
507 1835 595 1875 quod
619 1835 676 1865 iste
700 1841 747 1865 est
769 1835 801 1865 in
825 1835 997 1872 voluntate,
1020 1835 1072 1866 ille
1097 1847 1172 1873 non,
1195 1844 1230 1867 ut
1252 1837 1285 1866 in
1309 1844 1365 1868 art.
1396 1848 1420 1874 1,

363 1877 396 1907 in
419 1887 499 1917 resp.
525 1878 563 1908 ad
585 1889 610 1914 1,
626 1879 727 1909 littera
742 1878 896 1909 insinuat:
913 1897 934 1902 -
951 1880 1039 1919 quod
1054 1879 1178 1910 habitus
1202 1881 1241 1910 ad
1264 1881 1421 1920 operatio-

363 1931 437 1951 nem
461 1922 548 1961 prius
571 1923 748 1952 secundum
771 1929 907 1962 tempus,
932 1930 962 1953 et
985 1924 1161 1954 secundum
1185 1924 1421 1964 perfectionem,

362 1972 493 1996 vocatus
517 1966 556 1996 sit
570 1966 711 2002 habitus;
736 1967 775 1996 ad
799 1966 983 1997 huiusmodi
1008 1967 1092 1997 enim
1114 1968 1258 1998 habitum
1280 1968 1421 2000 habitua-

361 2019 443 2040 mur.
461 2010 592 2050 Propter
615 2011 704 2050 quod
728 2010 853 2041 habitus
881 2011 1059 2051 corporales
1081 2012 1121 2042 ad
1145 2019 1299 2049 naturam,
1316 2019 1352 2043 ut
1375 2023 1432 2043 sa-.

361 2052 452 2090 nitas,
470 2053 673 2093 pulchritudo
700 2061 730 2084 et
753 2054 955 2091 huiusmodi,
984 2062 1038 2086 aut
1061 2056 1165 2096 negati
1188 2063 1262 2087 sunt
1285 2057 1434 2094 habitus,‘

361 2103 397 2128 ut
420 2097 533 2128 dieitur
547 2098 565 2117 *
588 2099 626 2128 de
649 2098 845 2135 Alexandro;
863 2106 918 2130 aut
941 2099 1036 2139 positi
1059 2107 1133 2131 sunt
1161 2100 1343 2141 imperfecte
1366 2101 1420 2131 ha-

361 2141 454 2178 bitus,
471 2141 551 2173 idest
567 2142 789 2183 dispositiones
813 2142 1002 2180 habituales,
1027 2150 1062 2174 ut
1084 2144 1116 2174 in
1141 2143 1242 2175 littera
1261 2145 1374 2176 dicitur
1389 2145 1421 2175 in

361 2195 442 2225 resp.
466 2186 506 2215 ad
531 2195 548 2216 2
563 2186 590 2222 *,
615 2193 646 2217 et
668 2186 701 2216 in
725 2193 781 2217 art.
801 2187 816 2217 3
830 2186 874 2217 ³¹⁹⁸.

418 2229 470 2260 111.
487 2229 573 2261 Cum
589 2230 637 2261 his
660 2237 775 2267 tamen,
796 2240 921 2261 memor
942 2231 1158 2271 responsionis
1180 2233 1219 2263 ad
1236 2242 1253 2263 2
1273 2233 1306 2263 in
1329 2239 1385 2264 art.
1404 2234 1419 2264 3

1479 397 1597 430 quaest.
1615 401 1728 430 praec.,
1746 391 1835 431 quod
1858 391 1974 423 scilicet
1997 402 2062 423 non
2086 401 2132 424 est
2154 394 2192 425 de
2215 394 2336 424 ratione
2359 393 2483 424 habitus
2504 393 2537 423 in

1480 434 1644 464 communi
1664 434 1816 474 respicere
1842 435 2078 475 operationem,
2101 438 2155 468 sed
2172 444 2332 473 naturam;
2366 437 2534 468 Alexandri

1479 477 1666 516 opinionem
1695 478 1936 517 reprehensione
1961 480 2089 520 dignam
2111 489 2198 522 puta,
2220 491 2258 512 eo
2282 481 2387 522 quod,
2411 477 2537 512 habitus

1478 528 1623 551 naturam
1639 522 1671 551 in
1693 531 1843 562 supremo
1866 523 1964 554 modo
1987 524 2112 556 habitus
2137 521 2358 565 contemplata,
2382 524 2538 555 inferioris

1478 565 1597 595 ordinis
1616 565 1741 596 habitus
1759 566 1796 595 ab
1813 565 1937 597 habitus
1952 577 2065 607 genere
2084 569 2243 600 subtraxit.
2261 569 2302 599 Et
2325 568 2420 599 dicito
2437 569 2535 609 quod,

1476 608 1549 639 licet
1571 608 1675 648 primo
1699 609 1824 639 habitus
1852 609 1915 641 sint
1944 611 2109 652 qualitates
2143 613 2222 643 bene
2246 613 2295 643 vel
2325 612 2408 642 male
2431 612 2536 652 dispo—

1478 659 1587 682 nentes
1610 653 1768 689 animam,
1794 654 1978 685 secundario
2002 661 2108 686 tamen
2139 657 2234 687 etiam
2266 656 2468 696 disponentes
2492 655 2537 686 sic

1478 706 1606 736 corpus,
1633 696 1759 727 habitus
1783 707 1902 727 nomen
1924 698 2144 730 obtinuerunt:
2173 707 2204 731 et
2230 701 2270 730 ad
2300 710 2351 731 eas
2381 710 2447 730 non
2471 709 2537 730 esse

1478 747 1614 777 motum,
1632 747 1668 771 ut
1691 740 1805 771 dicitur
1820 741 1877 771 VII
1900 742 2030 782 physic.
2048 742 2066 761 *
2080 743 2122 774 Et
2139 751 2234 783 *potes
2252 744 2405 784 inspicere
2420 744 2453 774 in
2469 753 2535 774 cor-

1478 784 1609 824 poribus
1625 784 1739 814 nostris
1755 784 1919 815 manifeste
1938 785 2063 816 habitus
2079 796 2135 816 seu
2155 786 2376 827 dispositiones
2395 787 2536 818 habitua-

1476 828 1531 864 les,
1548 828 1702 858 intuendo
1727 835 1878 869 quantam
1897 829 1963 859 vim
1977 829 2010 859 in
2026 829 2069 859 eis
2085 829 2197 861 habeat
2215 832 2413 862 consuetudo
2429 832 2538 872 quoad

1478 882 1514 902 ea
1540 882 1622 912 quae
1650 883 1715 902 non
1749 873 1883 903 subsunt
1914 873 2043 904 rationis
2070 873 2220 913 imperio:
2253 882 2421 906 consuetos
2452 875 2537 906 enim

1477 916 1570 946 alicui
1593 916 1774 952 minutioni,
1797 916 1914 956 frigori,
1932 917 2116 953 medicinae,
2133 923 2164 947 et
2186 917 2349 955 similibus,
2373 919 2537 950 manifeste

1477 959 1542 999 pati
1567 960 1770 1000 corporaliter
1792 960 1859 991 sine
1882 961 2023 1000 appetitu
2052 961 2207 997 videmus,
2225 961 2251 991 si
2274 969 2382 993 contra
2405 972 2537 994 consue-

1477 1003 1621 1033 tudinem
1652 1003 1767 1034 faciant
1798 1011 1853 1035 aut
1880 1004 2053 1044 patiantur:
2086 1004 2308 1036 consuetudini
2340 1006 2425 1036 enim
2460 1006 2537 1038 haec

1477 1047 1667 1077 tribuuntur.
1686 1047 1773 1084 Quin
1790 1048 1894 1084 etiam,
1911 1048 1944 1078 in
1960 1058 2038 1088 pure
2054 1048 2289 1088 vegetabilibuS,
2305 1057 2434 1090 apparet
2446 1051 2537 1090 plan-

1476 1097 1523 1121 tas
1539 1098 1677 1121 assuetas
1694 1091 1876 1131 irrigationi,
1890 1101 2026 1122 arescere
2041 1091 2094 1122 illa
2111 1091 2283 1129 deficiente,
2297 1092 2414 1124 similes
2430 1100 2538 1124 autem

1477 1145 1542 1165 non
1567 1142 1733 1165 consuetas
1765 1144 1981 1175 perseverare;
2013 1142 2165 1176 tanquam
2197 1136 2322 1167 habitus
2352 1137 2538 1168 secundario

1478 1178 1578 1210 dictus
1594 1179 1637 1209 ibi
1660 1178 1876 1219 participetur:
1894 1179 2081 1220 oppositum
2098 1180 2183 1210 enim
2199 1180 2338 1211 accidere
2361 1181 2495 1218 deberet,
2512 1181 2538 1211 si

1477 1223 1675 1254 consuetudo
1699 1233 1766 1253 non
1790 1224 1936 1254 obstaret.
1963 1224 2117 1261 Quamvis
2149 1224 2212 1255 hoc
2235 1224 2380 1256 alteratae
2408 1231 2538 1256 naturae

1477 1276 1513 1297 ex
1537 1267 1687 1298 continua
1709 1267 1899 1308 irrigatione,
1917 1267 2012 1298 tribui
2035 1268 2144 1308 possit.

1507 1365 1527 1385 N
1546 1355 1677 1386 articulo
1693 1354 1794 1391 tertio,
1819 1354 1851 1385 in
1871 1355 1955 1386 calce
1971 1356 2185 1396 responsionis
2200 1356 2239 1386 ad
2255 1355 2393 1393 tertium,
2414 1356 2538 1387 adverte

1480 1366 1605 1440 Iquod,
1630 1399 1702 1430 licet
1720 1399 1844 1430 habitus
1865 1399 2037 1439 disponens
2053 1400 2092 1430 ad
2109 1406 2254 1431 naturam
2277 1399 2468 1431 concedatur
2484 1401 2538 1431 ab·

1477 1443 1580 1474 solute
1602 1443 1635 1473 in
1659 1453 1800 1483 corpore,
1818 1450 1970 1484 tanquam
1993 1443 2026 1474 in
2049 1444 2180 1484 proprio
2196 1450 2228 1474 et
2242 1443 2408 1484 principali
2435 1444 2537 1474 subie-

1477 1494 1537 1523 cto,
1554 1493 1590 1518 ut
1604 1487 1637 1517 in
1654 1487 1758 1527 primo
1782 1487 1914 1518 articulo
1934 1487 2055 1518 dictum
2071 1494 2118 1518 est
2125 1496 2133 1524 ;
2150 1488 2276 1518 habitus
2302 1494 2410 1518 tamen
2426 1488 2534 1528 dispo-

1476 1541 1554 1561 nens
1577 1531 1681 1571 primo
1697 1531 1736 1561 ad
1752 1531 1980 1571 operationem,
1998 1531 2210 1572 principaliter
2228 1531 2261 1561 in
2276 1531 2395 1562 viribus
2414 1531 2538 1562 animae

1475 1574 1702 1615 imperantibus
1725 1585 1780 1605 seu
1802 1575 2013 1611 moventibus,
2034 1582 2064 1605 et
2080 1575 2266 1605 secundario
2282 1575 2315 1605 in
2332 1585 2466 1615 corpore
2480 1585 2537 1615 po-

1476 1619 1575 1655 nitur;
1605 1626 1640 1649 ut
1670 1618 1788 1648 ibidem
1819 1619 1940 1649 dictum
1963 1626 1994 1649 et
2016 1619 2187 1659 probatum
2216 1625 2275 1655 est,
2305 1618 2381 1659 quia
2411 1618 2538 1650 habitus

1476 1662 1712 1703 operationibus
1737 1662 2034 1703 proportionantur;
2060 1662 2203 1693 eiusdem
2231 1662 2316 1692 enirn
2340 1668 2387 1692 est
2413 1661 2537 1693 habitus

1476 1707 1566 1737 cuius
1590 1713 1636 1737 est
1659 1706 1811 1746 operatio,
1837 1712 1867 1736 et
1890 1716 1926 1736 ex
1950 1706 2105 1737 similibus
2129 1706 2250 1737 actibus
2272 1706 2390 1736 similes
2412 1705 2539 1737 habitus

1475 1757 1672 1790 generantur.
1697 1750 1849 1790 Operatio
1873 1757 1980 1781 autem
2004 1760 2158 1790 corporea
2177 1748 2217 1781 ad
2236 1760 2335 1791 quam
2359 1759 2475 1790 corpus
2489 1759 2546 1782 ase

1475 1794 1642 1825 suetudine
1665 1801 1853 1834 promptum
1876 1794 2024 1830 redditur,
2049 1804 2115 1825 non
2139 1801 2186 1825 est
2208 1794 2375 1831 naturalis,
2400 1794 2456 1825 sed
2480 1803 2539 1825 vo-

1474 1838 1624 1876 luntaria;
1644 1845 1675 1868 et
1689 1838 1901 1878 principaliter
1913 1838 2046 1875 animae,
2057 1838 2243 1869 secundario
2259 1845 2367 1869 autem
2383 1837 2536 1878 corporis.

1475 1882 1517 1912 Et
1534 1882 1607 1912 ideo
1626 1882 1750 1912 habitus
1766 1881 1979 1923 principaliter
1995 1881 2090 1912 etiam
2105 1889 2151 1913 est
2165 1881 2199 1912 in
2218 1882 2333 1919 anima,
2350 1881 2538 1912 secundario

1476 1932 1584 1956 autem
1606 1925 1638 1955 in
1663 1935 1804 1966 corpore.
1822 1926 1862 1956 Et
1884 1933 2050 1966 propterea
2073 1925 2106 1956 in
2129 1926 2230 1957 littera
2253 1936 2319 1956 non
2343 1924 2538 1966 simpliciter,
2561 1929 2567 1935 “

1476 1969 1531 2000 sed
1554 1979 1628 1999 cum
1655 1969 1803 2000 adverbio
1827 1970 2043 2010 comparativo
2067 1971 2192 2011 magis,
2218 1976 2350 2010 negatur
2371 1968 2498 1999 habitus
2520 1978 2541 1999 a

1476 2013 1626 2043 membris
1653 2013 1808 2054 eorporis;
1834 2014 1912 2044 dum
1935 2013 2049 2044 dicitur
2063 2014 2153 2054 quod
2176 2014 2208 2044 in
2232 2015 2278 2044 eis
2297 2023 2360 2045 non
2383 2018 2460 2044 sunt
2481 2013 2541 2044 ha·

1475 2058 1568 2095 bitus,
1588 2058 1645 2088 sed
1659 2058 1765 2098 magis
1780 2059 1812 2088 in
1830 2057 1949 2089 viribus
1965 2058 2194 2098 imperantibus
2212 2063 2331 2089 motum
2347 2058 2500 2098 ipsorum.
2515 2073 2538 2080 -

1475 2102 1516 2132 Et
1539 2112 1576 2132 ex
1596 2098 1660 2132 ‘hoc
1683 2101 1778 2132 habes
1802 2102 1891 2143 quod
1914 2101 2007 2132 nimis
2030 2101 2114 2142 large
2136 2101 2263 2133 locutus
2287 2107 2334 2134 est
2353 2101 2481 2137 Scotus,
2504 2100 2538 2132 in

1475 2146 1516 2176 111
1533 2146 1631 2183 Sent„
1650 2145 1718 2177 dist.
1735 2156 1839 2184 xxxm,
1857 2146 2032 2177 concedens
2056 2146 2199 2177 absolute
2214 2145 2248 2176 in
2264 2155 2362 2176 manu
2379 2144 2548 2185 scriptoris..

1475 2189 1620 2220 habitum
1643 2196 1673 2220 et
1696 2190 1862 2220 virtutem:
1888 2196 1934 2221 est
1957 2189 2043 2220 enim
2065 2190 2109 2221 ibi
2127 2189 2252 2221 habitus
2267 2189 2453 2221 secundario
2469 2195 2543 2220 tan-v

1475 2240 1554 2270 tum,
1579 2240 1709 2274 propter
1732 2234 1888 2265 rationem
1911 2234 2038 2265 dictam.

1140 2389 1455 2431 ARTICULUS
1486 2360 1758 2441 QUARTUS

882 2479 1038 2510 UTRUM
1062 2479 1104 2509 IN
1129 2479 1221 2510 IPSO
1246 2480 1523 2512 INTELLECTU
1547 2481 1613 2511 SIT
1637 2480 1808 2517 ALIQUIS
1831 2479 2018 2510 HABITUS

614 2559 645 2583 111
665 2559 747 2587 Sent„
768 2558 826 2583 dist.
845 2566 896 2589 xxv,
916 2563 961 2583 art.
980 2566 1002 2589 1,
1021 2560 1068 2591 qu=
1083 2566 1113 2590 2;
1133 2559 1191 2583 dist.
1210 2566 1279 2590 xxm,
1298 2567 1343 2592 qu.
1355 2567 1373 2590 1,
1393 2563 1440 2585 art.
1457 2567 1482 2590 13
1505 2559 1546 2584 De
1565 2559 1653 2588 Ver-it„
1674 2567 1718 2592 qu.
1737 2567 1777 2590 xx,
1796 2564 1843 2584 art.
1864 2566 1892 2590 2;
1913 2558 1954 2584 De
1971 2558 2077 2586 Vir-tut..
2098 2567 2143 2591 qu.
2162 2566 2179 2588 ι,
2199 2564 2245 2584 art.
2263 2566 2286 2584 x.

544 2664 549 2674 1
570 2658 593 2683 D
614 2658 786 2689 QUARTUM
806 2657 858 2683 stc
878 2657 1116 2683 PROCEDITUR.
1138 2646 1298 2684 Videtur
1316 2647 1420 2695 quod

551 2699 610 2737 in
647 2699 836 2736 intellectu
877 2711 956 2736 non
993 2699 1065 2736 sint
1108 2699 1222 2748 aliqui
1257 2700 1419 2737 habitus.

381 2789 402 2805 st
480 2753 543 2791 (ἢ
573 2752 733 2789 Habitus
758 2752 1162 2801 eninwoperationibus
1183 2753 1420 2790 conforman-

417 2776 517 2833 ἐφ
532 2793 651 2853 tur,
680 2812 722 2842 ut
756 2805 898 2842 dictum
934 2812 989 2842 est
1007 2804 1038 2841 ³¹⁸.
1069 2805 1146 2843 Sed
1179 2805 1419 2854 operationes

361 2857 526 2894 hominis
554 2865 641 2895 sunt
669 2870 897 2895 communes
925 2857 1076 2895 animae
1097 2865 1133 2894 et
1151 2858 1302 2907 corpori
1321 2863 1350 2906 α,
1379 2867 1421 2896 ut

362 2910 493 2947 dicitur
523 2910 562 2948 in
590 2912 604 2947 Ι
634 2911 679 2948 de
709 2911 850 2948 Anima
868 2910 899 2948 ⁹⁸.
929 2911 1032 2958 Ergo
1070 2918 1107 2947 et
1141 2911 1303 2948 habitus.
1344 2912 1421 2949 Sed

361 2963 568 3000 intellectus
601 2976 680 3000 non
712 2971 768 3001 est
800 2971 904 3000 actus
938 2963 1123 3012 corporis,
1153 2971 1194 3001 ut
1221 2964 1355 3001 dicitur
1382 2964 1421 3002 in

361 3017 411 3052 III
440 3016 485 3052 de
511 3016 651 3053 Anima
671 3017 702 3052 ⁴⁵.
733 3017 834 3064 Ergo
869 3016 1076 3053 intellectus
1110 3029 1188 3054 non
1217 3025 1272 3054 est
1300 3017 1422 3054 subie-

362 3076 464 3106 ctum
494 3069 648 3106 alicuius
676 3069 837 3106 habitus.

415 3133 449 3158 2.
480 3123 712 3168 ΡΚΑΕΤΕΚΕΑ,
742 3134 857 3158 omne
886 3122 991 3170 quod
1016 3129 1071 3158 est
1090 3122 1128 3159 in
1148 3122 1287 3172 aliquo,
1309 3130 1365 3160 est
1383 3122 1421 3160 in

362 3187 407 3211 eo
444 3187 513 3223 per
551 3175 712 3212 modum
745 3175 824 3211 eius
852 3174 889 3211 in
917 3187 994 3223 quo
1033 3182 1099 3212 est.
1131 3176 1208 3212 Sed
1244 3175 1283 3214 id
1316 3175 1421 3224 quod

362 3235 416 3264 est
442 3228 566 3264 forma
594 3227 674 3264 sine
703 3227 871 3275 materia,
902 3235 957 3264 est
985 3235 1091 3264 actus
1118 3235 1286 3266 tantum:
1316 3228 1421 3278 quod

361 3287 488 3317 autem
509 3287 564 3317 est
583 3280 839 3329 compositum
861 3291 906 3316 ex
924 3280 1047 3317 forma
1068 3287 1103 3317 et
1118 3281 1285 3328 materia,
1304 3281 1420 3318 habet

359 3333 569 3381 potentiam
599 3341 635 3370 et
662 3340 790 3370 actum
819 3333 942 3369 simul.
973 3333 1074 3380 Ergo
1102 3333 1141 3370 in
1170 3346 1216 3371 eo
1240 3335 1344 3382 quod
1365 3341 1420 3371 est

360 3386 483 3423 forma
510 3393 668 3433 tantum,
698 3398 776 3423 non
804 3392 928 3434 potest
957 3397 1037 3422 esse
1067 3386 1208 3434 aliquid
1242 3386 1348 3435 quod
1373 3387 1420 3424 sit

414 3504 440 3535 α)
459 3504 573 3535 corpori.
593 3519 611 3522 —
630 3504 750 3535 cor-poris
769 3504 1014 3537 ABCDFGKLpHI.

1474 2647 1587 2684 simul
1615 2647 1654 2684 in
1678 2646 1847 2695 potentia
1867 2654 1903 2684 et
1931 2654 2038 2684 actu:
2069 2647 2135 2684 sed
2160 2646 2286 2683 solum
2305 2645 2344 2683 in
2365 2658 2411 2682 eo
2432 2646 2541 2695 quod

1477 2708 1532 2737 est
1560 2700 1816 2749 compositum
1845 2711 1891 2736 ex
1917 2699 2076 2736 materia
2105 2707 2141 2736 et
2167 2700 2305 2736 forma:
2332 2699 2412 2736 Sed
2433 2698 2539 2736 intel-

1474 2753 1592 2790 lectus
1621 2760 1677 2790 est
1703 2753 1828 2789 forma
1855 2752 1935 2789 sine
1965 2751 2134 2790 materia.
2164 2753 2268 2800 Ergo
2286 2751 2450 2798 habitus,
2470 2751 2538 2800 qui
2580 2775 2584 2778 -

1474 2806 1588 2842 habet
1615 2806 1825 2854 potentiam
1854 2805 1966 2842 simul
1995 2817 2083 2842 cum
2110 2812 2207 2853 actu,
2237 2804 2345 2854 quasi
2363 2804 2549 2842 medium.

1474 2858 1569 2896 inter
1596 2866 1801 2907 utrumque
1830 2858 2012 2905 existens,
2042 2870 2120 2895 non
2147 2865 2274 2907 potest
2300 2869 2383 2894 esse
2412 2857 2451 2894 in
2478 2857 2536 2894 in-

1474 2912 1643 2958 tellectu3
1673 2911 1740 2948 sed
1768 2911 1894 2948 solum
1922 2911 1961 2948 in
1989 2911 2205 2958 coniuncto,
2233 2910 2340 2958 quod
2359 2917 2415 2947 est
2434 2921 2545 2947 com—.

1475 2964 1642 3013 positum
1671 2976 1716 3001 ex
1744 2964 1871 3001 anima
1900 2971 1936 3001 et
1964 2975 2136 3012 corpore.

1530 3018 1563 3054 3.
1595 3018 1826 3064 PRAETEREA,
1855 3017 2007 3054 habitus
2036 3024 2091 3054 est
2118 3016 2304 3065 dispositio
2332 3015 2546 3053 secundum]

1474 3082 1588 3118 quam
1615 3070 1751 3118 aliquis
1769 3068 1784 3099 β
1812 3071 1904 3107 bene
1930 3069 1991 3106 vel
2016 3069 2116 3106 male
2151 3069 2360 3117 disponitur
2385 3069 2442 3106 adv
2466 3067 2534 3105 ali-

1474 3123 1574 3171 quid,
1602 3130 1644 3160 ut
1671 3122 1806 3160 dicitur
1831 3122 1870 3159 in
1889 3122 1924 3159 V
1942 3123 2112 3170 Metaph,
2132 3121 2152 3144 e
2181 3121 2259 3159 Sed
2277 3121 2383 3170 quod
2401 3119 2536 3170 aliqum
2562 3130 2575 3174 ἱ
2598 3145 2603 3152 .
2627 3145 2656 3179 ,ἡ

1475 3177 1573 3212 bene
1600 3176 1663 3213 vel
1691 3176 1790 3213 male
1810 3175 1856 3212 sit
1874 3174 2078 3224 dispositus
2098 3174 2146 3212 ad
2165 3173 2293 3212 actum
2311 3174 2533 3219 intel-lomim,

1473 3228 1651 3277 provenit
1686 3241 1730 3266 ex
1768 3227 1893 3277 aliqua
1931 3227 2099 3277 corporis
2137 3227 2404 3276 dispositione:
2431 3225 2534 3263 unde

1475 3281 1589 3318 etiam
1607 3281 1645 3319 in
1665 3283 1697 3318 ΙΙ
1717 3282 1763 3318 de
1780 3281 1920 3318 Anima
1939 3279 1960 3303 *
1988 3281 2119 3318 dicitur
2141 3280 2248 3330 quod
2274 3279 2405 3318 molles
2420 3289 2535 3316 carne
2561 3289 2571 3298 ·

1475 3335 1566 3371 hene
1593 3340 1699 3383 aptos
1726 3339 1849 3371 mente
1874 3333 2053 3370 videmus.
2088 3334 2190 3382 Ergo
2217 3333 2366 3370 habitus
2393 3342 2534 3379 cogno-

1475 3387 1594 3424 scitivi
1623 3399 1700 3424 non
1729 3394 1816 3424 sunt
1843 3386 1882 3423 in
1908 3386 2114 3436 intellectu,
2143 3386 2208 3436 qui
2236 3390 2532 3434 estseparatus3

1530 3504 1554 3537 β)
1574 3506 1678 3537 aliquis.
1695 3519 1715 3524 -
1733 3505 1835 3537 aliquid
1853 3505 1954 3530 codices
1973 3510 1998 3530 et
2015 3513 2042 3530 a.

2564 748 2711 822 ἐςξζέὲῧῧις.
2719 754 2775 797 iacti
