2852 4152
95 821 108 833 ⁸
121 821 187 844 Vera.
203 821 226 843 Β.

99 922 108 932 ”
122 920 181 942 Vera
195 926 228 947 14.

1030 208 1294 256 QUAESTIO
1326 209 1387 254 lV,
1417 209 1711 245 ARTICULUS
1742 209 1792 244 lV
2448 223 2491 256 41

330 289 546 327 voluntatis.
572 289 674 336 Ergo
694 288 899 334 beatitudo,
921 301 1018 336 quae
1040 296 1095 325 est
1113 288 1277 337 perfecta
1297 299 1387 336 ope-

332 342 426 380 ratio
455 342 671 388 intellectus,
702 353 780 377 non
810 341 999 390 dependet
1026 354 1048 378 a
1077 340 1296 378 rectitudine
1320 352 1387 377 vo-

333 394 495 432 luntatis.

388 448 422 484 3.
451 448 683 491 PRAETEREA,
704 445 809 494 quod
838 446 1032 482 ordinatur
1060 447 1108 483 ad
1137 445 1277 494 aliquid
1309 453 1388 482 tan-

333 511 448 548 quam
469 498 518 535 ad
536 498 667 544 finem,
692 510 769 535 non
790 506 845 535 est
871 499 1127 535 necessarium
1152 499 1290 547 adepto
1311 498 1388 535 iam

333 552 426 589 fine:
447 551 542 588 sicut
560 550 667 587 navis
687 558 891 599 postquam
918 552 1137 599 pervenitur
1155 552 1204 589 ad
1223 559 1387 600 portum.

334 605 411 642 Sed
439 603 622 641 rectitudo
654 604 869 650 voluntatis,
899 616 997 652 quae
1026 611 1082 640 est
1105 617 1174 653 per
1199 604 1388 653 virtutem,

334 656 528 694 ordinatur
565 656 613 693 ad
649 656 920 693 beatitudinem
957 664 1138 704 tanquam
1176 657 1224 694 ad
1257 657 1388 693 finem.

334 710 448 757 Ergo,
469 708 606 757 adepta
625 708 865 755 beatitudine,
887 721 964 745 non
984 717 1040 745 est
1058 710 1267 747 necessaria
1286 709 1391 746 recti-

332 761 425 798 tudo
453 760 667 798 voluntatis.

387 814 461 851 San
489 825 635 850 CONTRA
662 825 728 850 EsT
755 814 860 862 quod
879 814 1012 851 dicitur
1030 815 1164 851 Matth.
1179 827 1204 851 v
1221 814 1256 850 *ε
1284 814 1394 850 Beati

334 866 474 903 mundo
506 866 639 912 corde,
667 867 845 914 quoniam
874 867 944 915 ipsi
968 868 1093 904 Deum
1119 867 1305 904 videbunt.
1343 868 1393 903 Et

333 919 455 956 Hebr.
485 931 533 956 xu
560 918 600 955 *z
629 920 766 956 Pacem
797 920 996 968 sequimini
1025 931 1110 956 cum
1139 920 1329 965 omnibus,
1359 925 1393 956 et

333 971 634 1017 sanctimoniam,
661 972 742 1008 Sine
768 983 842 1020 qua
871 984 980 1008 nemo
1007 972 1144 1009 videbit
1169 973 1304 1009 Deum.

388 1025 612 1061 RESPONDEO
640 1036 823 1062 mcENDUM
849 1025 955 1072 quod
978 1025 1161 1062 rectitudo
1189 1024 1391 1062 voluntatis

336 1076 536 1124 requiritur
550 1077 599 1114 ad
614 1076 885 1114 beatitudinem
906 1084 942 1114 et
960 1078 1226 1115 antecedenter
1245 1085 1280 1114 et
1303 1089 1392 1114 con-

336 1129 569 1166 comitanter.
599 1130 877 1167 Antecedenter
894 1130 1067 1179 quidem,
1097 1130 1186 1178 quia
1206 1130 1390 1167 rectitudo

334 1182 537 1220 voluntatis
567 1190 622 1219 est
643 1194 712 1231 per
731 1182 900 1219 debitum
928 1183 1103 1220 ordinem
1131 1182 1180 1219 ad
1198 1183 1392 1234 finemul-

335 1234 482 1272 timum.
511 1235 614 1272 Finis
641 1242 770 1272 autem
798 1243 1040 1283 comparatur
1067 1236 1116 1272 ad
1142 1235 1180 1272 id
1201 1235 1306 1282 quod
1334 1248 1392 1272 or-

337 1287 486 1324 dinatur
504 1288 552 1324 ad
571 1287 703 1333 finem,
723 1287 818 1323 sicut
836 1287 960 1324 forma
979 1287 1028 1324 ad
1041 1287 1252 1324 materiam.
1277 1288 1389 1324 Unde

335 1339 430 1376 sicut
457 1339 616 1376 materia
642 1351 721 1375 non
748 1346 872 1387 potest
900 1339 1082 1387 consequi
1108 1339 1292 1385 formam,
1322 1339 1392 1376 nisi

335 1391 382 1428 sit
400 1391 527 1428 debito
547 1392 666 1428 modo
696 1391 876 1439 disposita
894 1391 943 1428 ad
961 1391 1096 1439 ipsam,
1123 1391 1173 1428 ita
1191 1391 1283 1428 nihil
1303 1404 1392 1428 con-

277 1486 289 1488 ,
326 1443 511 1492 sequitur
529 1444 665 1490 finem,
694 1443 764 1480 nisi
791 1444 836 1480 sit
863 1443 990 1481 debito
1018 1444 1136 1481 modo
1175 1444 1391 1481 ordinatum

96 1611 108 1622 ·
121 1610 171 1640 Qu.
180 1615 216 1638 m,
231 1613 274 1632 m.
285 1610 308 1633 8.

98 2085 108 2095 ·
122 2082 160 2106 Cf.
169 2089 234 2106 aum.
245 2089 294 2112 neq.

98 2128 108 2139 ⁶
122 2126 161 2150 Cf.
174 2132 241 2150 num.
255 2133 288 2149 m.

335 1497 385 1534 ad
412 1496 550 1545 ipsum.
580 1497 629 1533 Et
647 1496 734 1533 ideo
755 1497 878 1533 nullus
896 1504 1022 1545 potest
1047 1497 1096 1534 ad
1120 1496 1391 1534 beatitudinem

334 1549 547 1598 pervenire,
575 1549 646 1586 nisi
672 1549 812 1586 habeat
839 1549 1100 1586 rectitudinem
1127 1549 1343 1587 voluntatis.

389 1602 700 1639 Concomitanter
718 1609 856 1650 autem,
883 1603 983 1650 quia,
1010 1602 1106 1639 sicut
1130 1602 1270 1639 dictum
1292 1610 1347 1639 est
1360 1602 1391 1649 ²¹⁵,

1443 286 1635 324 beatitudo
1655 287 1784 323 ultima
1805 287 1970 324 consistit
1989 287 2026 324 in
2042 288 2187 325 visione
2208 289 2355 326 divinae
2375 303 2499 326 essen-

1443 339 1527 386 tiae,
1552 352 1655 388 vquae
1691 348 1746 376 est
1773 339 1855 388 ipsa
1883 340 2043 376 essentia
2071 341 2259 378 bonitatis.
2289 343 2337 378 Et
2364 342 2414 378 ita
2433 355 2500 379 vo-

1444 393 1565 429 luntas
1585 392 1747 429 videntis
1766 392 1838 429 Dei
1858 393 2073 440 essentiam,
2095 405 2139 429 ex
2159 395 2379 430 necessitate
2399 403 2501 431 amat

1444 445 1628 494 quidquid
1657 453 1770 491 amat,
1800 446 1870 481 sub
1899 445 2031 482 ordine
2061 446 2108 482 ad
2137 447 2281 491 Deum3
2311 446 2405 482 sicut
2431 460 2500 483 vo-

1445 499 1566 534 luntas
1594 510 1672 534 non
1690 498 1853 535 videntis
1880 498 1952 534 Dei
1973 498 2185 545 essentiam,
2217 511 2261 535 ex
2280 499 2500 535 necessitate

1445 558 1547 587 amat
1571 550 1756 599 quidquid
1783 558 1895 597 amat,
1925 551 1995 587 sub
2016 551 2212 587 communi
2240 551 2382 587 ratione
2411 551 2501 588 boni

1446 615 1562 651 quam
1591 603 1708 640 novit.
1738 604 1786 639 Et
1809 604 1884 640 hoc
1910 603 2035 651 ipsum
2065 611 2120 640 est
2140 604 2244 651 quod
2259 603 2344 640 facit
2366 605 2500 641 volun-

1445 663 1561 692 tatem
1581 663 1723 692 rectam
1747 655 1773 692 β.
1802 656 1912 693 Unde
1940 656 2182 693 manifestum
2202 655 2265 693 est⁴
2288 656 2395 704 quod
2413 657 2501 693 bea-

1445 708 1566 746 titudo
1593 720 1672 744 non
1699 716 1824 756 potest
1851 721 1934 745 esse
1962 709 2042 745 sine
2069 716 2170 745 recta
2197 709 2403 746 voluntate.

1499 762 1558 797 AD
1595 773 1732 797 PRIMUM
1768 773 1865 798 ERGO
1906 773 2089 798 DtCENDUM
2126 762 2230 810 quod
2271 761 2500 809 Augustinus

1447 813 1610 862 loquitur
1646 813 1692 850 de
1722 813 1936 860 cognitione
1971 814 2053 851 veri
2089 814 2194 863 quod
2222 826 2299 851 non
2334 822 2387 851 est
2420 814 2502 863 ipsa

1448 866 1608 902 essentia
1636 866 1822 903 bonitatis.

1500 921 1558 955 An
1579 930 1767 955 SECUNDUM
1787 931 1969 956 DICENDUM
1988 920 2091 968 quod
2106 919 2230 956 omnis
2249 927 2353 956 actus
2367 919 2501 956 volun-

1447 971 1530 1008 tatis
1556 971 1795 1019 praeceditur
1811 976 1827 999 Υ
1851 972 1898 1008 ab
1921 972 2047 1020 aliquo
2075 980 2160 1009 actu
2184 971 2408 1008 intellectus:
2437 972 2501 1008 ali-

1448 1024 1531 1072 quis
1550 1032 1679 1061 tamen
1698 1031 1802 1060 actus
1817 1025 2018 1061 voluntatis
2038 1032 2093 1061 est
2111 1024 2215 1073 prior
2233 1037 2349 1073 quam
2370 1025 2502 1073 aliquis

1447 1084 1551 1113 actus
1570 1077 1787 1113 intellectus.
1817 1077 1999 1113 Voluntas
2027 1078 2129 1114 enim
2155 1077 2272 1114 tendit
2291 1077 2328 1113 in
2346 1078 2501 1114 finalem

1447 1137 1573 1166 actum
1602 1129 1821 1176 intellectus,
1851 1129 1914 1177 qui
1943 1137 1998 1166 est
2025 1130 2229 1166 beatitudo.
2259 1131 2308 1166 Et
2335 1130 2422 1167 ideo
2446 1142 2502 1167 re-

1448 1190 1506 1219 cta
1537 1182 1724 1219 inclinatio
1757 1181 1961 1219 voluntatis
1991 1182 2242 1231 praeexigitur
2269 1183 2317 1219 ad
2345 1183 2502 1220 beatitu-

1447 1235 1592 1282 dinem,
1621 1234 1716 1271 sicut
1742 1242 1864 1271 rectus
1891 1242 2017 1272 motus
2045 1235 2197 1283 sagittae
2226 1235 2274 1272 ad
2292 1236 2503 1283 percussio-

1446 1300 1535 1324 nem
1565 1287 1668 1335 Signi.

1498 1340 1560 1376 Ad
1587 1351 1745 1376 TERTtUM
1782 1352 1965 1377 DICENDUM
2002 1340 2108 1387 quod
2145 1353 2223 1377 non
2251 1352 2366 1377 omne
2399 1341 2503 1389 quod

1447 1392 1640 1429 ordinatur
1659 1392 1707 1428 ad
1726 1393 1856 1438 finem,
1877 1400 1997 1429 cessat
2020 1392 2245 1430 adveniente
2264 1394 2357 1430 fine:
2378 1393 2446 1430 secl
2465 1393 2503 1430 id

1446 1451 1592 1480 tantum
1621 1445 1725 1492 quod
1739 1442 1752 1465 δ
1772 1456 1811 1480 se
1830 1445 1945 1481 habet
1971 1445 2009 1481 in
2029 1445 2171 1482 ratione
2199 1446 2502 1494 imperfectionis,

1446 1504 1488 1533 ut
1506 1503 1644 1533 motus.
1670 1496 1780 1533 Unde
1808 1496 2056 1534 instrumenta
2079 1506 2206 1535 motus
2233 1511 2311 1535 non
2335 1506 2421 1535 sunt
2439 1511 2504 1535 ne-

1449 1549 1609 1586 cessaria
1635 1556 1839 1597 postquam
1867 1550 2084 1598 pervenitur
2112 1551 2159 1587 ad
2184 1551 2319 1588 finem:
2349 1551 2416 1588 sed
2440 1551 2504 1588 de-

1447 1602 1546 1639 bitus
1574 1602 1670 1638 ordo
1699 1602 1746 1638 ad
1774 1602 1892 1638 finem
1921 1610 1976 1638 est
2004 1603 2247 1640 necessarius.

389 1734 414 1767 β)
434 1735 596 1760 voluntatem
616 1738 724 1759 rectam.
742 1749 760 1753 -
779 1735 923 1759 voluntatis
943 1735 1127 1762 rectitudinem
1146 1735 1200 1760 AB.

387 1771 415 1804 γ)
429 1770 642 1802 praeceditm—
652 1770 776 1802 procedit
793 1770 864 1799 PGa,
884 1770 996 1802 spatium
1016 1778 1127 1795 vacuum
1146 1771 1164 1794 l.

1501 1734 1525 1767 ὂ)
1546 1738 1649 1760 tantum
1669 1735 1749 1767 quod.
1761 1749 1781 1754 -
1794 1735 1865 1766 quod
1883 1738 1986 1759 tantum
2006 1734 2210 1759 ABCDGHIKL.
2222 1749 2241 1754 —
2255 1735 2304 1759 Pro
2324 1738 2353 1760 ut
2371 1739 2464 1765 motus,
2479 1739 2506 1761 et

1448 1773 1535 1795 motus
1554 1770 1663 1795 codices.

1007 1846 1338 1890 Commentaria
1360 1857 1611 1890 cardinalis
1632 1857 1832 1890 Caietam

365 1955 386 1976 n
409 1944 540 1976 articulo
563 1950 688 1984 quarto,
711 1953 770 1984 pro
794 1950 914 1984 quanto
938 1944 1089 1984 probatur
1107 1943 1139 1974 in
1155 1953 1286 1984 corpore
1306 1944 1395 1985 quod

338 1956 407 2019 Iad
424 1987 651 2019 beatitudinem
666 1987 914 2018 concomitanter
937 1997 1062 2018 necesse
1085 1988 1218 2028 exigitur
1239 1987 1393 2018 rectitudo

334 2032 518 2068 voluntatis,
535 2031 610 2072 quia
623 2031 747 2062 videtur
764 2031 833 2071 ipsa
852 2032 984 2062 essentia
1002 2031 1159 2068 bonitatis,
1177 2038 1245 2068 etc.‚
1268 2032 1394 2062 adverte

335 2077 408 2108 tria:
438 2076 553 2116 primo,
580 2075 734 2106 rationem
764 2075 886 2115 ipsam;
912 2076 1062 2112 secundo,
1087 2076 1153 2106 eius
1176 2075 1347 2106 efficaciam
1362 2075 1392 2112 *;

335 2120 438 2157 tertio,
463 2119 599 2150 aliorum
622 2119 782 2150 defectum
797 2117 822 2149 *.

389 2164 507 2202 Quoad
529 2163 679 2203 primum,
703 2163 782 2193 ratio
806 2163 947 2194 consistit
964 2163 998 2193 in
1014 2163 1084 2194 hoc.
1102 2163 1173 2203 Ipsa
1191 2163 1323 2195 essentia
1338 2164 1394 2194 bo—

335 2208 440 2239 nitatis
463 2207 506 2238 ita
529 2217 562 2238 se
583 2207 678 2237 habet
704 2207 743 2237 ad
766 2207 927 2237 videntem
954 2207 1076 2244 Deum,
1102 2207 1182 2238 sicut
1209 2207 1288 2238 ratio
1318 2208 1395 2238 boni

335 2252 375 2283 ad
398 2259 573 2283 creaturam
587 2250 785 2281 rationalem:
810 2251 864 2281 sed
881 2258 1020 2282 creatura
1034 2251 1193 2281 rationalis
1209 2261 1275 2281 non
1291 2258 1396 2291 potest

335 2295 486 2326 divertere
509 2305 528 2325 a
549 2295 671 2325 ratione
700 2294 794 2325 boni:
823 2304 897 2334 ergo
925 2295 1034 2325 videns
1062 2295 1168 2325 Deum
1195 2305 1261 2325 non
1290 2301 1396 2335 potest

336 2339 488 2370 divertere
510 2339 549 2369 ab
573 2338 707 2370 essentia
725 2338 883 2369 bonitatis.
907 2338 969 2369 Sed
992 2338 1054 2369 hoc
1077 2345 1124 2369 est
1145 2338 1259 2370 habere
1281 2339 1395 2369 volun-

334 2389 432 2414 tatem
447 2389 576 2414 rectam.
592 2383 686 2423 Ergo.
700 2400 720 2404 -
735 2382 839 2412 Prima
854 2382 1032 2422 propositio
1047 2382 1199 2413 fundatur
1214 2392 1308 2423 super
1323 2383 1395 2419 hoc,

335 2427 425 2469 quod
447 2426 515 2467 ipsa
537 2426 686 2457 bonitatis
709 2426 841 2456 essentia
855 2426 888 2456 in
904 2436 937 2456 se
951 2426 1083 2467 quidem
1102 2426 1243 2457 continet
1265 2437 1396 2457 omnem

335 2471 412 2502 honi
435 2470 591 2501 rationem
612 2470 707 2510 longe
730 2470 929 2500 excellentius
946 2480 1044 2511 quam
1059 2470 1138 2500 ratio
1153 2470 1240 2501 boni.
1265 2471 1312 2501 Ex
1328 2481 1393 2511 quo

335 2514 466 2556 ponitur
488 2514 570 2545 clare
584 2514 808 2554 actualiterque
823 2513 889 2544 visa
906 2521 974 2550 etc„
991 2520 1117 2554 oportet
1132 2521 1168 2545 ut
1182 2524 1246 2544 non
1264 2514 1395 2545 minoris

335 2559 375 2590 sit
397 2558 551 2590 efficaciae
565 2558 598 2588 in
615 2558 806 2588 continendo
827 2568 863 2588 ac
883 2558 1109 2588 circumdando
1131 2568 1261 2588 ornnem
1283 2559 1396 2589 volun—

335 2602 407 2634 tatis
429 2608 569 2638 motum¹
595 2611 693 2642 quam
715 2601 794 2632 ratio
819 2601 903 2632 boni.
927 2619 949 2625 -
972 2602 1116 2633 Secunda
1141 2612 1216 2632 vero
1241 2608 1327 2642 patet
1348 2603 1396 2633 in-

337 2646 470 2678 ductive.
497 2646 590 2684 Quia,
613 2655 689 2676 cum
712 2652 799 2676 actus
814 2645 985 2676 voluntatis
1009 2645 1048 2676 sit
1066 2645 1146 2676 velle
1162 2652 1217 2676 aut
1243 2646 1337 2682 nolle,
1366 2653 1397 2677 et

336 2687 422 2721 no‘lle
441 2690 560 2731 aliquid
575 2689 716 2720 includat
733 2689 813 2719 velle
828 2689 877 2719 sui
894 2689 1050 2730 oppositi;
1075 2696 1105 2720 et
1120 2689 1199 2720 velle
1215 2700 1281 2720 non
1297 2690 1398 2730 possit

337 2743 403 2765 esse
426 2733 486 2764 nisi
515 2739 657 2774 respectu
686 2733 818 2763 boni'in
842 2743 874 2763 re
896 2733 947 2763 vel
970 2733 1003 2763 in
1025 2733 1220 2774 apparentia,
1246 2740 1281 2764 ut
1305 2744 1395 2774 expe-

336 2778 435 2808 rimur
458 2777 491 2808 in
515 2777 621 2813 nobis;
646 2787 843 2818 consequens
866 2784 912 2807 est
934 2778 1023 2817 quod
1045 2777 1192 2808 voluntas
1215 2787 1281 2807 non
1297 2777 1398 2817 possit

337 2822 445 2862 aliquo
469 2827 561 2861 pacto
585 2820 702 2851 resilire
725 2831 743 2851 a
765 2820 842 2851 boni
865 2821 995 2852 ratione.

404 2866 441 2896 ΙΙ.
466 2865 584 2902 Quoad
605 2863 775 2895 efficaciam
799 2870 905 2895 autem
927 2864 1067 2900 rationis,
1090 2865 1169 2895 scito
1184 2865 1273 2905 quod
1288 2871 1336 2896 sat
1351 2872 1397 2896 est

337 2909 412 2940 huic
433 2908 548 2939 rationi
567 2909 606 2938 ad
622 2908 834 2949 propositum,
858 2909 947 2949 quod
969 2908 1116 2939 voluntas
1139 2908 1342 2939 necessitetur
1357 2909 1395 2939 ab

338 2952 471 2987 essentia
493 2952 642 2983 bonitatis
669 2952 744 2988 visa,
769 2952 878 2993 quoad
901 2962 1107 2983 communem
1130 2951 1396 2992 specificationem

338 3003 442 3033 actm,
466 3006 547 3037 quae
570 3003 676 3027 tamen
705 2995 867 3027 constituit
894 2996 1115 3026 rectitudinem
1136 2995 1169 3026 in
1192 2996 1312 3026 actibus
1340 3006 1397 3026 vo-

337 3040 474 3072 luntatis.
491 3040 629 3071 Intendit
644 3050 782 3081 namque
798 3039 899 3070 littera
915 3040 1013 3080 quod,
1030 3039 1111 3070 sicut
1124 3039 1271 3070 voluntas
1290 3039 1396 3070 omnis

338 3095 356 3116 a
378 3084 454 3115 boni
477 3084 597 3115 ratione
621 3084 823 3115 necessitatur
844 3083 952 3124 quoad
971 3082 1236 3123 specificationem
1252 3093 1396 3114 commu-

337 3138 412 3159 nem
435 3134 540 3164 actus,
564 3128 639 3168 quia
666 3127 771 3158 omnis
799 3127 946 3158 voluntas
973 3127 1073 3158 tendit
1098 3127 1132 3157 in
1155 3128 1278 3158 bonum
1308 3127 1341 3158 in
1364 3137 1397 3158 re

337 3173 388 3203 vel
398 3172 431 3203 in
446 3172 638 3213 apparentia,
650 3172 676 3202 si
687 3171 808 3212 aliquid
822 3172 906 3207 vult;
919 3171 962 3202 ita
973 3171 1120 3202 voluntas
1134 3171 1267 3202 videntis
1279 3171 1394 3207 Deum,

337 3215 363 3247 si
387 3216 464 3257 quid
487 3216 565 3252 vult,
590 3222 716 3256 oportet
738 3215 827 3257 quod
842 3215 916 3246 velit
931 3215 1051 3246 ratione
1074 3215 1224 3246 essentiae
1246 3215 1396 3246 bonitatis

337 3259 431 3297 visae,
449 3259 604 3301 quoniam
627 3265 673 3290 est
695 3259 722 3290 ei
745 3259 824 3290 ratio
848 3259 957 3290 omnia
983 3259 1110 3290 volendi
1134 3266 1164 3290 et
1192 3259 1330 3290 nolendi.
1355 3259 1396 3290 Et

480 3585 590 3609 Summa
609 3585 709 3608 Tur-202.
729 3585 759 3608 D.
773 3584 886 3608 ΤΗοΜΑε
904 3584 937 3609 Τ.
956 3585 994 3608 111.

1448 1944 1528 1974 sicut
1550 1944 1697 1974 voluntas
1721 1944 1825 1974 omnis
1847 1944 1943 1974 libere
1959 1951 2064 1985 potest
2078 1945 2158 1975 velle
2173 1945 2400 1986 quodcumque
2420 1946 2505 1983 obief

1448 1994 1535 2018 ctum
1557 1988 1590 2018 in
1613 1988 1729 2028 specie,
1750 1988 1808 2018 sub
1832 1988 1908 2018 boni
1931 1995 2037 2018 tamen
2059 1988 2093 2018 in
2118 1989 2281 2019 communi
2305 1989 2438 2026 ratione;
2463 1989 2505 2020 ita

1447 2032 1594 2062 voluntas
1616 2032 1750 2062 videntis
1773 2032 1887 2068 Deum,
1912 2032 1970 2062 sub
1994 2032 2114 2063 ratione
2136 2040 2242 2063 tamen
2264 2033 2412 2063 bonitatis
2428 2033 2505 2063 divi-

1447 2085 1515 2107 nae.
1540 2076 1575 2106 In
1598 2076 1660 2106 hoc
1683 2082 1790 2107 autem
1819 2082 1865 2106 est
1888 2075 2071 2112 differentia,
2101 2077 2189 2116 quod
2219 2077 2398 2107 communis
2425 2077 2506 2108 ratio

1448 2119 1534 2156 boni,
1559 2130 1595 2150 ex
1618 2119 1679 2150 hoc
1703 2119 1791 2160 quod
1814 2126 1860 2150 est
1878 2119 1957 2150 ratio
1972 2120 2154 2156 voluntatis,
2171 2130 2237 2150 non
2252 2120 2401 2151 rectificat
2419 2129 2503 2151 eam:

1448 2163 1602 2204 quoniam
1625 2170 1729 2203 potest
1750 2163 1898 2194 voluntas
1922 2164 1979 2194 sub
2003 2164 2056 2194 illa
2080 2164 2175 2194 etiam
2199 2174 2352 2204 apparens
2383 2165 2506 2195 bonurn

1449 2213 1604 2247 appetere.
1630 2207 1699 2247 Ipsa
1721 2217 1796 2237 vero
1825 2206 1973 2237 bonitatis
1997 2208 2142 2244 essentia,
2168 2218 2204 2238 ex
2227 2208 2288 2238 hoc
2318 2208 2389 2248 ipso
2418 2209 2507 2248 quod

1449 2257 1495 2281 est
1517 2251 1596 2281 ratio
1618 2251 1804 2287 voluntatis,
1829 2257 1876 2281 est
1898 2250 2078 2281 rectificatio
2107 2251 2190 2281 eius:
2214 2258 2296 2282 recte
2320 2251 2404 2282 enim
2426 2252 2506 2282 velle

1449 2295 1526 2325 nihil
1549 2294 1635 2324 aliud
1659 2301 1705 2325 est
1727 2304 1826 2335 quam
1849 2295 2026 2325 secundum
2053 2295 2159 2325 Deum
2181 2295 2270 2326 velle.
2296 2295 2337 2326 Et
2359 2295 2403 2326 sic
2421 2302 2507 2336 patet

1448 2338 1495 2369 vis
1518 2338 1657 2370 rationis.

1515 2383 1567 2412 111.
1592 2382 1639 2412 Ex
1662 2392 1726 2423 qua
1748 2382 1839 2413 tertio
1854 2382 1996 2418 habetur,
2014 2389 2044 2413 et
2066 2382 2263 2419 sufficienter,
2285 2383 2374 2423 quod
2396 2383 2506 2414 beatus

1450 2436 1514 2457 non
1538 2433 1643 2466 potest
1665 2436 1802 2466 peccare,
1822 2436 1889 2457 non
1905 2426 2012 2457 solum
2027 2426 2060 2456 in
2080 2436 2173 2457 sensu
2193 2427 2372 2466 composito
2388 2434 2419 2457 et
2434 2437 2506 2467 pro-

1450 2476 1518 2511 pter
1542 2480 1669 2500 causam
1696 2470 1913 2506 extrinsecam,
1937 2470 2017 2500 idest
2042 2470 2151 2501 Deum
2179 2477 2333 2510 perpetuo
2361 2470 2507 2501 rectifica-

1449 2521 1558 2545 turum
1579 2514 1778 2544 voluntatem
1801 2514 1899 2544 beati:
1920 2514 1975 2544 sed
1994 2520 2123 2554 propter
2145 2514 2345 2545 intrinsecam
2368 2523 2505 2550 causam,

1449 2558 1551 2598 ipsam
1574 2558 1690 2588 scilicet
1719 2558 1889 2588 voluntatis
1919 2564 2077 2593 naturam,
2097 2558 2326 2600 ‚approximate
2357 2558 2416 2588 sibi
2447 2558 2504 2594 sic,

1449 2602 1529 2633 idest
1551 2611 1608 2642 per
1629 2602 1784 2633 actualem
1806 2601 1970 2638 visionem,
1987 2601 2040 2632 tali
2064 2601 2200 2637 obiecto,
2228 2602 2345 2632 scilicet
2367 2602 2507 2632 bonitate

1450 2656 1506 2686 per
1516 2645 1692 2676 essentiam.
1706 2646 1799 2676 Unde
1811 2645 1936 2676 vitanda
1951 2651 1997 2676 est
2008 2645 2059 2676 hic
2071 2645 2155 2676 Scoti
2172 2645 2344 2686 phantasia,
2360 2645 2393 2675 in
2406 2646 2507 2683 Quar-

1449 2696 1493 2726 to,
1506 2689 1575 2720 dist.
1591 2699 1672 2725 χιιι,
1691 2695 1810 2730 quaest.
1826 2700 1867 2725 Vl,
1883 2689 2016 2719 tenentis
2032 2689 2120 2729 quod
2139 2690 2177 2720 ab
2197 2689 2368 2720 extrinseco
2383 2696 2507 2720 tanturn

1450 2734 1559 2764 beatus
1583 2740 1629 2763 est
1651 2732 1871 2773 impeccabilis,
1894 2733 1960 2763 Nec
1983 2739 2089 2763 tamen
2108 2733 2277 2773 respondet
2293 2733 2366 2764 huic
2382 2733 2505 2770 rationi,

1450 2787 1507 2807 nec
1530 2777 1645 2816 arguit:
1671 2777 1726 2807 sed
1741 2776 1870 2807 remittit
1885 2786 1917 2807 se
1933 2776 1973 2806 ad
1987 2777 1998 2806 1
2016 2776 2137 2813 Sent.*,
2162 2777 2252 2807 cuius
2269 2784 2452 2817 argumenta
2474 2777 2507 2807 in

1451 2821 1462 2851 1
1478 2821 1570 2857 libro,
1590 2830 1644 2861 qu.
1664 2831 1775 2856 Lxxxn,
1800 2827 1855 2851 art.
1875 2820 1929 2856 2*,
1950 2819 2054 2850 soluta
2069 2827 2152 2851 sunt.
2169 2821 2210 2851 Et
2228 2821 2254 2850 si
2269 2831 2306 2851 ex
2320 2821 2421 2851 verbis
2440 2821 2508 2851 eius

1450 2865 1692 2905 responderetur
1713 2864 1788 2895 huic
1810 2864 1924 2894 rationi
1949 2864 2051 2904 quod,
2081 2871 2376 2905 quantumcumque
2401 2864 2508 2895 videa-

1450 2915 1501 2939 tur
1523 2908 1648 2939 bonitas
1669 2908 1738 2944 Dei,
1762 2907 1865 2938 adhuc
1883 2908 2030 2938 voluntas
2049 2915 2188 2939 remanet
2210 2908 2323 2938 libera:
2342 2909 2408 2938 iam
2422 2915 2509 2949 patet

1450 2953 1539 2993 quod
1563 2952 1725 2983 concessio
1748 2951 1843 2982 huius
1867 2951 2088 2992 consequentis
2103 2952 2181 2982 nihil
2203 2952 2306 2983 obstat
2329 2952 2506 2992 proposito.

1451 2996 1624 3033 Quoniam,
1642 3003 1677 3027 ut
1692 2995 1782 3026 iam*
1796 2995 1916 3026 dictum
1939 3002 1994 3031 est,
2019 3002 2066 3026 sat
2088 3002 2134 3026 est
2152 2995 2403 3035 impeccabilitati
2419 2996 2508 3037 quod

1450 3040 1608 3076 voluntas,
1626 3039 1651 3070 si
1666 3039 1744 3075 vult,
1760 3038 1835 3070 velit
1855 3045 1962 3070 autem
1977 3038 2134 3080 quidquid
2156 3039 2233 3075 vult,
2259 3047 2404 3079 oporteat
2419 3040 2508 3081 quod

1451 3083 1526 3114 velit
1547 3083 1668 3114 ratione
1690 3083 1838 3113 bonitatis
1862 3082 2000 3113 divinae:
2025 3083 2106 3114 sicut
2128 3083 2227 3113 modo
2245 3083 2270 3113 si
2288 3084 2365 3119 vult,
2382 3091 2509 3124 oportet

1451 3127 1541 3168 quod
1554 3127 1629 3158 velit
1646 3127 1766 3158 ratione
1782 3127 1867 3159 boni.
1891 3126 2088 3158 Huiusmodi
2111 3127 2197 3158 enirn
2215 3127 2412 3158 necessitates
2429 3128 2507 3158 nihil

1451 3172 1577 3202 obstant
1592 3171 1735 3207 libertati,
1749 3170 1894 3211 quamvis
1905 3170 2008 3211 prima
2022 3170 2141 3208 auferat
2156 3171 2329 3202 libertatem
2343 3171 2506 3212 peccandi;

1451 3225 1532 3256 quae
1555 3214 1662 3245 tamen
1677 3225 1743 3245 non
1759 3221 1805 3247 est
1823 3215 1957 3251 libertas,
1974 3224 2031 3246 nec
2047 3214 2196 3246 libertatis
2214 3225 2296 3255 pars,
2313 3215 2367 3245 sed
2383 3216 2507 3246 libertas

1450 3259 1610 3299 peccandi.

2536 2786 2545 2794 ’
2561 2784 2620 2806 Dist.
2635 2789 2650 2811 ι,
2665 2789 2704 2811 qu.
2715 2789 2746 2811 iv,

2536 2814 2617 2832 contra
2632 2813 2675 2832 art.
2689 2816 2709 2838 3.

2537 2839 2545 2847 ·
2561 2837 2596 2859 Cf.
2613 2836 2746 2858 Commeat.

2536 2869 2600 2885 num.
2611 2869 2659 2890 vni,
2670 2869 2702 2885 xx.

2536 3004 2545 3014 '¹
2560 3003 2632 3026 Num.
2640 3002 2747 3031 praeced.
