2852 4152
105 811 117 822 “
126 811 173 833 Gre
189 817 224 833 or.
229 810 317 832 uorat.

106 837 148 859 lib.
193 853 198 864 ,
209 843 230 859 c.
239 842 317 863 xxxvr,

108 864 138 885 nl.
153 869 221 890 xxxu
235 863 259 884 in
272 866 317 884 vet.

105 895 162 912 xur-

105 917 116 927 ·
132 915 189 944 cup.
203 921 238 938 ιιι,

113 2631 124 2641 ·
137 2629 242 2657 Vm.4.

111 2734 204 2759 ‘Ast-13
212 2738 322 2761 ‹lu-xxxi,

108 2763 153 2782 m.
167 2765 184 2782 1.

1010 252 1274 300 QUAESTIO
1303 253 1462 298 xxxn,
1490 251 1784 288 ART1cuLus
1812 251 1847 287 v

343 336 398 369 est
412 339 525 368 causa
545 330 811 377 delectationis,
828 330 1052 378 inquantum
1069 331 1154 368 facit
1168 330 1395 367 memoriam

342 384 396 421 rei
416 384 583 430 dilectae,
604 384 651 419 de
680 383 785 419 cuius
805 384 973 420 absentia
993 384 1125 432 aliquis
1149 383 1329 420 tristatur:
1361 391 1396 419 et

342 444 471 474 tamen
500 436 547 472 de
576 436 655 472 sola
685 435 763 471 eius
797 437 1098 484 apprehensione
1127 437 1341 473 delectatur.
1371 457 1394 462 -

296 499 303 504 ·
344 488 531 526 Memoria
556 495 682 524 autern
709 487 873 524 tristitiae
893 490 935 525 fit
955 502 1067 526 causa
1093 489 1349 526 delectationis
1368 493 1394 535 Υ,

343 549 498 591 propter
535 541 831 588 subsequentem
870 542 1104 579 evasionem.
1134 542 1236 578 Nam
1270 553 1395 577 carere

344 595 446 631 malo
475 593 653 641 accipitur
680 593 718 630 in
748 593 890 630 ratione
919 594 1027 630 boni:
1057 594 1158 631 unde
1185 593 1396 630 secundum

345 645 450 695 quod
468 647 587 683 homo
615 646 863 694 apprehendit
882 659 922 682 se
952 647 1114 683 evasisse
1134 647 1182 683 ab
1210 646 1397 694 aliquibus

344 699 508 736 tristibus
537 705 574 735 et
593 698 790 745 dolorosis,
812 699 989 735 accrescit
1009 700 1041 735 ei
1065 699 1191 746 gaudii
1219 698 1396 744 materia;

345 751 555 788 secundum
584 751 690 798 quod
717 751 947 799 Augustinus
975 751 1078 798 dicit,
1107 752 1212 788 XXII
1241 751 1286 787 de
1319 751 1396 787 civ.

344 804 420 840 Dei
430 803 461 850 ²¹²,
482 803 587 852 quod
601 815 711 851 saepe
726 804 812 840 laeti
826 805 982 840 tristium
999 804 1247 849 meminimus,
1269 809 1305 839 et
1315 803 1400 840 sani

345 856 518 893 dolorum
544 856 625 892 sine
641 856 780 902 dolore,
800 862 835 893 et
862 857 946 894 inde
964 856 1123 904 amplius
1142 856 1230 892 laeti
1246 861 1282 891 et
1296 856 1401 904 grati

344 921 483 946 sumus.
514 909 562 945 Et
588 908 627 945 in
654 909 740 945 VIII
775 910 938 958 Confess.
966 909 986 930 '¹‘
1014 908 1102 946 dicit
1129 908 1231 956 quod
1260 913 1397 955 quanto

345 961 468 998 maius
489 962 567 1008 fuit
582 962 792 1010 periculum
813 963 850 999 in
872 961 1032 1010 praelio,
1061 966 1161 997 tanto
1181 960 1303 997 maius
1331 960 1401 996 erit

344 1014 528 1063 gaudium
557 1014 593 1050 in
623 1015 821 1063 triumpho.

398 1068 456 1103 AD
492 1078 628 1104 ptumum
671 1079 768 1104 ERGO
805 1078 989 1104 nicENDUM
1026 1065 1129 1115 quod
1168 1064 1398 1102 contrarium

2430 264 2503 301 227

1449 329 1681 378 quandoque
1701 341 1769 377 per
1788 329 1964 366 accidens
1985 337 2039 366 est
2058 342 2171 366 causa
2192 332 2383 368 contrarii:
2412 332 2506 369 sicut

1444 383 1632 432 frigidum
1660 382 1883 430 quandoque
1911 382 2097 430 calefacit,
2123 390 2164 419 ut
2192 383 2325 420 dicitur
2352 385 2390 420 in
2417 385 2502 421 VIII

1448 435 1595 483 Physic.
1616 434 1636 456 *
1664 435 1712 471 Et
1731 434 1899 470 similiter
1925 434 2067 471 tristitia
2085 447 2154 483 per
2173 436 2423 485 accidens-est
2442 438 2505 474 de-
2532 444 2681 492 s.C‘1³E.'i'ec¹{.‘

1449 487 1655 524 lectationis
1684 499 1812 533 causa,
1842 487 2066 535 inquantum
2094 488 2136 524 fit
2164 500 2232 536 per
2260 501 2344 525 eam
2373 502 2504 538 appre-

1449 540 1582 576 hensio
1612 539 1768 576 alicuius
1796 539 2036 576 delectabilis.

1503 594 1561 629 AD
1590 604 1779 629 SECUNDUM
1807 604 1992 630 memnon
2012 592 2117 641 quod
2144 592 2261 629 tristia
2281 602 2503 641 memorata,

1450 645 1675 694 inquantum
1695 653 1782 681 sunt
1809 645 1923 681 tristia
1943 652 1978 682 et
2006 645 2288 682 delectabilibus
2309 647 2503 693 contraria,

1451 709 1530 734 non
1549 705 1703 734 causant
1723 698 2030 734 delectationem:
2055 698 2120 735 sed
2140 697 2365 746 inquantum
2385 700 2432 735 ab
2454 699 2505 736 eis

1451 750 1570 786 homo
1598 749 1786 787 liberatur.
1815 751 1864 786 Et
1891 750 2059 787 similiter
2090 751 2276 787 memoria
2310 752 2507 788 delectabi-

1450 802 1564 848 lium,
1594 814 1638 838 ex
1668 814 1713 838 eo
1748 804 1852 851 quod
1887 811 1972 840 sunt
2005 803 2164 851 amissa,
2192 811 2318 853 potest
2351 817 2506 841 causare

1451 862 1645 890 tristinam.

1505 909 1563 943 An
1592 918 1750 943 TERTIUM
1778 919 1962 944 manDUM
1999 908 2103 956 quod
2132 909 2263 946 odium
2298 909 2410 946 etiarn
2439 922 2507 958 per

1453 959 1627 995 accidens
1647 967 1770 1007 potest
1797 972 1877 996 esse
1899 973 2012 997 causa
2040 961 2200 998 amoris:
2229 970 2343 1011 prout
2370 961 2507 998 scilicet

1453 1011 1565 1059 aliqui
1594 1011 1749 1059 diligunt
1776 1025 1828 1058 se,
1848 1012 2071 1060 inquantum
2093 1014 2324 1051 conveniunt
2350 1014 2388 1051 in
2417 1015 2506 1051 odio

1451 1063 1562 1100 unius
1591 1072 1627 1100 et
1655 1063 1836 1101 eiusdem.

398 1187 426 1222 γ)
445 1195 527 1213 causa
546 1188 736 1214 delectationis.
756 1203 774 1206 -
793 1188 952 1213 delectabilis
971 1188 1081 1213 codices.

1296 1263 1559 1272 wv-s-aevwm

1131 1340 1444 1383 ARTICULUS
1475 1341 1727 1392 QUINTUS

723 1431 878 1463 UTRUM
901 1432 1116 1463 AcrioNEs
1140 1433 1337 1484 AL10RUM
1361 1433 1457 1463 smT
1479 1433 1604 1464 NOssls
1628 1433 1768 1464 CAUSA
1791 1432 2136 1466 DELECTATIONIS

549 1516 580 1555 *n
599 1529 760 1560 QUINTUM
779 1529 832 1554 sic
852 1530 1089 1555 PROCEmTUR.
1118 1519 1276 1556 Videtur
1299 1519 1404 1567 quod

395 1581 425 1616 ’τ’
484 1570 531 1630 θ’)
557 1570 725 1608 actiones
743 1571 904 1607 aliorum
925 1583 1003 1608 non
1023 1571 1095 1608 sint
1113 1571 1224 1608 nobis
1246 1571 1405 1608 delecta·

348 1616 483 1669 (fv,
500 1614 542 1666 ⁴¹6-
558 1623 670 1660 tionis
703 1636 827 1660 causa.
863 1624 988 1661 Causa
1018 1624 1118 1660 enim
1147 1623 1404 1661 delectationis

369 1652 615 1712 ἎζῖῑῠὺΧεξ-»ῐ
640 1676 837 1725 proprium
867 1677 1012 1713 bonum
1042 1676 1297 1713 coniunctum.
1329 1676 1405 1713 Sed

348 1729 509 1766 aliorum
543 1729 783 1778 operationes
811 1741 889 1765 non
918 1736 1004 1766 sunt
1030 1729 1141 1766 nobis
1170 1730 1404 1766 coniunctae.

348 1782 450 1828 Ergo
479 1793 558 1818 non
585 1788 672 1818 sunt
698 1782 808 1818 nobis
837 1794 950 1819 causa
979 1781 1246 1822 delectationis.

403 1845 438 1871 2.
472 1835 714 1881 PRAETEREA,
748 1834 918 1882 operatio
947 1842 1002 1871 est
1027 1835 1225 1883 proprium
1259 1835 1406 1871 bonum

348 1886 550 1935 operantis.
582 1886 622 1923 Si
639 1886 749 1934 igitur
767 1887 1006 1935 operationes
1025 1887 1186 1924 aliorum
1206 1888 1279 1924 sint
1297 1887 1407 1924 nobis

349 1950 464 1976 causa
492 1938 760 1985 delectationis,
790 1940 869 1987 pari
897 1939 1042 1976 ratione
1067 1940 1196 1976 omnia
1215 1941 1286 1977 alia
1306 1941 1407 1977 bona

350 1991 511 2029 aliorum
541 1999 651 2028 erunt
679 1991 790 2028 nobis
813 1992 1070 2029 delectationis
1100 2005 1212 2030 causa
1232 1998 1260 2030 α.
1292 1993 1406 2039 Quod

350 2051 453 2093 patet
480 2055 562 2080 esse
590 2044 737 2081 falsum.

407 2097 441 2134 3.
462 2097 693 2144 Pmnmam,
714 2097 883 2145 operatio
913 2104 968 2133 est
990 2097 1230 2144 delectabilis,
1249 2098 1408 2145 inquan-

349 2156 431 2186 tum
450 2149 622 2197 procedit
641 2161 686 2185 ex
704 2149 834 2186 habitu
853 2149 964 2186 nobis
983 2150 1132 2186 innato:
1155 2150 1257 2187 unde
1277 2150 1409 2187 dicitur

254 2223 276 2255 .-
350 2201 388 2238 in
407 2202 440 2238 11
459 2201 619 2249 Ethic.*‚
641 2202 744 2250 quod
771 2202 923 2251 Signum
943 2203 1118 2252 generati
1133 2203 1280 2239 habitus
1298 2215 1407 2251 opor-

351 2259 401 2291 tet
425 2254 594 2302 accipere
614 2255 772 2301 flentem
801 2255 838 2290 in
871 2266 984 2302 opere
1009 2255 1299 2292 delectationem.
1330 2256 1408 2292 Sed

351 2307 591 2355 operationes
619 2306 778 2343 aliorum
808 2319 886 2343 non
913 2307 1126 2356 procedunt
1154 2319 1197 2343 ex
1219 2307 1408 2344 habitibus

350 2359 416 2407 qui
445 2359 484 2395 in
510 2359 622 2396 nobis
646 2366 743 2406 sunt,
773 2359 840 2395 sed
860 2359 1049 2395 interdum
1070 2371 1114 2396 ex
1133 2359 1323 2396 habitibus
1342 2361 1408 2408 qui

310 2415 313 2417 ’
349 2418 436 2448 sunt
462 2411 501 2447 in
530 2411 786 2460 operantibus.
817 2412 908 2448 Non
937 2423 1024 2459 ergo
1054 2411 1292 2461 operationes
1318 2413 1408 2450 alio-

344 2473 435 2501 ‘rum
470 2471 557 2501 sunt
589 2464 700 2501 nobis
733 2463 994 2511 delectabiles,
1025 2464 1092 2501 sed
1119 2464 1215 2514 ⁴ipsis
1249 2477 1408 2513 operan-

348 2517 460 2554 tibus.

404 2570 479 2606 San
507 2581 653 2606 CONTRA
679 2580 746 2605 EST
773 2569 878 2616 quod
912 2568 1045 2605 dicitur
1075 2568 1113 2605 in
1141 2570 1308 2607 secunda
1337 2571 1409 2607 Ca-

349 2622 487 2659 nonica
506 2621 657 2658 Ioannis
671 2620 706 2657 *ε
736 2621 896 2657 Gavisus
913 2632 996 2656 sum
1015 2620 1134 2666 valde,
1156 2623 1333 2669 quoniam
1354 2622 1408 2659 in-

349 2674 438 2711 ueni
461 2674 507 2710 de
521 2673 617 2721 filiis
644 2674 715 2709 tuis
741 2672 974 2708 ambulantes
1001 2673 1038 2708 in
1066 2673 1229 2710 veritate.

403 2727 628 2763 Respounsso
655 2736 839 2762 chENDUM
858 2725 975 2773 quod,
1004 2724 1098 2762 sicut
1125 2725 1201 2762 iam
1220 2725 1240 2747 ’¹‘
1268 2726 1408 2763 dictum

351 2785 426 2825 est,
456 2777 505 2814 ad
542 2777 830 2814 delectationem
864 2778 939 2814 duo
978 2777 1238 2824 requiruntur:
1268 2778 1407 2815 scilicet

351 2830 569 2867 consecutio
597 2829 739 2878 proprii
766 2830 869 2876 boni,
900 2838 936 2866 et
965 2830 1127 2878 cognitio
1154 2831 1297 2879 proprii
1317 2831 1408 2868 boni

351 2882 554 2920 consecuti.
583 2882 796 2930 Tripliciter
815 2894 904 2930 ergo
926 2882 1094 2930 operatio
1115 2883 1264 2920 alterius
1283 2891 1408 2932 potest

350 2947 431 2972 esse
462 2934 717 2972 delectationis
746 2947 871 2971 causa.
900 2935 987 2971 Uno
1016 2936 1152 2982 modo,
1181 2935 1405 2985 inquantum

348 3000 417 3036 per
432 2987 693 3036 operationem
709 2987 864 3024 alicuius
885 2987 1155 3036 consequimur
1168 2988 1323 3037 aliquod
1339 2989 1406 3025 bo-

348 3052 455 3077 num.
485 3041 534 3076 Et
561 3039 772 3077 secundum
791 3041 876 3086 hoc,
899 3039 1138 3088 operationes
1166 3040 1314 3077 illorum
1339 3041 1404 3090 qui

349 3092 459 3130 nobis
487 3093 642 3141 aliquod
669 3093 814 3129 bonum
835 3092 986 3139 faciunt,
1013 3100 1098 3129 sunt
1115 3092 1226 3129 nobis
1247 3093 1406 3130 delecta—

349 3145 460 3182 biles:
482 3146 570 3194 quia
589 3146 686 3182 bene
701 3145 778 3194 pati
797 3145 844 3181 ab
865 3145 938 3182 alio
960 3153 1015 3181 est
1034 3145 1264 3182 delectabile.
1281 3167 1304 3173 -
1319 3146 1404 3182 Alio

348 3198 479 3244 modo,
510 3198 721 3235 secundum
749 3198 854 3246 quod
881 3210 949 3246 per
977 3198 1217 3246 operationes
1244 3197 1405 3235 aliorum

350 3251 510 3287 efficitur
527 3250 637 3288 nobis
657 3250 782 3298 aliqua
802 3251 964 3298 cognitio
979 3251 1041 3287 vel
1062 3250 1270 3287 aestimatio
1286 3249 1302 3280 β
1318 3263 1406 3300 pro-

346 3303 418 3352 prii
446 3303 549 3340 boni.
584 3304 633 3340 Et
668 3311 824 3352 propter
854 3303 928 3339 hoc
960 3303 1136 3340 homines
1174 3303 1406 3340 delectantur

1458 1519 1496 1555 in
1523 1520 1598 1555 hoc
1626 1520 1729 1567 quod
1761 1521 1960 1557 laudantur
1987 1524 2047 1559 vel
2075 1524 2308 1561 honorantur
2336 1526 2383 1562 ab
2412 1526 2511 1563 aliis:

1459 1571 1548 1619 quia
1575 1571 1714 1608 scilicet
1739 1585 1808 1621 per
1835 1574 1909 1609 hoc
1937 1575 2124 1622 accipiunt
2151 1577 2448 1615 aestimationem
2475 1579 2514 1615 in

1459 1618 1590 1671 seipsis
1623 1624 1777 1673 aliquod
1805 1626 1950 1662 bonum
1984 1639 2077 1663 esse.
2113 1628 2161 1664 Et
2193 1629 2280 1676 quia
2312 1630 2380 1667 ista
2408 1631 2514 1668 aesti-

1458 1676 1575 1712 matio
1593 1676 1724 1713 fortius
1744 1686 1943 1725 generatur
1962 1691 2006 1714 ex
2025 1679 2240 1717 testimonio
2261 1681 2450 1719 bonorum
2480 1691 2516 1720 et

1459 1729 1686 1777 sapientum,
1715 1730 1802 1766 ideo
1828 1730 1866 1766 in
1885 1731 2023 1767 horum
2049 1732 2223 1769 laudibus
2243 1741 2279 1769 et
2304 1735 2513 1772 honoribus

1460 1781 1636 1818 homines
1664 1782 1784 1830 magis
1805 1783 2046 1821 delectantur.
2077 1785 2126 1821 Et
2153 1786 2241 1833 quia
2270 1786 2442 1824 adulator
2461 1796 2515 1825 est

1460 1846 1647 1882 apparens
1669 1835 1853 1882 laudator,
1873 1844 2028 1885 propter
2050 1838 2125 1873 hoc
2144 1838 2255 1875 etiam
2283 1839 2515 1877 adulationes

1461 1887 1693 1934 quibusdam
1730 1896 1816 1924 sunt
1849 1888 2097 1926 delectabiles.
2132 1891 2180 1927 Et
2207 1891 2296 1939 quia
2324 1905 2433 1929 amor
2461 1901 2516 1930 est

1461 1939 1615 1976 alicuius
1648 1940 1758 1986 boni,
1788 1948 1825 1976 et
1856 1941 2055 1978 admiratio
2094 1950 2148 1979 est
2180 1944 2335 1981 alicuius
2370 1946 2514 1993 magni,

1460 1991 1599 2028 idcirco
1628 1993 1746 2029 amari
1775 1993 1822 2029 ab
1851 1994 1941 2042 aliis,
1973 2002 2008 2031 et
2034 1995 2073 2031 in
2100 1995 2349 2033 admiratione
2371 1999 2513 2046 haberi,

1463 2051 1517 2080 est
1537 2044 1774 2090 delectabile3
1803 2045 2028 2094 inquantum
2048 2059 2117 2096 per
2135 2049 2209 2084 hoc
2228 2050 2270 2086 fit
2288 2050 2434 2088 homini
2454 2064 2516 2087 ae-

1462 2096 1624 2134 stimatio
1659 2097 2042 2146 propriaebonitatis
2070 2101 2132 2136 vel
2165 2102 2446 2150 magnitudinis,
2476 2104 2515 2140 in

1462 2149 1599 2197 quibus
1621 2150 1754 2198 aliquis
1774 2152 1988 2189 delectatur.
2008 2173 2032 2179 -
2052 2153 2182 2190 Tertio
2207 2155 2337 2202 modo,
2358 2155 2516 2205 inquan-

1461 2209 1542 2238 tum
1575 2202 1678 2251 ipsae
1714 2203 1954 2252 operationes
1992 2205 2174 2252 aliorum,
2210 2207 2239 2243 si
2267 2207 2338 2244 sint
2369 2209 2518 2256 bonae,

1462 2255 1707 2291 aestimantur
1740 2263 1781 2291 ut
1814 2256 1961 2293 bonum
1998 2258 2216 2306 proprium,
2251 2268 2406 2308 propter
2436 2261 2517 2298 vim

1462 2307 1614 2353 amoris,
1635 2307 1698 2355 qui
1716 2308 1803 2344 facit
1821 2309 2020 2346 aestimare
2040 2311 2206 2348 amicum
2225 2313 2332 2360 quasi
2352 2314 2517 2350 eundem

1462 2358 1543 2396 sibi.
1574 2360 1622 2395 Et
1649 2367 1804 2408 propter
1832 2361 1975 2408 odium,
1997 2363 2100 2411 quod
2121 2364 2206 2400 facit
2233 2365 2431 2402 aestimare
2450 2367 2518 2403 bo-

1462 2424 1556 2448 num
1584 2412 1734 2449 alterius
1762 2425 1845 2450 esse
1873 2414 1942 2450 sibi
1972 2415 2211 2462 contrarium,
2242 2418 2401 2455 efficitur
2420 2420 2519 2456 mala

1463 2464 1632 2512 operatio
1667 2465 1809 2502 inimici
1844 2465 2083 2504 delectabilis.
2118 2469 2228 2506 Unde
2262 2470 2395 2508 dicitur
2427 2474 2441 2508 1
2470 2473 2522 2509 ad

1467 2518 1554 2554 Cor.
1570 2529 1630 2553 xm
1644 2517 1676 2564 ²¹⁶,
1697 2518 1803 2566 quod
1832 2519 1964 2556 caritas
1987 2532 2062 2556 non
2079 2522 2223 2570 gaudet
2246 2534 2359 2570 super
2385 2524 2518 2572 iniqui·
2546 2541 2554 2549 ·
2570 2539 2637 2561 Vm.
2652 2540 2676 2562 ⁶.

1461 2575 1545 2615 tate,
1575 2571 1789 2618 congaudet
1811 2577 1935 2608 autem
1963 2573 2120 2610 veritati.

1515 2623 1574 2658 An
1593 2633 1730 2659 ptumum
1749 2634 1846 2660 ERGO
1862 2635 2044 2661 memnon
2060 2626 2164 2674 quod
2179 2627 2348 2674 operatio
2367 2629 2518 2667 alterius

1461 2681 1586 2722 potest
1614 2686 1695 2710 esse
1716 2675 1808 2711 mihi
1829 2675 2027 2713 coniuncta
2045 2678 2107 2714 vel
2126 2690 2194 2726 per
2214 2679 2403 2728 effectum,
2424 2682 2519 2720 sicut

1461 2726 1500 2763 in
1526 2726 1652 2774 primo
1680 2727 1816 2773 mod03
1845 2729 1908 2764 vel
1935 2740 2004 2777 per
2030 2731 2393 2780 apprehensionem,
2423 2735 2519 2772 sicut

1461 2779 1499 2816 in
1528 2779 1696 2816 secundo
1726 2781 1861 2827 mod03
1890 2782 1952 2818 vel
1979 2794 2048 2830 per
2075 2783 2328 2832 affectionem,
2358 2786 2453 2824 sicut
2479 2788 2518 2825 in

1459 2831 1567 2874 tertio
1597 2831 1727 2868 modo.

1513 2885 1572 2920 An
1601 2895 1789 2921 SECUNDUM
1817 2896 1999 2923 memnon
2028 2887 2131 2935 quod
2155 2887 2247 2924 ratio
2267 2889 2327 2925 illa
2345 2892 2519 2938 procedit

1460 2945 1644 2984 quantum
1673 2937 1721 2973 ad
1749 2937 1899 2973 tertium
1927 2939 2100 2986 modum,
2129 2952 2208 2976 non
2236 2949 2363 2978 autern
2398 2956 2517 2991 quan-

1460 2996 1540 3025 tum
1569 2989 1618 3025 ad
1648 2988 1744 3025 duos
1771 2990 1928 3038 prImos.

1513 3042 1571 3077 An
1590 3053 1749 3078 TERTIUM
1768 3053 1951 3079 mcaNDUM
1965 3044 2071 3090 quod
2086 3046 2324 3093 operationes
2340 3047 2513 3096 aliorum,

1461 3093 1529 3129 etsi
1556 3105 1635 3129 non
1661 3095 1871 3141 procedant
1899 3107 1943 3131 ex
1970 3096 2159 3134 habitibus
2187 3099 2251 3147 qui
2274 3099 2313 3136 in
2332 3112 2394 3137 me
2415 3109 2514 3149 sunt,

1461 3153 1617 3182 causant
1643 3153 1771 3182 tamen
1798 3146 1836 3183 in
1864 3159 1926 3184 me
1955 3148 2095 3197 aliquid
2115 3150 2354 3198 delectabile3
2382 3154 2444 3190 vel
2463 3154 2515 3190 fa-

1461 3198 1564 3234 ciunt
1593 3197 1685 3234 mihi
1716 3199 2019 3238 aestimationem
2053 3201 2134 3239 sive
2171 3205 2514 3252 apprehensionem

1459 3250 1602 3299 proprii
1619 3250 1785 3297 habitus3
1805 3252 1867 3288 vel
1887 3254 2099 3300 procedunt
2118 3267 2163 3292 ex
2181 3256 2312 3293 habitu
2331 3257 2428 3294 illius
2448 3258 2513 3307 qui

1460 3311 1516 3340 est
1542 3315 1663 3340 unum
1692 3315 1844 3340 mecum
1871 3316 1940 3353 per
1967 3318 2149 3344 amorem.

401 3421 428 3453 α)
448 3420 630 3446 delectationis
647 3427 737 3446 causa.
755 3435 772 3439 —
793 3420 958 3446 delectabilia
977 3420 1087 3446 codices.

1427 3415 1432 3454 Ι

1511 3419 1536 3453 β)
1555 3421 1714 3446 aestimatio.
1731 3435 1750 3441 -
1767 3423 1857 3455 ah'qua
1876 3424 2027 3449 aestimatio
2045 3425 2092 3450 Pa.

1568 3507 1588 3514 v

2696 444 2744 466 8-

2694 459 2720 492 ΙΙ..
