2846 4146
114 2614 135 2637 3-

113 2529 219 2552 'Tmen
237 2528 323 2551 XXVI.

1048 222 1313 268 QUAESTIO
1343 223 1464 270 LXV,
1493 222 1788 259 ARTICULUS
1819 222 1870 258 IV

398 303 447 340 Et
465 301 518 339 sic
535 307 640 350 patet
658 300 763 349 quod
786 299 940 337 virtutes
960 301 1122 337 morales
1141 300 1286 337 infusae
1320 313 1398 337 non

345 356 469 394 solum
498 355 640 391 habent
667 352 944 390 connexionem
964 361 1118 402 propter
1135 353 1397 402 prudentiam;

345 407 412 446 sed
432 407 545 444 etiam
574 413 728 455 propter
748 406 952 443 caritatem.
983 407 1032 443 Et
1051 407 1157 454 quod
1181 406 1246 454 qui
1266 406 1400 442 amittit

347 460 539 498 caritatem
566 471 636 508 per
663 466 862 507 peccatum
895 460 1073 506 mortale,
1103 458 1236 496 amittit
1265 471 1399 495 omnes

344 513 501 551 virtutes
528 512 693 549 morales
721 511 875 548 infusas.

399 567 457 602 An
485 577 621 602 pthJM
650 576 747 601 ERGO
776 576 958 601 mcENDUM
986 564 1091 612 quod
1119 565 1167 600 ad
1194 565 1268 601 hoc
1296 564 1400 611 quod

346 626 452 655 actus
478 617 663 654 inferioris
690 617 879 665 potentiae
909 617 954 653 sit
981 617 1182 665 perfectus,
1203 615 1402 664 requiritur

346 670 452 720 quod
479 682 558 707 non
585 670 711 706 solum
740 670 836 706 adsit
862 669 1042 718 perfectio
1066 669 1105 706 in
1133 668 1315 717 superiori
1333 680 1401 716 po-

345 723 472 770 tentia,
493 722 560 759 sed
589 722 703 759 etiam
730 722 769 759 in
795 722 982 759 inferiori:
1009 722 1039 758 si
1067 721 1169 758 enim
1196 721 1401 770 principale

347 787 462 824 agens
490 775 616 812 debito
654 775 773 812 modo
803 787 843 811 se
870 775 1048 821 haberet,
1077 786 1156 811 non
1183 781 1403 821 sequeretur

347 827 444 866 actio
459 828 636 876 perfecta,
652 828 682 864 si
696 828 988 865 instrumentum
1003 839 1082 863 non
1102 834 1200 863 esset
1217 827 1314 862 bene
1331 826 1404 862 dis-

346 880 527 929 positum.
557 881 668 918 Unde
697 888 847 929 oportet
871 880 920 917 ad
947 880 1022 916 hoc
1041 879 1146 926 quod
1164 879 1284 914 homo
1304 878 1403 914 bene

347 940 525 982 operetur
552 933 590 969 in
618 933 676 970 his
704 945 802 981 quae
837 939 924 969 sunt
951 931 1000 968 ad
1027 932 1162 977 finem,
1193 931 1297 979 quod
1325 942 1403 966 non

347 986 472 1022 solum
498 986 636 1022 habeat
653 986 831 1023 virtutem
866 997 942 1033 qua
969 985 1067 1020 bene
1087 995 1127 1020 se
1147 984 1286 1020 habeat
1305 983 1404 1019 circa

346 1039 479 1085 finem,
506 1038 574 1075 sed
603 1038 716 1075 etiam
735 1038 891 1076 virtutes
919 1036 1058 1084 quibus
1081 1037 1179 1072 bene
1199 1048 1239 1072 se
1266 1036 1405 1072 habeat

348 1090 446 1128 circa
476 1103 520 1127 ea
549 1103 646 1139 quae
675 1098 763 1128 sunt
791 1090 840 1127 ad
867 1090 1005 1126 finem:
1035 1100 1126 1125 nam
1158 1088 1277 1125 virtus
1306 1099 1404 1136 quae

349 1151 405 1180 est
424 1143 522 1181 circa
547 1144 678 1190 finem,
700 1155 740 1180 se
759 1143 874 1180 habet
900 1149 942 1179 ut
959 1141 1173 1190 principalis
1201 1148 1238 1177 et
1260 1140 1405 1177 motiva

348 1203 520 1245 respectu
551 1208 681 1233 earum
710 1201 728 1217 ‘²
756 1207 854 1244 quae
889 1201 976 1231 sunt
1008 1193 1057 1230 ad
1085 1194 1214 1230 finem.
1242 1194 1290 1230 Et
1316 1193 1403 1229 ideo

348 1261 436 1286 cum
466 1249 616 1285 caritate
645 1260 801 1285 necesse
831 1254 886 1284 est
915 1247 1025 1283 etiam
1054 1246 1195 1282 habere
1223 1245 1313 1282 alias
1332 1245 1406 1281 vir-

347 1309 445 1338 tutes
472 1301 646 1338 morales.

400 1417 435 1452 a),
447 1421 550 1443 eamn.
561 1429 581 1436 —
597 1423 690 1441 eorum
707 1415 760 1440 EF.

1427 1408 1432 1446 Ι

2427 220 2503 265 425

1506 302 1565 337 An
1593 311 1783 337 SECUNDUM
1811 311 1994 336 D1CENDUM
2022 299 2126 346 quod
2160 297 2390 345 quandoque
2420 308 2507 332 con-

1453 353 1559 400 tingit
1590 353 1694 401 quod
1723 351 1856 400 aliquis
1875 352 2020 387 habens
2047 350 2230 396 habitum,
2251 349 2387 398 patitur
2410 348 2509 385 diffi-

1455 406 1630 442 cultatem
1667 404 1706 440 in
1743 403 1964 452 operando,
1995 410 2031 439 et
2057 415 2126 451 per
2158 414 2394 460 consequens
2430 412 2509 437 non

1454 458 1565 494 sentit
1602 457 1891 494 delectationem
1920 463 1956 492 et
1985 454 2299 512 complacentiam
2328 454 2366 490 in
2401 460 2508 499 actu,

1454 518 1610 559 propter
1645 509 1800 557 aliquod
1837 508 2154 557 impedimentum
2192 507 2420 543 extrinsecus
2448 517 2508 541 su·

1455 562 1699 611 perveniens·
1725 561 1820 598 sicut
1838 561 1896 598 ille
1916 561 1982 608 qui
2000 561 2114 597 habet
2128 559 2299 596 habitum
2319 557 2509 604 scientiae,

1456 615 1593 664 patitur
1626 614 1882 652 difficultatem
1911 613 1949 650 in
1977 612 2238 660 intelligendo,
2268 618 2423 659 propter
2451 622 2510 645 so-

1455 667 1702 704 mnolentiam
1725 668 1787 703 vel
1815 666 1980 725 aliquam
2009 665 2279 702 infirmitatem.
2309 663 2358 699 Et
2384 662 2511 698 simili-

1456 728 1513 757 ter
1539 720 1689 756 habitus
1708 719 1909 756 moralium
1936 719 2118 755 virtutum
2136 717 2346 754 infusarum
2365 714 2511 763 patiun-

1457 780 1517 809 tur
1544 772 1734 809 interdum
1764 772 2023 808 difficultatem
2052 771 2091 807 in
2119 768 2327 818 operandO,
2356 774 2512 816 propter

1457 825 1601 873 aliquas
1621 824 1886 872 dispositiones
1909 823 2113 860 contrarias
2133 835 2179 859 ex
2197 820 2511 871 praecedentibus

1458 877 1602 914 actibus
1629 877 1788 913 relictas.
1809 877 1919 923 Quae
1947 876 2100 924 quidem
2129 875 2328 912 difficultas
2356 885 2435 910 non
2462 872 2513 908 ita

1458 929 1592 966 accidit
1623 929 1662 965 in
1698 929 1896 965 virtutibus
1930 928 2137 965 moralibus
2171 926 2387 986 acquisitis:
2425 924 2513 972 quia

1457 994 1526 1031 per
1545 981 1763 1018 exercitium
1787 989 1952 1026 actuum,
1974 993 2049 1029 quo
2069 979 2084 1010 β
2103 980 2357 1029 acquiruntur,
2377 978 2512 1014 tollun-

1458 1042 1518 1071 tur
1546 1035 1660 1071 etiam
1689 1034 1897 1070 contrariae
1926 1033 2202 1082 dispositiones.

1512 1089 1570 1124 An
1597 1098 1756 1123 TERTmM
1775 1098 1958 1123 DICENDUM
1977 1086 2082 1134 quod
2110 1085 2224 1133 aliqui
2243 1083 2360 1121 sancti
2384 1082 2512 1120 dicun-

1459 1147 1519 1176 tur
1546 1139 1690 1188 aliquas
1718 1139 1872 1176 virtutes
1901 1151 1979 1175 non
2007 1139 2168 1185 habere,
2196 1138 2421 1185 inquantum
2449 1147 2516 1183 pa-

1459 1192 1601 1229 tiuntur
1638 1192 1894 1229 difficultatem
1933 1191 1971 1228 in
2009 1191 2152 1227 actibus
2186 1201 2339 1236 earum,
2368 1187 2515 1225 ratione

1459 1245 1536 1281 iam
1556 1244 1576 1266 ³¹²
1604 1244 1722 1290 dicta3
1753 1244 1930 1293 quamvis
1956 1243 2106 1280 habitus
2134 1242 2307 1279 omnium
2332 1241 2554 1278 virtutum
2568 1249 2593 1271 111
2612 1255 2674 1277 resp·
2689 1249 2754 1270 adz-

1460 1298 1636 1334 habeant.

1511 1412 1536 1446 β)
1556 1421 1617 1445 quo.
1633 1427 1652 1432 -
1670 1413 1763 1445 quibus
1782 1414 1883 1438 actibus
1907 1414 1942 1442 E,
1959 1421 2015 1438 om.
2033 1414 2062 1438 F.

1017 1500 1350 1533 Oommentaria
1370 1500 1621 1532 Cardinalis
1642 1500 1842 1532 Caietam

377 1593 399 1614 n
420 1583 552 1614 articulo
575 1582 667 1613 tertio
685 1581 828 1612 eiusdem
842 1579 1035 1621 quaestionis
1054 1578 1402 1619 sexagesimaequintae‚

351 1595 457 1662 Inihil
475 1626 611 1658 occurrit
633 1625 834 1656 scribendum
860 1624 919 1654 nisi
939 1624 1028 1665 quod
1044 1623 1094 1654 hic
1110 1622 1259 1654 articulus
1274 1623 1313 1653 de
1330 1632 1405 1653 con-

349 1671 494 1708 nexione,
510 1671 638 1702 adiuvat
655 1669 748 1700 illum
771 1669 810 1699 de
833 1668 1015 1699 necessitate
1039 1667 1210 1698 earundem
1232 1666 1405 1697 moralium

1457 1578 1651 1614 infusarum,
1681 1579 1902 1619 consequenti,
1932 1586 1962 1610 et
1985 1589 2002 1608 e
2026 1588 2194 1615 converso;
2219 1586 2254 1609 ut
2277 1579 2308 1609 in
2337 1590 2391 1620 qu.
2412 1589 2485 1609 Lxm
2502 1578 2520 1598 *
2547 1590 2556 1599 ·
2571 1590 2623 1611 Art.
2638 1595 2658 1616 3.

1459 1622 1603 1663 superius
1626 1629 1722 1662 patet,
1748 1630 1804 1654 etc.

1125 1829 1443 1871 ARTICULUS
1473 1827 1744 1880 QUARTUS

841 1923 997 1954 UTRUM
1021 1922 1142 1953 FIDEs
1164 1922 1223 1952 ET
1246 1921 1342 1952 SPEs
1366 1920 1543 1951 PossiNT
1566 1920 1667 1951 ESSE
1691 1920 1785 1951 SINE
1809 1919 2029 1974 cAmTArE

455 2002 487 2028 11·
500 2002 552 2033 11··‚
566 2010 610 2035 qu.
623 2009 697 2032 xxm,
716 2006 763 2027 art.
775 2009 800 2034 7,
814 2002 846 2026 ad
868 2009 893 2032 ¹3
912 2001 943 2025 111
958 2001 1041 2032 Sent„
1061 2000 1119 2024 dist.
1131 2006 1205 2030 xxm,
1224 2007 1268 2031 qu.
1283 2006 1324 2029 111,
1344 2003 1391 2023 art.
1410 2006 1430 2029 1,
1450 1999 1498 2031 qu·
1519 2005 1548 2029 2;
1569 1998 1627 2023 dist.
1640 2006 1711 2029 xxw,
1731 2005 1776 2031 qu.
1791 2005 1822 2028 11,
1842 2002 1888 2023 art.
1904 1997 1926 2027 3,
1946 1999 1992 2030 qu*
2014 2005 2043 2029 23
2063 1998 2072 2022 1
2089 1998 2158 2027 Cor„
2178 2005 2232 2030 cap.
2245 2005 2302 2029 xm,
2321 1998 2378 2023 lect.
2392 2005 2410 2022 1.

480 2114 537 2173 ἐξ(
561 2103 584 2128 D
604 2101 775 2133 QUARTUM
795 2101 848 2126 Sic
867 2100 1105 2126 PROCEDITUR.
1124 2087 1285 2125 Videtur
1302 2088 1407 2146 quod

394 2111 450 2148 ,23³2
465 2110 474 2126 ν

490 2148 532 2210 ‘50
561 2143 658 2180 fides
673 2150 710 2180 et
727 2155 814 2191 spes
833 2154 1031 2202 nunquam
1051 2141 1124 2178 sint
1142 2140 1222 2177 sine
1242 2140 1405 2177 caritate.

368 2184 419 2244 ᾗ]
430 2214 488 2241 ν,
510 2195 662 2238 (Cum
691 2195 792 2232 enim
812 2195 885 2232 sint
903 2195 1060 2232 virtutes
1086 2193 1332 2241 theologicae,
1353 2193 1407 2230 di-

368 2244 381 2255 ”
406 2204 529 2291 ζὲξῖὒβὶ
519 2242 711 2297 Χὲῐιίοτεε
740 2260 822 2285 esse
849 2247 1027 2285 videntur
1052 2246 1253 2284 virtutibus
1281 2258 1408 2283 mora-

349 2305 460 2351 libus,
482 2303 596 2340 etiam
623 2301 766 2338 infusis.
788 2300 865 2337 Sed
887 2300 1043 2337 virtutes
1071 2300 1235 2336 morales
1263 2299 1407 2335 infusae

349 2369 430 2394 non
455 2361 617 2405 possunt
644 2366 726 2391 esse
754 2353 832 2390 sine
853 2353 1016 2390 caritate.
1036 2353 1138 2399 Ergo
1167 2364 1292 2399 neque
1312 2351 1408 2388 fides

351 2417 388 2448 et
414 2422 433 2446 S
462 2421 514 2446 es.

405 2421 693 2506 2pPRAEOEREA⁷
722 2458 846 2495 nullus
873 2457 990 2494 credit
1015 2457 1088 2493 nisi
1112 2456 1250 2502 volens,
1270 2464 1312 2493 ut
1330 2458 1409 2493 Au-

350 2515 521 2564 gustinus
541 2512 639 2559 dicit,
659 2523 773 2559 super
789 2512 897 2547 Ioan.
913 2510 934 2532 ’¹‘
958 2509 1034 2546 Sed
1055 2509 1188 2545 caritas
1209 2516 1264 2545 est
1283 2509 1320 2545 in
1339 2521 1409 2546 vo-

114 2581 188 2609 ·.Qu
205 2586 267 2608 uu,
281 2584 324 2602 m.
349 2568 491 2605 luntate
512 2566 607 2602 sicut
625 2563 804 2613 perfectio
835 2562 926 2608 eius,
945 2569 987 2598 ut
1006 2573 1120 2610 supra
1137 2560 1158 2582 '¹‘
1178 2560 1319 2597 dictum
1341 2568 1406 2598 est.

116 2689 198 2717 'Cnp.
211 2694 262 2711 vm.

115 2901 126 2911 ⁸
140 2899 210 2921 Vere.
224 2904 244 2920 2.

115 2953 126 2962 '¹
139 2951 242 2973 Interlin.

351 2621 454 2668 Ergo
483 2618 580 2655 fides
607 2629 687 2653 non
714 2622 839 2664 potest
867 2627 949 2651 esse
978 2614 1058 2650 sine
1088 2613 1248 2650 caritate.

408 2673 443 2709 3.
462 2672 696 2729 PRAETEREA,
724 2667 957 2715 Augustinus
985 2666 1083 2712 dicit,
1109 2666 1147 2702 in
1164 2666 1356 2703 Enchirid.
1377 2666 1409 2714 ³⁸,

353 2724 460 2773 quod
478 2735 560 2772 spes
573 2723 652 2759 sine
670 2732 802 2758 amore
815 2732 892 2756 esse
911 2731 984 2756 non
994 2724 1125 2767 potest.
1145 2720 1268 2755 Amor
1282 2696 1409 2755 auterri

355 2785 410 2815 est
438 2777 588 2813 caritas:
610 2774 658 2811 de
677 2774 751 2810 hoc
771 2773 872 2809 enim
893 2784 1021 2809 amore
1041 2771 1092 2808 ibi
1110 2771 1286 2820 loquitur.
1308 2773 1410 2820 Ergo

355 2842 442 2880 spes
471 2841 549 2866 non
575 2834 701 2876 potest
728 2838 810 2863 esse
839 2825 920 2862 sine
949 2825 1112 2861 caritate.

409 2883 483 2920 SED
503 2892 649 2919 CONTRA
666 2891 732 2917 EST
751 2878 856 2927 quod
874 2877 1071 2915 Matth.1*
1090 2876 1222 2914 dicitur
1244 2876 1282 2913 in
1302 2877 1412 2914 Glos-

355 2949 397 2973 sa
417 2934 562 2983 *quod
571 2933 671 2981 fides
688 2937 847 2981 generat
863 2942 978 2978 spem,
997 2942 1079 2978 spes
1096 2941 1186 2966 vero
1205 2930 1410 2967 caritatem.

355 2988 432 3026 Sed
460 2997 644 3035 generans
677 2991 731 3021 est
757 2983 861 3032 prius
889 2990 1080 3041 generato,
1115 2990 1150 3019 et
1177 2990 1302 3031 potest
1329 2994 1412 3020 esse

355 3041 435 3078 sine
464 3052 524 3077 eo.
545 3040 646 3086 Ergo
675 3036 771 3074 fides
799 3043 925 3085 potest
949 3047 1031 3072 esse
1051 3034 1131 3071 sine
1150 3046 1238 3083 spe3
1269 3043 1304 3071 et
1325 3047 1411 3084 spes

354 3093 434 3131 sine
469 3091 630 3130 caritate.

408 3147 632 3183 RESPONDEO
660 3153 844 3180 mcENDUM
872 3139 978 3188 quod
1005 3139 1102 3176 fides
1132 3146 1168 3176 et
1194 3152 1291 3188 spes,
1317 3140 1414 3177 sicut

357 3207 393 3236 et
419 3198 577 3236 virtutes
613 3196 799 3240 morales,
829 3192 1024 3241 dupliciter
1058 3191 1287 3229 considerari
1324 3205 1412 3241 pos-

356 3259 462 3289 sunt:
490 3262 569 3287 uno
599 3248 730 3295 modo⁷
755 3246 967 3284 secundum
994 3244 1275 3282 inchoationem
1293 3257 1412 3293 quan-

357 3305 466 3350 dam;
496 3302 568 3340 alio
597 3300 727 3348 modo,
750 3298 962 3337 secundum
989 3298 1198 3345 perfectum
1233 3310 1314 3334 esse
1338 3298 1412 3335 vir-

356 3357 458 3394 tutis.
481 3356 582 3392 Cum
603 3354 705 3391 enim
723 3352 842 3390 virtus
869 3350 1063 3388 ordinetur
1081 3350 1130 3387 ad
1149 3350 1295 3387 bonum
1315 3363 1412 3399 opus

357 3408 560 3458 agendum,
579 3407 697 3444 virtus
717 3405 873 3454 quidem
891 3403 1057 3452 perfecta
1090 3402 1223 3440 dicitur
1238 3408 1255 3424 α
1274 3415 1320 3440 ex
1338 3403 1414 3441 hoc

411 3519 439 3555 α)
459 3520 566 3545 dicitur.
579 3532 599 3538 -·
618 3519 721 3543 dicetur
740 3517 850 3542 codices.

500 3573 609 3598 Summis
628 3572 728 3595 TquL.
747 3571 777 3594 D.
791 3570 904 3594 Tuomst
923 3569 955 3594 T.
973 3569 1013 3593 111.

1462 2085 1567 2135 quod
1593 2092 1719 2134 potest
1745 2084 1784 2122 in
1813 2097 1910 2134 opus
1932 2085 2098 2134 perfecte
2117 2086 2286 2122 bonum:
2317 2087 2421 2134 quod
2441 2087 2522 2136 qui-

1463 2139 1552 2176 dem
1581 2146 1636 2175 est
1671 2140 1764 2176 dum
1796 2150 1875 2175 non
1903 2138 2028 2175 solum
2056 2139 2203 2175 bonurn
2231 2146 2286 2175 est
2318 2139 2424 2187 quod
2459 2140 2522 2186 fit,

1462 2191 1529 2228 sed
1556 2191 1668 2228 etiam
1697 2191 1796 2228 bene
1823 2191 1876 2227 fit.
1906 2191 2099 2239 Alioquin,
2120 2191 2151 2227 si
2170 2191 2318 2228 bonum
2347 2192 2391 2228 sit
2418 2192 2523 2241 quod

1461 2245 1524 2290 fit,
1553 2256 1632 2281 non
1660 2251 1795 2280 autem
1819 2244 1917 2279 bene
1949 2244 2031 2290 fiat,
2061 2255 2140 2279 non
2169 2244 2236 2280 erit
2261 2245 2426 2292 perfecte
2454 2246 2524 2281 bo-

1461 2308 1576 2333 num:
1605 2297 1708 2333 unde
1737 2307 1808 2332 nec
1835 2295 1987 2332 habitus
2007 2295 2072 2342 qui
2093 2302 2148 2332 est
2175 2295 2257 2332 talis
2277 2297 2404 2344 operis
2421 2297 2524 2344 prin-

1462 2349 1614 2398 cipium,
1643 2348 1800 2385 habebit
1821 2348 1987 2396 perfecte
2015 2347 2202 2384 rationem
2229 2348 2390 2385 virtutis.
2421 2349 2527 2386 Sicut

1463 2402 1494 2438 si
1526 2401 1661 2449 aliquis
1694 2409 1872 2450 operetur
1903 2401 2020 2448 iusta,
2054 2401 2201 2438 bonum
2231 2401 2388 2449 quidem
2417 2402 2524 2439 facit:

1463 2455 1531 2491 sed
1551 2467 1630 2491 non
1649 2454 1717 2490 erit
1735 2466 1833 2502 opus
1856 2454 2044 2502 perfectae
2064 2453 2223 2501 virtutis,
2243 2454 2314 2491 nisi
2332 2455 2407 2490 hoc
2426 2455 2525 2491 bene

1462 2507 1589 2553 faciat,
1618 2507 1715 2543 idest
1742 2506 1954 2542 secundum
1984 2506 2207 2542 electionem
2236 2513 2390 2553 rectam,
2420 2507 2526 2556 quod

1465 2566 1520 2595 est
1537 2571 1607 2607 per
1625 2558 1884 2607 prudentiam:
1905 2565 1942 2594 et
1960 2558 2048 2595 ideo
2068 2556 2206 2595 i¹ustitia
2225 2559 2306 2595 sine
2325 2560 2526 2608 prudentia

1465 2624 1544 2648 non
1570 2619 1696 2660 potest
1725 2624 1806 2648 esse
1833 2611 1954 2648 virtus
1980 2611 2159 2659 perfecta.

1519 2664 1581 2701 Sic
1608 2664 1718 2711 igitur
1745 2664 1842 2701 fides
1871 2671 1907 2700 et
1935 2676 2021 2712 spes
2059 2663 2138 2700 sine
2176 2663 2327 2700 caritate
2364 2672 2527 2713 possunt

1466 2717 1621 2777 quidem
1641 2717 1851 2776 aliqualiter
1879 2729 1981 2753 esse:
2010 2717 2199 2765 perfectae
2229 2725 2358 2753 autem
2377 2717 2525 2754 virtutis

1465 2770 1652 2807 rationem
1673 2770 1752 2806 sine
1777 2770 1928 2806 caritate
1958 2781 2036 2806 non
2063 2770 2214 2806 habent.
2237 2770 2338 2806 Cum
2361 2770 2462 2807 enim
2482 2771 2526 2807 fi-

1466 2823 1527 2860 dei
1556 2835 1653 2872 opus
1681 2823 1727 2859 sit
1755 2822 1908 2859 credere
1928 2823 2035 2868 Deo;
2066 2822 2218 2859 credere
2247 2829 2374 2859 autem
2398 2823 2443 2860 sit
2461 2823 2527 2860 ali-

1466 2870 1526 2912 cui
1553 2874 1568 2904 β
1595 2875 1748 2924 propria
1774 2876 1969 2912 voluntate
1999 2875 2198 2912 assentire:
2229 2875 2259 2911 si
2287 2887 2366 2912 non
2395 2875 2524 2913 debito

1465 2929 1584 2966 modo
1612 2929 1715 2975 velit,
1743 2940 1823 2965 non
1843 2928 1911 2964 erit
1929 2927 2019 2964 fidei
2039 2940 2137 2976 opus
2161 2928 2381 2976 perfectum.
2410 2929 2525 2974 Quod

1466 2989 1594 3018 autern
1624 2957 1752 3018 debito
1781 2980 1900 3017 modo
1923 2981 2025 3028 velit,
2054 2981 2128 3017 hoc
2149 2988 2204 3017 est
2221 2992 2290 3028 per
2318 2981 2524 3029 caritatem,

1466 3046 1564 3083 quae
1583 3033 1730 3082 perficit
1743 3034 1994 3070 voluntatem:
2025 3033 2149 3070 omnis
2175 3033 2277 3070 enim
2298 3041 2421 3070 rectus
2443 3046 2525 3070 mo-

1465 3094 1525 3123 tus
1551 3086 1757 3123 voluntatis
1786 3098 1831 3122 ex
1859 3093 1961 3123 recto
1982 3098 2114 3123 amore
2133 3086 2317 3135 procedit,
2337 3094 2378 3123 ut
2396 3088 2526 3134 Augu-

1466 3139 1583 3176 stinus
1612 3139 1710 3185 dicit,
1730 3138 1769 3175 in
1796 3139 1885 3175 XIV
1904 3140 1950 3175 de
1972 3139 2051 3176 Civ.
2071 3139 2146 3176 Dei
2162 3139 2193 3176 ²¹².
2220 3139 2282 3176 Sic
2301 3139 2411 3186 igitur
2429 3140 2526 3176 fides
2552 3154 2563 3165 ⁸

1467 3200 1521 3229 est
1549 3191 1705 3239 quidem
1725 3191 1804 3228 sine
1834 3191 1996 3238 caritate,
2017 3192 2084 3228 sed
2104 3204 2182 3229 non
2200 3192 2366 3240 perfecta
2384 3192 2524 3229 virtus:

1465 3245 1560 3282 sicut
1582 3243 1830 3292 temperantia
1847 3245 1911 3280 vel
1943 3243 2122 3281 fortitudo
2155 3244 2235 3281 sine
2267 3244 2479 3292 prudentia.
2499 3265 2524 3272 -

1466 3299 1515 3335 Et
1534 3296 1703 3334 similiter
1727 3296 1931 3334 dicendum
1954 3304 2010 3333 est
2029 3297 2075 3334 de
2096 3309 2174 3345 spe.
2196 3297 2299 3333 Nam
2319 3304 2424 3333 actus
2444 3297 2525 3345 spei

1467 3357 1522 3386 est
1550 3356 1746 3398 expectare
1775 3349 1939 3386 futuram
1971 3349 2242 3386 beatitudinem
2271 3361 2293 3386 a
2320 3350 2417 3386 Deo.
2448 3349 2525 3395 Qui

1466 3402 1622 3450 quidem
1642 3409 1747 3439 actus
1766 3402 1954 3450 perfectus
1979 3410 2044 3448 est,
2066 3402 2096 3438 si
2116 3402 2181 3438 fiat
2200 3414 2245 3438 ex
2265 3402 2405 3438 meritis
2426 3414 2523 3450 quae

1523 3515 1548 3550 β)
1568 3516 1655 3541 alicui.
1673 3529 1692 3535 —
1710 3516 1822 3548 aliquem
1841 3515 2105 3540 ABCDEFGsKLsH.

2350 3573 2383 3598 24
