2846 4146
166 376 219 398 'Ca
238 380 377 401 .v11,n.3.-

167 402 223 424 S.T

241 418 247 424 .
262 402 314 423 lect.
329 407 361 422 v1.

171 481 181 491 '³
195 481 246 502 Art.
260 485 281 508 3.

169 751 376 778 ‘.‚.;Cap1n12

167 782 338 805 cap.2,n.7

167 788 378 830 S.Th.1ect.1,'11-.

165 1324 176 1335 ⁴
191 1323 223 1345 Ca

166 1350 222 1373 S.T

243 1337 249 1344 .
259 1329 299 1349 vn,
315 1328 338 1344 n.

230 1356 246 1371 ι,
263 1349 315 1371 lect.
330 1354 361 1369 v1.

165 1433 242 1461 'Cap.
256 1439 297 1460 ιιι,
313 1438 336 1453 ιι.
350 1438 373 1460 3;

231 1465 281 1486 xm,
296 1465 318 1480 n.
334 1459 375 1481 8.-

165 1466 241 1508 Sei-fh.
251 1475 303 1507 lect.
311 1491 334 1512 x
342 1491 380 1506 ¹1.-

165 1592 175 1602 ·
189 1590 257 1612 Vei-s.
273 1596 301 1618 ¹5·

168 2808 177 2817 ·
191 2806 243 2828 Did.
259 2806 300 2828 lib.
314 2805 355 2827 1v.

169 2847 178 2856 ·
193 2846 241 2874 Qu.
255 2852 316 2873 κων,
335 2848 377 2867 art.

168 2878 185 2894 1.

406 243 483 288 436

460 321 533 357 SED
563 332 708 358 CONTRA
736 333 801 358 EST
828 321 933 368 quod
954 321 1208 370 Philosophus
1234 321 1332 366 dicit,
1354 320 1391 356 in
1410 320 1460 355 Vl

404 373 523 409 Ethic.
546 374 576 420 ²¹⁴,
598 374 702 421 quod
730 373 910 422 sapientia
939 382 994 410 est
1020 374 1114 410 sicut
1139 379 1251 421 caput
1276 373 1370 408 inter
1388 372 1461 407 vir-

406 433 502 462 tutes
531 425 808 463 intellectuales.

459 479 683 516 REsponmzo
712 490 893 516 DtCENDUM
922 479 1037 526 quod,
1067 478 1161 513 sicut
1190 476 1330 513 dictum
1357 483 1412 512 est
1429 475 1460 522 ²³²,

406 531 625 578 magnitudo
644 531 790 568 virtutis
810 531 1021 567 secundum
1041 542 1149 566 suam
1174 529 1351 576 speciem,
1374 540 1462 564 con-

406 583 589 620 sideratur
616 596 661 620 ex
689 584 849 620 obiecto.
881 583 1085 619 Obiectum
1106 589 1232 617 autem
1257 580 1461 628 sapientiae

406 637 596 684 praecellit
624 637 718 673 inter
746 636 892 672 obiecta
920 635 1094 671 omnium
1116 633 1298 670 virtutum
1318 632 1461 669 intelle-

408 689 606 725 ctualium:
646 688 857 725 considerat
894 687 994 723 enim
1031 698 1183 723 causam
1218 685 1460 731 altissimam,

406 754 504 790 quae
524 743 628 778 Deus
649 749 714 787 est,
735 748 776 776 ut
795 739 929 777 dicitur
956 740 993 775 in
1013 738 1196 787 principio
1215 739 1463 786 Metaphys.*

406 795 455 830 Et
482 794 570 841 quia
597 806 665 842 per
694 805 846 829 causam
876 792 1060 828 iudicatur
1089 791 1136 827 de
1166 791 1312 837 effectu,
1336 798 1371 827 et
1394 803 1462 838 per

406 859 559 883 causam
594 846 827 894 superiorem
857 845 903 881 de
933 844 1054 880 causis
1089 844 1343 888 inferioribus;
1373 843 1461 881 inde

406 907 461 935 est
493 898 596 947 quod
629 894 811 946 sapientia
839 898 952 933 habet
983 896 1163 934 iudicium
1198 896 1245 933 de
1282 896 1461 933 omnibus

405 951 483 987 aliis
501 950 700 987 virtutibus
719 950 1046 994 intellectualibus;
1064 956 1100 985 et
1115 949 1195 985 eius
1215 957 1270 985 est
1285 949 1460 985 ordinare

404 1016 560 1049 omnes;
591 1011 626 1039 et
644 1003 725 1051 ipsa
755 1010 809 1039 est
837 1002 944 1050 quasi
972 1001 1260 1039 architectonica
1289 1010 1461 1050 respectu

406 1056 592 1092 omnium.

457 1112 516 1144 An
536 1120 671 1144 pannum
691 1119 788 1144 ERGO
807 1119 990 1144 manDUM
1011 1107 1128 1155 quod,
1154 1119 1241 1143 cum
1261 1107 1461 1155 prudentia

405 1161 449 1197 sit
478 1161 574 1197 circa
602 1173 661 1197 res
689 1162 888 1207 humanas,
918 1160 1098 1208 sapientia
1125 1172 1219 1196 vero
1249 1160 1346 1196 circa
1376 1173 1462 1196 cau-

404 1226 486 1250 sam
515 1213 756 1259 altissimam;
786 1213 1019 1261 impossibile
1048 1221 1103 1249 est
1131 1213 1233 1261 quod
1262 1213 1463 1261 prudenti-a

404 1267 449 1303 sit
477 1266 599 1303 maior
621 1266 739 1303 virtus
760 1279 876 1315 quam
896 1266 1089 1314 sapientia,
1111 1266 1192 1312 nisi,
1213 1273 1254 1302 ut
1273 1266 1407 1302 dicitur
1424 1266 1463 1303 in

355 1328 376 1350 3·
404 1320 454 1356 VI
469 1320 588 1356 Ethic.
605 1319 635 1366 ³¹⁵,
652 1320 863 1356 maximum
884 1331 1015 1356 eorum
1035 1331 1132 1367 quae
1149 1324 1236 1355 sunt
1252 1319 1288 1355 in
1309 1319 1461 1365 mundo,

403 1378 496 1409 esset
519 1374 643 1409 homo.
673 1372 784 1409 Unde
814 1372 1018 1409 dicendum
1048 1380 1113 1419 est,
1143 1371 1238 1408 sicut
1265 1372 1303 1408 in
1324 1372 1462 1409 eodem

403 1425 498 1462 libro
517 1425 537 1447 '¹‘
564 1425 707 1471 dicitur,
738 1425 843 1473 quod
871 1425 1070 1474 prudentia
1098 1437 1176 1462 non
1205 1425 1366 1474 imperat
1393 1425 1462 1473 ipsi

404 1478 620 1527 sapientiae,
646 1479 713 1515 sed
741 1478 866 1527 potius
887 1491 907 1514 e
928 1490 1134 1515 converso:
1155 1478 1243 1525 quia
1261 1478 1464 1526 spiritualis

403 1532 542 1568 iudicat
567 1532 706 1576 omnia,
736 1537 772 1568 et
797 1533 873 1580 ipse
900 1543 923 1568 a
953 1531 1099 1568 nemine
1127 1531 1323 1577 iudicatur,
1343 1539 1384 1567 ut
1409 1531 1462 1567 di-

404 1585 497 1621 citur
518 1586 530 1620 1
553 1585 604 1621 ad
626 1585 712 1621 Cor.
734 1597 756 1621 11
775 1584 805 1620 *.
827 1585 919 1621 Non
948 1584 1050 1621 enirn
1072 1584 1270 1632 prudentia
1289 1584 1404 1620 habet
1423 1596 1462 1620 se

404 1637 650 1674 intromittere
680 1637 726 1674 de
747 1637 945 1684 altissimis,
967 1649 1064 1685 quae
1085 1637 1297 1674 considerat
1316 1636 1462 1685 sapien-

404 1690 471 1726 tia:
493 1690 560 1727 sed
579 1689 740 1738 imperat
761 1690 807 1726 de
825 1690 882 1726 his
898 1702 995 1738 quae
1011 1690 1232 1726 ordinantur
1247 1690 1294 1726 ad
1316 1689 1462 1738 sapien-

404 1743 513 1788 tiam,
544 1742 682 1779 scilicet
710 1743 908 1790 quomodo
938 1743 1113 1779 homines
1137 1743 1301 1779 debeant
1329 1744 1377 1780 ad
1405 1755 1462 1779 sa-

404 1795 585 1844 pientiam
601 1795 812 1843 pervenire.
829 1795 939 1832 Unde
955 1795 992 1831 in
1008 1796 1082 1832 hoc
1098 1803 1153 1831 est
1167 1795 1379 1843 prudentia,
1396 1807 1463 1831 seu

404 1847 573 1897 politica,
604 1847 771 1883 ministra
801 1847 1025 1895 sapientiae:
1054 1848 1256 1884 introducit
1283 1847 1385 1883 enim
1414 1847 1463 1884 ad

405 1912 502 1946 eam,
523 1911 754 1948 praeparans
771 1899 805 1936 ei
823 1900 939 1946 viam,
956 1900 1051 1936 sicut
1067 1900 1239 1937 ostiarius
1255 1900 1303 1936 ad
1319 1912 1459 1948 regern.

455 1954 514 1988 AD
534 1964 722 1989 SECUNDUM
746 1964 929 1989 mcENDUM
949 1954 1053 2000 quod
1073 1952 1272 2001 prudentia
1291 1953 1463 1990 conside-

404 2012 459 2041 rat
487 2017 532 2041 ea
560 2005 697 2052 quibus
725 2005 943 2053 pervenitur
971 2006 1020 2042 ad
1047 2005 1280 2042 felicitatem:
1314 2006 1381 2043 sed
1406 2019 1462 2043 sa-

402 2058 542 2106 pientia
563 2058 774 2094 considerat
792 2058 918 2106 ipsum
938 2058 1129 2095 obiectum
1150 2058 1342 2104 felicitatis,
1359 2060 1463 2108 quod

404 2118 459 2147 est
477 2110 700 2147 altissimum
720 2110 958 2159 intelligibile.
976 2112 1024 2148 Et
1043 2111 1074 2147 si
1093 2111 1248 2159 quidem
1269 2119 1366 2148 esset
1380 2124 1464 2160 per-

403 2163 500 2200 fecta
528 2163 775 2200 consideratio
805 2163 1009 2212 sapientiae
1038 2172 1212 2213 respectu
1236 2164 1293 2200 sui
1314 2164 1462 2211 obiecti,

404 2224 502 2252 esset
519 2217 685 2265 perfecta
704 2216 857 2253 felicitas
877 2217 914 2253 in
934 2224 1019 2253 actu
1039 2216 1255 2265 sapientiae.
1278 2217 1355 2254 Sed
1374 2217 1463 2266 quia

404 2276 509 2305 actus
543 2269 746 2317 sapientiae
774 2269 812 2305 in
844 2270 916 2306 hac
943 2269 1020 2306 vita
1050 2277 1104 2306 est
1137 2270 1378 2318 imperfectus
1407 2283 1462 2307 re-

404 2328 535 2369 spectu
566 2321 780 2370 principalis
813 2321 967 2369 obiecti,
1002 2322 1106 2370 quod
1135 2329 1191 2358 est
1222 2323 1346 2369 Deus;
1375 2323 1462 2360 ideo

458 2458 483 2493 β)
505 2467 558 2483 una
577 2459 681 2483 notitia.
699 2473 718 2478 -
737 2460 832 2484 notitia
851 2460 964 2484 alicuius
979 2461 1008 2488 E,
1024 2467 1086 2485 vera
1101 2461 1197 2485 notitia
1211 2461 1323 2485 alicuius
1342 2461 1370 2485 F.
1381 2474 1401 2479 —
1413 2461 1462 2485 Pro

405 2495 571 2523 nobiliorum,
591 2495 704 2519 nobilior
724 2495 774 2518 EF.

1091 221 1355 288 QUAESTIC)
1385 243 1523 287 LXV1,
1551 242 1846 279 ARTICULus
1874 243 1908 280 v

1517 327 1622 356 actus
1650 320 1854 368 sapientiae
1885 329 1940 357 est
1968 322 2156 370 quaedam
2182 323 2372 360 inchoatio
2401 335 2468 360 seu
2491 335 2577 371 par-

1516 372 1680 420 ticipatio
1709 373 1854 409 futurae
1879 373 2071 412 felicitatis.
2101 376 2151 412 Et
2177 375 2230 412 sic
2257 376 2508 424 propinquius
2537 387 2577 432 se

1516 425 1631 461 habet
1658 425 1707 461 ad
1735 425 1946 462 felicitatem
1976 437 2092 474 quam
2119 428 2331 476 prudentia.

1570 478 1627 513 An
1660 488 1819 514 TERTIUM
1852 489 2035 515 DICENDUM
2055 480 2170 528 quod,
2199 480 2294 517 sicut
2321 480 2576 528 Philosophus

1518 529 1622 574 dicit,
1651 529 1689 565 in
1719 531 1732 565 I
1762 530 1807 566 de
1833 531 1975 567 Anima
2001 531 2039 578 ³⁸⁸,
2070 543 2145 569 una
2173 533 2302 569 notitia
2322 531 2336 562 β
2357 534 2577 580 praefertur

1516 582 1626 617 alteri
1651 587 1718 618 aut
1743 594 1793 618 ex
1820 594 1862 618 eo
1892 584 1993 630 quod
2009 589 2063 620 est
2084 586 2321 631 nobiliorum,
2342 591 2409 621 aut
2418 591 2576 633 propter

1517 634 1784 671 certitudinem.
1820 635 1860 671 Si
1892 635 2002 682 igitur
2034 636 2201 674 subiecta
2229 638 2302 674 sint
2332 637 2505 684 aequalia
2537 637 2575 674 in

1516 687 1682 723 bonitate
1713 695 1748 723 et
1776 687 1984 734 nobilitate,
2018 688 2080 725 illa
2107 701 2206 737 quae
2240 698 2295 727 est
2328 690 2479 736 certior,
2510 689 2576 726 erit

1516 739 1640 775 maior
1666 739 1796 776 virtus.
1828 740 1904 776 Sed
1937 740 1997 776 illa
2029 753 2128 788 quae
2157 750 2212 779 est
2240 743 2366 780 minus
2400 749 2499 779 certa
2528 742 2574 779 de

1516 792 1710 828 altioribus
1743 800 1778 828 et
1811 793 2041 839 maioribus,
2075 794 2282 841 praefertur
2314 795 2348 831 ei
2384 807 2482 844 quae
2521 802 2576 832 est

1516 845 1636 892 magis
1657 852 1757 881 certa
1781 845 1829 881 de
1853 845 2090 882 inferioribus
2121 846 2244 883 rebus.
2274 848 2384 884 Unde
2405 847 2576 885 Philoso-

1516 899 1614 945 phus
1635 897 1732 944 dicit,
1754 897 1791 934 in
1812 899 1843 934 11
1864 899 1909 934 de
1932 898 2045 935 Caelo
2065 898 2096 945 ³¹²,
2127 899 2233 946 quod
2252 911 2434 947 magnum
2453 908 2509 936 est
2528 900 2575 937 de

1516 951 1630 986 rebus
1659 948 1880 987 caelestibus
1901 951 2043 998 aliquid
2070 963 2183 999 posse
2213 964 2442 999 cognoscere
2462 953 2575 989 etiam

1518 1002 1628 1039 debili
1658 1010 1694 1038 et
1721 1002 1847 1051 topica
1875 1003 2030 1040 ratione.
2061 1005 2110 1040 Et
2137 1004 2209 1040 inl
2230 1005 2275 1040 de
2292 1005 2467 1042 Partibus
2483 1005 2576 1042 Ani-

1517 1055 1605 1092 mal.
1626 1055 1658 1102 ³¹⁶,
1687 1055 1774 1092 dicit
1801 1056 1907 1104 quod
1934 1056 2098 1092 amabile
2117 1062 2171 1092 est
2187 1057 2311 1106 magis
2324 1069 2491 1105 parvum
2509 1057 2576 1094 ali-

1517 1108 1607 1156 quid
1623 1119 1851 1157 cognoscere
1869 1109 1914 1144 de
1928 1109 2038 1145 rebus
2057 1109 2309 1155 nobilioribus,
2325 1121 2439 1158 quam
2458 1110 2576 1146 multa

1517 1172 1744 1210 cognoscere
1779 1161 1827 1197 de
1861 1162 1971 1198 rebus
2008 1162 2302 1211 ignobilioribus.
2331 1183 2354 1190 -
2385 1161 2577 1210 Sapientia

1517 1213 1659 1261 igitur,
1678 1213 1725 1250 ad
1753 1225 1870 1261 quam
1906 1214 2067 1262 pertinet
2094 1214 2166 1251 Dei
2195 1214 2381 1262 cognitio,
2410 1214 2576 1261 homini,

1518 1266 1682 1303 maxime
1710 1266 1748 1303 in
1777 1274 1875 1303 statu
1894 1267 2007 1303 huius
2029 1267 2142 1313 vitae,
2163 1280 2242 1304 non
2261 1275 2386 1316 potest
2413 1268 2578 1316 perfecte

1518 1319 1712 1366 advenire,
1741 1326 1782 1356 ut
1805 1319 1850 1356 sit
1870 1319 1977 1368 quasi
1997 1319 2078 1357 eius
2097 1320 2308 1368 possessi03
2338 1321 2404 1357 sed
2422 1321 2494 1357 hoc
2519 1331 2578 1356 so-

1517 1373 1587 1409 lius
1606 1372 1681 1409 Dei
1697 1378 1761 1418 est,
1780 1379 1823 1409 ut
1841 1372 1975 1409 dicitur
1992 1373 2031 1409 in
2051 1374 2064 1409 Ι
2081 1374 2298 1421 Metaphys.
2313 1373 2333 1395 *
2354 1373 2430 1410 Sed
2448 1380 2578 1410 tamen
2604 1377 2616 1389 ⁸

1516 1426 1578 1462 illa
1605 1425 1759 1462 modica
1788 1425 1952 1473 cognitio
1972 1438 2070 1474 quae
2087 1438 2157 1474 per
2176 1426 2398 1474 sapientiam
2424 1426 2472 1463 de
2491 1426 2576 1463 Deo

1517 1477 1650 1515 haberi
1677 1485 1817 1526 potest,
1847 1478 1953 1514 omni
1981 1478 2042 1514 alii
2072 1478 2276 1526 cognitioni
2304 1479 2522 1527 praefertur.

1570 1533 1628 1567 AD
1658 1542 1830 1573 QUARTUM
1858 1542 2042 1567 DICENDUM
2071 1531 2184 1579 quod‘
2198 1531 2337 1568 veritas
2359 1538 2394 1568 et
2413 1531 2576 1578 cognitio

1517 1583 1787 1632 principiorum
1815 1583 2206 1620 indemonstrabilium
2231 1583 2420 1631 dependet
2448 1596 2494 1619 ex
2521 1595 2579 1620 ra-

1517 1637 1618 1674 tione
1646 1636 1914 1673 terminorum:
1946 1636 2095 1683 cognito
2126 1636 2227 1672 enim
2258 1636 2349 1684 quid
2382 1643 2438 1672 est
2454 1643 2579 1676 totum

1518 1697 1554 1726 et
1583 1689 1674 1738 quid
1702 1701 1801 1737 pars,
1832 1688 1956 1724 statim
1987 1688 2228 1735 cognoscitur
2250 1688 2355 1736 quod
2383 1700 2499 1725 omne
2523 1695 2580 1725 to-

1517 1750 1599 1779 tum
1628 1749 1684 1778 est
1711 1741 1836 1777 maius
1865 1753 1933 1777 sua
1961 1749 2078 1789 parte.
2109 1742 2352 1789 Cognoscere
2373 1748 2502 1778 autem
2522 1752 2580 1779 ra—

1516 1795 1658 1832 tionem
1688 1794 1783 1830 entis
1812 1801 1849 1830 et
1876 1806 1954 1830 non
1980 1793 2074 1830 entis
2094 1799 2120 1841 Υ,
2152 1802 2187 1830 et
2198 1794 2319 1831 *totius
2340 1801 2376 1831 et
2393 1793 2522 1843 partis,
2543 1800 2581 1830 et

1517 1848 1677 1884 aliorum
1714 1859 1812 1895 quae
1847 1854 2132 1895 consequuntur
2165 1847 2213 1883 ad
2247 1859 2333 1894 ens,
2369 1859 2413 1883 ex
2441 1846 2579 1895 quibus

1516 1900 1612 1937 sicut
1632 1912 1676 1936 ex
1695 1899 1863 1936 terminis
1885 1899 2162 1936 constituuntur
2175 1899 2361 1948 principia
2378 1899 2580 1940 indemon-

1516 1952 1693 1999 strabilia,
1722 1952 1883 2000 pertinet
1910 1954 1962 1989 ad‘
1988 1952 2233 2001 sapientiam:
2263 1953 2352 2001 quia
2379 1965 2446 1990 ens
2473 1964 2579 1991 com-‹-

1516 2017 1633 2042 mune
1662 2013 1716 2042 est
1743 2005 1920 2054 proprius
1940 2005 2096 2042 effectus
2117 2018 2254 2042 causae
2273 2005 2489 2052 altissimae,
2509 2005 2580 2042 sci-

1516 2059 1602 2095 licet
1638 2058 1722 2095 Dei.
1761 2059 1810 2094 Et
1846 2058 1934 2095 ideo
1971 2058 2153 2107 sapientia
2190 2071 2269 2096 non
2306 2059 2431 2095 solum
2464 2058 2581 2095 utitur

1515 2108 1707 2161 principiis
1736 2111 2148 2159 indemonstrabilibus,
2175 2124 2341 2161 quorum
2362 2119 2419 2148 est
2436 2111 2579 2148 intelle-

1517 2172 1610 2211 ctus,
1641 2164 1907 2201 concludendo
1937 2177 1981 2201 ex
2010 2164 2075 2211 eis,
2105 2164 2200 2201 sicut
2227 2164 2322 2202 aliae
2341 2163 2356 2187 δ
2379 2163 2579 2210 scientiae;

1517 2217 1585 2254 sed
1614 2217 1726 2253 etiarn
1755 2217 1959 2254 iudicando
1986 2218 2032 2254 de
2053 2217 2118 2264 eis,
2141 2225 2177 2254 et
2197 2217 2426 2266 disputando
2447 2224 2580 2255 contra

1516 2277 1708 2318 negantes.
1738 2270 1849 2307 Unde
1869 2270 2037 2319 sequitur
2057 2270 2161 2319 quod
2181 2270 2364 2319 sapientia
2382 2270 2428 2307 sit
2454 2269 2579 2308 maior

1515 2322 1635 2360 virtus
1664 2334 1781 2370 quam
1809 2322 2031 2360 intellectus.

1568 2459 1595 2494 γ)
1615 2464 1642 2485 et
1660 2468 1711 2485 non
1730 2461 1807 2486 entis.
1821 2474 1840 2479 -
1854 2461 1914 2485 Om.
1934 2461 1985 2486 EF.
2004 2475 2023 2479 -
2041 2461 2120 2486 Iidem
2139 2469 2186 2494 pro
2205 2461 2327 2491 aliorum,
2348 2461 2463 2488 illorum.

1568 2494 1593 2530 δ)
1613 2495 1690 2520 aliae.
1704 2509 1722 2515 -
1740 2496 1820 2520 etiam
1839 2496 1909 2520 aliae
1928 2496 1974 2520 Pa.

1072 2581 1402 2614 Commentario.
1423 2581 1673 2614 Gardinalis
1694 2581 1894 2615 Caietam

434 2681 454 2700 N
477 2670 607 2701 articulo
631 2670 743 2710 quinto
763 2671 903 2701 eiusdem
926 2670 1238 2711 sexagesimaesextae
1259 2670 1462 2711 quaestionis,

406 2683 467 2744 lin
482 2714 687 2754 responsione
703 2715 743 2744 ad
758 2722 917 2755 quartum,
931 2722 1006 2746 nota
1021 2725 1150 2745 auream
1166 2714 1352 2751 doctrinam,
1366 2724 1463 2754 quare

404 2758 554 2798 sapientia
577 2758 712 2789 rationes
736 2758 945 2789 terminorum
961 2759 1097 2789 maxime
1116 2758 1342 2790 universalium
1360 2758 1463 2788 consi-

405 2803 505 2839 derat,
530 2809 566 2832 ut
587 2801 623 2833 fit
644 2803 676 2833 in
700 2803 729 2833 V
751 2803 933 2844 Metaphys.
949 2802 983 2833 't
1007 2803 1082 2844 quia
1105 2803 1221 2834 scilicet
1244 2813 1298 2833 ens
1322 2809 1367 2833 est
1389 2812 1461 2843 pro-

404 2846 490 2887 prius
514 2846 639 2878 effectus
656 2846 775 2887 primae
791 2856 918 2884 causae;
940 2848 1030 2887 quod
1052 2847 1085 2877 in
1100 2847 1206 2878 Prima
1218 2847 1309 2878 Parte
1325 2845 1343 2866 ¹⁸
1358 2846 1461 2876 decla-

404 2897 509 2922 ratum
527 2897 582 2922 est.
597 2908 618 2913 -
634 2891 675 2921 Et
689 2901 785 2931 quare
801 2891 918 2922 iudicat
933 2892 972 2923 de
987 2891 1165 2931 principiis:
1186 2891 1260 2932 quia
1279 2890 1396 2922 scilicet
1410 2899 1462 2921 eo-

405 2944 477 2965 rum
495 2944 603 2965 causas
618 2935 802 2972 considerat,
814 2935 951 2967 rationes
967 2935 1189 2972 terminorum;
1210 2934 1364 2966 iudicium
1378 2933 1463 2965 enim

1515 2670 1559 2701 rei
1582 2680 1639 2710 per
1661 2670 1745 2701 illius
1769 2680 1878 2701 causas
1901 2669 1944 2702 fit.
1970 2670 2090 2702 Iudicat
2113 2678 2221 2702 autem
2243 2672 2396 2714 sapientia
2411 2673 2450 2704 de
2464 2673 2578 2717 princi—

1515 2713 1574 2754 piis
1598 2724 1635 2744 ex
1657 2714 1831 2745 rationibus
1850 2715 2069 2752 terminorum,
2087 2726 2153 2746 non
2167 2722 2320 2757 tanquam
2336 2716 2493 2757 explicans
2508 2726 2575 2750 ne—

1516 2758 1605 2788 dium
1623 2758 1795 2789 terminum
1818 2759 1978 2796 latentem,
1995 2769 2061 2800 quo
2085 2758 2139 2791 fiat
2162 2769 2306 2791 assensus
2325 2760 2497 2802 principiis,
2521 2769 2576 2793 aut

1514 2803 1663 2832 reddatur
1685 2803 1781 2833 altera
1796 2812 1890 2833 causa
1906 2803 2026 2834 veritati
2045 2812 2175 2834 eorum:
2197 2804 2253 2835 sed
2269 2811 2422 2846 tanquam
2437 2805 2515 2836 dans
2527 2804 2575 2837 eis

1514 2845 1679 2877 intrinseca
1704 2846 1905 2877 constitutiva
1921 2857 2042 2884 eorum,
2062 2847 2199 2878 rationes
2223 2847 2341 2879 scilicet
2355 2848 2574 2889 terminorum,

1516 2896 1547 2921 et
1568 2890 1601 2920 in
1624 2891 1735 2922 eadem
1757 2891 1917 2922 resolvens
1939 2891 2002 2929 illa,
2026 2898 2084 2923 etc.
2109 2892 2150 2924 Et
2167 2899 2334 2933 propterea
2352 2892 2492 2926 defendit
2511 2893 2575 2931 mn,

1516 2944 1552 2965 ex
1576 2945 1701 2966 summa
1723 2945 1792 2966 arce
1815 2935 1934 2967 videns.

2602 541 2686 563 *Cn.

2603 567 2684 590 S..T

2703 595 2717 629 β

2603 910 2813 960 :Quasi

2603 1069 2613 1078 ·
2628 1068 2685 1095 Cap.
2699 1074 2721 1089 v.

2701 547 2786 568 ι,ιιι.

2698 558 2782 591 lectur
