2852 4152
385 283 433 318 68

1087 281 1350 328 QUAESTIO
1380 282 1482 329 VIII,
1512 282 1806 319 ARTICULUS
1837 283 1850 318 1

1075 483 1486 562 QUAEsTlo
1534 486 1866 542 ocTAvA

741 617 823 656 DE
857 613 1252 660 VOLUNTATE,
1289 612 1553 664 QUORUM
1586 613 1679 653 SIT
1713 614 1795 654 UT
1829 615 2192 658 VOLITORUM

1201 727 1236 751 IN

381 842 568 924 Damni:
598 830 916 867 considerandum
942 837 997 865 est
1017 830 1064 866 de
1090 828 1179 878 ipsis
1203 829 1345 866 actibus
1368 842 1437 866 vo-

140 887 202 935 Irgdf:
218 893 257 914 qu.
268 894 298 913 νι,
314 888 352 908 Ιη-

140 1050 286 1070 .........

230 2144 244 2177 β

132 2205 141 2214 ·
151 2203 292 2231 metaphys„
302 2203 342 2225 lib.

131 2229 195 2256 VIII,
211 2236 262 2257 cap.
277 2236 302 2255 ιι,
318 2237 341 2251 n.

131 2256 341 2283 2.-S.Th.1ib.1x,

132 2283 184 2304 lect.
199 2289 222 2304 n.

131 2309 211 2357 sfil'..
225 2315 340 2357 iss'cffzifvss

133 2891 142 2900 '
149 2890 342 2912 S.Th.1ect.xx11.

133 2918 153 2926 '¹'
162 2916 186 2938 S.
194 2917 340 2939 Th.lect.1x.

462 884 627 921 luntariis
655 883 693 919 in
722 882 872 930 speciali
896 882 926 918 *.
963 883 1011 918 Et
1042 882 1185 930 primo,
1216 881 1262 919 de
1292 882 1436 919 actibus

378 938 442 985 qui
471 945 557 973 sunt
588 935 806 972 immediate
844 934 960 982 ipsius
992 935 1216 981 voluntatis,
1250 935 1355 971 velut
1387 936 1435 971 ab

376 990 458 1038 ipsa
485 990 679 1026 voluntate
705 993 721 1008 α
750 987 877 1033 eliciti;
908 989 1089 1035 seeundo,
1119 985 1166 1025 de
1195 987 1339 1024 actibus
1368 986 1437 1024 im-

375 1042 513 1091 peratis
542 1054 563 1077 a
590 1041 784 1078 voluntate
804 1039 835 1076 ²⁸.

429 1094 612 1130 Voluntas
633 1100 762 1129 autem
789 1099 967 1129 movetur
996 1099 1031 1130 et
1059 1091 1096 1129 in
1124 1092 1255 1139 finem,
1278 1100 1314 1129 et
1332 1093 1371 1129 in
1392 1105 1436 1129 ea

375 1159 473 1195 quae
493 1154 581 1183 sunt
600 1146 648 1182 ad
676 1146 808 1182 finem.
838 1145 967 1182 Primo
988 1146 1097 1193 igitur
1117 1146 1435 1182 considerandum

375 1207 431 1236 est
459 1199 506 1236 de
535 1199 679 1235 actibus
707 1198 909 1235 voluntatis
946 1199 1085 1246 quibus
1118 1205 1297 1234 movetur
1324 1197 1362 1234 in
1391 1198 1435 1234 fi-

374 1264 483 1298 nem3
513 1259 550 1288 et
578 1251 714 1288 deinde
735 1251 782 1288 de
817 1250 960 1287 actibus
990 1251 1069 1288 eius
1097 1250 1234 1299 quibus
1258 1257 1436 1287 movetur

374 1305 411 1342 in
441 1317 486 1341 ea
513 1317 610 1353 quae
640 1311 726 1341 sunt
753 1304 801 1341 ad
829 1304 948 1340 finem
968 1302 998 1340 *.

426 1359 543 1394 Actus
571 1364 699 1394 autem
718 1355 923 1394 voluntatis
951 1356 989 1393 in
1017 1354 1135 1392 finem
1153 1354 1331 1393 videntur
1351 1368 1434 1392 esse

372 1419 466 1448 tres:
495 1410 634 1447 scilicet
660 1410 769 1456 velle,
796 1409 867 1445 frui
893 1416 930 1445 et
947 1409 1154 1446 intendere.
1184 1408 1314 1446 Primo
1344 1420 1433 1456 ergo

1264 727 1354 752 TRES
1382 727 1583 753 ARTICULOS
1611 727 1728 752 DIVISA

1493 829 1817 867 considerabimus
1846 831 1894 868 de
1921 832 2136 879 voluntate3
2166 836 2356 883 seeundo,
2386 836 2434 873 de
2466 836 2553 874 frui-

1491 882 1594 919 tione
1613 882 1648 928 *3
1677 883 1797 930 tertio,
1829 883 1875 920 de
1904 883 2110 922 intentione
2128 886 2180 924 *ἦ

1547 935 1656 972 Circa
1683 935 1851 984 primum
1886 936 2161 975 consideranda
2196 947 2282 977 sunt
2309 940 2397 978 tria:
2426 941 2551 990 primo

1492 988 1666 1036 quidem,
1697 999 1862 1036 quorum
1889 990 2066 1026 voluntas
2096 990 2162 1036 sit;
2197 993 2391 1040 secundo,
2422 1006 2444 1030 a
2472 1006 2549 1043 quo

1491 1048 1693 1077 moveatur
1711 1040 1751 1087 ’¹‘;
1780 1041 1902 1089 tertio,
1932 1042 2131 1090 quomodo
2161 1052 2362 1082 moveatur
2379 1045 2431 1083 **.

1492 1093 1603 1130 Circa
1633 1093 1800 1141 primum
1829 1102 2062 1142 quaeruntur
2089 1095 2169 1132 tria.

1544 1145 1696 1182 Primo:
1725 1153 1853 1182 utrum
1879 1147 2057 1184 voluntas
2085 1147 2132 1184 sit
2158 1155 2304 1186 tantum
2333 1150 2435 1188 boni.

1545 1198 1745 1234 Secundo:
1770 1206 1900 1235 >uti-um
1930 1198 1976 1235 sit
2002 1206 2149 1236 tantum
2169 1201 2264 1248 finis,
2286 1212 2335 1238 an
2354 1203 2467 1240 etiam
2487 1213 2551 1240 eo-

1597 1260 1681 1287 rum
1710 1261 1809 1300 quae
1838 1259 1924 1288 sunt
1952 1250 2001 1288 ad
2028 1252 2159 1298 finem.

1543 1302 1696 1340 Tertio:
1725 1302 1757 1340 si
1786 1311 1840 1341 est
1865 1303 1994 1354 aliquo
2027 1302 2147 1343 modo
2177 1317 2312 1343 eorum
2339 1319 2438 1356 quae
2466 1314 2554 1345 sunt

1596 1356 1646 1393 ad
1674 1357 1805 1404 finem,
1834 1364 1960 1394 utrum
1987 1370 2067 1395 uno
2097 1365 2205 1396 motu
2229 1368 2433 1398 moveatur
2450 1360 2490 1398 in
2507 1360 2552 1398 fi-

1595 1421 1685 1446 nem
1715 1417 1750 1446 et
1776 1410 1815 1446 in
1844 1423 1888 1447 ea
1916 1422 2016 1459 quae
2043 1419 2129 1448 sunt
2154 1412 2204 1449 ad
2232 1412 2363 1449 finem.

1186 1515 1503 1560 ARTICULUS
1534 1516 1740 1560 PRIMUS

1042 1608 1198 1641 UTRUM
1220 1608 1453 1641 VOLUNTAS
1477 1609 1543 1641 sn*
1567 1610 1753 1642 TANTUM
1776 1610 1878 1643 ΒοΝι

767 1689 832 1714 Part.
848 1689 866 1719 I,
885 1695 929 1721 qu.
942 1695 991 1718 nx,
1011 1693 1057 1713 art.
1074 1695 1104 1721 9:
1123 1688 1156 1713 IV
1177 1688 1260 1718 Sent„
1280 1689 1338 1713 dist.
1353 1694 1419 1719 κιαι,
1439 1696 1483 1721 qu.
1498 1695 1516 1717 ι,
1536 1693 1582 1714 art.
1600 1688 1622 1720 3,
1642 1690 1689 1722 qu‘
1709 1696 1717 1714 ι
1728 1697 1735 1720 ;
1757 1689 1798 1714 De
1817 1689 1906 1718 Ver-it..
1926 1697 1971 1722 qu.
1983 1696 2042 1720 xxxi,
2063 1695 2109 1715 art.
2124 1689 2150 1715 6.

402 1795 463 1834 μή»
485 1796 542 1827 tas
582 1791 604 1815 D
634 1788 770 1814 PRlMUM
798 1788 851 1814 sic
877 1787 1117 1814 pnocnmrun.
1137 1776 1298 1813 Videtur
1327 1773 1432 1824 quod

394 1820 560 1887 &³⁸2⁴
581 1832 758 1868 voluntas
787 1843 865 1867 non
893 1836 1039 1867 tantum
1069 1828 1114 1866 sit
1141 1828 1244 1866 boni.
1281 1828 1430 1866 Eadem

387 1866 441 1930 ’,γα
518 1867 686 1920 ''enim
724 1891 779 1919 est
817 1882 986 1932 potentia
1023 1882 1308 1931 oppositorum,
1339 1881 1434 1919 sicut

374 1927 401 1956 ⁷*
426 1949 441 1964 κ
459 1936 486 1960 ἲ*
502 1945 515 1970 εἰ
538 1927 570 1969 K
581 1936 685 1973 visus
714 1936 789 1972 albi
817 1943 854 1972 et
881 1936 986 1984 nigri.
1018 1935 1096 1972 Sed
1124 1936 1270 1972 bonurn
1295 1943 1332 1971 et
1352 1946 1432 1972 ma-

370 1987 451 2023 lum
480 1994 566 2023 sunt
594 1987 779 2037 opposita.
810 1990 911 2036 Ergo
930 1989 1107 2026 voluntas
1133 1999 1211 2025 non
1231 1988 1356 2024 solum
1377 1995 1433 2025 est

369 2039 473 2086 boni,
504 2041 571 2077 sed
600 2042 712 2077 etiam
740 2041 840 2078 mali.

424 2104 459 2128 2.
489 2093 732 2141 PRAETEREA,
761 2093 954 2142 potentiae
993 2091 1194 2129 rationales
1223 2104 1262 2129 se
1291 2091 1433 2130 habent

370 2144 419 2181 ad
447 2145 622 2193 opposita
659 2147 927 2195 prosequenda
951 2143 983 2193 β,
1013 2145 1226 2183 secundum
1260 2144 1433 2182 Philoso—

369 2199 488 2247 phum
508 2198 538 2235 ²³⁴.
570 2200 646 2237 Sed
665 2200 841 2236 voluntas
865 2206 920 2236 est
938 2198 1108 2248 potentia
1136 2198 1346 2235 rationalis:
1377 2206 1433 2235 est

371 2251 471 2287 enim
510 2251 549 2297 in
585 2253 749 2298 ratione,
779 2260 820 2288 ut
858 2252 990 2288 dicitur
1022 2252 1060 2287 in
1089 2253 1138 2287 III
1167 2252 1213 2288 de
1239 2251 1380 2288 Anima
1398 2251 1429 2288 ⁸⁸.

370 2305 472 2351 Ergo
499 2305 677 2341 voluntas
713 2317 751 2341 se
781 2305 896 2341 habet
924 2304 972 2340 ad
1001 2303 1187 2352 opposita.
1221 2304 1312 2340 Non
1342 2316 1430 2351 ergo

369 2363 515 2393 tantum
546 2357 594 2393 ad
621 2357 832 2394 volendum
861 2358 1021 2404 bonum,
1051 2357 1119 2393 sed
1148 2357 1259 2393 etiarn
1287 2356 1337 2393 ad
1362 2369 1431 2393 vo-

369 2409 526 2446 lendum
555 2411 711 2446 malum.

426 2463 459 2499 3.
480 2463 715 2509 PRAETEREA‚
737 2463 884 2499 bonum
905 2469 942 2498 et
961 2474 1027 2498 ens
1049 2469 1331 2498 convertuntur.
1355 2462 1432 2499 Sed

368 2515 544 2551 voluntas
573 2528 651 2552 non
684 2516 809 2552 solum
837 2523 892 2552 est
921 2515 1084 2562 entium,
1114 2515 1182 2552 sed
1211 2514 1324 2551 etiam
1353 2527 1431 2551 non

371 2568 536 2604 entium:
565 2569 746 2605 volumus
780 2568 887 2604 enimv
921 2567 1153 2616 quandoque
1190 2579 1268 2604 non
1297 2568 1431 2604 ambu-

369 2621 446 2657 lare
470 2628 506 2657 et
528 2633 605 2658 non
626 2621 740 2669 loqui.
762 2621 952 2658 Volumus
973 2620 1086 2657 etiam
1106 2620 1296 2657 interdurn
1316 2633 1431 2668 quae—

371 2673 460 2709 dam
489 2673 628 2720 futura,
659 2686 757 2722 quae
786 2686 864 2710 non
893 2668 989 2710 sunt'
1009 2673 1107 2710 entia
1135 2673 1174 2710 in
1201 2681 1298 2710 actu.
1328 2674 1430 2721 Ergo

368 2726 545 2762 voluntas
574 2739 651 2762 non
680 2734 826 2763 tantum
857 2734 912 2763 est
940 2726 1042 2763 boni.

424 2779 497 2815 SED
526 2790 671 2815 CONTRA
699 2791 764 2816 EST
793 2779 898 2828 quod
927 2778 1135 2827 Dionysius
1164 2778 1265 2826 dicit,
1292 2791 1327 2815 1v
1347 2791 1428 2828 cap.

369 2831 415 2867 de
441 2832 528 2868 Div.
550 2832 686 2877 Nom.²
716 2833 822 2880 quod
859 2832 1002 2868 malum
1036 2837 1090 2868 est
1113 2837 1269 2879 praeter
1299 2831 1431 2868 volun-

369 2889 480 2920 tatem
499 2883 530 2931 ⁹¹⁸,
562 2891 598 2920 et
625 2885 731 2933 quod
760 2885 887 2922 omnia
916 2886 1055 2921 honum
1085 2890 1264 2932 appetunt
1281 2885 1336 2922 **.

422 2937 647 2974 RESPONDEO
676 2949 860 2974 D1CENDUM
889 2938 994 2986 quod
1027 2938 1205 2975 voluntas
1235 2944 1289 2974 est
1317 2949 1431 2986 appe-

370 2988 458 3025 titus
496 2990 651 3038 quidam
681 2990 882 3027 rationalis.
914 2990 1052 3027 Omnis
1085 2998 1214 3027 autem
1243 2990 1430 3039 appetitus

370 3053 447 3078 non
477 3049 531 3079 est
550 3042 618 3079 nisi
644 3044 746 3080 boni.
778 3044 896 3080 Cuius
920 3043 1013 3080 ratio
1045 3050 1099 3080 est
1127 3043 1216 3092 quia
1245 3043 1431 3092 appetitus

371 3094 461 3130 nihil
480 3095 580 3132 aliud
601 3104 655 3132 est
675 3108 793 3144 quarn
813 3096 1001 3133 inclinatio
1021 3101 1036 3124 Υ
1062 3095 1272 3145 appetentis
1300 3096 1339 3132 in
1367 3096 1431 3133 ali-

371 3147 474 3194 quid.
506 3148 607 3185 Nihil
627 3156 753 3185 autem
772 3149 970 3186 inclinatur
989 3149 1061 3186 nisi
1081 3149 1119 3186 in
1139 3149 1281 3198 aliquid
1309 3148 1428 3185 simile

372 3207 407 3235 et
436 3201 678 3239 conveniens.
711 3202 811 3238 Cum
835 3202 942 3249 igitur
962 3201 1087 3239 omnis
1116 3214 1187 3249 res,
1207 3202 1431 3250 inquantum

372 3260 427 3288 est
447 3265 512 3289 ens
529 3261 564 3290 et
578 3254 795 3302 substantia,
817 3255 862 3291 sit
882 3255 1078 3303 quoddam
1099 3255 1259 3302 bonum,
1276 3266 1431 3291 necesse

372 3312 427 3341 est
453 3313 494 3342 ut
522 3307 646 3343 omnis
674 3307 865 3344 inclinatio
886 3307 932 3344 sit
950 3307 988 3344 in
1007 3308 1165 3344 bonum.
1196 3308 1244 3344 Et
1268 3307 1356 3344 inde
1378 3314 1432 3344 est

263 3371 316 3413 n-13
334 3377 343 3381 -
371 3358 474 3405 quod
502 3359 756 3408 Philosophus
784 3360 886 3407 dicit,
916 3360 955 3396 in
984 3362 998 3396 I
1023 3362 1142 3397 Ethic.
1167 3360 1202 3407 ²¹²,
1233 3359 1337 3409 quod
1365 3360 1433 3396 bo-

371 3422 464 3447 num
491 3419 545 3448 est
573 3413 674 3460 quod
700 3413 827 3449 omnia
855 3418 1042 3461 appetunt.

1542 1777 1618 1814 Sed
1642 1776 1962 1815 considerandum
1993 1785 2049 1815 est
2077 1778 2193 1828 quod,
2222 1773 2312 1816 ‘cum
2341 1777 2466 1817 omnis
2494 1777 2550 1817 in-

1488 1827 1636 1866 clinatio
1666 1837 1920 1879 consequatur
1952 1830 2117 1880 aliquam
2145 1831 2331 1880 formam,
2362 1833 2549 1882 appetitus

1487 1882 1664 1919 naturalis
1694 1882 1937 1932 consequitur
1964 1884 2127 1921 formam
2155 1884 2194 1922 in
2221 1893 2357 1923 natura
2391 1886 2549 1924 existen-

1486 1943 1585 1972 tem:
1615 1936 1802 1985 appetitus
1830 1944 1958 1973 autem
1987 1937 2200 1985 sensitivus,
2219 1939 2282 1975 vel
2303 1938 2416 1975 etiam
2444 1939 2550 1976 intel·

1485 1988 1643 2025 lectivus
1672 1999 1740 2025 seu
1769 1989 1975 2036 rationalis,
2006 1990 2070 2039 qui
2099 1990 2233 2028 dicitur
2259 1992 2458 2040 voluntas,
2493 2002 2549 2029 se-

1487 2041 1613 2089 quitur
1639 2041 1803 2078 formam
1833 2042 2110 2090 apprehensam
2130 2043 2162 2080 ³¹⁸.
2193 2042 2298 2081 Sicut
2325 2042 2436 2092 igitur
2453 2042 2492 2082 id
2510 2043 2549 2082 in
2577 2058 2587 2068 ·

1488 2093 1594 2141 quod
1613 2090 1627 2114 ⁶
1655 2093 1774 2131 tendit
1801 2094 1988 2143 appetitus
2017 2095 2207 2143 naturalis,
2233 2103 2290 2133 est
2307 2097 2456 2134 bonum
2476 2095 2550 2134 exi-

1487 2153 1589 2183 stens
1617 2143 1656 2183 in
1684 2159 1745 2192 re;
1774 2146 1824 2184 ita
1842 2146 1880 2184 id
1899 2147 1938 2184 in
1957 2148 2062 2197 quod
2081 2153 2093 2169 ⁸
2121 2148 2240 2186 tendit
2266 2149 2453 2198 appetitus
2472 2149 2550 2187 ani-

1487 2199 1596 2236 malis
1615 2200 1677 2236 vel
1696 2199 1944 2248 voluntarius,
1967 2208 2023 2237 est
2044 2201 2191 2238 bonum
2220 2203 2503 2252 apprehensum
2517 2202 2548 2240 ⁸.
2577 2213 2587 2222 ·

1486 2252 1548 2288 Ad
1576 2253 1650 2288 hoc
1687 2252 1798 2300 igitur
1825 2253 1930 2301 quod
1957 2254 2134 2291 voluntas
2162 2254 2201 2291 in
2229 2254 2371 2303 aliquid
2399 2254 2548 2303 tendat,

1486 2317 1566 2341 non
1594 2305 1793 2353 requiritur
1826 2306 1931 2353 quod
1964 2306 2009 2342 sit
2046 2306 2192 2343 bonurn
2221 2307 2260 2343 in
2288 2307 2341 2344 rei
2367 2308 2548 2355 veritate,

1486 2356 1553 2393 sed
1582 2358 1686 2405 quod
1714 2359 2021 2406 apprehendatur
2038 2358 2075 2395 in
2095 2359 2240 2396 ratione
2260 2359 2363 2396 boni.
2392 2361 2442 2397 Et
2459 2372 2546 2409 pro-

1485 2417 1569 2458 pter
1595 2410 1670 2446 hoc
1698 2410 1954 2459 Philosophus
1983 2410 2086 2458 dicit,
2106 2411 2144 2447 in
2164 2412 2196 2448 ΙΙ
2215 2412 2364 2460 Physic.
2383 2412 2414 2460 ³¹²,
2445 2413 2550 2462 quod

1475 2463 1571 2510 finis
1598 2468 1653 2499 est
1678 2462 1829 2508 bonum,
1858 2463 1919 2500 vel
1943 2474 2133 2513 apparens
2159 2465 2311 2501 bonum.

1539 2516 1598 2552 AD
1620 2527 1757 2552 PRIMUM
1776 2527 1874 2552 ERGO
1894 2527 2078 2553 ΒιοΕΝουΜ
2098 2517 2203 2565 quod
2223 2517 2359 2554 eadem
2378 2518 2548 2566 potentia

1487 2575 1542 2604 est
1561 2567 1825 2616 oppositorum
1838 2568 1870 2615 ²¹⁸,
1891 2569 1959 2606 sed
1978 2581 2055 2605 non
2076 2570 2215 2606 eodem
2235 2570 2354 2607 modo
2375 2583 2415 2607 se
2434 2571 2550 2608 habet

1486 2620 1535 2657 ad
1562 2628 1778 2669 utrumque.
1808 2621 1994 2658 Voluntas
2021 2621 2132 2669 igitur
2159 2634 2200 2659 se
2222 2623 2337 2660 habet
2357 2631 2394 2660 et
2412 2624 2460 2661 ad
2480 2625 2548 2660 bo-

1486 2685 1579 2710 num
1610 2681 1646 2710 et
1682 2673 1731 2710 ad
1768 2674 1934 2711 malum:
1964 2675 2032 2711 sed
2060 2674 2109 2711 ad
2137 2675 2301 2723 bonum,
2331 2677 2547 2724 appetendo

1487 2726 1634 2775 ipsum;
1655 2726 1703 2763 ad
1723 2727 1868 2763 malum
1896 2739 2004 2775 vero,
2025 2727 2204 2775 fugiendo
2224 2728 2326 2766 illud.
2354 2729 2438 2777 Ipse
2458 2741 2548 2777 ergo

1487 2779 1641 2816 actualis
1670 2779 1858 2827 appetitus
1886 2780 1977 2817 boni
2003 2788 2164 2817 vocatur
2191 2781 2380 2827 voluntas,
2414 2794 2549 2819 secun-

1487 2832 1579 2869 dum
1607 2832 1713 2879 quod
1747 2832 1920 2869 nominat
1951 2839 2078 2869 actum
2107 2833 2332 2870 voluntatis:
2362 2833 2415 2871 sic
2445 2834 2547 2872 enim

1486 2896 1590 2922 nunc
1618 2884 1808 2933 loquimur
1836 2885 1884 2922 de
1912 2886 2121 2922 voluntate.
2158 2886 2263 2934 Fuga
2299 2893 2428 2924 autem
2457 2886 2546 2924 mali

1486 2937 1607 2985 magis
1636 2937 1770 2974 dicitur
1802 2938 1987 2976 noluntas.
2017 2938 2129 2975 Unde
2158 2938 2253 2976 sicut
2278 2940 2456 2977 voluntas
2492 2947 2548 2976 est

1486 2989 1590 3038 boni,
1619 2989 1670 3026 ita
1697 2991 1872 3027 noluntas
1901 2998 1956 3028 est
1985 2991 2085 3028 mali.
2221 2987 2232 2991 “

1539 3045 1597 3080 AD
1626 3055 1816 3080 SECUNDUM
1844 3055 2028 3081 mOENDUM
2047 3045 2151 3092 quod
2170 3043 2338 3094 potentia
2356 3043 2546 3082 rationalis

1486 3108 1565 3133 non
1593 3108 1632 3133 se
1660 3097 1775 3133 habet
1793 3096 1842 3133 ad
1863 3097 2053 3145 quaelibet
2071 3097 2247 3146 opposita
2264 3097 2545 3146 prosequenda,

1487 3148 1555 3186 sed
1584 3149 1631 3186 ad
1653 3162 1697 3186 ea
1730 3161 1827 3197 quae
1847 3150 1917 3186 sub
1936 3162 2006 3186 suo
2027 3149 2174 3186 obiecto
2196 3149 2436 3187 convenienti
2456 3162 2546 3188 con-

2758 860 2767 868 .

2582 896 2591 905 '
2631 901 2655 917 u.
2669 901 2702 917 xl.

2580 895 2667 949 ‘'Qu.
2681 927 2724 943 ιιι.

2582 1053 2591 1062 ’
2606 1051 2655 1106 Ἧι.
2669 1058 2701 1074 ix.

2580 1079 2600 1088 '⁸
2643 1085 2664 1100 ιι.
2679 1085 2702 1100 x.

2601 2058 2632 2080 D.
2645 2063 2693 2086 ²²5·

2575 2417 2766 2466 §.efflat-3:
2777 2429 2787 2434 ·

2574 2576 2585 2586 ·
2599 2575 2628 2597 D.
2643 2575 2704 2604 1038.

1485 3202 1674 3238 tinentur:
1718 3214 1808 3238 nam
1845 3203 1946 3239 nulla
1987 3202 2156 3251 potentia
2193 3202 2437 3252 prosequitur
2474 3202 2545 3240 nisi
2604 3235 2606 3237 ,

1487 3267 1600 3292 suum
1622 3254 1853 3292 conveniens
1873 3254 2077 3292 obiectum.
2104 3255 2310 3292 obiectum
2329 3262 2457 3293 autem
2475 3267 2545 3292 vo-

1487 3307 1636 3344 luntatis
1657 3315 1712 3344 est
1730 3309 1888 3344 bonum.
1918 3307 2030 3344 Unde
2058 3308 2106 3345 ad
2134 3308 2195 3345 illa
2223 3308 2399 3357 opposita
2415 3320 2546 3357 prose-

1488 3361 1641 3408 quenda
1669 3373 1708 3398 se
1737 3361 1852 3397 habet
1869 3361 2057 3407 voluntas,
2087 3373 2186 3410 quae
2214 3362 2285 3398 sub
2313 3361 2417 3398 bono
2442 3372 2546 3397 com-

1487 3413 1793 3462 prehenduntur,
1827 3413 1923 3450 sicut
1955 3413 2103 3451 moveri
2132 3421 2167 3450 et
2194 3414 2407 3463 quiescere,
2441 3413 2544 3462 loqui

425 3524 451 3556 α)
471 3525 503 3549 ab
523 3525 580 3556 ipsa
599 3527 742 3551 voluntate.
761 3539 779 3545 —
798 3527 858 3550 Om.
878 3526 906 3557 F,
926 3534 943 3550 a
963 3527 1099 3552 voluntate
1123 3528 1169 3552 Pa.

426 3558 450 3591 β)
468 3561 658 3592 prosequenda.
676 3575 694 3579 —
707 3562 891 3594 persequenda
911 3562 938 3586 P.

425 3595 450 3627 γ)
472 3595 614 3620 inclinatio.
627 3611 646 3615 -
664 3597 794 3628 quaedam
815 3597 951 3622 inclinatio
971 3597 1016 3622 Pa.

1539 3528 1563 3559 ὃ)
1584 3528 1664 3560 quod.
1682 3542 1697 3547 -
1720 3535 1771 3560 quo
1789 3527 2021 3552 PABCDFGHLsI
2041 3533 2066 3552 et
2085 3535 2110 3553 a.

1539 3563 1560 3596 ε)
1581 3563 1658 3595 quod.
1677 3577 1695 3582 —
1713 3570 1764 3595 quo
1782 3561 1943 3594 ABCFGpL.
