2846 4146
158 780 168 787 ·
183 777 219 799 Cf.
233 783 272 805 qu.
282 784 311 799 u

168 810 195 825 ro
212 819 218 825 .

252 1465 323 1485 xxvii,
338 1466 351 1480 a
362 1475 368 1480 .
417 1475 437 1493 Α
459 1485 462 1490 Γ
494 1483 496 1485 .
513 1476 534 1489 ¹

205 1492 262 1507 lnve
286 1491 358 1507 xxviii
410 1493 428 1503 ·
454 1473 550 1531 §2355

249 1518 256 1533 ι
280 1518 330 1533 vers
347 1518 359 1533 2
507 1536 512 1538 λ

158 1986 165 1993 “
180 1983 230 2005 Lib.
241 1983 258 2010 1,
269 1989 307 2010 qu.
318 1989 365 2005 vm.

159 2036 167 2044 ”
183 2035 250 2057 Vers.
265 2041 301 2063 45.

158 2509 166 2517 ’
183 2508 218 2530 Cf.
230 2515 268 2536 qu.
278 2515 306 2530 ιν

159 2618 167 2626 ·
181 2616 260 2644 Topic.
272 2617 311 2638 lib.
325 2616 366 2644 IV,

158 2649 184 2664 ca
204 2659 208 2663 .
225 2649 247 2664 w
270 2649 293 2664 n.
307 2649 334 2664 12.

156 2772 164 2779 ·
176 2769 223 2797 Qu.
233 2776 287 2797 Lvu,
296 2774 337 2792 art.
345 2777 365 2792 2.

391 251 467 296 446

1063 252 1327 298 QUAESTIO
1358 251 1529 296 LXVIII,
1560 250 1853 287 ARTICULUS
1882 251 1896 286 I

821 440 1230 518 QUAESTIO
1268 435 2136 494 SEXAGESIMAOCTAVA

1326 562 1409 601 DE
1442 560 1626 601 DONIS

1212 670 1246 695 IN
1276 669 1373 694 OCTO
1401 669 1602 694 ARTICULOS
1629 669 1746 694 DIVISA

314 777 369 804 ‚1n-
477 778 737 808 ONSEQUENTER
766 763 1084 801 considerandum
1110 770 1165 799 est
1193 762 1238 799 de
1264 761 1372 798 donis
1390 761 1420 798 ²¹⁶.

398 778 472 859 C
529 820 577 855 Et
606 818 702 854 circa
729 818 802 854 hoc
831 823 1060 864 quaeruntur
1088 823 1186 851 octo,

447 872 589 908 Primo:
619 878 747 907 utrum
776 870 876 906 dona
905 869 1076 905 differant
1103 881 1125 904 a
1152 867 1365 904 virtutibus.

449 924 641 960 Secundo:
672 923 718 959 de
741 922 966 958 necessitate
996 921 1198 958 donorum.

448 976 594 1012 Tertio:
623 983 750 1012 utrum
780 976 880 1011 dona
908 974 980 1011 sint
1006 973 1167 1010 habitus.

1557 762 1719 807 Quarto:
1749 761 1858 809 quae,
1889 769 1925 798 et
1953 770 2046 810 quot
2073 763 2155 800 sint.

1558 814 1716 860 Quinto:
1746 822 1873 850 utrum
1903 815 2004 851 dona
2032 814 2104 852 sint
2132 827 2312 854 connexa.

1559 868 1689 903 Sexto:
1719 874 1845 903 utrum
1873 875 2052 904 maneant
2078 867 2115 904 in
2142 869 2273 917 patria.

1560 919 1748 967 Septimo:
1780 920 1826 956 de
1856 920 2140 968 comparatione
2161 933 2294 958 eorum
2315 922 2363 959 ad
2382 922 2559 961 invicem.

1560 973 1726 1008 Octavo:
1757 973 1804 1009 de
1833 973 2116 1021 comparatione
2146 984 2279 1010 eorum
2300 974 2348 1011 ad
2366 975 2532 1013 virtutes.

1200 1080 1516 1123 ARTICULUS
1547 1080 1751 1121 PRIMUS

1027 1174 1182 1205 UTRUM
1205 1173 1327 1204 DONA
1349 1173 1593 1203 DIFFERANT
1617 1174 1646 1202 A
1667 1172 1927 1203 VIRTUTIBUS

848 1253 878 1277 III
898 1253 981 1282 Sent„
1002 1253 1060 1277 dist.
1079 1259 1160 1282 xxxxv,
1180 1259 1225 1284 qu.
1243 1259 1265 1281 1,
1286 1256 1332 1276 art.
1351 1259 1376 1282 1;
1398 1250 1427 1275 In
1449 1250 1555 1279 kaiam,
1575 1258 1630 1282 cap.
1648 1258 1687 1281 ¹15
1705 1250 1748 1274 Aa
1769 1251 1867 1280 Galat„
1888 1258 1942 1283 cap.
1954 1258 1979 1282 v,
1998 1252 2055 1276 lect.
2068 1259 2103 1277 vx.

429 1360 487 1389 ,ι
514 1361 583 1402 aa«
605 1355 627 1379 D
655 1353 792 1379 PRIMUM
819 1353 871 1378 sm
899 1352 1136 1378 PROCEDITUR.
1165 1339 1324 1376 Videtur
1347 1339 1451 1386 quod

411 1382 585 1453 55¹²&
606 1397 707 1432 dona
725 1407 804 1431 non
824 1394 1097 1441 distinguantur
1116 1405 1138 1429 a
1156 1391 1364 1429 virtutibus.
1386 1391 1450 1428 Di-

431 1444 451 1489 Ϋ
474 1461 527 1479 Ψ
550 1436 577 1490 ²6
590 1442 654 1484 cit
673 1447 774 1484 enim
796 1447 1012 1495 Gregorius,
1033 1446 1071 1482 in
1091 1447 1106 1482 I
1125 1445 1268 1482 Moral.
1284 1444 1315 1491 ³⁸,
1338 1455 1451 1492 expo-

565 1490 700 1537 &nens
728 1500 819 1536 illud
837 1501 906 1536 Iob
924 1499 956 1546 ⁹¹⁸,
979 1514 998 1532 «
1017 1498 1106 1535 Nati
1134 1505 1220 1534 sunt
1243 1497 1277 1534 ei
1305 1504 1451 1545 septem

393 1554 458 1591 filii
476 1567 509 1590 »z
530 1554 674 1602 Septem
694 1558 712 1574 α
731 1553 836 1589 nobis
855 1557 1059 1589 nascuntur
1069 1550 1158 1598 filii,
1174 1562 1259 1587 cum
1274 1562 1346 1598 per
1364 1562 1450 1587 con-

394 1607 597 1654 ceptionem
630 1607 750 1642 bonae
777 1605 1029 1654 cogitationis,
1059 1604 1187 1640 Sancti
1212 1603 1370 1651 Spiritus
1395 1615 1450 1639 se-

391 1665 491 1707 ptem
519 1660 557 1695 in
586 1659 691 1695 nobis
723 1659 874 1695 virtutes
902 1658 1086 1694 oriuntur.
1117 1657 1165 1692 Et
1191 1656 1333 1692 inducit
1359 1655 1451 1692 illud

396 1712 502 1759 quod
516 1711 676 1748 habetur
691 1710 807 1747 Isaiae
822 1723 857 1747 xl
874 1711 908 1746 *z
924 1710 1143 1758 Requiescet
1154 1720 1267 1756 super
1280 1721 1365 1745 eum
1379 1709 1450 1756 spi-

394 1765 486 1800 ritus
504 1763 704 1800 intellectus
728 1770 809 1810 etc.,
829 1763 896 1799 ubi
916 1769 1184 1799 enumerantur
1203 1769 1348 1809 septem
1371 1761 1451 1809 Spi-

394 1816 485 1852 ritus
524 1816 650 1852 Sancti
688 1815 799 1852 dona.
839 1817 940 1862 Ergo
979 1821 1124 1863 septem
1163 1814 1263 1850 dona
1292 1813 1450 1862 Spiritus

395 1868 522 1904 Sancti
550 1875 637 1904 sunt
662 1868 830 1904 virtutes.

447 1933 481 1957 2.
499 1921 729 1967 Pium-Eam,
746 1919 977 1967 Augustinus
993 1918 1090 1964 dicit,
1106 1918 1144 1954 in
1159 1918 1252 1954 libro
1268 1918 1313 1954 de
1331 1919 1451 1959 Quae-

391 1973 535 2010 stionib.
564 1974 715 2022 Evang.
734 1972 773 2018 ³¹⁸,
809 1984 1003 2020 exponens
1029 1971 1118 2008 illud
1154 1970 1259 2017 quod
1291 1971 1452 2007 habetur

395 2026 527 2062 Matth.
544 2038 591 2062 xn
605 2025 635 2072 ²1²,
655 2041 674 2058 «
688 2026 799 2062 Tunc
817 2025 933 2071 vadit,
955 2032 990 2061 et
1018 2024 1173 2060 assumit
1191 2030 1338 2071 septem
1358 2024 1451 2060 alios

395 2078 544 2127 spiritus
565 2086 633 2115 etc.
654 2091 691 2114 »ε
721 2079 866 2125 Septem
885 2078 974 2114 vitia
993 2082 1080 2114 sunt
1102 2076 1293 2113 contraria
1311 2082 1449 2124 septem

394 2132 588 2168 virtutibus
603 2131 759 2179 Spiritus
775 2131 911 2175 Sancti,
928 2129 1024 2166 idest
1042 2137 1188 2178 septem
1213 2129 1334 2166 donis.
1356 2130 1452 2166 Sunt

394 2191 522 2220 autem
550 2191 695 2232 septem
721 2183 813 2220 vitia
840 2183 1024 2219 contraria
1050 2182 1249 2219 virtutibus
1278 2194 1451 2218 commu-

394 2236 488 2274 niter
516 2236 633 2273 dictis.
662 2237 765 2283 Ergo
794 2237 894 2272 dona
923 2247 1000 2272 non
1030 2235 1305 2283 distinguuntur
1333 2247 1354 2271 a
1376 2234 1451 2272 vir-

393 2290 534 2326 tutibus
562 2288 816 2325 communiter
843 2288 960 2325 dictis.
1421 2306 1423 2308 ·

450 2343 484 2378 3.
504 2343 736 2387 PRAETEREA,
753 2352 918 2388 quorum
938 2347 994 2376 est
1013 2340 1182 2377 definitio
1203 2340 1349 2386 eadem,
1370 2339 1452 2387 ipsa

396 2406 550 2442 quoque
583 2401 669 2430 sunt
702 2393 849 2429 eadem.
881 2392 957 2429 Sed
991 2392 1159 2429 definitio
1186 2392 1332 2429 virtutis
1362 2404 1451 2428 con-

394 2446 499 2483 venit
527 2446 651 2483 donis:
672 2445 976 2494 unumquodque
997 2445 1098 2481 enim
1114 2445 1259 2482 donum
1280 2453 1334 2481 est
1353 2446 1451 2481 bona

309 2515 337 2536 ‚a
360 2524 366 2530 -
395 2499 553 2547 qualitas
580 2499 711 2535 mentis
739 2510 813 2546 qua
846 2503 944 2534 recte
970 2497 1119 2543 vivitur,
1141 2505 1209 2534 etc.
1231 2497 1250 2519 '¹‘
1277 2497 1452 2534 Similiter

394 2550 564 2588 definitio
584 2550 674 2588 doni
694 2550 871 2587 convenit
888 2549 1087 2586 virtutibus
1107 2550 1253 2586 infusis:
1276 2557 1331 2586 est
1351 2550 1451 2586 enim

395 2604 539 2640 donum
550 2603 649 2639 datio
664 2602 896 2649 irreddibilis,
909 2602 1118 2639 secundum
1133 2603 1409 2651 Philosophum
1420 2602 1451 2640 ²³⁶.

393 2657 494 2703 Ergo
521 2656 678 2692 virtutes
707 2663 742 2692 et
770 2655 871 2692 dona
899 2667 976 2691 non
1006 2655 1292 2702 distinguuntur.

445 2720 482 2755 4.
513 2709 743 2755 PRAETEREA,
774 2709 881 2757 plura
900 2706 915 2737 β
935 2719 1068 2744 eorum
1094 2720 1192 2756 quae
1226 2719 1450 2744 enumeran-

393 2768 453 2798 tur
480 2761 575 2798 inter
603 2761 715 2807 dona,
746 2769 831 2797 sunt
857 2760 1024 2798 virtutes.
1055 2761 1158 2797 Nam
1177 2760 1272 2797 sicut
1299 2773 1413 2809 supra
1431 2761 1451 2783 '¹‘

395 2813 536 2851 dictum
557 2821 623 2860 est,
643 2813 826 2862 sapientia
845 2821 881 2850 et
899 2813 1106 2850 intellectus
1127 2821 1163 2849 et
1195 2813 1347 2850 scientia
1364 2821 1451 2851 sunt

391 2866 548 2903 virtutes
563 2867 847 2912 intellectuales;
865 2866 1064 2903 consilium
1080 2873 1207 2902 autem
1223 2867 1271 2903 ad
1286 2868 1449 2914 pruden-

391 2919 482 2956 tiam
510 2919 689 2967 pertinet3
718 2919 837 2968 pietas
865 2927 991 2955 autem
1021 2918 1165 2967 species
1194 2926 1249 2955 est
1272 2918 1447 2965 iustitiae3

391 2972 569 3009 fortitudo
595 2979 721 3008 autem
741 2972 930 3020 quaedam
949 2971 1068 3008 virtus
1089 2979 1143 3008 est
1161 2971 1326 3008 moralis.
1346 2973 1447 3020 Ergo

391 3024 542 3061 videtur
561 3024 665 3073 quod
683 3025 837 3062 virtutes
856 3036 934 3061 non
955 3023 1229 3072 distinguantur
1248 3036 1269 3061 a
1289 3025 1399 3061 donis
1418 3030 1444 3061 Υ.

445 3078 518 3114 SED
539 3089 683 3114 CONTRA
701 3089 766 3114 Esr
786 3076 891 3126 quod
910 3076 1127 3124 Gregorius,
1149 3078 1162 3113 I
1181 3077 1325 3114 Moral.
1341 3077 1373 3125 ²⁸,
1394 3077 1446 3114 di-

390 3130 542 3177 stinguit
566 3138 719 3178 *septem
753 3130 870 3177 dona,
905 3141 1002 3178 quae
1036 3129 1125 3166 dicit
1151 3129 1352 3177 significari
1379 3142 1447 3178 per

389 3189 535 3230 septem
564 3182 662 3219 filios
691 3183 771 3229 Iob,
801 3195 823 3219 a
849 3182 967 3219 tribus
994 3182 1195 3219 virtutibus
1214 3183 1443 3230 theologicis,

391 3246 484 3282 quas
513 3234 601 3272 dicit
629 3235 828 3282 significari
856 3247 924 3283 per
951 3243 1025 3271 tres
1052 3235 1148 3272 filias
1178 3235 1256 3272 lob.
1287 3236 1336 3272 Et
1354 3235 1392 3272 in
1413 3237 1444 3272 11

251 3298 362 3340 ’‘ssx’v‘gt·
389 3288 532 3324 Moral.
548 3288 579 3335 ³¹³,
597 3287 784 3335 distinguit
803 3288 937 3324 eadem
958 3295 1103 3336 septem
1124 3288 1225 3325 dona
1245 3301 1267 3325 a
1286 3287 1448 3337 qu'atuor

357 3336 363 3342 ⁸
388 3339 586 3377 virtutibus
616 3340 877 3387 cardinalibus,
907 3353 1004 3389 quae
1035 3340 1123 3377 dicit
1151 3340 1350 3388 significari
1378 3353 1447 3389 per

391 3400 552 3440 quatuor
580 3394 736 3440 angulos
766 3393 914 3430 domus.

1556 1339 1782 1376 REsponmzo
1802 1351 1986 1376 mmmmm
2014 1341 2130 1388 quod,
2151 1341 2181 1378 si
2203 1342 2408 1390 loquamur
2425 1342 2474 1380 de
2493 1343 2560 1381 do-

1504 1403 1554 1427 no
1571 1398 1607 1428 et
1625 1391 1761 1428 virtute
1781 1393 1991 1430 secundum
2011 1393 2176 1431 nominis
2200 1395 2396 1442 rationem,
2413 1395 2466 1433 sic
2480 1397 2562 1433 nul-

1503 1444 1580 1480 lam
1600 1444 1877 1492 oppositionem
1897 1446 2036 1482 habent
2059 1446 2108 1483 ad
2135 1446 2312 1485 invicem.
2342 1449 2446 1485 Nam
2466 1450 2559 1486 ratio

1503 1496 1648 1533 virtutis
1667 1497 1827 1534 sumitur
1845 1500 2056 1536 secundum
2075 1500 2182 1547 quod
2194 1500 2343 1548 perficit
2359 1501 2559 1539 hominem

1504 1549 1551 1586 ad
1580 1550 1677 1586 bene
1706 1551 1911 1597 agendum,
1940 1558 1982 1587 ut
2009 1563 2123 1599 supra
2145 1551 2166 1574 ⁸
2189 1552 2332 1591 dictum
2362 1561 2436 1591 est:
2465 1555 2559 1592 ratio
2588 1561 2597 1569 '

1503 1609 1631 1638 autem
1652 1602 1742 1639 doni
1762 1603 1921 1639 sumitur
1939 1606 2151 1641 secundum
2172 1606 2497 1653 comparationem
2509 1596 2563 1644 acl

1504 1666 1659 1691 causam
1687 1667 1709 1691 a
1743 1667 1819 1703 qua
1850 1663 1916 1691 est.
1956 1656 2058 1693 Nihil
2090 1665 2218 1693 autem
2258 1658 2435 1706 prohibet
2470 1659 2562 1697 illud

1504 1707 1607 1755 quod
1637 1715 1693 1743 est
1720 1708 1767 1743 ab
1788 1707 1861 1744 alio
1881 1715 1922 1743 ut
1942 1708 2100 1755 donum,
2127 1721 2208 1746 esse
2227 1708 2478 1759 perfectivum
2497 1712 2563 1749 ali«

1504 1759 1609 1796 cuius
1637 1760 1684 1796 ad
1714 1760 1811 1796 bene
1840 1761 2099 1808 operandum:
2133 1763 2355 1810 praesertim
2379 1776 2467 1802 cum
2496 1763 2564 1803 'sub

1503 1825 1572 1860 pra
1585 1812 1605 1834 ’¹‘
1621 1812 1824 1849 dixerimus
1843 1814 1949 1860 quod
1963 1813 2118 1852 virtutes
2131 1817 2328 1863 quaedam
2347 1816 2459 1854 nobis
2473 1825 2561 1855 sunt

1503 1865 1649 1901 infusae
1678 1877 1700 1901 a
1727 1866 1824 1902 Deo.
1854 1864 1965 1902 Unde
1994 1868 2206 1905 secundum
2237 1869 2323 1915 hoc,
2359 1869 2507 1907 donum
2538 1868 2564 1907 a
2601 1875 2608 1882 ”

1503 1917 1638 1954 virtute
1668 1917 1841 1965 distingui
1869 1930 1947 1955 non
1974 1926 2110 1967 potest.
2140 1921 2189 1957 Et
2211 1920 2298 1958 ideo
2319 1922 2475 1970 quidam
2492 1920 2566 1972 po»

1504 1977 1660 2006 suerunt
1679 1972 1784 2017 quod
1804 1971 1906 2007 dona
1925 1983 2003 2008 non
2023 1981 2147 2010 essent
2174 1985 2197 2009 a
2214 1973 2416 2012 virtutibus
2433 1975 2566 2013 distin*

1504 2022 1665 2070 guenda.
1687 2044 1711 2050 -
1731 2023 1808 2060 Sed
1829 2024 1881 2060 eis
1901 2033 2072 2062 remanet
2091 2037 2170 2063 non
2197 2026 2564 2066 minordifficunas:

1504 2083 1544 2111 ut
1572 2075 1712 2112 scilicet
1731 2075 1916 2114 rationem
1935 2077 2124 2125 assignent
2143 2090 2260 2127 quare
2279 2081 2470 2128 quaedam
2487 2082 2567 2119 vir-r

1503 2135 1599 2164 tutes
1618 2128 1789 2165 dicantur
1808 2129 1920 2177 dona,
1947 2137 1982 2167 et
2001 2142 2080 2167 non
2103 2142 2260 2178 omnes;
2289 2140 2327 2169 et
2353 2144 2471 2182 quare
2498 2134 2563 2171 ali-

1504 2193 1581 2228 qua
1614 2189 1881 2229 computantur
1908 2182 2004 2219 inter
2030 2183 2143 2231 dona,
2173 2196 2272 2232 quae
2299 2197 2378 2222 non
2406 2187 2564 2236 compita

1503 2241 1629 2270 tantur
1656 2233 1751 2270 inter
1776 2234 1943 2282 virtutes,
1972 2243 2014 2272 ut
2039 2243 2144 2284 patet
2169 2238 2218 2274 de
2245 2237 2391 2275 timore.

1556 2286 1666 2323 Unde
1696 2287 1756 2323 alii
1785 2287 1957 2324 dixerunt
1980 2288 2082 2325 dona
2109 2301 2131 2326 a
2157 2289 2357 2328 virtutibus
2380 2303 2462 2328 esse
2491 2291 2565 2330 dis-

1503 2338 1727 2385 tinguenda;
1756 2340 1823 2376 sed
1851 2352 1930 2377 non
1957 2341 2244 2388 assignaverunt
2268 2343 2565 2382 convenientem

1504 2391 1748 2428 distinctionis
1777 2404 1947 2439 causam,
1978 2405 2076 2441 quae
2104 2394 2244 2432 scilicet
2269 2395 2320 2432 ita
2349 2398 2564 2435 communis

1505 2451 1603 2480 esset
1629 2443 1845 2490 virtutibus,
1874 2446 1980 2493 quo'd
2008 2447 2110 2483 nullo
2144 2447 2262 2484 modo
2293 2448 2419 2496 donis,
2449 2457 2514 2487 aut
2542 2463 2562 2486 e

1503 2508 1702 2533 converSO.
1734 2497 2027 2535 Considerantes
2056 2499 2157 2536 enim
2186 2500 2309 2549 aliqui.
2321 2501 2438 2550 quod,
2467 2502 2564 2540 inter

1503 2556 1650 2598 septem
1675 2549 1788 2596 dona,
1809 2558 1973 2598 quatuor
2000 2551 2187 2600 pertinent
2205 2553 2252 2590 ad
2273 2553 2472 2601 rationem,
2487 2555 2561 2601 sci,-

1502 2603 1588 2639 licet
1615 2601 1814 2649 sapientia,
1843 2602 2010 2650 scientia,
2039 2603 2248 2642 intellectus
2277 2613 2313 2644 et
2341 2605 2560 2653 consiliumz

1504 2663 1541 2691 et
1559 2655 1628 2692 tria
1647 2655 1695 2693 ad
1710 2655 1789 2691 vim
1805 2655 2063 2704 appetitivam,
2079 2656 2220 2694 scilicet
2237 2658 2428 2707 fortitudo,
2443 2660 2564 2708 pietas

1504 2716 1540 2744 et
1566 2708 1696 2753 timon
1727 2716 1935 2756 posuerunt
1954 2709 2058 2757 quod
2082 2710 2183 2747 dona
2202 2711 2563 2759 perficiebant-*libai⁴

1502 2773 1587 2798 rum
1617 2760 1811 2799 arbitrium
1849 2761 2061 2798 secundum
2098 2763 2202 2810 quod
2233 2770 2288 2800 est
2315 2764 2470 2802 facultas
2504 2777 2561 2802 ra·-

1501 2813 1629 2860 tionis,
1658 2813 1815 2851 virtutes
1842 2826 1937 2851 vero
1966 2815 2175 2855 secundum
2205 2816 2310 2865 quod
2331 2823 2387 2854 est
2405 2817 2561 2858 facultas.

1503 2867 1725 2903 voluntatis:
1755 2866 1843 2914 quia
1870 2866 2097 2904 invenerunt
2115 2868 2210 2906 duas
2229 2869 2328 2906 solas
2346 2869 2503 2908 virtutes
2520 2870 2562 2913 in

1504 2919 1646 2956 ratione
1674 2920 1736 2956 vel
1768 2919 1971 2966 intellectu,
2000 2920 2140 2957 scilicet
2170 2921 2290 2959 fidem
2323 2930 2359 2959 et
2394 2923 2562 2971 prudem

1502 2972 1606 3021 tiam,
1635 2972 1725 3008 alias
1753 2983 1846 3008 vero
1875 2972 1913 3008 in
1939 2972 1979 3009 vi
2007 2973 2212 3021 appetitiva
2238 2974 2301 3011 vel
2327 2975 2562 3013 affectiva*-

1503 3024 1706 3073 Oporteret
1733 3032 1874 3071 autem,
1903 3024 1934 3061 si
1961 3025 2056 3062 haec
2085 3025 2270 3063 distinctio
2300 3034 2399 3065 esset
2421 3040 2560 3066 contreu

1502 3077 1623 3124 niens,
1653 3077 1759 3126 quod
1787 3089 1922 3114 omnes
1949 3077 2105 3115 virtutes
2134 3085 2258 3117 essent
2285 3079 2324 3118 in
2350 3080 2390 3119 vi
2418 3073 2562 3132 appeti-f

1501 3130 1590 3175 tiva,
1612 3138 1648 3167 et
1675 3130 1805 3167 omnia
1834 3130 1934 3167 dona
1963 3130 2002 3167 in
2028 3131 2186 3169 ratione.
2473 3174 2489 3179 .,
2516 3127 2552 3142 '¹'
2594 3130 2595 3133 '

1555 3183 1724 3228 Quidam
1742 3195 1849 3229 ver0,
1861 3183 2142 3221 considerantes
2161 3184 2266 3232 quod
2281 3185 2559 3232 Gregorius&-

1502 3235 1560 3282 cit,
1581 3235 1619 3272 in
1645 3237 1675 3271 II
1704 3236 1847 3272 Moral.
1871 3235 1907 3282 ²¹²,
1934 3236 2038 3284 quod
2066 3237 2207 3273 donum
2234 3237 2392 3285 Spiritus
2418 3239 2558 3286 Sancti,
2585 3246 2799 3276 'lae-cimus·
2844 3246 2846 3270 :

2583 3272 2633 3295 Sed
2644 3275 2737 3296 contra.

1501 3289 1601 3336 quod
1627 3288 1663 3324 in
1693 3294 1814 3324 mente
1833 3289 1905 3324 sibi
1919 3289 2082 3326 subiecta
2089 3290 2243 3336 format
2261 3290 2556 3338 temperantiam,

1494 3341 1746 3388 prudentiam,
1762 3341 1937 3377 iustitiam
1955 3346 1991 3377 et
1995 3341 2274 3389 fortitudinem‚·
2288 3343 2443 3380 eandem
2458 3355 2557 3381 men-

1500 3399 1572 3430 tem
1600 3393 1721 3430 munit
1747 3399 1876 3430 contra
1904 3394 2054 3443 singula
2083 3400 2306 3432 tentamenta
2327 3407 2401 3444 per
2417 3402 2555 3444 septem

443 3515 469 3548 α)
490 3516 634 3547 Septem.-
651 3516 688 3540 sic
706 3515 771 3540 dicit
790 3515 894 3547 Septem
914 3515 1141 3541 ABCDEFGHIK.

443 3549 467 3582 β)
484 3551 573 3581 plura.
587 3564 606 3568 -
620 3551 712 3581 plures
732 3550 975 3575 PABCDGHIKLa.

1554 3516 1580 3549 γ)
1601 3516 1713 3540 virtutes
1742 3523 1793 3540 non
1823 3517 2026 3549 distinguantur
2053 3524 2070 3541 a
2098 3516 2183 3542 donis.
2204 3531 2221 3535 -
2239 3517 2310 3542 dona
2328 3520 2354 3541 et
2372 3517 2484 3543 virtutes
2502 3525 2554 3544 non

1501 3551 1703 3583 distinguantur·
1721 3551 1767 3576 Ρα.

2647 1565 2669 1581 u.
2692 1564 2733 1586 ιν,
2754 1561 2800 1581 ιη.

2587 1833 2599 1845 “
2613 1833 2662 1862 Qu.
2675 1837 2739 1860 mn.
2754 1835 2800 1855 ιη,
