2852 4152
136 427 183 455 Qu.
198 433 237 454 xx,
252 431 294 449 art.
305 433 320 448 1.

106 1790 120 1801 0
133 1790 172 1814 G.
185 1795 235 1819 ιη.
247 1796 264 1813 ι.

999 287 1262 333 QUAESTIO
1292 287 1469 334 XXXIV,
1499 285 1793 323 ARTICULUS
1822 286 1873 322 lV

349 364 501 402 moralis
525 363 776 412 principaliter
804 364 841 400 in
870 366 1064 401 voluntate
1090 364 1267 411 consistit,
1288 372 1329 401 ut
1348 378 1407 401 su-

347 430 417 467 pra
434 417 455 439 *
482 417 623 454 dictum
649 423 714 453 est.
744 417 880 454 Utrum
901 425 1028 454 autem
1047 418 1222 454 voluntas
1242 417 1287 454 sit
1306 418 1408 454 bona

347 470 410 507 vel
430 470 541 516 mala,
561 468 763 518 praecipue
785 481 829 505 ex
848 470 924 506 fine
945 470 1194 518 cognoscitur.
1220 470 1262 507 ld
1282 477 1408 506 autem

347 523 509 560 habetur
535 534 606 570 pro
631 521 720 569 fine,
741 522 779 558 in
800 535 876 570 quo
896 524 1072 560 voluntas
1092 523 1258 572 quiescit.
1290 523 1408 569 Quies

349 582 477 612 autem
496 574 712 620 voluntatis,
743 582 780 611 et
799 575 995 612 cuiuslibet
1014 576 1212 624 appetitus,
1232 575 1271 612 in
1290 576 1406 623 bono,

349 636 406 665 est
434 626 643 664 delectatio.
678 627 727 663 Et
754 627 841 664 ideo
875 629 1085 665 secundum
1119 628 1407 665 delectationem

347 679 553 718 voluntatis
589 680 801 726 humanae,
830 681 1032 729 praecipue
1070 681 1255 718 iudicatur
1287 681 1406 717 homo

348 734 474 770 bonus
488 732 551 769 vel
569 733 709 768 malus:
737 740 791 769 est
811 733 912 769 enim
933 734 1057 770 bonus
1078 741 1113 770 et
1131 734 1323 770 virtuosus
1343 733 1407 782 qui

348 785 488 833 gaudet
518 785 557 821 in
586 784 765 833 operibus
793 786 996 832 virtutum;
1027 787 1150 823 malus
1187 794 1312 823 autem
1344 786 1408 835 qui

347 838 386 874 in
416 837 592 886 operibus
621 838 741 874 malis.

401 889 679 927 Delectationes
695 898 820 927 autem
838 891 1024 940 appetitus
1039 890 1205 928 sensitivi
1225 903 1303 927 non
1322 898 1408 927 sunt

348 943 478 992 regula
506 942 683 980 bonitatis
701 944 763 980 vel
792 943 956 980 malitiae
984 943 1156 980 moralis:
1187 955 1276 980 nam
1301 943 1407 980 cibus

350 995 602 1032 communiter
630 995 857 1033 delectabilis
885 1004 940 1033 est
967 996 1177 1033 secundum
1199 995 1406 1044 appetitum

349 1048 583 1095 sensitivum,
601 1048 710 1085 bonis
727 1056 763 1085 et
781 1049 901 1086 malis.
924 1049 1001 1085 Sed
1018 1049 1194 1086 voluntas
1215 1049 1406 1085 bonorum

350 1101 556 1138 delectatur
582 1102 620 1138 in
649 1101 701 1138 eis
729 1102 940 1138 secundum
970 1101 1275 1139 convenientiam
1298 1101 1407 1138 ratio-

347 1153 419 1200 nis,
449 1166 564 1202 quam
593 1166 671 1191 non
700 1162 805 1191 curat
832 1155 1008 1191 voluntas
1036 1155 1239 1191 malorum.

401 1207 460 1243 An
489 1218 625 1244 PRIMUM
649 1218 747 1244 ERGO
766 1219 949 1244 DICENDUM
977 1207 1082 1255 quod
1110 1219 1220 1244 amor
1247 1214 1283 1243 et
1311 1207 1406 1244 desi-

2443 283 2517 332 239

1461 365 1608 402 derium
1638 371 1723 401 sunt
1749 364 1876 412 priora
1901 364 2147 400 delectatione
2168 364 2205 400 in
2224 364 2287 400 via
2306 364 2518 411 generatio-

1461 418 1529 454 nis.
1561 417 1636 454 Sed
1657 416 1853 454 delectatio
1883 423 1938 452 est
1964 416 2068 465 prior
2096 417 2306 453 secundum
2331 416 2515 453 rationem

1459 470 1564 507 finis:
1586 469 1650 518 qui
1669 470 1706 506 in
1726 468 1980 518 operabilibus
1999 469 2114 505 habet
2133 469 2317 505 rationem
2333 469 2516 517 principii,

1461 535 1483 559 a
1511 535 1589 570 quo
1618 522 1781 558 maxime
1814 522 1973 558 sumitur
2001 521 2193 567 iudicium,
2219 521 2313 557 sicut
2340 534 2361 557 a
2390 522 2516 568 regula

1459 576 1521 612 vel
1552 587 1741 612 mensura.

1513 630 1571 664 AD
1591 640 1780 665 SECUNDUM
1798 639 1980 664 memnoni
2001 626 2105 675 quod
2126 625 2251 662 omnis
2268 625 2462 662 delectatio
2479 626 2515 662 in

1459 681 1534 716 hoc
1554 688 1608 717 est
1627 680 1836 726 uniformis,
1857 680 1960 728 quod
1982 686 2036 715 est
2054 678 2162 727 quies
2188 679 2225 714 in
2245 678 2371 726 aliquo
2392 678 2514 714 bono:

1461 740 1497 769 et
1520 733 1730 770 secundum
1749 733 1824 769 hoc
1846 740 1970 781 potest
1990 744 2071 768 esse
2097 732 2224 779 regula
2239 731 2304 767 *vel
2324 742 2513 767 mensura.

1461 786 1563 822 Nam
1578 786 1637 822 ille
1658 786 1780 822 bonus
1800 793 1856 822 est
1875 785 1980 822 cuius
1994 785 2171 821 voluntas
2190 783 2347 832 quiescit
2365 783 2404 819 in
2422 795 2514 825 vero

1460 838 1580 883 bono;
1591 839 1714 874 malus
1724 846 1863 884 autem,
1877 838 1981 874 cuius
1991 838 2167 874 voluntas
2178 836 2335 884 quiescit
2349 835 2387 872 in
2400 836 2513 872 malo.

1513 893 1573 926 An
1591 902 1750 927 TERTIUM
1769 902 1951 927 DICENDUM
1971 890 2087 939 quod,
2109 901 2197 926 cum
2218 888 2414 925 delectatio
2433 900 2516 936 per-

1460 942 1560 979 ficiat
1587 943 1850 991 operationem
1878 955 1946 991 per
1974 943 2135 979 modum
2164 941 2268 988 finis,
2297 949 2339 977 ut
2365 953 2479 988 supra
2497 940 2517 962 '¹‘

1461 995 1602 1032 dictum
1639 1003 1718 1040 est;
1757 1007 1835 1032 non
1867 1003 1992 1043 potest
2025 1007 2107 1031 esse
2145 994 2315 1043 operatio
2352 993 2516 1042 perfecte

1461 1048 1583 1094 bona,
1612 1048 1682 1084 nisi
1711 1047 1823 1084 etiam
1852 1048 1948 1084 adsit
1980 1047 2176 1085 delectatio
2205 1047 2243 1083 in
2271 1047 2396 1083 bono:
2426 1058 2515 1082 nam

1461 1101 1608 1137 bonitas
1637 1100 1689 1136 rei
1724 1100 1912 1148 dependet
1935 1098 1949 1129 β
1978 1112 2023 1136 ex
2050 1101 2138 1136 fine.
2174 1100 2223 1136 Et
2251 1099 2303 1136 sic
2330 1099 2518 1147 quodam·

1461 1153 1579 1190 modo
1609 1153 1756 1190 bonitas
1785 1153 2041 1190 delectationis
2069 1160 2123 1189 est
2151 1165 2264 1189 causa
2284 1151 2460 1188 bonitatis
2479 1151 2518 1188 in

1462 1206 1693 1255 operatione.

401 1322 428 1358 β)
447 1323 586 1355 dependet.
605 1337 624 1342 -
639 1323 739 1355 pendet
757 1322 786 1347 P.
803 1336 822 1343 -
840 1323 892 1346 Pro
910 1322 1021 1350 bonitas,
1033 1322 1101 1354 finis
1119 1322 1150 1346 E.

1020 1400 1352 1432 Commentarios
1374 1398 1623 1431 Oardjnalis
1645 1398 1844 1431 Caietam

377 1491 398 1511 Ν
420 1480 523 1511 titulo'
538 1479 659 1510 articuli
681 1478 799 1518 quarti,
825 1479 948 1508 adverte
972 1478 1069 1518 quod,
1095 1478 1169 1518 quia
1192 1487 1339 1509 mensura
1363 1483 1409 1507 est

350 1492 575 1554 Icertificativa
598 1522 780 1563 quantitatis
799 1521 1070 1557 mensurabilium,
1087 1528 1118 1552 et
1137 1521 1244 1561 regula
1261 1520 1408 1551 certifica-

347 1567 411 1598 tiva
433 1566 649 1607 dispositionis
655 1574 663 1602 ;
689 1573 719 1597 et
734 1572 907 1606 utrumque
926 1565 1044 1595 horum
1059 1565 1153 1604 exigit
1167 1564 1359 1605 primitatem
1375 1565 1408 1594 in

348 1611 586 1652 cognoscendO,
612 1616 643 1640 et
665 1610 908 1650 quodammodo
931 1609 964 1639 in
988 1609 1131 1645 essend0‚
1155 1609 1331 1639 secundum
1355 1608 1408 1638 ali-

347 1655 436 1706 quod
458 1664 559 1695 genus
583 1662 710 1685 causae:
736 1653 852 1684 idcirco
871 1656 1002 1689 Auctor,
1019 1653 1232 1693 proponendo
1258 1652 1343 1682 hunc
1359 1662 1407 1682 ar-

345 1699 482 1731 ticulum
504 1698 538 1728 in
561 1697 798 1728 enumeratione
817 1697 964 1728 omnium
979 1696 1186 1727 articulorum
1204 1696 1236 1726 in
1251 1696 1408 1736 principio

347 1742 550 1784 quaestionis,
574 1741 697 1782 quaerit
712 1748 821 1773 utrum
837 1741 1001 1772 delectatio
1017 1739 1056 1771 si't
1071 1750 1220 1771 mensura
1233 1740 1407 1771 secundum

347 1797 443 1828 quam
467 1786 646 1823 iudicatam
667 1785 719 1816 hic
740 1795 816 1816 vero
839 1786 993 1821 absolute,
1019 1791 1129 1816 utrum
1151 1784 1191 1815 sit
1214 1794 1362 1814 mensura
1375 1784 1407 1820 *;

347 1830 437 1872 quasi
459 1830 503 1860 ibi
522 1829 715 1870 primitatem
737 1829 770 1859 in
794 1829 1029 1869 cognoscendo,
1052 1827 1104 1859 hic
1126 1829 1159 1859 in
1182 1828 1315 1858 essendo
1334 1827 1407 1858 insi-

346 1884 459 1905 nuans.
483 1874 524 1904 Et
546 1873 579 1903 in
604 1883 736 1913 corpore
760 1873 892 1910 articuli,
908 1883 1090 1904 mensuram
1107 1872 1283 1903 secundum
1302 1871 1407 1911 cogni-

346 1918 469 1949 tionem
491 1923 523 1948 et
544 1916 698 1947 iudicium
723 1917 923 1948 determinat:
947 1917 981 1946 in
999 1916 1260 1957 responsionibus
1278 1925 1353 1946 vero
1370 1916 1409 1946 ad

346 1962 488 2003 primum
512 1968 543 1992 et
565 1960 726 1997 ultimum,
745 1961 959 1991 causalitatem
977 1960 1105 1991 finalem
1121 1960 1363 2001 quodammodo
1380 1959 1408 1989 ei

346 2005 466 2037 tribuit.

404 2049 446 2080 Et
469 2048 548 2080 scito
572 2049 678 2090 quod,
702 2048 778 2089 quia
800 2049 840 2079 ad
862 2048 1018 2079 rationem
1042 2057 1208 2078 mensurae
1230 2054 1261 2078 et
1283 2047 1409 2087 regulae

347 2103 414 2124 non
437 2092 552 2124 sufficit
573 2092 716 2133 primitas
731 2093 764 2123 in
780 2092 922 2129 essendo,
940 2093 994 2132 sed
1010 2092 1141 2132 exigitur
1159 2092 1248 2132 quod
1265 2091 1303 2122 sit
1317 2090 1409 2121 nobis

349 2136 533 2173 certissima;
557 2136 644 2173 ideo,
668 2136 742 2167 licet
767 2137 892 2167 bonum
918 2136 1091 2166 honestum
1114 2135 1154 2166 sit
1176 2135 1353 2167 secundum
1376 2144 1408 2165 se

347 2180 434 2221 prius
451 2187 481 2212 et
497 2180 610 2212 certius
627 2190 725 2221 quam
744 2179 936 2216 delectabile,
953 2179 1028 2220 quia
1045 2179 1250 2220 consequitur
1265 2179 1304 2209 ad
1319 2178 1408 2215 illud,

348 2231 379 2255 et
400 2231 506 2265 potest
529 2234 595 2255 esse
619 2225 703 2255 bona
727 2230 758 2254 et
780 2224 863 2254 mala
892 2223 1073 2260 delectatio;
1097 2223 1172 2264 quia
1195 2230 1301 2254 tamen
1324 2222 1408 2253 dele-

1461 1477 1555 1507 ctatio
1573 1484 1619 1507 est
1637 1477 1728 1507 nobis
1751 1477 1851 1517 magis
1868 1484 1958 1513 certa,
1975 1477 2046 1511 ideo
2062 1477 2122 1516 ipsi
2141 1475 2318 1506 attribuitur
2331 1475 2410 1506 ratio
2430 1484 2519 1505 men-

1461 1529 1565 1556 surae;
1583 1527 1613 1551 et
1624 1521 1767 1560 operatio
1782 1521 1850 1560 ipsa
1869 1521 2034 1556 mendicat,
2054 1520 2162 1561 quoad
2178 1520 2248 1556 hoc,
2266 1530 2283 1550 a
2300 1519 2516 1550 delectatione.

1461 1564 1592 1604 Propter
1615 1565 1703 1605 quod
1725 1567 1846 1594 Auctor
1869 1564 1998 1600 studuit,
2023 1564 2055 1593 in
2079 1573 2210 1603 corpore
2234 1563 2364 1599 articuli,
2389 1563 2429 1593 ad
2447 1572 2518 1602 pro-

1461 1608 1602 1638 bandum
1625 1607 1779 1638 rationem
1803 1618 1968 1638 mensurae
1991 1608 2024 1637 in
2048 1607 2262 1643 delectatione,
2280 1617 2316 1637 ex
2339 1606 2519 1646 cognitione

1462 1658 1492 1681 et
1514 1651 1642 1682 iudicio.
1667 1652 1708 1682 Et
1731 1658 1777 1682 sat
1800 1651 1859 1681 fuit
1883 1651 2000 1681 salvare
2023 1657 2197 1690 utcumque
2215 1650 2409 1690 prioritatem
2424 1650 2456 1680 in
2474 1659 2520 1679 es-

1461 1695 1578 1726 sendo:
1598 1702 1634 1725 ut
1649 1702 1735 1735 patet
1756 1695 1789 1725 in
1813 1695 2019 1735 responsione
2034 1694 2072 1724 ad
2088 1694 2225 1729 tertium,
2242 1693 2296 1723 ubi
2311 1693 2382 1724 finis
2398 1693 2519 1724 ratione

1461 1739 1535 1769 satis
1558 1739 1652 1779 large,
1677 1745 1806 1779 propter
1828 1739 1890 1769 hoc
1913 1738 2108 1773 salvandum,
2133 1737 2240 1767 utitur.

1518 1783 1555 1813 11.
1569 1782 1661 1814 Circa
1673 1783 1790 1813 calcem
1804 1782 2019 1823 responsionis
2031 1782 2071 1812 ad
2083 1781 2220 1817 tertium,
2233 1781 2266 1811 in
2281 1781 2395 1811 eodem
2407 1787 2519 1821 quarto

1461 1827 1608 1863 articulo,
1634 1826 1768 1857 dubium
1797 1826 1932 1857 occurrit
1954 1825 2096 1856 novitiis:
2122 1825 2196 1865 quia
2219 1824 2343 1855 videtur
2365 1823 2520 1854 adversari

1462 1881 1557 1911 supra
1580 1870 1679 1901 dictis.
1705 1871 1737 1902 Si
1761 1870 1846 1901 enim
1869 1869 1993 1901 bonitas
2017 1868 2230 1900 delectationis
2254 1874 2301 1898 est
2323 1877 2416 1898 causa
2439 1877 2520 1908 quo-

1462 1915 1636 1945 dammodo
1653 1914 1801 1945 bonitatis
1817 1914 1850 1944 in
1869 1914 2061 1954 operatione,
2083 1920 2137 1944 aut
2153 1923 2169 1943 e
2186 1920 2355 1947 converso;
2379 1912 2521 1952 sequitur

1462 1968 1527 1989 non
1551 1968 1618 1989 esse
1641 1959 1774 1989 eandem
1797 1968 1932 1989 numero
1951 1957 2126 1988 bonitatem
2145 1956 2320 1996 utriusque.
2344 1955 2445 1986 Cuius
2462 1965 2520 1996 op-

1462 2002 1604 2043 positum
1627 2002 1749 2034 dictum
1772 2002 1832 2033 fuit
1846 2002 1872 2032 *.

1516 2046 1567 2076 Ad
1589 2046 1652 2076 hoc
1675 2046 1808 2076 breviter
1834 2046 1948 2076 dicitur
1970 2045 2074 2086 quod,
2104 2051 2140 2075 ut
2163 2054 2199 2074 ex
2222 2042 2366 2083 superius
2388 2042 2405 2061 *
2428 2043 2517 2073 dictis

2544 945 2552 952 ·
2564 944 2612 971 Qu.
2621 950 2701 971 xxxin,
2709 948 2753 966 art.

2543 978 2566 996 4.

2643 1093 2657 1125 β

2544 2051 2553 2058 ·
2567 2050 2619 2071 Art.
2634 2049 2750 2076 praeced„

1462 2096 1600 2130 apparet,
1623 2090 1656 2120 in
1680 2089 1813 2129 analoga
1836 2089 2031 2125 causalitate,
2056 2098 2111 2119 seu
2135 2086 2357 2123 redundantia,
2382 2086 2519 2117 salvatur
2545 2075 2677 2111 ·C⁰“¹¹¹¹⁶¹¹²·
2692 2082 2714 2097 ¹²·
2728 2082 2753 2097 ¹¹·

1461 2134 1606 2164 identitas
1635 2133 1805 2164 numeralis
1828 2133 1862 2163 in
1885 2143 1978 2163 causa
2007 2139 2038 2163 et
2061 2138 2199 2162 causato.
2228 2130 2320 2161 Unde
2351 2130 2413 2160 hoc
2440 2130 2518 2160 nihil

1462 2179 1566 2208 obstat
1587 2177 1769 2218 proposito:
1795 2177 1875 2208 sicut
1898 2186 1954 2207 nec
1977 2176 2169 2207 bonitatibus
2193 2181 2280 2205 actus
2304 2174 2464 2215 exterioris
2487 2180 2518 2204 et

1462 2221 1630 2252 interioris.

2566 2101 2613 2129 Qu.
2624 2108 2663 2128 xx,
2679 2105 2722 2123 art.
2731 2108 2752 2130 3,

2545 2127 2581 2149 ad.
2595 2134 2616 2156 3.
