2846 4146
114 1202 254 1226 ’flamm

119 2867 128 2877 ⁴
143 2864 180 2887 ef.
193 2870 258 2887 num.
273 2871 299 2887 ιι.

1021 242 1285 289 QUAESTIO
1316 241 1454 287 LVIII,
1483 240 1778 277 ARTICULUS
1806 241 1840 278 V

346 323 386 354 ad
408 323 544 354 modum
566 321 774 352 distinctionis
790 331 899 352 earum
914 328 1032 362 spectat
1046 321 1122 352 haec
1136 320 1287 352 discussio
1306 320 1403 360 prius,

346 367 388 398 ita
411 372 447 397 ut
469 365 679 406 postmodum
701 365 740 395 de
771 375 879 396 earum
904 365 1099 396 connexione
1122 374 1188 396 non
1211 364 1405 404 relinquatur

347 409 535 442 dubitationi
558 409 658 440 locus.

402 453 440 484 11.
465 453 501 484 In
523 452 641 483 eisdem
665 451 811 488 articulis,
831 459 861 484 et
884 452 1051 492 praecipue
1073 452 1105 483 in
1130 452 1253 488 ultimo,
1276 452 1405 491 diligen-

347 497 467 529 tissime
489 503 610 532 notato,
629 495 676 526 vir
699 495 801 531 docte,
826 496 989 532 terminos;
1007 506 1046 526 ne
1063 496 1223 535 contingat
1247 495 1405 536 disputare

346 540 380 571 in
403 540 593 581 aequivoco,
622 539 774 571 obscuros
798 538 880 576 fieri,
905 547 936 571 et
958 540 1103 570 admirari
1130 539 1288 580 utrinque.
1319 539 1405 570 Scito

346 583 442 624 igitur
462 583 552 624 quod
572 583 756 623 prudentiae
772 583 910 620 nomine,
927 583 1072 623 quamvis
1088 593 1190 614 unum
1205 582 1406 623 significetur,

348 628 414 660 duo
430 627 656 667 intelliguntur.
668 626 755 657 Cum
767 627 852 658 enim
868 626 1019 667 significet
1034 632 1152 658 rectam
1168 628 1323 658 rationem
1336 627 1406 668 agi-

349 672 469 709 bilium,
494 671 626 711 quidam
648 670 828 710 intelligunt
850 680 920 702 earn
936 670 979 702 sic
993 670 1074 701 infra
1089 671 1203 701 limites
1218 670 1405 706 intellectus,

349 721 395 751 ut,
411 724 483 747 eam
503 714 537 745 in
558 714 717 746 intellectu
741 714 885 745 absolute
909 715 1077 750 credentes,
1101 714 1180 745 nihil
1203 715 1288 746 aliud
1311 714 1407 754 signi-

348 757 441 790 ficare
463 758 569 789 dicant
593 757 652 788 nisi
666 765 788 789 rectum
803 758 958 789 dictamen
975 758 1154 798 agibilium:
1171 758 1213 789 ita
1229 758 1319 799 quod
1333 768 1406 798 pru-

342 801 455 834 dentia
477 801 523 832 nil
546 801 632 832 aliud
655 800 808 841 significat
831 802 890 832 nisi
913 801 1067 833 rationem
1082 808 1163 833 recte
1179 808 1407 833 monstrantem

349 845 382 876 in
406 845 584 885 particulari
607 845 712 885 agibili
736 845 822 886 quid,
847 845 1024 886 quomod0,
1040 845 1183 886 qualiter,
1200 853 1268 881 etc..
1292 845 1407 884 eligen-

351 889 430 920 dum
456 888 505 920 sit.
534 889 576 920 Et
597 888 630 919 in
656 889 773 920 horum
801 899 935 920 numero
962 896 1008 920 est
1031 889 1154 925 Scotus,
1178 889 1210 920 in
1235 889 1275 920 III
1299 889 1406 926 Seni„

351 932 523 965 diaeum
536 932 563 965 *.
576 933 617 965 Et
635 932 677 969 hi,
695 939 830 964 errantes
842 933 874 963 in
890 932 1045 972 principio
1061 932 1241 969 moralium,
1251 939 1408 973 quantum

350 977 560 1016 postmodum
588 976 713 1007 devient
736 983 767 1007 et
788 977 944 1007 abducant
971 985 1136 1016 sequaces,
1160 975 1250 1007 facile
1273 982 1367 1016 patet.
1386 993 1408 999 —

351 1019 492 1058 Quidam
515 1026 632 1056 autem,
656 1020 758 1052 immo
782 1030 893 1051 omnes
916 1027 998 1051 recte
1021 1020 1201 1056 sentientes,
1226 1026 1261 1051 ut
1287 1020 1407 1051 Aristo-

351 1063 436 1100 teles,
457 1064 548 1095 divus
571 1064 725 1100 Thomas,
742 1071 773 1095 et
795 1073 954 1104 sequaces,
970 1063 1153 1104 prudentiae
1170 1064 1300 1095 nomine
1319 1059 1407 1094 intel·
1429 1086 1431 1088 v

350 1106 454 1147 ligurit
468 1115 585 1140 rectam
600 1108 764 1147 agibilium
777 1107 933 1139 rationem
947 1108 1086 1148 appetitu
1102 1113 1188 1139 recto
1197 1108 1409 1148 particularis

341 1150 426 1191 finis
432 1151 560 1193 factam
576 1148 792 1192 etfirmatam.
817 1151 879 1183 Ubi
895 1151 960 1182 duo
980 1158 1054 1183 sunt
1069 1151 1268 1183 declaranda:
1293 1151 1407 1192 ptimo,

352 1195 441 1236 quod
462 1195 506 1227 ita
527 1195 582 1231 sit;
607 1195 758 1231 secundo,
781 1195 950 1235 quomodo
973 1195 1012 1227 sit
1026 1195 1054 1226 ὕ.

376 1261 380 1265 «
408 1239 460 1271 111.
479 1239 578 1276 Quod
601 1239 687 1271 enim
708 1237 875 1279 prudentia
903 1238 1106 1270 essentialiter
1133 1239 1267 1278 pendeat
1290 1239 1330 1269 ab
1354 1248 1407 1278 ap—

352 1282 453 1323 petitu
476 1289 571 1318 recto,
597 1283 750 1323 probatur
771 1292 809 1314 ex
823 1282 866 1314 v1
882 1282 997 1319 Ethic„
1022 1282 1203 1322 dupliciter:
1228 1282 1347 1322 primo,
1372 1292 1409 1312 ex

353 1326 509 1367 oppositis
525 1326 608 1362 eius2
631 1326 782 1361 secundo,
805 1335 842 1356 ex
856 1325 986 1364 proprio
1003 1332 1083 1357 actu.
1105 1325 1219 1357 Omnis
1241 1326 1336 1365 igitur
1354 1325 1408 1356 ha-

352 1370 437 1401 bitus
458 1369 492 1400 in
514 1369 635 1401 ratione
658 1369 785 1404 solanus
803 1369 981 1399 dummodo
1005 1379 1072 1399 non
1095 1369 1134 1400 sit
1157 1369 1352 1408 congenitus,
1373 1376 1410 1399 ut

353 1412 744 1453 habitumprincipiorum,
761 1419 807 1443 est
829 1411 960 1448 oblivio,
977 1419 1013 1443 ut
1028 1419 1122 1451 patet.
1138 1412 1326 1443 Prudentiae
1341 1422 1408 1442 non

353 1463 400 1490 est
422 1456 552 1492 oblivio,
568 1462 605 1488 ut
626 1462 712 1496 patet
727 1455 770 1486 ibi
792 1455 820 1487 *.
837 1455 922 1495 Ergo
945 1455 1112 1495 prudentia
1130 1465 1197 1486 non
1221 1462 1267 1487 est
1282 1455 1407 1486 habitus

352 1500 386 1532 in
408 1499 530 1533 ratione
552 1499 669 1531 solum.
685 1517 706 1523 -
720 1499 892 1534 Praeterea,
909 1499 1074 1530 delectatio
1097 1505 1128 1530 et
1151 1499 1287 1535 trisfitia,
1314 1506 1346 1530 et
1367 1499 1409 1530 si-

352 1543 469 1577 militer
483 1543 612 1579 malitia,
632 1550 678 1575 est
693 1543 873 1583 corruptiva
888 1542 1033 1583 principii
1052 1542 1246 1583 prudentiae,
1264 1549 1301 1573 ut
1323 1549 1409 1583 patet

352 1587 386 1618 in
401 1587 444 1620 VI
466 1587 570 1621 Ethic.
585 1587 603 1608 *
618 1587 680 1619 Sed
701 1587 779 1619 haec
794 1586 951 1627 pertinent
969 1587 1008 1618 ad
1023 1586 1211 1628 appetitum.
1230 1587 1316 1627 Ergo
1335 1597 1409 1627 pru-

353 1631 459 1662 dentia
481 1632 598 1672 pendet
621 1641 658 1661 ex
680 1631 832 1671 appetitu.

408 1675 531 1709 Deinde
553 1675 706 1715 probatur
728 1674 853 1706 directe.
869 1676 970 1706 Actus
985 1673 1132 1714 proprius
1155 1674 1340 1714 prudentiae
1364 1681 1410 1705 est

354 1725 436 1753 recte
459 1719 637 1761 praecipere
660 1718 741 1751 circa
763 1717 898 1758 agibilia.
925 1718 1010 1757 Ergo
1030 1718 1205 1758 ,prudentia
1234 1719 1351 1758 pendet
1373 1729 1411 1750 ex

354 1763 496 1803 appetitu
511 1769 607 1795 recto.
619 1780 640 1787 -
651 1762 858 1798 Antecedens,
873 1762 980 1802 quoad
997 1771 1108 1793 omnes
1126 1769 1237 1802 partes,
1247 1763 1409 1803 probatur.

353 1806 472 1843 Primo,
487 1807 579 1847 quod
599 1806 778 1846 Praecipere
801 1806 842 1837 sit
866 1812 953 1838 actus
975 1805 1176 1846 prudentiae,
1200 1813 1286 1846 patet
1309 1817 1346 1838 ex
1367 1807 1410 1838 VI

353 1850 458 1884 Εῧιίε.
477 1850 504 1887 *,
527 1850 581 1883 ubi
604 1850 717 1882 dicitur
732 1850 820 1890 quod
837 1850 1013 1890 prudentia
1029 1855 1076 1881 est
1089 1852 1307 1890 praeceptiva.
1323 1869 1343 1874 —
1358 1851 1411 1882 Se-

215 1923 228 1933 „
265 1879 328 1934 5²2,
355 1894 473 1931 cundo.
492 1894 582 1934 quod
599 1900 686 1926 recte
709 1893 903 1939 praecipere:
928 1893 1004 1934 quia
1026 1893 1114 1925 aliter
1136 1904 1202 1925 non
1219 1901 1299 1925 esset
1313 1895 1412 1926 virtus

354 1938 561 1978 praeceptiva,
573 1937 635 1970 nisi
645 1937 868 1970 determinaret
881 1937 921 1967 ad
931 1944 1012 1969 recte
1024 1937 1292 1978 praecipiendum.
1301 1956 1322 1962 -—
1333 1939 1411 1970 Ter-

354 1981 410 2018 tio.
434 1982 524 2023 quod
542 1981 690 2022 proprius
705 1988 736 2013 et
750 1981 938 2021 praecipuus
956 1981 1057 2021 ipsius
1072 1981 1112 2012 sit
1125 1989 1229 2012 actus:
1246 1982 1321 2023 quia
1336 1992 1411 2013 con-

354 2025 441 2059 venit
462 2026 491 2059 ei
514 2032 550 2058 ut
573 2025 775 2064 distinguitur
790 2035 808 2055 a
823 2025 887 2056 suis
902 2025 1052 2065 partibus,
1070 2032 1100 2056 et
1116 2031 1162 2056 est
1176 2027 1411 2058 consummatio

356 2076 534 2103 ceterorum
547 2075 686 2102 actuum.
699 2069 789 2101 Patet
803 2078 942 2109 namque
957 2068 990 2100 in
1007 2069 1049 2100 vl
1061 2069 1176 2106 Ethic„
1191 2070 1280 2110 quod
1292 2070 1411 2101 Aristo-

355 2114 432 2146 telea
454 2113 570 2154 prim0,
585 2112 785 2153 prudentiam
804 2112 982 2144 indistincte
997 2123 1016 2143 a
1034 2113 1099 2144 suis
1114 2113 1254 2153 partibus
1269 2121 1410 2150 venatus,

322 2177 329 2184 ·
355 2157 448 2197 ponit
461 2155 477 2174 *
497 2157 600 2198 ipsam
622 2167 690 2188 esse
712 2156 950 2192 enuntiativam,
966 2163 1041 2188 etc.:
1066 2158 1274 2197 postmodum
1290 2158 1334 2194 **,
1351 2158 1413 2188 dis-

447 2211 502 2233 ens
524 2201 627 2242 ipsam
649 2211 668 2231 a
691 2200 756 2232 suis
778 2200 928 2240 partibus,
945 2206 976 2232 et
998 2200 1187 2232 distribuens
1208 2201 1339 2241 singulis
1355 2212 1412 2232 sua

413 2245 469 2281 cia,
487 2254 630 2285 expresse
645 2244 699 2277 d‘at
714 2244 859 2276 eubuliae
873 2250 956 2276 recte
971 2244 1137 2281 consiliari,
1153 2255 1290 2284 gnomae
1305 2252 1413 2276 autem

322 2282 328 2294 ’
356 2295 387 2319 et
409 2288 513 2329 synesi
528 2295 610 2318 recte
625 2288 772 2324 iudicare,
797 2288 982 2328 prudentiae
997 2295 1104 2319 autem
1119 2295 1201 2319 recte
1217 2289 1411 2330 praecipere;

354 2332 388 2362 hi
418 2332 504 2363 enim
531 2338 618 2362 actus
652 2341 764 2362 omnes
794 2338 868 2362 sunt
895 2331 1076 2371 prudentis,
1102 2338 1133 2362 et
1155 2333 1332 2363 secundum
1355 2333 1411 2364 has

355 2382 458 2416 partes
472 2375 503 2408 ei
517 2375 720 2408 conveniunt.
735 2374 871 2407 Constat
888 2385 1019 2416 quoque
1041 2376 1130 2416 quod
1145 2376 1185 2406 de
1199 2377 1328 2416 agendis
1343 2386 1410 2408 non

355 2426 402 2454 eat
416 2426 636 2453 <nummata
652 2418 731 2451 ratio
747 2428 804 2459 per
818 2418 987 2451 eonsilium
1006 2426 1037 2451 et
1050 2419 1222 2451 iudicium:
1245 2421 1301 2452 sed
1315 2431 1412 2461 opor-

354 2469 624 2504 nupt-acceptum
646 2469 768 2495 rectum
790 2463 1006 2503 supervenire,
1033 2463 1162 2504 quando
1186 2471 1328 2503 oportet,
1353 2472 1412 2496 etc.

354 2507 488 2547 Propter
501 2506 592 2539 cuius
607 2506 779 2544 defectum,
801 2506 921 2538 multos
943 2507 1088 2538 videmus
1111 2517 1177 2537 non
1200 2508 1323 2547 operari
1337 2518 1412 2548 pru-

355 2551 475 2587 denter.
489 2557 526 2582 ut
549 2550 696 2583 consulto
717 2550 869 2582 iudicent.
889 2550 1070 2590 Praecipere
1085 2560 1159 2590 ergo
1174 2558 1256 2582 recte
1276 2558 1322 2582 est
1337 2562 1410 2592 pro-

355 2594 443 2634 prius
465 2599 499 2627 ‘et
518 2594 708 2634 praecipuus
729 2593 917 2633 prudentiae
937 2600 1035 2624 actus.

411 2637 649 2677 Consequentia
675 2644 783 2669 autem
811 2637 998 2677 probatione
1021 2647 1087 2668 non
1110 2644 1188 2677 eget.
1214 2638 1298 2675 Quia
1328 2639 1409 2669 sicut

355 2681 534 2722 praecipere
554 2690 622 2713 non
639 2687 686 2712 eet
705 2681 900 2720 intelligibile
922 2680 998 2721 quin
1014 2681 1190 2721 dependeat
1204 2682 1243 2712 ab
1258 2682 1411 2722 appetitu,

355 2724 508 2765 praecipit
529 2724 615 2756 enim
629 2724 763 2764 quilibet
785 2725 914 2764 volens;
930 2724 974 2755 ita
988 2731 1069 2755 recte
1085 2725 1263 2765 praecipere
1278 2726 1336 2756 sibi
1350 2726 1411 2766 ipsi

355 2769 389 2801 in
410 2768 597 2800 huiusmodi
618 2768 804 2804 moralibus,
820 2777 888 2798 non
910 2775 959 2800 est
970 2768 1030 2799 nisi
1053 2778 1071 2798 a
1093 2775 1179 2800 recto
1200 2769 1354 2809 appetitu.
1371 2771 1413 2801 Et

355 2812 418 2845 hoe
435 2818 487 2851 ,est
508 2813 627 2852 absque
649 2811 749 2843 dubio
771 2812 957 2843 tenendum.

411 2855 465 2887 lv.
480 2855 658 2893 Quomodo
673 2862 782 2887 autem
795 2855 858 2886 hoc
872 2855 911 2886 sit
921 2855 948 2892 ³⁸,
962 2855 1178 2887 manifestatur
1193 2866 1230 2887 ex
1242 2857 1313 2897 ipso
1329 2864 1412 2894 actu,

356 2906 387 2933 et
409 2899 577 2940 principio.
596 2899 684 2932 Cum
705 2899 818 2940 aliquis
842 2900 1012 2939 prudenter
1033 2909 1066 2930 se
1088 2900 1182 2931 habet
1205 2901 1243 2931 ad
1268 2911 1305 2931 ea
1327 2911 1409 2942 quae

356 2943 560 2976 abstinentiae
574 2953 593 2973 a
616 2942 687 2974 cibo
711 2949 742 2974 et
764 2950 843 2983 potu
859 2950 943 2979 sunt,
963 2952 1030 2974 non
1052 2943 1168 2974 idcirco
1192 2945 1362 2984 prudenter
1378 2955 1411 2975 se

355 2987 459 3023 habet.
475 2987 551 3028 quia
570 2993 652 3018 recte
675 2987 819 3018 discurrit
841 2987 920 3019 circa
943 2986 1128 3028 qualitatem
1151 2994 1181 3018 et
1203 2989 1412 3028 quantitatem

356 3037 387 3064 et
408 3037 538 3071 tempus
557 3030 704 3062 sumendi
727 3030 788 3062 cibi
806 3037 862 3061 aut
883 3037 990 3070 potus,
1006 3037 1081 3067 etc.;
1105 3041 1163 3062 nec
1177 3031 1253 3072 quia
1267 3039 1348 3062 recte
1363 3032 1412 3062 iu-

356 3075 438 3108 dicat
458 3074 492 3106 in
515 3074 626 3106 ordine
650 3074 690 3105 ad
711 3074 929 3107 conditionem
948 3083 1048 3110 suam,
1065 3081 1137 3105 etc-t
1154 3075 1210 3105 sed
1232 3075 1307 3116 quia
1329 3075 1413 3106 recte

355 3118 483 3151 inventa
504 3125 536 3149 et
555 3118 694 3149 iudicata
715 3118 775 3149 sibi
794 3118 855 3158 ipsi
878 3125 1046 3159 praecepto
1069 3118 1216 3159 imponit.
1240 3119 1410 3159 Praecepto

356 3169 463 3195 autem
482 3162 565 3198 dim,
583 3172 651 3193 non
673 3172 740 3202 quo
763 3162 888 3192 animus
910 3161 1091 3202 imperfecte
1114 3162 1249 3202 imperat
1262 3162 1321 3193 sibi
1344 3163 1408 3194 vel-

355 3206 458 3238 leitate
481 3206 636 3246 quadam,
661 3206 742 3238 sicut
763 3205 876 3238 accidit
897 3205 1011 3246 tepidis
1032 3205 1065 3236 in
1087 3206 1138 3236 via
1159 3206 1331 3243 virtutum,
1355 3207 1412 3247 qui

354 3250 471 3282 vellent
485 3250 617 3290 quidem
634 3256 722 3280 actus
743 3250 906 3286 virtutum,
926 3249 980 3280 sed
1003 3249 1036 3279 in
1058 3249 1186 3281 veritate
1201 3259 1266 3280 non
1280 3251 1407 3282 volunt:

355 3294 412 3326 aad
435 3303 502 3334 quo
527 3294 652 3325 animus
677 3293 814 3334 perfecte
839 3293 898 3324 sibi
922 3293 1073 3333 imperat,
1101 3303 1167 3324 non
1196 3294 1271 3334 quia
1297 3295 1409 3332 uellet,

355 3338 411 3370 sed
432 3338 508 3378 qnia
530 3339 614 3375 vult,
638 3344 675 3368 ut
695 3337 895 3378 Augustinus
922 3337 1060 3377 disputat
1081 3337 1115 3368 in
1137 3337 1208 3368 VIII
1234 3338 1378 3379 consess.
1393 3338 1413 3358 ¹*

355 3381 441 3413 Cum
465 3388 572 3414 autem
585 3381 721 3422 perfecte
743 3381 803 3412 sibi
817 3381 878 3422 ipsi
892 3381 1026 3421 imperat
1039 3381 1164 3412 animus
1181 3388 1327 3421 appetere
1341 3389 1410 3413 tan-

354 3432 435 3462 tum.
451 3426 556 3462 talem,
573 3425 627 3456 tali
649 3425 737 3461 hora,
751 3432 881 3466 propter
903 3426 1027 3455 bonum
1050 3425 1188 3461 rationis,
1215 3432 1285 3462 etc„
1302 3425 1410 3456 cibum

319 3468 321 3472 ’
355 3475 387 3502 et
400 3476 540 3510 =potum;
560 3475 688 3510 oportet
710 3469 799 3510 quod
822 3469 884 3500 hoc
906 3469 1027 3500 acmale
1050 3469 1220 3509 imperium
1243 3470 1282 3501 ab
1299 3469 1411 3500 actuali

355 3513 496 3553 appetitu
521 3513 597 3544 boni
620 3513 750 3544 rationis
773 3513 805 3543 in
828 3512 883 3543 tali
901 3512 1039 3549 materia,
1056 3522 1150 3549 nunc,
1169 3513 1230 3549 hic,
1252 3520 1320 3549 etc„
1337 3523 1410 3554 pro·

356 3557 459 3590 cuba:
478 3557 540 3588 nisi
555 3557 641 3588 enim
654 3557 749 3587 vellet
764 3566 859 3593 nunc,
875 3556 936 3593 hic,
951 3557 1014 3587 hoc
1029 3557 1162 3593 bonum,
1179 3563 1248 3593 etc„
1264 3567 1329 3588 non
1342 3566 1413 3597 per-

496 3610 605 3635 Smmaa
623 3609 724 3634 Timor..
743 3609 775 3634 D.
788 3609 902 3634 Tuosne
914 3609 946 3633 T.
966 3609 1005 3634 111.

2434 242 2507 291 377

1457 319 1536 350 fecte
1559 319 1757 360 praeciperet.
1774 319 1816 349 Et
1838 319 1991 359 quoniam
2014 329 2055 349 ex
2077 319 2231 350 similibus
2253 320 2374 351 actibus
2392 322 2511 352 similes

1457 363 1583 394 habitus
1599 368 1801 404 generantur
1815 362 1847 398 “;
1865 369 1894 393 et
1918 363 1997 393 sicut
2012 369 2099 393 actus
2113 363 2151 395 ab
2167 370 2253 399 actu,
2270 364 2312 395 ita
2331 364 2456 395 habitus
2471 365 2510 395 ab

1458 408 1567 438 habitu
1590 407 1723 447 pendet:
1746 406 1819 436 ideo
1835 416 1872 436 ex
1895 406 2100 447 frequentatis
2116 406 2299 437 huiusmodi
2323 408 2443 438 actibus
2457 418 2509 448 ge-

1458 458 1584 482 neratur
1606 450 1731 482 habitus
1746 450 1865 486 similis,
1879 450 1995 481 scilicet
2017 457 2098 480 recte
2114 451 2328 490 praeceptivus
2351 451 2384 482 in
2402 452 2510 482 huius-

1459 495 1565 532 modi,
1581 502 1611 526 et
1626 495 1805 534 dependens
1828 495 1867 524 ab
1891 493 1998 525 habitu
2022 500 2143 524 rectum
2166 494 2313 525 reddente
2335 495 2511 535 appetitum

1459 539 1499 569 ad
1521 538 1619 569 finem
1638 539 1678 568 ad
1700 548 1798 579 quem
1819 538 1957 578 prudens
1979 537 2122 578 imperat,
2138 538 2261 568 bonurn
2281 538 2396 570 scilicet
2418 539 2510 570 ratio-

1459 583 1507 613 nis
1530 583 1562 613 in
1585 582 1640 613 tali
1663 582 1801 618 materia,
1818 581 1878 618 hic,
1895 591 1990 617 nunc,
2010 581 2098 618 mihi,
2116 587 2174 612 etc.

1514 627 1645 662 Rursus,
1663 636 1737 656 cum
1755 626 1858 656 multo
1882 625 2014 656 consilio
2037 624 2076 656 et'
2090 632 2175 656 recto
2196 625 2314 656 iudicio
2338 625 2511 656 definierim

1459 670 1520 701 tale
1542 671 1675 705 bonum,
1693 676 1770 709 puta
1787 669 2011 710 temperantiae
2033 669 2084 700 vel
2098 669 2360 707 mansuetudinis,
2373 679 2511 700 essevo-

1460 714 1591 744 lendum
1614 721 1644 744 et
1672 714 1873 749 sectandum:
1901 723 1966 743 non
1990 719 2155 753 propterea
2178 713 2257 743 mihi
2279 713 2511 753 imponendum

1461 768 1555 794 nunc,
1575 757 1635 793 hic,
1652 757 1815 787 efficaciter
1838 757 2009 793 videbitur,
2031 756 2091 786 nisi
2115 757 2173 793 sic,
2197 756 2312 788 scilicet
2335 757 2512 788 secundum

1460 801 1652 841 appetitum,
1679 800 1850 840 dispositus
1873 800 1943 831 sim.
1974 800 2126 840 Experior
2148 800 2233 830 enim
2255 801 2345 841 quod
2367 800 2511 831 famelico

1461 851 1516 875 aut
1537 845 1697 876 sitibundo
1714 852 1769 875 aut
1782 844 1871 880 irato,
1895 844 1980 874 aliud
2002 844 2126 874 videtur
2141 843 2304 875 efficaciter
2319 854 2512 885 prosequen-

1461 889 1540 919 dum
1555 898 1654 928 quarn
1677 898 1742 918 non
1765 887 1942 928 appetenti:
1966 894 1997 918 et
2019 897 2085 917 non
2103 894 2264 928 appetens,
2287 888 2411 928 impero
2433 888 2510 919 mihi

1461 932 1680 963 abstinentiam
1693 938 1747 962 aut
1760 931 2052 967 mansuetudinem
2069 938 2220 971 appetens
2235 938 2351 968 autem,
2364 942 2511 972 prosecu-

1460 976 1592 1007 tionem.
1607 975 1648 1006 Et
1662 975 1733 1011 hoc,
1750 975 1824 1016 quia
1839 975 1943 1015 qualis
1958 976 2172 1016 unusquisque
2187 981 2244 1013 est,
2255 976 2330 1007 talis
2343 977 2374 1007 ei
2388 976 2514 1007 videtur

1451 1020 1535 1061 finis
1554 1018 1579 1055 *,
1597 1019 1704 1059 quoad
1727 1018 1991 1058 prosecutionem,
2012 1028 2093 1059 quae
2116 1019 2258 1050 consistit
2278 1019 2312 1050 in
2334 1026 2512 1060 praecepto,

1462 1070 1497 1094 ut
1511 1073 1548 1094 ex
1563 1062 1746 1103 supradictis
1759 1062 1777 1082 *
1791 1063 1830 1093 de
1845 1062 1955 1093 ordine
1970 1069 2100 1093 actuum
2113 1062 2293 1099 voluntatis,
2310 1070 2404 1103 patet.
2421 1064 2514 1094 Unde

1462 1117 1536 1139 cum
1559 1106 1725 1148 prudentia
1755 1106 1895 1137 habituet
1925 1115 1976 1136 me
1999 1106 2039 1136 ad
2068 1106 2324 1146 praecipiendum
2353 1107 2431 1138 mihi
2452 1107 2512 1147 ipsi

1464 1161 1605 1181 consona
1629 1157 1714 1181 recto
1741 1149 1796 1180 fini
1819 1149 1988 1180 moralium
2016 1156 2147 1180 actuum
2175 1159 2335 1186 meorum;
2359 1157 2390 1182 et
2412 1151 2514 1191 qualis

1463 1205 1535 1225 sum
1557 1194 1733 1225 secundum
1756 1194 1933 1233 appetitum
1957 1203 2075 1229 meum,
2091 1194 2161 1224 talis
2184 1194 2262 1224 mihi
2284 1194 2407 1225 videtur
2425 1193 2511 1225 finis:

1463 1248 1659 1279 consequens
1675 1245 1721 1269 est
1736 1238 1825 1278 quod
1846 1236 1918 1267 finis
1940 1247 2041 1273 meus,
2058 1237 2248 1277 inquantum
2267 1248 2419 1278 apparens
2435 1238 2515 1268 mihi

1462 1282 1653 1322 principium
1676 1291 1765 1312 meae
1788 1281 1988 1321 prudentiae,
2013 1291 2049 1311 ex
2081 1281 2229 1321 qualitate
2251 1281 2314 1312 mei
2337 1282 2514 1312 secundum

1463 1326 1638 1365 appetitum
1662 1325 1845 1365 dependeat.
1870 1325 1911 1355 Et
1933 1324 1976 1355 sic
1999 1325 2164 1364 prudentia
2187 1335 2253 1355 non
2272 1332 2319 1356 est
2339 1325 2372 1356 in
2394 1325 2514 1356 ratione

1462 1369 1615 1405 absolute,
1637 1369 1692 1399 sed
1714 1369 1747 1398 in
1771 1369 1881 1398 ordine
1903 1369 1943 1398 ad
1967 1368 2161 1408 appetitum:
2185 1375 2216 1399 et
2237 1369 2440 1400 essentialiter
2462 1369 2515 1400 de-

1458 1413 1578 1452 'pendet
1599 1413 1638 1442 ab
1661 1412 1814 1452 appetitu,
1832 1422 1850 1442 a
1872 1422 1938 1452 quo
1962 1412 2078 1452 pendet
2099 1419 2303 1452 praeceptum
2326 1413 2394 1443 eius
2416 1419 2512 1449 actus,

1462 1462 1494 1486 et
1514 1456 1651 1493 variatur
1673 1456 1854 1495 apparentia
1877 1455 1957 1491 finis,
1982 1455 2049 1486 eius
2071 1455 2271 1495 principium.

1517 1500 1556 1530 V.
1576 1500 1618 1530 Et
1632 1506 1707 1530 nota
1722 1500 1820 1539 quod,
1832 1499 1904 1530 licet
1918 1506 2051 1539 utraque
2066 1499 2125 1535 via,
2143 1509 2179 1529 ex
2194 1506 2281 1539 parte
2297 1500 2412 1530 scilicet
2427 1506 2516 1531 actus

1463 1549 1493 1573 et
1516 1553 1553 1573 ex
1576 1549 1663 1582 parte
1685 1543 1829 1582 principii
1851 1542 2045 1582 prudentiae,
2061 1543 2212 1573 habeatur
2227 1543 2434 1582 dependentia
2449 1543 2516 1574 eius

1463 1587 1502 1616 ab
1525 1587 1684 1627 appetitu;
1708 1586 1782 1626 quia
1805 1593 1910 1618 tamen
1934 1586 2035 1626 prima
2058 1586 2108 1616 via
2135 1587 2376 1626 dependendam
2399 1587 2438 1618 ab
2461 1597 2516 1628 ap-

1463 1630 1562 1670 petitu
1581 1630 1783 1666 intellectivo,
1800 1639 1818 1659 a
1841 1639 1907 1670 quo
1923 1630 2038 1670 pendet
2056 1629 2239 1669 imperium;
2259 1631 2396 1661 secunda
2409 1637 2518 1661 autem

1463 1674 1706 1714 dependentiam
1721 1675 1761 1704 ab
1783 1673 1925 1713 appetitu
1941 1673 2132 1713 simpliciter,
2157 1673 2221 1703 sive
2242 1673 2432 1704 intellectivo
2453 1674 2517 1705 sive

1463 1718 1630 1755 sensifivo,
1651 1724 1688 1748 ut
1717 1724 1764 1748 est
1785 1717 1942 1757 perfectus
1972 1717 2148 1753 moraliter,
2174 1717 2327 1748 ostendit:
2351 1717 2423 1748 ideo
2452 1724 2516 1748 tam

1463 1762 1647 1793 Aristoteles
1661 1762 1693 1792 in
1708 1762 1750 1793 VI
1762 1762 1864 1792 Ethic.
1877 1761 1903 1797 *‚
1916 1771 2014 1801 quam
2027 1763 2148 1791 Auctor
2158 1760 2220 1797 hic,
2232 1761 2370 1791 secunda
2379 1761 2429 1791 via
2442 1771 2518 1792 usus

1465 1812 1511 1836 est
1533 1806 1573 1837 ad
1597 1806 1815 1836 declarandam
1838 1805 2081 1845 dependentiam
2096 1805 2280 1844 prudentiae
2302 1805 2341 1835 ab
2364 1805 2516 1845 appetitu.

1464 1850 1506 1880 Et
1528 1850 1657 1880 merito:
1681 1849 1756 1890 quia
1779 1849 2021 1889 dependentium
2039 1859 2058 1878 a
2079 1849 2246 1879 virtutibus
2269 1848 2442 1879 moralibus
2457 1856 2518 1880 tra-

1465 1900 1562 1930 ctant,
1584 1903 1666 1934 quae
1693 1903 1759 1923 non
1782 1893 1814 1923 in
1847 1893 1917 1923 solo
1946 1892 2137 1923 intellecn'vo
2165 1892 2306 1932 appetitu
2339 1899 2424 1923 sunt.
2447 1893 2516 1933 Ego

1465 1944 1571 1969 autem
1594 1937 1762 1979 paululum
1785 1936 1866 1967 forte
1889 1936 2044 1976 digressus
2068 1945 2155 1972 sum,
2181 1944 2216 1967 ut
2239 1936 2439 1966 subvenirem
2460 1936 2518 1967 im·

1465 1981 1623 2012 beciIlitati
1646 1991 1712 2013 non
1735 1980 1967 2021 penetrantium
1990 1987 2116 2011 naturas
2138 1980 2255 2010 horum
2277 1980 2459 2016 habituum;
2478 1990 2518 2011 ne

1465 2025 1621 2061 fallantur,
1645 2025 1812 2065 loquentes
1828 2025 1867 2055 de
1883 2024 1935 2054 tali
1950 2023 2064 2055 virtute
2078 2023 2290 2060 intellectuali,
2306 2024 2340 2054 in
2357 2023 2517 2055 intellectu

1465 2076 1589 2100 tantum
1612 2069 1761 2100 sistendo.

1518 2113 1571 2144 VI.
1586 2112 1677 2144 Circa
1689 2112 1908 2143 conclusiones
1924 2111 2098 2142 eorundem
2110 2111 2299 2142 ultimorum
2313 2111 2519 2142 articulorum

1466 2157 1607 2189 eiusdem
1631 2156 1822 2197 quaestionis
1846 2155 2264 2196 quinquagesimaeoctavae,
2280 2156 2405 2186 adverte
2428 2155 2518 2195 quod

1465 2201 1600 2231 inclusio
1622 2200 1745 2231 virtutis
1767 2199 2002 2234 intellectualis,
2025 2206 2101 2239 puta
2126 2199 2323 2239 prudentiae,
2340 2199 2374 2229 in
2389 2199 2518 2234 morali,

1466 2245 1631 2275 manifesta
1653 2244 1743 2276 valde
1766 2250 1812 2275 est
1835 2253 1871 2274 ex
1903 2242 2084 2274 definitione
2115 2242 2238 2273 virtutis
2263 2243 2288 2273 II
2311 2243 2414 2274 Ethic.
2439 2242 2458 2262 *
2479 2242 2520 2274 Et
2548 2248 2557 2257 ·

1465 2289 1610 2330 quamvis
1634 2288 1795 2319 neminem
1817 2286 1960 2317 videatur
1989 2286 2102 2316 habere
2126 2286 2403 2323 contradictorem,
2427 2286 2521 2317 habet

1465 2339 1571 2364 tamen
1595 2331 1820 2362 difficultatem.
1838 2330 2015 2368 Quoniam,
2035 2336 2071 2360 ut
2095 2330 2215 2360 dictum
2231 2337 2277 2360 est
2295 2340 2333 2360 ex
2346 2331 2388 2361 VI
2403 2330 2519 2367 Ethic„

1465 2382 1496 2407 et
1518 2376 1569 2406 hic
1583 2375 1612 2412 ⁴²,
1630 2375 1753 2406 virtutis
1776 2375 1905 2412 moralis
1928 2381 1974 2405 est
1995 2374 2122 2406 tendere
2143 2374 2176 2403 in
2199 2373 2304 2410 finem,
2329 2374 2520 2414 principium

1465 2419 1665 2460 prudentiae:
1688 2418 1879 2460 principium
1901 2425 2008 2448 autem
2031 2427 2098 2448 non
2119 2417 2274 2457 dependet
2289 2428 2307 2448 a
2322 2417 2519 2458 principiato,

1465 2474 1523 2494 nec
1546 2463 1634 2504 prius
1657 2473 1675 2493 a
1698 2462 1874 2502 posteriori.
1891 2462 1999 2492 Virtus
2021 2461 2116 2501 igitur
2138 2462 2267 2491 moralis
2283 2471 2347 2492 non
2371 2462 2487 2501 pendet
2502 2472 2521 2491 a

1463 2507 1579 2539 virtute
1600 2506 1812 2542 intellectuali,
1828 2515 1911 2546 quae
1934 2513 1981 2536 est
2002 2505 2177 2544 prudentia.

1521 2550 1660 2581 Inclusio
1682 2557 1790 2580 autem
1807 2549 1929 2580 virtutis
1952 2548 2131 2579 moraliain
2154 2548 2364 2585 intellectuali,
2381 2549 2518 2589 pruden-

1465 2594 1507 2625 tia
1530 2594 1661 2629 scilicet,
1686 2601 1717 2625 et
1739 2594 1832 2623 habet
1855 2593 1997 2628 Scotum,
2019 2592 2091 2622 loco
2115 2592 2248 2632 allegato
2265 2592 2293 2628 *,
2317 2593 2519 2632 oppositum:

1466 2638 1540 2678 quia
1563 2637 1650 2678 prius
1666 2647 1732 2667 non
1755 2637 1911 2676 dependet
1928 2646 1946 2666 a
1964 2635 2145 2676 posteriori;
2169 2636 2337 2676 prudentia
2350 2643 2458 2666 autem
2473 2643 2520 2667 est

1466 2682 1561 2721 prior,
1580 2687 1651 2712 tum
1673 2681 1748 2722 quia
1771 2687 1818 2710 est
1846 2680 2003 2710 dictamen
2026 2686 2163 2715 rectum,
2193 2686 2232 2710 un
2257 2679 2376 2710 dictum
2399 2679 2460 2710 fuit
2481 2679 2518 2715 ἢ

1465 2733 1535 2756 tum
1558 2725 1633 2766 quia
1657 2725 1752 2755 dictat
1778 2725 1817 2754 de
1840 2723 1902 2754 fine
1925 2723 2117 2764 particulari,
2145 2730 2175 2753 et
2201 2723 2249 2753 his
2271 2733 2352 2764 quae
2382 2730 2456 2754 sunt
2479 2724 2520 2753 ad

1465 2768 1572 2800 finem.
1588 2770 1677 2799 Tum
1699 2768 1774 2810 quia
1796 2777 1862 2798 non
1881 2774 1929 2798 est
1950 2767 2106 2807 assignare
2123 2774 2230 2798 actum
2250 2777 2315 2807 quo
2334 2774 2521 2807 generentur

1465 2813 1543 2844 istae
1563 2813 1709 2848 virtutes,
1733 2812 1849 2845 scilicet
1871 2811 2000 2841 moralis
2026 2818 2057 2841 et
2078 2820 2135 2840 sua
2158 2811 2342 2850 prudentia:
2365 2811 2440 2851 quia
2460 2820 2519 2841 nec

1465 2857 1651 2894 intellectus,
1669 2866 1726 2886 nec
1748 2855 1929 2886 voluntatis.
1945 2872 1967 2878 —
1982 2855 2023 2885 Et
2038 2854 2131 2884 habet
2153 2854 2369 2885 difficultatem
2392 2861 2521 2894 propter

1466 2901 1537 2937 hoc,
1557 2901 1645 2941 quod
1661 2900 1804 2931 medium
1821 2899 1927 2930 virtuti
1946 2898 2059 2928 morali
2077 2898 2292 2939 praestituitur
2306 2909 2323 2928 a
2339 2898 2518 2938 prudentia:

1466 2951 1502 2975 ut
1519 2950 1607 2984 patet
1628 2953 1665 2974 ex
1680 2943 1863 2974 definitione
1885 2942 2008 2973 virtutis
2023 2941 2160 2978 moralis,
2185 2948 2216 2972 et
2238 2942 2436 2982 experientia.
2454 2943 2520 2972 Me-

1466 2988 1555 3019 dium
1574 2994 1681 3018 autern
1705 2994 1751 3018 est
1772 2986 1844 3017 finis
1866 2986 1989 3017 virtutis
2012 2985 2150 3016 moralis.
2170 2985 2276 3016 Virtus
2295 2995 2370 3025 ergo
2393 2985 2522 3016 moralis

1466 3041 1531 3062 non
1555 3031 1719 3072 principiat
1741 3030 1956 3071 prudentiam:
1981 3030 2036 3063 sed
2059 3040 2075 3060 e
2099 3038 2251 3060 converso
2274 3029 2440 3069 prudentia
2466 3029 2520 3060 dat

1466 3076 1493 3106 ei
1516 3075 1622 3112 finem,
1635 3074 1837 3115 'principium
1859 3074 1893 3104 in
1916 3073 2100 3105 moralibus.

1519 3119 1585 3150 VII.
1603 3119 1654 3149 Ad
1677 3118 1864 3149 evidentiam
1887 3116 2003 3148 horum
2026 3123 2129 3148 essent
2150 3117 2251 3148 multa
2274 3117 2418 3153 dicenda,
2438 3126 2522 3157 quo-

1465 3173 1537 3194 rum
1560 3163 1717 3203 quaedam
1739 3162 1780 3193 ad
1801 3171 1856 3202 qu.
1875 3171 1960 3197 vat,
1985 3167 2043 3192 art.
2067 3162 2100 3197 3,
2123 3161 2163 3191 ad
2190 3161 2222 3197 3,
2247 3167 2400 3200 spectant;
2424 3170 2520 3200 quae·-

1466 3208 1539 3237 dam
1562 3207 1602 3236 ad
1625 3216 1679 3247 qu.
1695 3215 1778 3236 xzvn
1798 3205 1825 3242 *‚
1850 3205 1888 3235 11·
1912 3205 1974 3235 11¹¹.
1998 3205 2089 3236 Unde
2113 3214 2188 3235 cum
2209 3205 2370 3235 intendam
2392 3204 2426 3234 in
2448 3213 2520 3243 pro-

1465 3251 1540 3291 priis
1562 3250 1640 3280 locis
1671 3249 1794 3289 singula
1826 3249 1993 3284 discutere,
2023 3258 2083 3289 pro
2114 3258 2198 3279 nunc
2228 3248 2440 3288 supponendo
2464 3248 2521 3278 do-

1466 3295 1597 3325 ctrinam
1620 3293 1776 3329 Auctoris,
1801 3292 2019 3323 declarandam
2038 3292 2168 3322 inferius
2182 3292 2209 3328 *,
2229 3292 2307 3323 scito
2323 3292 2420 3332 quod,
2441 3291 2522 3322 sicut

1466 3338 1499 3368 in
1521 3338 1681 3368 intellectu
1705 3337 1899 3377 speculativo
1923 3342 1997 3366 sunt
2020 3336 2084 3366 duo
2107 3336 2242 3371 habitus,
2259 3335 2375 3366 scilicet
2398 3335 2522 3365 intelle—

1467 3389 1534 3413 ctus
1557 3388 1588 3412 et
1610 3381 1751 3417 scientia,
1769 3387 1801 3411 et
1813 3380 1950 3416 scientia,
1966 3386 2058 3410 utens
2076 3379 2347 3420 propositionibus
2364 3379 2520 3419 pertinen·

1467 3426 1550 3456 tibus
1574 3425 1614 3455 ad
1637 3425 1842 3461 intellectum,
1858 3424 2052 3454 demonstrat
2074 3433 2110 3454 ex
2134 3423 2287 3454 evidentia
2301 3423 2427 3453 illarum
2446 3432 2519 3462 pro-

1467 3469 1664 3510 positionum
1695 3475 1726 3499 et
1748 3468 1890 3501 discursu
1920 3467 2128 3508 syllogisdco;
2152 3467 2195 3497 ita
2223 3474 2268 3497 est
2295 3466 2328 3496 in
2357 3466 2517 3498 intellectu

1468 3513 1619 3554 practico,
1637 3512 1732 3543 etiam
1746 3513 1779 3543 in
1802 3511 1932 3543 materia
1954 3511 2133 3551 agibilium,
2157 3510 2183 3540 si
2206 3510 2238 3540 in
2261 3520 2343 3550 puro
2362 3510 2521 3540 intellectu

2540 369 2548 378 ·
2559 368 2595 390 Cf.
2603 367 2747 393 Afistot-,E-

2538 394 2601 420 mic„
2609 394 2651 416 iis.
2658 394 2686 420 ιι,
2695 399 2746 441 Ἥ.

2538 426 2591 468 ἰεέέῑ
2606 427 2628 468 Ξ·
2641 430 2652 436 “
2666 421 2691 442 ⁵·
2740 434 2746 440 ·

2539 1025 2550 1035 ⁸
2570 1024 2606 1046 Cf.
2625 1024 2693 1051 ibid„
2709 1024 2749 1045 lib.

2539 1050 2570 1072 111
2586 1056 2636 1078 eap.
2643 1057 2664 1076 v,
2674 1056 2750 1077 n.17.-

2540 1067 2620 1098 S.²I'b.
2634 1077 2684 1098 lect.
2699 1082 2750 1098 xm.

2539 1103 2551 1114 ⁸
2559 1103 2606 1130 Qu.
2617 1109 2664 1129 xvi,
2674 1106 2715 1124 art.
2726 1110 2749 1129 4,

2541 1129 2673 1151 commem.
2685 1134 2748 1150 num.

2539 1161 2564 1177 11.

2546 1766 2753 1792 'Ct'.num.111,init.

2547 2246 2757 2295 s.C÷³K.·I;÷{3·.¹1⁵f.·

2548 2378 2559 2388 ⁸
2566 2377 2600 2399 cf.
2610 2383 2673 2399 num.
2682 2383 2715 2404 ιιι,
2725 2383 2757 2399 rv.

2549 2601 2556 2609 ¹
2572 2599 2609 2621 Cf.
2623 2605 2686 2620 num.
2702 2605 2726 2620 ιι.

2546 2686 2557 2697 ’
2567 2685 2638 2707 Num.
2652 2691 2686 2706 111.

2549 3211 2557 3219 ”
2572 3211 2623 3232 Art.
2638 3210 2660 3231 6.

2548 3300 2556 3308 ·
2572 3298 2641 3319 Locis
2656 3298 2695 3320 cit.

1469 3564 1577 3588 statur.
1594 3557 1641 3587 Ex
1659 3556 1818 3597 synderesi
1842 3556 1936 3591 enim,
1953 3555 2007 3596 qui
2031 3562 2077 3585 est
2094 3554 2219 3585 habitus
2242 3554 2472 3594 principiorum
2486 3553 2519 3584 in
2558 3577 2560 3579 >

2345 3606 2379 3638 48
