2852 4152
0 890 2 895 v
0 733 9 882 v--2vwz-
0 695 7 723 a«
0 641 3 672 v*
0 432 7 628 ——r--a—-v-
0 358 6 423 -tv-
0 347 3 349 v
0 332 5 337 t
0 288 5 308 -„

144 870 155 879 ¹
171 869 218 896 Qu.
228 873 299 895 xxxn,
314 871 357 890 art.

145 1409 156 1420 “
169 1407 229 1431 Van
242 1405 275 1431 18.

144 2198 154 2208 ·
168 2197 226 2225 Cap.
240 2202 283 2219 ιιι.

144 2408 154 2418 ·
169 2405 218 2434 Qu.
232 2412 266 2434 m,
280 2409 322 2428 m.
333 2412 355 2434 5.

974 272 1239 319 QUAEsT1o
1269 271 1481 317 xxxvm,
1511 269 1806 307 ARTlcULUS
1838 269 1899 315 lv,
1928 269 1962 304 v

380 349 497 388 tineat
524 360 741 398 aggravare,
772 348 887 386 habet
915 350 1101 387 rationem
1131 349 1327 386 cuiusdam
1349 361 1438 385 one-

381 403 449 450 ris,
479 415 501 440 a
529 415 607 451 quo
642 402 775 450 aliquis
810 410 1034 450 aggravatus
1071 402 1237 439 alleviari
1269 409 1437 438 conatur.

383 455 484 492 Cum
514 467 602 503 ergo
633 454 767 503 aliquis
786 455 891 492 videt
918 456 965 492 de
990 467 1057 492 sua
1076 454 1220 492 tristitia
1238 454 1331 491 alios
1351 466 1439 491 con-

381 508 563 555 tristatos,
592 507 636 544 fit
663 507 697 544 ei
725 508 832 556 quasi
866 508 1055 556 quaedam
1090 508 1307 556 imaginatio
1336 506 1441 555 quod

381 560 472 598 illud
493 572 591 597 onus
619 560 679 597 alii
705 572 792 596 cum
813 560 896 609 ipso
915 562 1046 608 ferant,
1067 560 1175 609 quasi
1195 567 1377 597 conantes
1392 560 1441 596 ad

383 613 508 662 ipsum
538 613 587 652 ab
615 624 731 649 onere
760 613 1028 660 alleviandum,
1059 621 1095 650 et
1121 613 1208 650 ideo
1233 612 1354 650 levius
1373 613 1443 649 fert

382 665 550 702 tristitiae
578 677 696 702 onus:
726 665 821 701 sicut
846 666 960 702 etiam
990 666 1028 702 in
1047 666 1244 714 portandis
1264 665 1443 702 oneribus

384 718 644 766 corporalibus
665 718 853 766 contingit.
870 740 892 745 -
910 719 1088 756 Secunda
1108 719 1214 765 ratio,
1235 726 1271 755 et
1298 717 1443 764 melior,

383 778 440 810 est
476 770 565 820 quia
595 782 665 819 per
695 771 770 808 hoc
812 771 916 818 quod
949 771 1059 808 amici
1097 771 1361 808 contristantur
1388 770 1442 815 ei,

380 823 542 871 percipit
569 835 609 860 se
628 824 676 860 ab
705 823 759 860 eis
787 824 927 870 amari3
953 825 1056 873 quod
1076 831 1131 860 est
1151 823 1383 869 delectabile,
1402 830 1444 859 ut

384 888 498 924 supra
516 875 536 897 '¹‘
565 875 707 912 dictum
737 884 803 913 est.
824 877 946 923 Unde,
973 888 1060 913 cum
1089 876 1215 912 omnis
1247 875 1443 912 delectatio

438 976 465 1010 β)
485 979 594 1004 dolenti.
611 992 630 998 -
647 980 799 1004 condolenti
816 980 1000 1005 ABCDGHlL.

2473 268 2548 315 259

1494 348 1638 396 mitiget
1650 346 1848 393 tristitiam,
1865 346 1960 383 sicut
1975 357 2088 395 supra
2101 346 2122 367 '¹‘
2141 346 2282 382 dictum
2303 353 2369 393 est,
2386 346 2552 394 sequitur

1495 401 1600 449 quod
1628 400 1775 437 amicus
1802 399 2011 436 condolens
2038 398 2221 435 tristitiam
2249 398 2402 446 mitiget.

1548 455 1607 490 An
1622 464 1760 502 patmum
1778 462 1877 489 ERoo
1897 463 2080 489 mcENDUM
2100 451 2204 500 quod
2223 450 2262 487 in
2280 458 2440 499 utroque
2459 451 2553 488 ami-

1497 506 1580 543 citia
1599 505 1871 551 manifestatur,
1892 504 2032 540 scilicet
2052 511 2087 540 et
2106 504 2212 551 quod
2233 505 2444 551 congaudet
2463 516 2553 551 gau-

1497 559 1610 606 denti,
1632 566 1668 595 et
1696 557 1801 606 quod
1827 557 2006 594 condolet
2024 556 2165 593 dolenti
2183 554 2210 593 β,
2236 557 2284 592 Et
2302 556 2390 593 ideo
2408 565 2552 593 utrum-

1497 623 1573 660 que
1601 611 1745 648 ratione
1776 622 1911 647 causae
1941 609 2108 647 redditur
2137 608 2368 646 delectabile.

1550 666 1609 700 An
1642 675 1831 701 SEcUNDUM
1859 674 2041 700 DICENDUM
2069 662 2174 710 quod
2202 662 2282 710 ipse
2311 661 2420 698 dolor
2443 661 2554 698 amici

1498 717 1710 754 secundum
1730 728 1770 753 se
1790 715 2035 752 contristaret.
2058 716 2134 752 Sed
2154 714 2404 751 consideratio
2419 726 2554 751 causae

1497 770 1590 816 eius,
1621 781 1718 818 quae
1747 776 1803 806 est
1829 780 1950 815 amor,
1979 768 2100 815 magis
2128 768 2298 805 delectat.

1550 823 1600 859 Et
1626 834 1694 870 per
1721 822 1796 858 hoc
1822 829 1925 870 patet
1953 820 2151 870 responsio
2179 820 2228 857 ad
2255 820 2417 857 tertium.

1163 1122 1480 1164 ARTICULUS
1510 1120 1780 1173 QUARTUS
1979 1160 2017 1168 x

583 1205 738 1235 UTRUM
760 1205 843 1235 PER
866 1205 1302 1236 CONTEMPLATIONEM
1324 1205 1569 1240 VER1TAT1S‚
1594 1203 1744 1235 DOLOR
1766 1204 1824 1234 ET
1847 1204 2063 1234 TRISTITIA
2086 1202 2358 1233 MITIGENTUR

449 1326 477 1351 ,Y
499 1313 505 1327 ι
566 1317 569 1323 ‹
596 1308 619 1333 D
639 1273 813 1337 QUARTUM
832 1306 885 1331 sm
904 1306 1143 1332 PROCEmTUR.
1164 1294 1325 1331 Videtur
1340 1295 1445 1342 quod

392 1381 400 1393 ,
434 1326 555 1406 QZ!
527 1327 570 1388 ἴα
597 1346 865 1394 contemplatio
884 1346 1052 1383 veritatis
1077 1359 1156 1382 non
1174 1346 1320 1393 mitiget
1339 1347 1445 1383 dolo-

404 1384 555 1443 ,ἠως

463 1446 475 1453 ’
499 1445 507 1451 ἃ
573 1451 800 1495 scientiam,
828 1450 931 1486 addit
957 1455 994 1486 et
1018 1450 1198 1486 dolorem.
1215 1427 1296 1486 Sed
1325 1450 1446 1487 scien-

384 1503 435 1542 tia
467 1466 525 1540 ad
554 1502 914 1551 contemplationem
941 1502 1106 1539 veritatis
1142 1502 1315 1551 pertinet.
1353 1502 1446 1539 Non

385 1567 475 1604 ergo
504 1554 774 1604 contemplatio
801 1554 969 1592 veritatis
997 1554 1142 1602 mitigat
1170 1554 1356 1591 dolorem.

438 1620 475 1645 2.
504 1610 736 1655 PRAETEREA,
763 1607 1033 1656 contemplatio
1052 1607 1220 1644 veritatis
1238 1607 1288 1644 ad
1305 1606 1446 1643 intelle-

385 1669 489 1698 ctum
522 1661 800 1710 speculativum
830 1661 1003 1710 pertinet.
1034 1660 1111 1697 Sed
1140 1659 1341 1697 intellectus
1367 1672 1447 1708 spe-

288 1762 295 1769 ·
345 1731 356 1768 1
385 1714 568 1752 culativus
595 1725 669 1751 non
690 1718 824 1760 movet,
844 1721 887 1750 ut
906 1713 1050 1750 diciturv
1065 1713 1104 1749 in
1124 1713 1174 1750 III
1194 1713 1240 1750 de
1257 1713 1399 1749 Anima
1413 1712 1445 1749 ³¹⁸.

386 1767 486 1804 Cum
514 1766 624 1815 igitur
652 1765 832 1814 gaudium
862 1773 898 1802 et
922 1766 1031 1803 dolor
1050 1765 1123 1803 sint
1141 1765 1299 1815 quidam
1317 1773 1446 1803 motus

378 1819 518 1867 animi,
547 1819 700 1856 videtur
726 1819 833 1867 quod
862 1818 1132 1867 contemplatio
1159 1818 1326 1856 veritatis
1354 1818 1447 1856 nihil

376 1872 496 1910 >faciat
523 1872 572 1909 ad
600 1871 876 1919 mitigationem
905 1871 1059 1908 doloris.

439 1926 472 1962 3.
494 1926 727 1971 PRAETEREA,
758 1924 970 1961 remedium
990 1923 1231 1972 aegritudinis
1250 1936 1446 1972 apponen-

385 1977 478 2014 dum
508 1985 563 2014 est
581 1978 648 2014 ubi
673 1985 728 2014 est
756 1977 962 2025 aegritudo.
994 1978 1071 2014 Sed
1092 1977 1361 2025 contemplatio
1381 1989 1447 2013 ve-

383 2030 499 2067 ritatis
519 2037 574 2067 est
593 2030 631 2067 in
654 2030 856 2067 intellectu.
887 2031 979 2067 Non
999 2042 1088 2077 ergo
1108 2029 1253 2078 mitigat
1272 2030 1446 2066 dolorem

384 2083 636 2132 corporalem,
666 2083 730 2132 qui
757 2090 813 2120 est
840 2082 879 2119 in
907 2095 1032 2119 sensu.

438 2136 513 2173 SED
533 2147 679 2173 CONTRA
701 2147 768 2172 EsT
786 2136 892 2183 quod
911 2135 1144 2183 Augustinus
1168 2135 1267 2182 dicit,
1286 2134 1325 2171 in
1346 2137 1359 2171 Ι
1380 2136 1447 2171 So-

383 2188 483 2237 liloq.
503 2188 541 2225 *z
577 2189 780 2226 Videbatur
797 2189 900 2234 mihi,
919 2189 952 2225 si
969 2200 1009 2225 se
1027 2188 1088 2224 ille
1106 2188 1289 2225 mentibus
1312 2188 1447 2224 nostris

382 2242 548 2278 veritatis
568 2242 711 2291 fulgor
744 2242 924 2289 aperiret,
953 2246 1022 2277 aut
1046 2253 1120 2277 non
1154 2253 1215 2277 me
1247 2253 1444 2277 sensurum

369 2294 498 2342 fuisse
525 2294 628 2331 illum
657 2294 838 2339 dolorem,
867 2299 934 2330 aut
959 2299 1058 2330 certe
1073 2305 1149 2342 pro
1169 2293 1283 2330 nihilo
1311 2293 1446 2330 tolera-

382 2352 521 2383 turum.

437 2400 663 2436 RESPONDEO
679 2410 862 2435 D1CEND1JM
882 2399 998 2446 quod,
1019 2398 1114 2435 sicut
1132 2409 1247 2446 supra
1263 2398 1282 2418 *
1304 2398 1445 2436 dictum

383 2459 450 2499 est,
470 2451 509 2488 in
530 2451 851 2500 contemplatione
870 2450 1038 2488 veritatis
1063 2451 1228 2487 maxima
1248 2450 1446 2488 delectatio

383 2504 562 2542 consistit.
594 2504 732 2541 Omnis
761 2512 889 2541 autem
918 2503 1116 2541 delectatio
1147 2503 1320 2540 dolorem
1349 2504 1447 2540 miti-

382 2565 454 2605 gat,
483 2565 526 2594 ut
553 2570 668 2606 supra
686 2557 706 2578 '¹‘
735 2557 878 2594 dictum
904 2564 969 2593 est.
999 2557 1049 2593 Et
1066 2556 1154 2592 ideo
1176 2557 1445 2605 contemplatio

380 2610 547 2647 veritatis
576 2610 719 2657 mitigat
746 2609 931 2646 tristitiam
959 2610 1022 2645 vel
1051 2609 1245 2645 dolorem:
1277 2616 1312 2644 et
1337 2616 1442 2646 tanto

383 2662 520 2709 magis,
551 2670 693 2710 quanto
727 2661 929 2709 perfectius
961 2661 1095 2709 aliquis
1129 2669 1185 2697 est
1212 2668 1360 2697 amator
1387 2673 1445 2698 sa-

438 2775 464 2807 α)
483 2773 681 2806 speculationis.
697 2787 716 2792 -
733 2773 962 2804 contemplationis
982 2772 1030 2797 Pa.

1498 1293 1674 1341 pientiae.
1704 1294 1753 1330 Et
1779 1292 1866 1330 ideo
1895 1292 2072 1330 homines
2101 1305 2146 1330 ex
2166 1293 2483 1342 contemplatione
2503 1294 2556 1332 di-

1498 1345 1588 1382 vina
1604 1354 1640 1382 et
1654 1346 1800 1382 futurae
1816 1345 2097 1392 beatitudinis,
2089 1358 2127 1382 1n
2147 1345 2448 1383 tribulationibus
2469 1359 2558 1394 gau-

542 1396 688 1435 ⁴“³.Tem
709 1398 855 1435 Dicitur
884 1398 987 1434 enim
1009 1398 1132 1434 Eccle.
1154 1410 1164 1434 1
1185 1398 1224 1434 *ε
1249 1398 1324 1439 Qui
1344 1399 1448 1435 addit
1500 1398 1611 1442 dent;
1640 1400 1849 1435 secundum
1874 1398 1965 1435 illud
1990 1397 2349 1447 Iacobi1*:0mne
2373 1400 2556 1448 gaudium

1500 1426 1728 1495 existimate,
1754 1451 1903 1497 fratres
1930 1451 2023 1496 mei,
2057 1462 2142 1487 cum
2172 1451 2208 1487 in
2243 1452 2459 1488 tentationes
2490 1463 2558 1489 να-

1500 1501 1577 1538 rias
1605 1501 1816 1539 incideritis.
1846 1504 1895 1539 Et
1922 1480 2027 1550 quod
2055 1510 2110 1540 est
2129 1503 2307 1551 amplius,
2329 1504 2442 1541 etiam
2460 1504 2556 1541 inter

1501 1554 1670 1602 corporis
1696 1554 1881 1591 cruciatus
1900 1554 2120 1592 huiusmodi
2145 1556 2325 1602 gaudium
2350 1556 2556 1594 invenitur:

1501 1606 1594 1642 sicut
1617 1607 1804 1643 Tiburtius
1831 1613 1992 1654 martyr,
2013 1619 2097 1643 cum
2124 1608 2270 1644 nudatis
2282 1608 2421 1656 plantis
2447 1622 2559 1658 super

1500 1659 1672 1695 ardentes
1701 1671 1850 1707 prunas
1887 1660 2092 1704 incederet,
2130 1660 2244 1696 dixit:
2283 1661 2434 1697 Videtur
2468 1663 2562 1698 mihi

1500 1712 1601 1760 quod
1617 1723 1731 1759 super
1748 1724 1874 1748 roseos
1892 1713 2013 1760 flores
2033 1712 2214 1758 incedam,
2241 1713 2277 1749 in
2298 1715 2450 1750 nomine
2471 1715 2557 1750 Iesu

1506 1764 1644 1801 Christi
1660 1764 1691 1801 ²¹⁸.

1553 1819 1612 1854 AD
1633 1829 1769 1854 PR1M1JM
1788 1829 1886 1854 ERGO
1906 1829 2090 1854 DICENDUM
2115 1818 2218 1865 quod
2239 1818 2306 1865 qui
2326 1818 2430 1855 addit
2444 1819 2560 1856 scien-

1501 1870 1604 1916 tiam,
1633 1870 1738 1907 addit
1763 1870 1942 1916 dolorem,
1971 1871 2034 1907 vel
2061 1878 2218 1919 propter
2246 1870 2505 1908 difficultatem
2527 1880 2562 1908 et

1501 1922 1690 1960 defectum
1717 1923 1968 1960 inveniendae
1987 1923 2173 1960 veritatis:
2202 1924 2264 1960 vel
2291 1931 2448 1972 propter
2474 1925 2560 1972 hoc,

1500 1975 1605 2025 quod
1632 1988 1701 2024 per
1729 1975 1923 2012 scientiam
1952 1976 2072 2012 homo
2099 1976 2292 2023 cognoscit
2310 1975 2434 2026 Jmulta
2463 1990 2561 2026 quae

1499 2028 1683 2066 voluntati
1708 2029 1991 2065 contrariantur.
2022 2030 2071 2065 Et
2089 2029 2142 2065 sic
2162 2041 2206 2065 ex
2224 2036 2330 2077 parte
2351 2042 2478 2066 rerum
2500 2042 2562 2066 co-

1500 2081 1699 2129 gnitarum,
1717 2081 1871 2118 scientia
1891 2081 2063 2118 dolorem
2084 2089 2228 2118 causat:
2250 2094 2294 2118 ex
2313 2090 2419 2130 parte
2434 2091 2561 2119 autem

1501 2134 1832 2182 contemplationis
1859 2134 2036 2181 veritatis,
2067 2135 2368 2172 delectationem.

1553 2189 1612 2224 AD
1637 2199 1826 2224 SECUNDUM
1843 2199 2026 2225 DlCENDUM
2041 2186 2061 2208 '¹‘
2076 2187 2181 2234 quod
2199 2187 2406 2224 intellectus
2426 2200 2559 2236 specu·
2588 2201 2596 2209 ·
2620 2200 2626 2221 i

1499 2240 1635 2277 lativus
1663 2252 1742 2276 non
1770 2247 1904 2277 movet
1937 2239 2108 2276 animum
2139 2252 2183 2276 ex
2211 2248 2317 2288 parte
2346 2241 2398 2277 rei
2426 2253 2559 2289 specu·
2622 2233 2652 2274 11²„
2700 2233 2718 2275 1⁸

1499 2293 1617 2329 latae:
1647 2300 1780 2329 movet
1807 2300 1936 2329 tamen
1955 2292 2126 2329 animum
2147 2305 2192 2329 ex
2210 2300 2316 2341 parte
2335 2293 2449 2342 ipsius
2476 2306 2559 2342 spe-

1501 2345 1698 2382 culationis
1726 2350 1756 2392 0‘,
1776 2358 1875 2394 quae
1905 2352 1960 2381 est
1987 2346 2184 2393 quoddam
2212 2346 2357 2382 bonum
2381 2347 2558 2394 hominis,

1501 2405 1537 2434 et
1564 2398 1783 2434 naturaliter
1811 2397 2050 2434 delectabilis.

1553 2452 1611 2488 AD
1631 2462 1790 2488 TERTmM
1810 2463 1991 2488 DICENDUM
2008 2451 2112 2499 quod
2132 2451 2170 2487 in
2188 2451 2332 2488 viribus
2348 2451 2497 2488 animae
2517 2452 2560 2488 fit

1500 2503 1750 2540 redundantia
1779 2516 1801 2540 a
1829 2504 2013 2552 superiori
2041 2504 2090 2541 ad
2119 2504 2271 2540 inferius
2295 2503 2320 2540 β.
2351 2505 2400 2540 Et
2427 2517 2560 2541 secun-

1500 2556 1593 2593 dum
1621 2557 1707 2603 hoc,
1734 2556 1932 2593 delectatio
1962 2553 2303 2605 contemplationis,
2324 2569 2422 2604 quae
2447 2558 2559 2594 estin

1499 2609 1685 2656 superiori
1717 2617 1844 2657 parte,
1874 2609 2061 2646 redundat
2089 2610 2136 2646 ad
2165 2609 2415 2657 mitigandum
2445 2610 2558 2646 etiam

1498 2661 1672 2697 dolorem
1702 2661 1766 2709 qui
1795 2669 1850 2698 est
1876 2662 1916 2698 in
1945 2674 2069 2698 sensu.

1552 2771 1577 2805 β)
1595 2780 1613 2797 α
1631 2773 1765 2804 superiori
1783 2773 1819 2798 ad
1838 2773 1956 2806 inferius.
1974 2787 1993 2792 -·
2010 2774 2043 2798 ab
2063 2773 2184 2807 inferiori
2206 2774 2243 2798 ad
2261 2774 2382 2806 superius
2400 2774 2558 2799 ABCDEFG

1498 2808 1588 2836 HlLa‚·
1607 2812 1633 2832 et
1651 2815 1665 2833 e
1683 2815 1810 2833 converso
1830 2809 1899 2832 addit
1918 2809 1966 2833 εΗ.

1167 2963 1483 3004 ARTICULUS
1513 2962 1770 3014 QUINTUS

705 3046 860 3077 UTRUM
878 3045 1029 3077 DOLOR
1051 3046 1109 3076 ET
1133 3046 1350 3076 TRISTITIA
1372 3046 1652 3077 MITIGENTUR
1668 3047 1750 3077 PER
1773 3047 1955 3078 SOMNUM
1978 3047 2036 3077 ET
2059 3047 2230 3077 BALNEA

412 3152 478 3193 ³2„
493 3154 550 3182 „ae
528 3180 539 3187 v
529 3158 565 3201 ξ(
593 3147 616 3172 D
637 3146 798 3177 QUINTUM
817 3146 870 3171 Sic
898 3145 1136 3170 PROCEmTUR.
1157 3133 1317 3170 Videtur
1335 3134 1439 3193 quod

405 3170 566 3249 ²515?th
594 3200 752 3224 somnus
782 3194 817 3223 et
845 3187 1024 3223 balneum
1045 3198 1123 3223 non
1142 3186 1314 3234 mitigent
1331 3186 1439 3223 tristi-

396 3222 558 3301 fij&
532 3232 695 3278 tiam.
725 3239 892 3277 Tristitia
921 3239 1023 3276 enim
1051 3239 1090 3275 in
1110 3239 1239 3276 anima
1259 3239 1437 3276 consistit.

436 3270 533 3329 ζ”ἒῦ
548 3286 581 3329 Χ
594 3293 671 3330 Sed
698 3305 858 3330 somnus
877 3300 913 3329 et
932 3293 1112 3329 balneum
1132 3292 1179 3329 ad
1199 3304 1337 3352 corpus
1355 3304 1439 3340 per-

380 3346 510 3383 tinent.
540 3347 632 3383 Non
661 3358 748 3394 ergo
778 3345 919 3394 aliquid
942 3345 1080 3382 faciunt
1099 3345 1146 3382 ad
1167 3345 1439 3393 mitigationem

380 3399 560 3436 tristitiae.

437 3464 471 3489 2.
501 3453 733 3498 PRAETEREA,
762 3451 864 3488 idem
895 3450 1050 3488 effectus
1079 3463 1157 3487 non
1175 3450 1326 3487 videtur
1354 3463 1440 3487 cau-

381 3505 453 3542 sari
474 3517 519 3542 ex
539 3504 732 3541 contrariis
757 3504 892 3541 causis.
913 3504 989 3541 Sed
1008 3503 1239 3551 huiusmodi,
1261 3516 1348 3540 cum
1369 3504 1442 3540 sint

382 3558 616 3607 corporalia,
656 3565 868 3606 repugnant
906 3556 1211 3605 contemplationi
1249 3556 1438 3604 veritatis,

1494 3145 1593 3181 quae
1622 3141 1678 3170 est
1713 3146 1826 3170 causa
1857 3134 2096 3182 mitigationis
2130 3135 2314 3181 tristitiae,
2343 3143 2385 3172 ut
2413 3136 2552 3173 dictum

1495 3194 1550 3223 est
1567 3186 1598 3223 ³¹³.
1628 3187 1720 3223 Non
1750 3199 1839 3234 ergo
1864 3199 1934 3235 per
1951 3187 2171 3224 huiusmodi
2190 3187 2332 3225 tristitia
2351 3189 2551 3237 mitigatur.

1550 3240 1583 3276 3.
1605 3240 1837 3287 PRAETEREA,
1857 3239 2001 3277 tristitia
2021 3247 2056 3277 et
2075 3240 2195 3288 dolor,
2216 3241 2427 3278 secundum
2448 3243 2553 3290 quod

1493 3292 1681 3340 pertinent
1709 3293 1757 3329 ad
1787 3305 1942 3341 corpus,
1973 3293 2011 3330 in
2039 3293 2207 3341 quadam
2239 3295 2552 3331 transmutatione

1495 3345 1619 3382 cordis
1649 3345 1866 3382 consistunt.
1897 3346 1974 3383 Sed
2001 3346 2221 3383 huiusmodi
2242 3347 2409 3384 remedia
2432 3348 2552 3395 magis

1493 3398 1671 3435 videntur
1697 3398 1884 3446 pertinere
1913 3399 1962 3436 ad
1990 3399 2192 3436 exteriores
2221 3412 2354 3436 sensus
2376 3407 2412 3436 et
2430 3412 2551 3437 mem-

1494 3451 1580 3498 bra,
1611 3463 1727 3500 quam
1756 3451 1804 3488 ad
1841 3451 2059 3488 interiorem
2093 3452 2216 3489 cordis
2251 3452 2549 3501 dispositionem.

1494 3505 1586 3541 Non
1615 3516 1704 3552 ergo
1732 3516 1801 3552 per
1827 3504 2046 3542 huiusmodi
2075 3504 2216 3541 tristitia
2244 3505 2444 3553 mitigatur.

1549 3558 1622 3593 SED
1643 3568 1787 3594 CONTRA
1806 3569 1871 3594 EST
1886 3557 1990 3605 quod
2009 3558 2240 3605 Augustinus
2261 3558 2358 3606 dicit,
2379 3559 2430 3595 IX
2455 3555 2550 3595 Conss

2581 356 2589 364 ”
2604 355 2654 377 Art.
2667 361 2683 376 ι.

2585 1412 2593 1419 “
2608 1409 2675 1431 Vere.
2690 1415 2711 1430 2.

2580 3200 2589 3209 ‘
2604 3199 2655 3220 Art.
2673 3199 2778 3227 praeced.
