2852 4152
104 805 235 831 ⁴Cf.art.v1‚
244 806 315 827 Com-

107 835 177 853 ment.
188 837 251 853 num.
261 838 283 853 v.

106 1000 115 1009 ·
129 999 180 1020 Art.
196 1005 215 1023 ι,
231 1005 255 1025 7;
276 1004 313 1027 qu.

104 1031 128 1052 n,
144 1029 185 1047 art.
200 1025 223 1046 8.

106 1368 114 1376 ¹
123 1366 179 1393 Cap.
191 1371 235 1386 xxv
243 1371 302 1393 usqu

104 1392 133 1413 ad
148 1398 176 1413 ιι.

105 1761 114 1769 ·
133 1759 182 1786 Qu.
197 1766 217 1786 ι,
237 1763 278 1781 art.
294 1765 315 1787 1,

106 1785 238 1807 Comment.
254 1792 277 1807 n.
293 1792 315 1807 x.

349 201 395 237 36
1034 198 1299 245 QUAESTIO
1329 200 1395 244 111,
1424 199 1718 235 ARTICULUS
1748 198 1833 234 VIII

344 278 444 327 psim
464 278 564 325 solis,
586 278 798 315 considerat
813 277 917 326 quod
934 289 977 313 ex
998 276 1123 325 aliqua
1143 289 1256 314 causa
1271 288 1403 325 proce-

346 331 408 377 dit,
421 331 468 367 de
484 342 571 379 qua,
589 331 675 379 quia
691 330 808 367 nescit
822 330 912 378 quid
928 329 983 376 sit,
1000 329 1216 375 admiratur,
1234 337 1270 365 et
1285 328 1403 365 admi-

345 383 465 420 rando
484 383 645 430 inquirit.
667 383 752 419 Nec
770 383 840 419 ista
859 382 1048 430 inquisitio
1073 381 1241 430 quiescit,
1263 393 1402 429 quous·

345 448 419 484 que
434 436 631 484 perveniat
645 436 693 472 ad
710 435 1018 482 cognoscendum
1035 434 1236 470 essentiam
1254 445 1400 470 causae.

399 488 438 525 Si
466 488 574 535 igitur
607 488 814 524 intellectus
841 488 1052 532 humanus,
1083 497 1317 533 cognoscens
1346 497 1402 521 es-

345 541 505 577 sentiam
538 540 694 577 alicuius
733 540 888 576 effectus
917 539 1051 588 creati,
1085 550 1164 574 non
1197 545 1403 585 cognoscat

346 593 392 630 de
421 594 506 630 Deo
535 593 606 629 nisi
633 604 682 629 an
702 598 756 629 est
773 590 808 637 β;
837 591 1011 628 nondum
1039 590 1220 638 perfectio
1251 590 1331 627 eius
1350 598 1402 627 at-

344 645 449 692 tingit
467 645 684 693 simpliciter
703 645 751 681 ad
771 656 926 680 causam
946 643 1123 691 primam,
1144 643 1212 679 sed
1232 650 1403 680 remanet

346 698 380 734 ei
408 698 534 734 adhuc
562 698 730 734 naturale
751 696 981 733 desiderium
1000 695 1211 743 inquirendi
1236 708 1401 732 causam.

344 750 454 787 Unde
474 750 647 786 nondum
669 757 723 786 est
750 749 914 797 perfecte
943 749 1086 784 beatus.
1116 748 1177 784 Ad
1195 748 1401 796 perfectam

344 802 454 850 igitur
481 802 751 839 beatitudinem
778 803 796 820 ⁴*
826 800 1027 848 requiritur
1055 802 1160 849 quod
1193 800 1400 838 intellectus

343 855 528 903 pertingat
543 855 590 892 ad
605 854 726 903 ipsam
743 853 944 890 essentiam
959 853 1104 901 primae
1121 865 1269 890 causae.
1286 854 1336 890 Et
1350 853 1403 891 sic

343 907 615 956 perfectione-m
632 918 740 943 suam
755 906 911 942 habebit
924 918 993 954 per
1006 906 1192 943 unionem
1212 907 1260 943 ad
1275 906 1401 943 Deum

344 960 439 996 sicut
466 960 514 996 ad
534 959 740 1004 obiectum,
760 958 799 995 in
819 970 896 1006 quo
916 959 998 995 solo
1023 958 1218 995 beatitudo
1238 958 1402 995 hominis

344 1012 522 1059 consistit,
551 1019 594 1048 ut
621 1023 735 1059 supra
752 1011 772 1033 ’¹‘
801 1010 944 1048 dictum
973 1018 1040 1048 est.

1509 278 1568 313 AD
1595 288 1730 313 PRIMUM
1758 287 1856 312 ERGO
1879 287 2063 314 memnon
2091 276 2197 324 quod
2225 274 2431 323 Dionysius
2458 274 2513 311 lo-

1457 329 1582 376 quitur
1610 329 1657 365 de
1685 327 1900 375 cognitione
1930 341 2063 366 eorum
2093 329 2157 377 qui
2178 336 2264 365 sunt
2282 328 2320 364 in
2339 327 2414 375 via,
2435 335 2513 365 ten-

1458 381 1588 418 dentes
1617 381 1665 418 ad
1694 380 1977 418 beatitudinem.

1510 435 1568 470 AD
1596 444 1785 470 SECUNDUM
1813 444 1996 470 meramnum
2024 434 2140 482 quod,
2162 433 2257 470 sicut
2281 444 2394 481 supra
2411 432 2432 454 ’¹‘
2460 431 2514 469 di-

1458 493 1559 522 ctum
1577 492 1642 532 est,
1659 485 1746 522 finis
1764 492 1889 533 potest
1906 485 2026 534 accipi
2045 486 2253 535 dupliciter.
2275 485 2362 523 Uno
2381 484 2512 531 modo,

1457 545 1643 585 quantum
1663 537 1711 574 ad
1731 549 1812 574 rem
1830 537 1954 586 ipsam
1973 551 2072 587 quae
2101 538 2355 576 desideratur:
2386 544 2422 574 et
2440 537 2515 574 hoc

1457 589 1576 627 modo
1609 590 1712 626 idem
1741 597 1797 626 est
1820 590 1910 628 'finis
1943 591 2147 639 superioris
2176 598 2212 628 et
2237 589 2423 628 inferioris
2449 602 2515 626 na-

1457 650 1574 688 turae,
1603 642 1724 679 immo
1754 643 1926 680 omnium
1954 655 2096 690 rerum,
2125 651 2167 681 ut
2194 655 2308 692 supra
2325 642 2346 664 '¹‘
2374 643 2515 680 dictum

1458 703 1523 731 est.
1545 695 1629 731 Alio
1650 694 1780 742 modo,
1801 703 1986 744 quantum
2007 696 2056 732 ad
2076 697 2384 734 consecutionem
2404 695 2515 732 huius

1458 748 1528 784 rei:
1560 755 1595 784 et
1623 747 1676 784 sic
1704 747 1877 784 diversus
1915 755 1971 784 est
2003 748 2089 791 finis
2122 748 2325 798 superioris
2360 756 2396 786 et
2423 748 2515 786 infe-

1458 800 1565 838 rioris
1593 808 1766 847 naturae,
1796 800 2008 837 secundum
2036 801 2225 838 diversam
2254 801 2514 839 habitudinem

1457 853 1507 890 ad
1536 865 1617 890 rem
1645 854 1771 890 talem.
1803 852 1866 890 Sic
1893 852 2004 900 igitur
2031 853 2138 890 altior
2157 861 2213 890 est
2231 854 2423 891 beatitudo
2443 853 2516 890 Dei

1458 918 1568 942 suam
1586 905 1787 943 essentiam
1807 905 1997 942 intellectu
2013 906 2381 953 comprehendentis,
2398 918 2514 954 quam

1458 958 1623 995 hominis
1650 959 1714 995 vel
1742 959 1864 1005 angeli
1891 957 2067 1005 videntis,
2097 965 2134 994 et
2160 970 2239 996 non
2267 959 2518 1008 comprehen-

1459 1010 1581 1047 dentis
1599 1011 1630 1047 *.

397 1142 421 1175 β)
442 1143 493 1167 nisi
511 1150 545 1167 an
565 1145 613 1167 est.
625 1156 644 1161 -
663 1142 714 1167 nisi
732 1142 795 1175 quia
814 1146 853 1167 est
868 1143 897 1173 E,
912 1143 976 1175 quid
989 1146 1028 1167 est
1042 1143 1102 1167 licet
1115 1145 1258 1175 cognoscat
1270 1149 1304 1165 an
1319 1145 1358 1166 est
1371 1141 1402 1165 K.

1014 1230 1344 1262 Commentaria
1367 1229 1616 1261 Cardinalis
1638 1229 1839 1263 Caietam

408 1330 478 1350 mer.
502 1319 648 1350 articulos
673 1318 815 1354 eosdem,
839 1318 983 1348 videlicet
1011 1324 1149 1354 sextum,
1178 1318 1350 1357 septimum
1374 1324 1404 1348 et

346 1332 566 1399 Coctavum,
590 1363 661 1392 vide
678 1362 718 1391 ΙΙΙ
738 1362 858 1392 Contra
877 1362 967 1392 Gent.
985 1361 1011 1397 *‚
1036 1362 1091 1392 ubi
1114 1362 1154 1392 de
1173 1361 1320 1393 felicitate
1345 1361 1404 1392 dif-

343 1409 411 1439 fuse
428 1418 483 1448 per
498 1407 599 1437 multa
615 1405 750 1446 capitula
770 1405 956 1445 disputatur.
981 1406 1022 1436 Et
1037 1406 1162 1436 adverte
1177 1405 1210 1436 in
1227 1412 1340 1436 octavo
1356 1415 1403 1436 ar-

343 1452 441 1483 ticulo
465 1451 554 1492 quod
575 1450 629 1480 illa
650 1450 744 1480 verba
767 1449 896 1486 litterae,
920 1450 1010 1491 quod
1033 1449 1210 1480 intellectus
1232 1449 1402 1486 humanus,

343 1505 408 1526 non
433 1495 558 1535 cognita
577 1494 679 1534 prima
695 1503 790 1524 causa
812 1493 872 1524 nisi
895 1503 937 1524 an
961 1499 1018 1530 est,
1042 1493 1137 1524 habet
1159 1494 1301 1524 naturale
1325 1493 1404 1524 desi-

343 1539 468 1570 derium
490 1539 530 1569 ad
553 1537 805 1578 cognoscendam
830 1537 967 1577 primam
990 1547 1118 1568 causam
1140 1538 1218 1578 quid
1240 1543 1302 1575 est,
1326 1545 1402 1574 etc.,

343 1593 409 1614 non
426 1590 530 1614 carent
545 1582 764 1622 ambiguitate;
786 1587 952 1621 propterea
965 1581 1041 1622 quia
1057 1582 1197 1612 naturale
1214 1581 1404 1612 desiderium

343 1637 410 1658 non
433 1627 553 1658 excedit
570 1626 636 1656 vim
659 1633 798 1661 naturae,
823 1635 880 1656 nec
903 1632 949 1656 est
972 1626 1011 1656 ad
1035 1626 1305 1665 supernaturalem
1329 1635 1404 1665 ope·

343 1671 514 1707 rationem,
538 1680 604 1701 non
627 1670 734 1700 solum
756 1669 870 1709 ipsius,
895 1670 950 1700 sed
974 1670 1078 1700 omnis
1101 1669 1276 1700 intellectus
1300 1669 1403 1700 creati.

400 1715 461 1746 Sed
484 1715 561 1746 haec
585 1714 675 1745 citius
706 1714 889 1749 solvuntur,
914 1713 940 1743 si
964 1713 1155 1744 desiderium
1178 1713 1320 1744 naturale
1344 1713 1404 1743 dis-

343 1759 498 1799 tinguitur
520 1759 606 1789 iuxta
629 1758 787 1798 praedicta
809 1757 842 1787 in
862 1758 873 1788 1
892 1757 981 1793 libro,
1005 1757 1038 1788 in
1054 1757 1210 1798 principio
1226 1757 1252 1788 *.
1277 1757 1405 1788 Deside—

344 1803 428 1834 rium
455 1812 594 1843 namque
623 1808 728 1842 potest
759 1801 818 1832 dici
850 1802 990 1832 naturale
1014 1811 1031 1831 a
1055 1808 1166 1832 natura
1198 1808 1234 1832 ut
1263 1801 1404 1832 subiecto

344 1854 484 1878 tanturn:
510 1853 541 1877 et
563 1846 606 1876 sic
630 1845 810 1876 naturaliter
832 1845 1047 1876 desideramus
1062 1845 1218 1876 visionem
1236 1846 1305 1876 Dei.
1329 1846 1369 1876 Et
1387 1855 1405 1875 a

344 1898 456 1922 natura
478 1897 514 1921 ut
537 1890 679 1921 subiecto
703 1896 734 1920 et
756 1889 874 1920 modo:
900 1896 930 1919 et
945 1889 989 1920 sic
1005 1890 1181 1929 procedunt
1199 1890 1404 1920 obiectiones.

344 1936 410 1965 Nec
434 1941 599 1974 propterea
628 1933 746 1974 aliquid
777 1933 926 1963 adimitur
954 1932 1108 1963 efficaciae
1138 1933 1233 1964 huius
1256 1933 1403 1964 rationis:

345 1979 499 2019 quoniam
514 1978 650 2018 perfecta
669 1977 832 2007 beatitudo
849 1983 999 2007 neutrum
1013 1977 1199 2008 huiusmodi
1215 1977 1406 2007 desiderium

345 2022 567 2062 imperfectum
590 2021 748 2061 relinquit.
1212 2035 1215 2037 ·

400 2067 510 2096 Posset
533 2075 663 2106 quoque
687 2065 748 2095 dici
772 2065 860 2105 quod
883 2067 1004 2095 Auctor
1027 2071 1136 2095 tractat
1160 2065 1198 2094 de
1218 2064 1347 2095 homine
1371 2070 1407 2094 ut

345 2110 530 2150 theologus,
555 2109 663 2145 cuius,
689 2115 724 2139 ut
746 2108 778 2139 in
803 2109 829 2138 11
856 2108 978 2139 Contra
1004 2109 1108 2146 Gent.‚
1130 2118 1197 2148 cap.
1217 2118 1257 2144 1v,
1282 2107 1405 2144 dicitur,

346 2161 392 2184 est
411 2154 606 2184 considerare
632 2159 786 2183 creaturas
809 2162 875 2183 non
899 2153 1076 2183 secundum
1099 2152 1242 2193 proprias
1265 2158 1405 2188 naturas,

347 2198 401 2227 sed
425 2205 460 2228 ut
483 2198 523 2227 ad
537 2198 643 2227 Deum
660 2203 734 2227 sunt
749 2197 872 2226 relatae.
897 2196 938 2226 Et
954 2196 1006 2232 sic,
1026 2196 1098 2226 licet
1116 2195 1240 2226 homini
1264 2196 1407 2226 absolute

346 2251 412 2271 non
441 2242 514 2271 insit
542 2241 682 2272 naturale
705 2240 891 2271 huiusmodi
915 2240 1122 2278 desiderium,
1152 2246 1197 2270 est
1225 2247 1331 2271 tamen
1355 2250 1408 2270 na-

1458 1317 1558 1348 turale
1585 1318 1709 1348 homini
1733 1318 1879 1349 ordinato
1903 1329 1921 1349 a
1945 1318 2050 1349 divina
2073 1318 2271 1359 providentia
2292 1319 2325 1349 in
2348 1318 2437 1349 illam
2463 1328 2519 1358 pa-

1458 1362 1565 1398 triam,
1590 1368 1648 1393 etc.
2142 1383 2144 1385 .

1511 1406 1553 1436 Et
1579 1406 1637 1436 hae
1668 1406 1748 1436 duae
1780 1406 2002 1446 responsiones
2029 1413 2103 1437 sunt
2130 1407 2289 1446 generales
2318 1406 2358 1436 ad
2388 1416 2519 1437 omnem

1458 1449 1644 1480 huiusmodi
1667 1449 1841 1480 materiam.
1865 1450 2046 1490 Specialiter
2068 1457 2174 1481 tamen
2197 1451 2238 1480 ad
2260 1450 2341 1481 hanc
2361 1449 2457 1482 huius
2470 1460 2521 1482 ar—

1458 1493 1545 1524 ticuli
1568 1493 1733 1524 materiam
1755 1493 1991 1530 descendendo,
2016 1493 2076 1524 dici
2099 1500 2204 1534 potest
2225 1494 2314 1534 quod
2342 1493 2519 1526 intellectus

1459 1537 1619 1567 humanus
1647 1537 1748 1568 sciens
1775 1547 1819 1567 an
1842 1542 1887 1568 est
1911 1538 1950 1568 de
1979 1538 2049 1568 Deo
2079 1544 2110 1568 et
2137 1537 2338 1574 communia,
2366 1537 2520 1570 desiderat

1458 1581 1639 1611 naturaliter
1662 1581 1739 1612 scire
1762 1581 1801 1611 de
1823 1581 1893 1612 Deo
1917 1581 1993 1622 quid
2015 1586 2072 1618 est,
2096 1581 2288 1622 inquantum
2306 1581 2366 1612 sub
2385 1590 2520 1613 numero

1458 1635 1625 1655 causarum
1648 1625 1939 1665 comprehenditur:
1964 1631 1995 1656 et
2017 1635 2083 1655 non
2097 1625 2251 1662 absolute,
2274 1624 2334 1656 nisi
2349 1634 2406 1664 per
2419 1634 2522 1665 quan-

1459 1669 1533 1699 dam
1556 1669 1825 1710 consequentiam.
1850 1669 1891 1699 Et
1912 1669 1976 1699 hoc
1999 1675 2046 1699 est
2067 1678 2195 1700 verum:
2220 1668 2297 1710 quia
2313 1668 2452 1700 inditum
2475 1675 2522 1701 est

1459 1713 1642 1743 naturaliter
1671 1719 1725 1749 ut,
1749 1712 1817 1743 viso
1842 1712 1969 1749 effectu,
1999 1712 2212 1744 desideremus
2242 1723 2336 1744 nosse
2367 1712 2444 1753 quid
2474 1718 2522 1745 est

1459 1767 1562 1793 causa,
1587 1756 1744 1797 quidquid
1767 1756 1807 1787 sit
1828 1756 1891 1787 illa.
2182 1781 2185 1784 ,

1514 1801 1552 1831 ΙΙ.
1576 1801 1712 1831 Adverte
1735 1800 1818 1836 hinc,
1842 1800 1970 1836 novitie‚
1997 1800 2073 1831 duo.
2098 1800 2216 1837 Primo,
2242 1800 2333 1841 quod
2357 1799 2444 1831 idem
2474 1806 2522 1833 est

1460 1854 1649 1884 cognoscere
1674 1844 1759 1885 quod
1780 1845 1858 1885 quid
1879 1850 1926 1875 est
1947 1844 2017 1880 Dei,
2042 1851 2073 1875 et
2094 1844 2199 1875 videre
2221 1845 2328 1875 Deum
2343 1853 2400 1884 per
2417 1852 2520 1876 essen-

1459 1889 1553 1919 tiam:
1577 1889 1639 1919 hoc
1662 1889 1748 1920 enim
1771 1888 1936 1919 manifeste
1958 1889 1992 1919 in
2014 1889 2202 1928 probatione
2225 1888 2330 1919 ultimi
2352 1887 2448 1919 huius
2473 1897 2520 1919 ar-

1459 1932 1548 1963 ticuli
1570 1932 1676 1964 habes.

1513 1977 1671 2012 Secundo,
1695 1976 1784 2017 quod
1807 1976 1943 2016 perfecta
1965 1975 2127 2006 beatitudo
2147 1976 2348 2007 constituitur
2371 1985 2408 2005 ex
2431 1974 2521 2015 quid-

1461 2020 1589 2050 ditativa
1619 2020 1800 2059 cognitione
1830 2019 1898 2050 Dei.
1932 2020 1976 2050 Ita
2006 2019 2095 2060 quod
2119 2019 2290 2050 differentia
2321 2018 2523 2050 constitutiva

1461 2063 1650 2103 cognitionis
1673 2064 1706 2094 in
1728 2064 1791 2094 hoc
1813 2064 1903 2104 quod
1926 2063 1966 2094 sit
1988 2063 2127 2102 cognitio
2152 2063 2359 2104 quidditativa
2381 2062 2451 2101 Dei,
2476 2068 2523 2092 est

1461 2107 1664 2138 constitutiva
1687 2107 1719 2137 in
1743 2108 1805 2138 hoc
1828 2107 1918 2148 quod
1941 2113 1987 2137 est
2009 2107 2068 2137 Dei
2091 2107 2187 2137 visio:
2213 2114 2243 2138 et
2259 2114 2306 2138 est
2321 2105 2523 2137 constitutiva

1461 2151 1662 2182 beatitudinis
1685 2151 1830 2188 ultimae,
1854 2151 1887 2182 in
1911 2151 1973 2182 hoc
1996 2151 2085 2192 quod
2108 2151 2148 2182 sit
2170 2151 2314 2192 perfecta.
2346 2151 2387 2181 Et
2411 2159 2521 2181 conse-

1461 2202 1602 2236 quenter,
1628 2195 1708 2226 sicut
1731 2195 1823 2226 datur
1843 2195 1977 2226 latitudo
1993 2195 2026 2225 in
2045 2194 2166 2226 visione
2181 2195 2250 2232 Dei,
2274 2195 2316 2226 ita
2338 2194 2372 2225 in
2390 2194 2522 2225 beatitu-

1462 2240 1534 2270 dine
1558 2239 1703 2280 perfecta.

2543 441 2552 450 ·
2568 437 2619 468 Qu.v
2632 446 2649 468 ι,
2664 443 2705 462 ιη.
2721 440 2744 462 8.

2542 650 2553 662 ⁴
2566 650 2626 672 Ibid.

2545 1008 2556 1019 ⁸
2570 1008 2598 1030 D.
2613 1014 2667 1036 7⁰7·
