2852 4152
120 1964 142 1986 3·

143 2140 200 2167 Cap.
212 2147 237 2167 11,
248 2146 271 2161 n.
282 2146 298 2167 1,
312 2146 332 2161 2.

122 2251 132 2262 ⁸¹
141 2249 178 2270 De
187 2248 244 2270 Fide
256 2248 331 2274 Orth.

122 2276 164 2298 lib.
179 2275 208 2303 11,
223 2281 273 2303 cap.
285 2281 315 2296 xv
316 2281 332 2296 1.

122 2355 134 2366 ⁴
151 2354 207 2381 Cap.
222 2360 262 2375 vu.

125 2674 135 2685 ³
146 2674 169 2696 S.
182 2673 226 2695 Th.
237 2674 288 2696 lect.
298 2680 332 2695 ιιι.

363 214 436 250 292

1047 205 1312 250 QUAESTIO
1342 206 1480 252 XLVI,
1510 205 1804 242 ARTICULUS
1835 206 1848 241 1

754 399 1165 479 QUAESTIO
1205 400 2137 517 QUADRAGESIMASEXTA

1093 529 1176 568 DE
1209 528 1312 568 IRA
1347 527 1684 570 SECUNDUM
1718 529 1792 571 SE

1172 642 1206 666 IN
1236 642 1333 667 OCTO
1361 642 1564 668 ARTICULOS
1593 643 1709 669 DIVISA

896 673 917 683 x

443 758 549 783 EINDE
579 744 895 782 considerandum
921 750 976 779 est
1000 743 1046 780 de
1071 743 1125 779 ira
1142 743 1173 780 ²⁸.
1203 744 1252 780 Et
1279 744 1416 792 primo,

445 800 491 836 de
520 799 573 834 ira
601 797 812 834 secundum
842 807 902 840 se;
933 796 1115 843 secundo,
1147 796 1194 833 de
1224 809 1338 834 causa
1366 797 1418 834 fa-

361 853 458 890 ctiva
486 852 582 898 irae,
609 858 644 886 et
672 848 840 886 remedio
871 848 950 884 eius
969 847 1007 893 *3
1039 848 1165 896 tertio,
1196 848 1242 885 de
1282 849 1417 887 effectu

361 906 441 942 eius
469 904 499 940 ³⁸.

361 958 470 994 Circa
497 955 664 1003 primum
693 960 923 1002 quaeruntur
951 961 1051 990 octo,

411 1009 559 1046 Primo:
589 1015 715 1044 utrum
745 1006 798 1043 ira
827 1006 872 1042 sit
898 1006 1027 1054 passio
1057 1006 1240 1055 specialis.

413 1060 612 1098 Secundo:
641 1067 769 1096 utrum
799 1058 991 1095 obiectum
1013 1058 1090 1095 irae
1113 1059 1159 1095 sit
1186 1060 1346 1107 bonum,
1368 1071 1415 1095 an

464 1114 618 1150 malum.

1526 745 1679 782 Tertio:
1708 753 1835 782 utrum
1863 745 1918 783 ira
1945 747 1991 784 sit
2017 747 2055 784 in
2084 749 2378 797 concupiscibili.

1527 798 1694 844 Quarto:
1724 806 1851 835 utrum
1880 799 1934 835 ira
1963 799 2008 836 sit
2035 812 2123 836 cum
2152 801 2308 839 ratione.

1527 851 1691 897 Quinto:
1720 858 1847 888 utrum
1876 852 1931 888 ira
1955 852 2001 889 sit
2027 853 2232 890 naturalior
2255 866 2371 902 quam
2391 866 2530 891 concu-

1578 903 1771 951 piscentia.

1494 952 1502 954 ”
1527 957 1662 992 Sexto:
1692 963 1819 993 utrum
1849 957 1903 994 ira
1930 956 1976 993 sit
2003 957 2153 1004 gravior
2181 970 2296 1006 quarn
2325 959 2469 996 odium.

1527 1008 1719 1056 Septimo:
1750 1016 1877 1046 utrum
1902 1010 1957 1046 ira
1976 1010 2102 1046 solum
2131 1010 2178 1047 sit
2196 1010 2244 1048 ad
2264 1010 2346 1048 illos
2365 1011 2414 1049 ad
2433 1023 2530 1060 quos

1579 1068 1635 1097 est
1662 1069 1809 1098 lustitia.

1526 1113 1697 1150 Octavo:
1728 1114 1776 1151 de
1805 1113 2003 1162 speciebus
2033 1114 2122 1151 irae.

1166 1221 1482 1263 ARTICULUS
1514 1222 1718 1264 PRIMUS

1072 1322 1227 1353 UTRUM
1251 1322 1323 1353 IRA
1347 1323 1412 1354 SIT
1437 1323 1651 1355 SPECIALIS
1674 1324 1819 1355 PASSIO

1003 1409 1093 1441 Supra,
1114 1417 1157 1441 qu.
1176 1416 1244 1438 xxm,
1265 1415 1310 1434 art.
1329 1417 1360 1441 4;
1379 1409 1411 1434 111
1431 1410 1512 1440 Sent„
1534 1409 1591 1435 dist.
1610 1418 1674 1440 xxw,
1694 1419 1739 1443 qu.
1757 1418 1774 1442 1,
1795 1416 1840 1436 art.
1862 1411 1884 1436 3.

536 1530 539 1533 μ
569 1515 590 1539 ι)
620 1514 756 1539 PRIMUM
784 1513 836 1538 Sic
865 1513 1104 1538 PROCEDITUR.
1125 1500 1284 1538 Videtur
1312 1501 1417 1549 quod

413 1548 435 1577 '³
485 1556 551 1606 ⁴5³³:
569 1556 623 1591 ira
642 1567 720 1591 non
740 1554 785 1591 sit
803 1554 928 1602 passio
951 1553 1133 1602 specialis
1154 1554 1215 1590 Ab
1239 1554 1293 1590 ira
1314 1555 1416 1591 enim

519 1607 562 1653 (f
572 1607 837 1645 denominatur
851 1607 1018 1655 potentia
1033 1606 1238 1643 irascibilis.
1258 1607 1334 1644 Sed
1348 1608 1417 1643 hu-

550 1661 628 1697 ius
647 1660 835 1708 potentiae
852 1672 929 1696 non
951 1667 1006 1696 est
1018 1671 1095 1695 una
1111 1666 1257 1696 tantum
1275 1660 1415 1708 passio,

361 1677 429 1751 sed
448 1698 599 1750 multae.
617 1714 718 1761 Ergo
734 1713 787 1749 ira
802 1725 879 1749 non
896 1720 951 1749 est
969 1724 1045 1749 una
1064 1712 1189 1760 passio
1202 1718 1218 1733 ‘²
1234 1713 1415 1761 specialis.

415 1779 449 1805 2.
471 1768 702 1812 PRAETEREA,
725 1765 874 1802 cuilibet
901 1765 1067 1814 passioni
1089 1765 1241 1812 speciali
1270 1773 1325 1802 est
1353 1766 1417 1802 ali-

360 1820 451 1868 quid
480 1819 729 1864 contrarium;
754 1826 795 1854 ut
822 1826 924 1866 patet
951 1817 1143 1855 inducenti
1166 1830 1233 1866 per
1261 1818 1416 1866 singula.

361 1873 437 1909 Sed
466 1873 542 1908 irae
571 1884 648 1908 non
677 1879 731 1907 est
758 1871 883 1919 aliqua
909 1871 1036 1919 passio
1067 1871 1262 1918 contraria,
1289 1878 1330 1907 ut
1357 1883 1418 1908 su—

122 1931 194 1959 ‘-Qu
209 1937 274 1958 xxm
289 1934 331 1952 art·
358 1938 427 1974 pra
441 1925 461 1946 ’¹‘
477 1925 617 1961 dictum
638 1931 702 1960 est.
725 1923 853 1970 Ergo
846 1935 900 1959 ira
920 1935 998 1960 non
1019 1930 1073 1959 est
1086 1923 1213 1981 passio
1234 1923 1416 1972 specialis.

414 1979 448 2015 3.
469 1978 700 2022 PRAETEREA,
722 1988 799 2012 una
819 1975 989 2024 specialis
1008 1974 1135 2024 passio
1165 1988 1243 2013 non
1263 1976 1420 2014 includit

362 2031 486 2068 aliam.
504 2030 609 2066 Sed
601 2042 654 2066 ira
673 2028 827 2065 includit
842 2029 979 2065 multas
998 2028 1212 2077 passiones:
1239 2036 1295 2066 est
1314 2029 1418 2067 enim

363 2096 450 2120 cum
478 2082 633 2130 tristitia,
656 2089 691 2118 et
711 2094 798 2118 curn
820 2081 1078 2128 delectatione,
1102 2087 1138 2116 et
1167 2093 1254 2118 cum
1278 2094 1358 2131 spe,
1378 2090 1420 2120 ut

360 2143 461 2185 patet
487 2147 556 2184 per
574 2135 861 2183 Philosophum,
882 2133 920 2171 in
940 2136 972 2170 II
996 2134 1184 2172 Rhetoric.
1204 2135 1224 2156 '¹‘
1243 2135 1344 2183 Ergo
1365 2134 1420 2172 ira

361 2202 437 2227 non
468 2196 523 2225 est
549 2188 674 2236 passio
704 2187 886 2235 specialis.

415 2243 489 2278 SED
505 2252 652 2277 CONTRA
673 2252 739 2276 EST
754 2241 859 2287 quod
878 2241 1177 2277 Damaseenus*
1197 2240 1304 2289 ponit
1323 2240 1419 2278 iram

362 2294 565 2344 specialem
593 2293 823 2341 passionem.
850 2293 898 2329 Et
926 2292 1093 2329 similiter
1121 2293 1279 2340 Tullius,
1301 2293 1352 2330 IV
1375 2293 1421 2330 de

365 2347 584 2385 Tusculanis
607 2346 753 2387 Quaest.
773 2345 793 2366 '¹‘

416 2401 639 2436 RESPONDEO
660 2410 842 2435 DICENDUM
863 2397 968 2445 quod
988 2397 1130 2446 aliquid
1150 2398 1284 2435 dicitur
1307 2410 1420 2445 gene-

362 2454 436 2489 rale
466 2452 671 2500 dupliciter.
701 2452 788 2488 Uno
818 2452 951 2497 mod0,
980 2462 1049 2499 per
1075 2451 1419 2499 praedicationem:

362 2506 455 2542 sicut
487 2505 630 2541 animal
658 2511 712 2540 est
740 2504 913 2551 generale
948 2503 996 2540 ad
1025 2503 1156 2540 omnia
1188 2503 1374 2541 animalia.
1396 2525 1419 2530 -

361 2558 446 2595 Alio
468 2558 597 2604 modo,
617 2569 686 2605 per
706 2568 881 2593 causam:
903 2555 997 2592 sicut
1016 2557 1072 2593 sol
1093 2564 1148 2604 est
1176 2569 1288 2593 causa
1307 2569 1420 2604 gene-

362 2611 446 2648 ralis
466 2610 640 2647 omniurn
660 2622 757 2658 quae
787 2616 1012 2656 generantur
1031 2608 1069 2646 in
1092 2609 1149 2646 his
1169 2609 1418 2655 inferioribus,

362 2663 571 2701 secundum
600 2662 840 2710 Dionysium,
861 2661 899 2698 in
923 2673 958 2698 ιν
978 2674 1060 2710 cap.
1081 2662 1126 2699 de
1152 2663 1240 2699 Div.
1261 2662 1378 2699 Nom.
1400 2662 1420 2683 *²

363 2718 467 2754 Sicut
482 2716 583 2753 enim
598 2727 717 2763 genus
733 2714 899 2751 continet
913 2715 1050 2751 multas
1071 2714 1299 2752 differentias
1314 2722 1420 2763 pote-

362 2778 465 2816 state,
483 2768 691 2806 secundum
711 2767 993 2804 similitudinem
1014 2767 1212 2814 materiae:
1236 2768 1286 2804 ita
1307 2779 1420 2804 causa

362 2835 476 2870 agens
506 2821 672 2858 continet
705 2821 843 2857 multos
874 2819 1029 2856 effectus
1065 2820 1276 2857 secundum
1303 2820 1420 2857 virtu—

362 2882 438 2912 tem
459 2874 634 2911 activam.
656 2896 679 2901 —
696 2872 886 2920 Contingit
906 2880 1034 2910 autem
1055 2873 1220 2922 aliquem
1241 2873 1419 2910 effectum

362 2940 408 2964 ex
446 2939 631 2964 concursu
669 2926 905 2964 diversarum
944 2938 1145 2963 causarum
1173 2926 1354 2975 produci:
1385 2934 1421 2963 et

364 2980 450 3029 quia
475 2980 599 3017 omnis
619 2992 732 3016 causa
760 2979 886 3027 aliquo
907 2979 1025 3016 modo
1054 2979 1093 3016 in
1122 2979 1259 3016 effectu
1279 2986 1418 3026 manet,

362 3041 487 3081 potest
511 3032 622 3069 etiam
652 3032 735 3079 dici,
755 3032 861 3068 tertio
891 3032 1027 3079 modo,
1056 3033 1161 3080 quod
1190 3032 1347 3069 effectus
1376 3044 1421 3068 ex

364 3085 652 3133 congregatione
693 3085 897 3121 multarum
941 3097 1141 3122 causarum
1187 3086 1419 3133 productus,

362 3139 477 3175 habet
505 3137 699 3186 quandam
728 3137 1020 3185 generalitatem,
1049 3137 1276 3186 inquantum
1305 3137 1422 3175 conti-

364 3199 427 3228 net
455 3191 590 3227 multas
619 3202 750 3226 causas
779 3189 1068 3238 quodammodo
1098 3191 1136 3227 in
1165 3198 1262 3228 actu.

1525 1503 1655 1539 Primo
1676 1515 1764 1551 ergo
1786 1503 1946 1550 modo,
1938 1516 1993 1540 ira
2013 1516 2091 1541 non
2112 1511 2168 1540 est
2186 1503 2313 1552 passio
2333 1504 2530 1551 generalis,

1472 1556 1539 1592 sed
1569 1555 1765 1592 condivisa
1784 1556 1863 1592 aliis
1882 1556 2134 1604 passionibus,
2154 1564 2196 1592 ut
2215 1568 2328 1604 supra
2348 1556 2368 1578 '¹‘
2389 1556 2569 1593 dictum

1473 1615 1537 1644 est.
1555 1629 1578 1635 -—
1595 1608 1771 1645 Similiter
1790 1616 1918 1645 autem
1938 1621 2009 1645 nec
2029 1609 2197 1645 secundo
2218 1609 2350 1646 modo.
2371 1610 2462 1646 Non
2477 1599 2575 1646 est⁴

1473 1661 1572 1697 enim
1602 1673 1716 1697 causa
1744 1661 1902 1697 aliarum
1930 1661 2152 1709 passionum
2173 1659 2208 1697 βε
2238 1661 2306 1698 sed
2334 1673 2403 1709 per
2430 1662 2532 1699 hunc

1473 1714 1633 1750 modum
1652 1721 1778 1762 potest
1797 1714 1869 1751 dici
1890 1714 2071 1761 generalis
2087 1713 2212 1762 passio
2233 1726 2354 1760 amor,
2370 1722 2412 1751 ut
2429 1721 2533 1763 patet

1472 1778 1541 1814 per
1576 1766 1853 1814 Augustinum,
1891 1767 1929 1803 in
1964 1767 2052 1803 XIV
2079 1767 2176 1803 libro
2203 1767 2249 1803 de
2282 1767 2360 1803 Civ.
2390 1767 2465 1803 Dei
2490 1767 2531 1814 *3

1473 1831 1582 1856 amor
1607 1819 1708 1856 enim
1738 1827 1793 1856 est
1815 1819 1939 1867 prima
1968 1819 2071 1857 radix
2101 1819 2274 1856 omnium
2295 1819 2530 1868 passionum,

2559 1566 2770 1619 4Qu.‚xx1unrt„

2659 1663 2674 1698 β

2562 1777 2572 1786 ·
2586 1775 2644 1804 Cup.
2657 1782 2700 1803 vu,
2714 1782 2746 1799 ix.

1471 1879 1513 1908 ut
1541 1884 1654 1920 supra
1672 1871 1692 1893 *
1721 1872 1862 1908 dictum
1893 1879 1959 1908 est.
1975 1893 1999 1899 -
2017 1872 2094 1909 Sed
2121 1872 2230 1909 tertio
2261 1872 2380 1909 modo
2408 1879 2570 1920 potest·
2586 1879 2634 1908 Qu·
2648 1885 2772 1908 mxu-n

1472 1923 1528 1961 ira
1556 1924 1628 1961 dici
1646 1924 1773 1972 passio
1801 1924 1996 1972 generalis,
2025 1924 2251 1973 inquantum
2271 1937 2318 1961 ex
2345 1937 2534 1963 concursu
2559 1911 2626 1959 3⁹⁶¹

1472 1977 1677 2014 multarum
1696 1977 1920 2026 passionum
1941 1985 2125 2014 causatur.
2143 1978 2235 2014 Non
2255 1977 2356 2014 enim
2376 1977 2534 2025 insurgit

1473 2036 1600 2067 motus
1619 2028 1697 2066 irae
1717 2029 1787 2066 nisi
1806 2038 1961 2079 propter
1979 2030 2145 2079 aliquam
2169 2029 2353 2067 tristitiam
2379 2027 2531 2078 illatam,

1474 2089 1511 2119 et
1533 2082 1604 2119 nisi
1626 2081 1724 2119 adsit
1743 2082 1974 2120 desiderium
1999 2090 2035 2119 et
2062 2095 2148 2131 spes
2176 2081 2402 2120 ulciscendi:
2430 2082 2532 2131 quia,

1473 2141 1515 2172 ut
1534 2134 1789 2184 Philosophus
1810 2135 1897 2173 dicit
1916 2135 1955 2172 in
1975 2136 2006 2172 II
2026 2136 2215 2185 Rhetoric.
2235 2135 2267 2182 ²³¹,
2287 2135 2404 2172 iratus
2422 2135 2535 2173 habet

1473 2200 1575 2236 spem
1589 2188 1774 2237 puniendi
1781 2202 1794 2233 ‚·
1812 2188 1950 2236 appetit
1967 2188 2066 2225 enim
2085 2189 2288 2226 vindictam
2309 2194 2350 2225 ut
2364 2188 2435 2225 sihi
2446 2200 2533 2238 pos-

1473 2241 1627 2279 sibilem.
1648 2241 1758 2278 Unde
1787 2241 1817 2277 si
1845 2241 1955 2278 fuerit
1982 2241 2145 2278 multum
2165 2241 2360 2283 excellens.
2368 2253 2535 2290 persona

1474 2305 1572 2342 quae
1600 2301 1876 2330 nocumentum
1907 2293 2036 2340 intulit,
2067 2306 2147 2331 non
2173 2293 2343 2342 sequitur
2369 2293 2435 2342 ira,
2465 2293 2534 2331 sed

1474 2346 1600 2383 solum
1632 2346 1794 2394 tristitia,
1833 2354 1874 2382 ut
1906 2346 2103 2383 Avicenna
2142 2345 2250 2394 dicit,
2278 2346 2317 2382 in
2354 2345 2450 2383 libro
2487 2345 2534 2383 de

1473 2399 1614 2435 Anima
1642 2398 1672 2435 ²⁸.

1528 2453 1587 2488 Αι)
1615 2463 1752 2488 PRlMUM
1779 2462 1878 2487 ERGO
1907 2463 2090 2488 DmENDUM
2119 2451 2235 2500 quod,
2260 2450 2319 2488 vis
2338 2450 2533 2488 irascibilis

1476 2504 1742 2540 denominatur
1761 2504 1809 2540 ab
1829 2504 1894 2551 ira,
1915 2516 1994 2540 non
2022 2504 2111 2552 quia
2130 2503 2256 2541 omnis
2275 2511 2402 2541 motus
2420 2504 2533 2541 huius

1474 2556 1666 2605 potentiae
1695 2556 1741 2593 sit
1767 2556 1842 2592 ira:
1872 2557 1940 2593 sed
1967 2556 2057 2605 quia
2084 2556 2133 2594 ad
2160 2556 2256 2593 iram
2283 2557 2534 2594 terminantur

1475 2621 1610 2645 omnes
1639 2615 1766 2645 motus
1793 2608 1905 2646 huius
1927 2609 2140 2656 potentiae3
2162 2616 2198 2646 et
2225 2609 2322 2646 inter
2339 2609 2434 2646 alios
2453 2609 2533 2647 eius

1475 2669 1614 2710 motus,
1643 2662 1711 2698 iste
1741 2668 1796 2698 est
1823 2661 2066 2698 manifestior.

1527 2717 1586 2751 AD
1615 2726 1805 2751 SECUNDUM
1825 2726 2008 2752 memnon
2029 2715 2134 2762 quod
2154 2726 2199 2751 ex
2222 2715 2297 2751 hoc
2315 2715 2399 2764 ipso
2428 2714 2534 2764 quod

1474 2767 1528 2804 ira
1557 2774 1731 2804 causatur
1759 2779 1804 2804 ex
1834 2766 2028 2804 contrariis
2057 2766 2316 2816 passionibus,
2346 2767 2486 2805 scilicet
2511 2779 2535 2805 a

1475 2833 1553 2869 spe,
1575 2832 1673 2869 quae
1703 2827 1758 2856 est
1785 2819 1888 2867 boni,
1910 2827 1946 2856 et
1965 2832 1987 2857 a
2006 2819 2160 2867 tristitia,
2182 2832 2279 2869 quae
2309 2828 2364 2858 est
2387 2820 2479 2858 mali
2496 2825 2547 2868 Y,

1475 2873 1630 2910 includit
1649 2873 1687 2909 in
1716 2873 1839 2922 seipsa
1859 2872 2182 2910 contrarietatem:
2203 2880 2240 2910 et
2258 2872 2345 2910 ideo
2370 2885 2450 2911 non
2468 2874 2535 2911 ha-

1474 2926 1538 2963 bet
1566 2925 1795 2963 contrarium
1825 2932 1926 2962 extra
1953 2923 1966 2947 δ
1994 2938 2046 2963 se.
2078 2925 2182 2963 Sicut
2202 2925 2315 2963 etiam
2342 2925 2381 2963 in
2399 2925 2535 2965 mediis

1476 2978 1666 3016 coloribus
1693 2991 1772 3016 non
1791 2978 1981 3016 invenitur
2000 2978 2256 3026 contrarietas,
2273 2978 2343 3015 nisi
2363 2991 2460 3028 quae
2480 2985 2536 3017 est

1475 3031 1702 3081 simplicium
1732 3031 1917 3079 colorum,
1939 3043 1984 3068 ex
2013 3031 2150 3081 quibus
2179 3039 2392 3069 causantur.

1528 3086 1587 3121 AD
1615 3096 1774 3122 TERTmM
1802 3096 1985 3122 DICENDUM
2013 3084 2119 3132 quod
2142 3083 2197 3121 ira
2224 3083 2379 3122 includit
2399 3085 2535 3122 multas

1476 3137 1684 3186 passiones,
1711 3150 1790 3174 non
1818 3137 1974 3185 quidem
2002 3137 2096 3174 sicut
2131 3149 2250 3185 genus
2278 3137 2439 3186 species:
2468 3136 2536 3175 sed

1478 3190 1598 3238 magis
1618 3190 1830 3227 secundum
1849 3189 2120 3228 continentiam
2145 3202 2282 3227 causae
2311 3198 2347 3227 et
2367 3189 2533 3228 effectus.

418 3322 444 3353 α)
465 3329 518 3345 una
532 3321 631 3352 passio.
649 3334 668 3339 -
687 3327 740 3344 una
754 3321 876 3352 potentia
896 3321 923 3349 F,
938 3322 1029 3352 passio
1050 3322 1077 3346 Ρ.

419 3355 442 3388 β)
458 3357 624 3388 passionum.
641 3369 660 3375 -
679 3359 708 3380 ut
726 3363 807 3387 supra
828 3356 926 3380 dictum
946 3359 985 3380 est
1004 3357 1099 3381 addunt
1118 3356 1165 3381 Pa.

1526 3321 1553 3354 γ)
1573 3329 1640 3353 quae
1658 3325 1698 3346 est
1716 3322 1788 3346 mali.
1805 3335 1824 3340 -
1843 3321 1876 3345 de
1894 3321 1964 3345 man
1983 3320 2093 3345 codices.
2106 3333 2126 3338 —
2138 3321 2189 3345 Pro
2208 3320 2234 3345 in
2254 3320 2354 3352 seipsa,
2369 3320 2395 3344 in
2408 3326 2438 3344 se
2451 3319 2534 3351 ipsam

1475 3357 1716 3382 ABCDEFGIKLa.

1529 3391 1552 3423 ὃ)
1573 3395 1663 3416 extra.
1681 3406 1700 3410 -
1718 3399 1755 3416 ex
1774 3391 1884 3416 codices.

2593 1911 2773 1934 mamm

2597 1931 2626 1954 nd
2617 1938 2713 1986 ’,ἐι
2725 1939 2772 1961 ιιι,

2560 2145 2570 2155 ·
2585 2143 2645 2173 Cap.
2657 2150 2681 2172 ιι,
2695 2149 2720 2168 ιι.
2733 2149 2755 2167 a.

2559 2401 2629 2424 ‘Lib-
2635 2401 2676 2430 tv,
2683 2407 2773 2430 etp-vi.
