<?xml version="1.0" encoding="UTF-8"?>
<!DOCTYPE html PUBLIC "-//W3C//DTD XHTML 1.0 Transitional//EN"
    "http://www.w3.org/TR/xhtml1/DTD/xhtml1-transitional.dtd">
<html xmlns="http://www.w3.org/1999/xhtml" xml:lang="en" lang="en">
 <head>
  <title>
</title>
<meta http-equiv="Content-Type" content="text/html;charset=utf-8" />
  <meta name='ocr-system' content='tesseract 3.04.00' />
  <meta name='ocr-capabilities' content='ocr_page ocr_carea ocr_par ocr_line ocrx_word'/>
</head>
<body>
  <div class='ocr_page' id='page_1' title='image "./operaomniaiussui06thom/operaomniaiussui06thom_0249.png"; bbox 0 0 2852 4152; ppageno 0'>
   <div class='ocr_carea' id='block_1_1' title="bbox 1008 296 1862 344">
    <p class='ocr_par' dir='ltr' id='par_1_1' title="bbox 1008 296 1862 344">
     <span class='ocr_line' id='line_1_1' title="bbox 1008 296 1862 344; baseline -0.004 -9"><span class='ocrx_word' id='word_1_1' title='bbox 1008 297 1272 344; x_wconf 89' lang='lat' dir='ltr'>QUAESTIO</span> <span class='ocrx_word' id='word_1_2' title='bbox 1301 297 1478 344; x_wconf 83' lang='lat' dir='ltr'>XXXIV,</span> <span class='ocrx_word' id='word_1_3' title='bbox 1507 296 1802 333; x_wconf 90' lang='lat' dir='ltr'>ARTICULUS</span> <span class='ocrx_word' id='word_1_4' title='bbox 1831 296 1862 332; x_wconf 93' lang='lat'>11</span> 
     </span>
    </p>
   </div>
   <div class='ocr_carea' id='block_1_2' title="bbox 210 375 1407 1005">
    <p class='ocr_par' dir='ltr' id='par_1_2' title="bbox 210 375 1407 1005">
     <span class='ocr_line' id='line_1_2' title="bbox 351 375 1406 424; baseline -0.004 -8"><span class='ocrx_word' id='word_1_5' title='bbox 351 377 560 423; x_wconf 87' lang='lat' dir='ltr'>delectatio,</span> <span class='ocrx_word' id='word_1_6' title='bbox 583 383 619 413; x_wconf 91' lang='lat' dir='ltr'>et</span> <span class='ocrx_word' id='word_1_7' title='bbox 646 375 863 424; x_wconf 90' lang='lat' dir='ltr'>simpliciter</span> <span class='ocrx_word' id='word_1_8' title='bbox 886 377 999 413; x_wconf 91' lang='lat' dir='ltr'>bona.</span> <span class='ocrx_word' id='word_1_9' title='bbox 1030 377 1069 413; x_wconf 92' lang='lat' dir='ltr'>Si</span> <span class='ocrx_word' id='word_1_10' title='bbox 1098 383 1226 413; x_wconf 87' lang='lat' dir='ltr'>autem</span> <span class='ocrx_word' id='word_1_11' title='bbox 1255 388 1333 412; x_wconf 90' lang='lat' dir='ltr'>non</span> <span class='ocrx_word' id='word_1_12' title='bbox 1361 376 1406 412; x_wconf 90' lang='lat' dir='ltr'>sit</span> 
     </span>
     <span class='ocr_line' id='line_1_3' title="bbox 351 428 1407 477; baseline -0.003 -9"><span class='ocrx_word' id='word_1_13' title='bbox 351 433 498 468; x_wconf 90' lang='lat' dir='ltr'>bonum</span> <span class='ocrx_word' id='word_1_14' title='bbox 517 428 745 477; x_wconf 87' lang='lat' dir='ltr'>simpliciter,</span> <span class='ocrx_word' id='word_1_15' title='bbox 767 429 835 465; x_wconf 91' lang='lat' dir='ltr'>sed</span> <span class='ocrx_word' id='word_1_16' title='bbox 863 430 990 477; x_wconf 89' lang='lat' dir='ltr'>quoad</span> <span class='ocrx_word' id='word_1_17' title='bbox 1010 430 1123 476; x_wconf 90' lang='lat' dir='ltr'>hunc,</span> <span class='ocrx_word' id='word_1_18' title='bbox 1144 437 1232 466; x_wconf 90' lang='lat' dir='ltr'>tunc</span> <span class='ocrx_word' id='word_1_19' title='bbox 1252 441 1323 465; x_wconf 90' lang='lat' dir='ltr'>nec</span> <span class='ocrx_word' id='word_1_20' title='bbox 1343 429 1407 465; x_wconf 89' lang='lat' dir='ltr'>de-</span> 
     </span>
     <span class='ocr_line' id='line_1_4' title="bbox 350 481 1406 530; baseline -0.003 -9"><span class='ocrx_word' id='word_1_21' title='bbox 350 483 498 521; x_wconf 84' lang='lat' dir='ltr'>lectatio</span> <span class='ocrx_word' id='word_1_22' title='bbox 528 489 583 518; x_wconf 93' lang='lat' dir='ltr'>est</span> <span class='ocrx_word' id='word_1_23' title='bbox 610 481 832 530; x_wconf 89' lang='lat' dir='ltr'>simpliciter,</span> <span class='ocrx_word' id='word_1_24' title='bbox 863 482 930 518; x_wconf 91' lang='lat' dir='ltr'>sed</span> <span class='ocrx_word' id='word_1_25' title='bbox 958 482 1061 518; x_wconf 92' lang='lat' dir='ltr'>huic:</span> <span class='ocrx_word' id='word_1_26' title='bbox 1091 494 1162 518; x_wconf 88' lang='lat' dir='ltr'>nec</span> <span class='ocrx_word' id='word_1_27' title='bbox 1190 481 1406 530; x_wconf 88' lang='lat' dir='ltr'>simpliciter</span> 
     </span>
     <span class='ocr_line' id='line_1_5' title="bbox 351 534 1406 583; baseline -0.002 -10"><span class='ocrx_word' id='word_1_28' title='bbox 351 544 408 574; x_wconf 90' lang='lat' dir='ltr'>est</span> <span class='ocrx_word' id='word_1_29' title='bbox 434 536 558 583; x_wconf 88' lang='lat' dir='ltr'>bona,</span> <span class='ocrx_word' id='word_1_30' title='bbox 581 534 655 571; x_wconf 87' lang='lat' dir='ltr'>sed</span> <span class='ocrx_word' id='word_1_31' title='bbox 683 535 785 571; x_wconf 91' lang='lat' dir='ltr'>bona</span> <span class='ocrx_word' id='word_1_32' title='bbox 815 535 1026 571; x_wconf 87' lang='lat' dir='ltr'>secundum</span> <span class='ocrx_word' id='word_1_33' title='bbox 1061 535 1172 583; x_wconf 90' lang='lat' dir='ltr'>quid,</span> <span class='ocrx_word' id='word_1_34' title='bbox 1201 535 1262 571; x_wconf 89' lang='lat' dir='ltr'>vel</span> <span class='ocrx_word' id='word_1_35' title='bbox 1291 546 1406 583; x_wconf 90' lang='lat' dir='ltr'>appa-</span> 
     </span>
     <span class='ocr_line' id='line_1_6' title="bbox 210 589 618 626; baseline -0.007 1"><span class='ocrx_word' id='word_1_36' title='bbox 210 590 222 607; x_wconf 54' lang='grc' dir='ltr'><strong><em>ε</em></strong></span> <span class='ocrx_word' id='word_1_37' title='bbox 350 601 438 626; x_wconf 88' lang='lat' dir='ltr'>rens</span> <span class='ocrx_word' id='word_1_38' title='bbox 465 593 478 610; x_wconf 80' lang='lat'>⁸</span> <span class='ocrx_word' id='word_1_39' title='bbox 505 589 618 625; x_wconf 92' lang='lat' dir='ltr'>bona.</span> 
     </span>
     <span class='ocr_line' id='line_1_7' title="bbox 403 639 1406 688; baseline -0.004 -9"><span class='ocrx_word' id='word_1_40' title='bbox 403 643 462 679; x_wconf 79' lang='lat' dir='ltr'>An</span> <span class='ocrx_word' id='word_1_41' title='bbox 477 647 726 678; x_wconf 67' lang='lat' dir='ltr'>Pkimumenoo</span> <span class='ocrx_word' id='word_1_42' title='bbox 741 651 923 676; x_wconf 78' lang='lat' dir='ltr'>DICENDUM</span> <span class='ocrx_word' id='word_1_43' title='bbox 939 641 1043 688; x_wconf 92' lang='lat' dir='ltr'>quod</span> <span class='ocrx_word' id='word_1_44' title='bbox 1058 641 1260 677; x_wconf 91' lang='lat' dir='ltr'>honestum</span> <span class='ocrx_word' id='word_1_45' title='bbox 1273 647 1309 676; x_wconf 88' lang='lat' dir='ltr'>et</span> <span class='ocrx_word' id='word_1_46' title='bbox 1318 639 1406 676; x_wconf 89' lang='lat' dir='ltr'>utile</span> 
     </span>
     <span class='ocr_line' id='line_1_8' title="bbox 327 692 1406 732; baseline -0.004 0"><span class='ocrx_word' id='word_1_47' title='bbox 327 711 330 713; x_wconf 50' lang='lat'>&gt;</span> <span class='ocrx_word' id='word_1_48' title='bbox 352 694 526 732; x_wconf 90' lang='lat' dir='ltr'>dicuntur</span> <span class='ocrx_word' id='word_1_49' title='bbox 544 693 756 730; x_wconf 89' lang='lat' dir='ltr'>secundum</span> <span class='ocrx_word' id='word_1_50' title='bbox 777 692 979 729; x_wconf 90' lang='lat' dir='ltr'>rationem:</span> <span class='ocrx_word' id='word_1_51' title='bbox 1001 701 1036 729; x_wconf 90' lang='lat' dir='ltr'>et</span> <span class='ocrx_word' id='word_1_52' title='bbox 1055 693 1142 730; x_wconf 93' lang='lat' dir='ltr'>ideo</span> <span class='ocrx_word' id='word_1_53' title='bbox 1163 693 1253 729; x_wconf 90' lang='lat' dir='ltr'>nihil</span> <span class='ocrx_word' id='word_1_54' title='bbox 1269 700 1324 729; x_wconf 92' lang='lat' dir='ltr'>est</span> <span class='ocrx_word' id='word_1_55' title='bbox 1338 693 1406 728; x_wconf 93' lang='lat' dir='ltr'>ho-</span> 
     </span>
     <span class='ocr_line' id='line_1_9' title="bbox 351 745 1406 793; baseline -0.003 -9"><span class='ocrx_word' id='word_1_56' title='bbox 351 746 502 784; x_wconf 84' lang='lat' dir='ltr'>nestum</span> <span class='ocrx_word' id='word_1_57' title='bbox 515 746 578 783; x_wconf 83' lang='lat' dir='ltr'>vel</span> <span class='ocrx_word' id='word_1_58' title='bbox 595 745 696 791; x_wconf 90' lang='lat' dir='ltr'>utile,</span> <span class='ocrx_word' id='word_1_59' title='bbox 716 745 822 793; x_wconf 90' lang='lat' dir='ltr'>quod</span> <span class='ocrx_word' id='word_1_60' title='bbox 842 757 919 782; x_wconf 92' lang='lat' dir='ltr'>non</span> <span class='ocrx_word' id='word_1_61' title='bbox 936 746 981 782; x_wconf 89' lang='lat' dir='ltr'>sit</span> <span class='ocrx_word' id='word_1_62' title='bbox 1001 747 1159 782; x_wconf 89' lang='lat' dir='ltr'>bonum.</span> <span class='ocrx_word' id='word_1_63' title='bbox 1175 745 1406 782; x_wconf 90' lang='lat' dir='ltr'>Delectabile</span> 
     </span>
     <span class='ocr_line' id='line_1_10' title="bbox 350 798 1406 847; baseline -0.002 -11"><span class='ocrx_word' id='word_1_64' title='bbox 350 806 478 836; x_wconf 87' lang='lat' dir='ltr'>autem</span> <span class='ocrx_word' id='word_1_65' title='bbox 497 798 632 835; x_wconf 90' lang='lat' dir='ltr'>dicitur</span> <span class='ocrx_word' id='word_1_66' title='bbox 659 799 870 835; x_wconf 89' lang='lat' dir='ltr'>secundum</span> <span class='ocrx_word' id='word_1_67' title='bbox 894 799 1113 847; x_wconf 88' lang='lat' dir='ltr'>appetitum,</span> <span class='ocrx_word' id='word_1_68' title='bbox 1143 798 1207 846; x_wconf 92' lang='lat' dir='ltr'>qui</span> <span class='ocrx_word' id='word_1_69' title='bbox 1235 798 1406 845; x_wconf 91' lang='lat' dir='ltr'>quando-</span> 
     </span>
     <span class='ocr_line' id='line_1_11' title="bbox 350 850 1403 900; baseline -0.001 -13"><span class='ocrx_word' id='word_1_70' title='bbox 350 863 425 900; x_wconf 88' lang='lat' dir='ltr'>que</span> <span class='ocrx_word' id='word_1_71' title='bbox 440 850 478 887; x_wconf 91' lang='lat' dir='ltr'>in</span> <span class='ocrx_word' id='word_1_72' title='bbox 493 851 583 887; x_wconf 93' lang='lat' dir='ltr'>illud</span> <span class='ocrx_word' id='word_1_73' title='bbox 597 850 717 887; x_wconf 89' lang='lat' dir='ltr'>tendit</span> <span class='ocrx_word' id='word_1_74' title='bbox 730 851 834 900; x_wconf 92' lang='lat' dir='ltr'>quod</span> <span class='ocrx_word' id='word_1_75' title='bbox 850 864 927 888; x_wconf 92' lang='lat' dir='ltr'>non</span> <span class='ocrx_word' id='word_1_76' title='bbox 943 859 999 888; x_wconf 90' lang='lat' dir='ltr'>est</span> <span class='ocrx_word' id='word_1_77' title='bbox 1014 851 1244 888; x_wconf 90' lang='lat' dir='ltr'>conveniens</span> <span class='ocrx_word' id='word_1_78' title='bbox 1260 850 1403 886; x_wconf 90' lang='lat' dir='ltr'>rationi.</span> 
     </span>
     <span class='ocr_line' id='line_1_12' title="bbox 350 903 1406 941; baseline -0.001 -1"><span class='ocrx_word' id='word_1_79' title='bbox 350 905 399 941; x_wconf 93' lang='lat' dir='ltr'>Et</span> <span class='ocrx_word' id='word_1_80' title='bbox 417 903 504 940; x_wconf 91' lang='lat' dir='ltr'>ideo</span> <span class='ocrx_word' id='word_1_81' title='bbox 524 916 602 940; x_wconf 92' lang='lat' dir='ltr'>non</span> <span class='ocrx_word' id='word_1_82' title='bbox 626 916 740 940; x_wconf 90' lang='lat' dir='ltr'>omne</span> <span class='ocrx_word' id='word_1_83' title='bbox 765 904 983 941; x_wconf 90' lang='lat' dir='ltr'>delectabile</span> <span class='ocrx_word' id='word_1_84' title='bbox 1004 911 1058 940; x_wconf 87' lang='lat' dir='ltr'>est</span> <span class='ocrx_word' id='word_1_85' title='bbox 1077 905 1221 940; x_wconf 92' lang='lat' dir='ltr'>bonum</span> <span class='ocrx_word' id='word_1_86' title='bbox 1241 903 1406 939; x_wconf 82' lang='lat' dir='ltr'>bonitate</span> 
     </span>
     <span class='ocr_line' id='line_1_13' title="bbox 351 956 1286 1005; baseline -0.001 -12"><span class='ocrx_word' id='word_1_87' title='bbox 351 957 497 1003; x_wconf 90' lang='lat' dir='ltr'>morali,</span> <span class='ocrx_word' id='word_1_88' title='bbox 519 969 616 1005; x_wconf 89' lang='lat' dir='ltr'>quae</span> <span class='ocrx_word' id='word_1_89' title='bbox 637 956 839 993; x_wconf 87' lang='lat' dir='ltr'>attenditur</span> <span class='ocrx_word' id='word_1_90' title='bbox 858 958 1068 994; x_wconf 88' lang='lat' dir='ltr'>secundum</span> <span class='ocrx_word' id='word_1_91' title='bbox 1088 956 1286 993; x_wconf 89' lang='lat' dir='ltr'>rationem.</span> 
     </span>
    </p>
   </div>
   <div class='ocr_carea' id='block_1_3' title="bbox 402 1071 850 1104">
    <p class='ocr_par' dir='ltr' id='par_1_3' title="bbox 402 1071 850 1104">
     <span class='ocr_line' id='line_1_14' title="bbox 402 1071 850 1104; baseline 0 -9"><span class='ocrx_word' id='word_1_92' title='bbox 402 1071 425 1104; x_wconf 84' lang='grc' dir='ltr'>ε)</span> <span class='ocrx_word' id='word_1_93' title='bbox 443 1078 586 1103; x_wconf 80' lang='lat' dir='ltr'>apparens.</span> <span class='ocrx_word' id='word_1_94' title='bbox 603 1085 622 1090; x_wconf 98' lang='lat'>—</span> <span class='ocrx_word' id='word_1_95' title='bbox 639 1074 802 1103; x_wconf 82' lang='lat' dir='ltr'><em>apparenter</em></span> <span class='ocrx_word' id='word_1_96' title='bbox 820 1071 850 1096; x_wconf 89' lang='lat' dir='ltr'>E.</span> 
     </span>
    </p>
   </div>
   <div class='ocr_carea' id='block_1_4' title="bbox 296 1218 1412 1743">
    <p class='ocr_par' dir='ltr' id='par_1_4' title="bbox 296 1218 1412 1743">
     <span class='ocr_line' id='line_1_15' title="bbox 353 1218 1409 1292; baseline -0.004 -41"><span class='ocrx_word' id='word_1_97' title='bbox 353 1231 402 1292; x_wconf 72' lang='lat' dir='ltr'>In</span> <span class='ocrx_word' id='word_1_98' title='bbox 425 1221 565 1251; x_wconf 88' lang='lat' dir='ltr'>secundo</span> <span class='ocrx_word' id='word_1_99' title='bbox 582 1220 715 1251; x_wconf 86' lang='lat' dir='ltr'>articulo</span> <span class='ocrx_word' id='word_1_100' title='bbox 734 1220 1041 1260; x_wconf 85' lang='lat' dir='ltr'>trigesimaequartae</span> <span class='ocrx_word' id='word_1_101' title='bbox 1060 1218 1263 1259; x_wconf 78' lang='lat' dir='ltr'>quaestionis,</span> <span class='ocrx_word' id='word_1_102' title='bbox 1289 1218 1409 1248; x_wconf 87' lang='lat' dir='ltr'>omisso</span> 
     </span>
     <span class='ocr_line' id='line_1_16' title="bbox 382 1262 1409 1305; baseline -0.004 -10"><span class='ocrx_word' id='word_1_103' title='bbox 382 1264 496 1305; x_wconf 89' lang='lat' dir='ltr'>primo,</span> <span class='ocrx_word' id='word_1_104' title='bbox 522 1265 656 1295; x_wconf 89' lang='lat' dir='ltr'>dubium</span> <span class='ocrx_word' id='word_1_105' title='bbox 680 1264 815 1294; x_wconf 88' lang='lat' dir='ltr'>occurrit</span> <span class='ocrx_word' id='word_1_106' title='bbox 839 1263 918 1294; x_wconf 82' lang='lat' dir='ltr'>circa</span> <span class='ocrx_word' id='word_1_107' title='bbox 941 1263 1181 1302; x_wconf 84' lang='lat' dir='ltr'>responsionem</span> <span class='ocrx_word' id='word_1_108' title='bbox 1204 1263 1243 1292; x_wconf 86' lang='lat' dir='ltr'>ad</span> <span class='ocrx_word' id='word_1_109' title='bbox 1259 1262 1409 1302; x_wconf 88' lang='lat' dir='ltr'>primum,</span> 
     </span>
     <span class='ocr_line' id='line_1_17' title="bbox 351 1306 1409 1349; baseline -0.004 -10"><span class='ocrx_word' id='word_1_110' title='bbox 351 1318 411 1348; x_wconf 88' lang='lat' dir='ltr'>pro</span> <span class='ocrx_word' id='word_1_111' title='bbox 435 1315 556 1349; x_wconf 84' lang='lat' dir='ltr'>quanto</span> <span class='ocrx_word' id='word_1_112' title='bbox 573 1309 648 1339; x_wconf 89' lang='lat' dir='ltr'>dicit</span> <span class='ocrx_word' id='word_1_113' title='bbox 670 1308 759 1348; x_wconf 91' lang='lat' dir='ltr'>quod</span> <span class='ocrx_word' id='word_1_114' title='bbox 775 1308 855 1338; x_wconf 85' lang='lat' dir='ltr'><strong><em>nihil</em></strong></span> <span class='ocrx_word' id='word_1_115' title='bbox 874 1313 921 1337; x_wconf 80' lang='lat' dir='ltr'>est</span> <span class='ocrx_word' id='word_1_116' title='bbox 943 1308 1021 1337; x_wconf 87' lang='lat' dir='ltr'>utile</span> <span class='ocrx_word' id='word_1_117' title='bbox 1038 1307 1123 1346; x_wconf 82' lang='lat' dir='ltr'>quod</span> <span class='ocrx_word' id='word_1_118' title='bbox 1146 1316 1208 1336; x_wconf 85' lang='lat' dir='ltr'>non</span> <span class='ocrx_word' id='word_1_119' title='bbox 1229 1306 1270 1336; x_wconf 85' lang='lat' dir='ltr'>sit</span> <span class='ocrx_word' id='word_1_120' title='bbox 1285 1306 1409 1336; x_wconf 85' lang='lat' dir='ltr'>bonum.</span> 
     </span>
     <span class='ocr_line' id='line_1_18' title="bbox 351 1349 1410 1390; baseline -0.005 -7"><span class='ocrx_word' id='word_1_121' title='bbox 351 1353 436 1390; x_wconf 78' lang='lat' dir='ltr'>Quia</span> <span class='ocrx_word' id='word_1_122' title='bbox 459 1359 515 1383; x_wconf 88' lang='lat' dir='ltr'>aut</span> <span class='ocrx_word' id='word_1_123' title='bbox 541 1359 587 1382; x_wconf 89' lang='lat' dir='ltr'>est</span> <span class='ocrx_word' id='word_1_124' title='bbox 609 1361 723 1382; x_wconf 85' lang='lat' dir='ltr'>sermo·</span> <span class='ocrx_word' id='word_1_125' title='bbox 738 1351 777 1381; x_wconf 92' lang='lat' dir='ltr'>de</span> <span class='ocrx_word' id='word_1_126' title='bbox 800 1351 940 1380; x_wconf 87' lang='lat' dir='ltr'>bonitate</span> <span class='ocrx_word' id='word_1_127' title='bbox 963 1357 1107 1385; x_wconf 86' lang='lat' dir='ltr'>naturae,</span> <span class='ocrx_word' id='word_1_128' title='bbox 1131 1357 1185 1380; x_wconf 87' lang='lat' dir='ltr'>aut</span> <span class='ocrx_word' id='word_1_129' title='bbox 1209 1349 1247 1379; x_wconf 90' lang='lat' dir='ltr'>de</span> <span class='ocrx_word' id='word_1_130' title='bbox 1271 1349 1410 1379; x_wconf 84' lang='lat' dir='ltr'>bonitate</span> 
     </span>
     <span class='ocr_line' id='line_1_19' title="bbox 351 1391 1410 1430; baseline -0.005 -3"><span class='ocrx_word' id='word_1_131' title='bbox 351 1396 460 1427; x_wconf 87' lang='lat' dir='ltr'>moris.</span> <span class='ocrx_word' id='word_1_132' title='bbox 474 1397 508 1427; x_wconf 89' lang='lat' dir='ltr'>Si</span> <span class='ocrx_word' id='word_1_133' title='bbox 524 1395 718 1426; x_wconf 74' lang='lat' dir='ltr'>debonitate</span> <span class='ocrx_word' id='word_1_134' title='bbox 733 1401 871 1430; x_wconf 84' lang='lat' dir='ltr'>naturae,</span> <span class='ocrx_word' id='word_1_135' title='bbox 889 1391 975 1424; x_wconf 73' lang='lat' dir='ltr'>n‘ulla</span> <span class='ocrx_word' id='word_1_136' title='bbox 991 1400 1038 1424; x_wconf 90' lang='lat' dir='ltr'>est</span> <span class='ocrx_word' id='word_1_137' title='bbox 1051 1393 1224 1423; x_wconf 85' lang='lat' dir='ltr'>differentia</span> <span class='ocrx_word' id='word_1_138' title='bbox 1239 1393 1319 1422; x_wconf 89' lang='lat' dir='ltr'>inter</span> <span class='ocrx_word' id='word_1_139' title='bbox 1335 1393 1410 1423; x_wconf 90' lang='lat' dir='ltr'>utile</span> 
     </span>
     <span class='ocr_line' id='line_1_20' title="bbox 350 1436 1411 1479; baseline -0.004 -9"><span class='ocrx_word' id='word_1_140' title='bbox 350 1439 602 1470; x_wconf 59' lang='lat' dir='ltr'>erdele&#39;ctabile:</span> <span class='ocrx_word' id='word_1_141' title='bbox 627 1439 703 1479; x_wconf 84' lang='lat' dir='ltr'>quia</span> <span class='ocrx_word' id='word_1_142' title='bbox 732 1445 904 1477; x_wconf 86' lang='lat' dir='ltr'>utrumque</span> <span class='ocrx_word' id='word_1_143' title='bbox 931 1444 977 1467; x_wconf 90' lang='lat' dir='ltr'>est</span> <span class='ocrx_word' id='word_1_144' title='bbox 1000 1438 1122 1467; x_wconf 90' lang='lat' dir='ltr'>bonum</span> <span class='ocrx_word' id='word_1_145' title='bbox 1146 1436 1200 1466; x_wconf 90' lang='lat' dir='ltr'>tali</span> <span class='ocrx_word' id='word_1_146' title='bbox 1220 1436 1369 1467; x_wconf 89' lang='lat' dir='ltr'>bonitate.</span> <span class='ocrx_word' id='word_1_147' title='bbox 1390 1453 1411 1459; x_wconf 86' lang='lat'>-</span> 
     </span>
     <span class='ocr_line' id='line_1_21' title="bbox 350 1479 1409 1520; baseline -0.004 -7"><span class='ocrx_word' id='word_1_148' title='bbox 350 1483 384 1514; x_wconf 79' lang='lat' dir='ltr'>Si</span> <span class='ocrx_word' id='word_1_149' title='bbox 407 1483 447 1513; x_wconf 85' lang='lat' dir='ltr'>de</span> <span class='ocrx_word' id='word_1_150' title='bbox 475 1483 615 1513; x_wconf 82' lang='lat' dir='ltr'>bonitate</span> <span class='ocrx_word' id='word_1_151' title='bbox 637 1481 767 1517; x_wconf 77' lang='lat' dir='ltr'>morali,</span> <span class='ocrx_word' id='word_1_152' title='bbox 790 1487 866 1511; x_wconf 87' lang='lat' dir='ltr'>tunc</span> <span class='ocrx_word' id='word_1_153' title='bbox 897 1481 975 1510; x_wconf 86' lang='lat' dir='ltr'>falsa</span> <span class='ocrx_word' id='word_1_154' title='bbox 995 1490 1128 1520; x_wconf 87' lang='lat' dir='ltr'>quoque</span> <span class='ocrx_word' id='word_1_155' title='bbox 1152 1486 1198 1510; x_wconf 91' lang='lat' dir='ltr'>est</span> <span class='ocrx_word' id='word_1_156' title='bbox 1220 1479 1409 1510; x_wconf 83' lang='lat' dir='ltr'>differentia:</span> 
     </span>
     <span class='ocr_line' id='line_1_22' title="bbox 349 1524 1411 1567; baseline -0.004 -10"><span class='ocrx_word' id='word_1_157' title='bbox 349 1526 426 1567; x_wconf 77' lang='lat' dir='ltr'>quia</span> <span class='ocrx_word' id='word_1_158' title='bbox 441 1527 541 1557; x_wconf 79' lang='lat' dir='ltr'>multa</span> <span class='ocrx_word' id='word_1_159' title='bbox 562 1526 654 1556; x_wconf 86' lang='lat' dir='ltr'>utilia</span> <span class='ocrx_word' id='word_1_160' title='bbox 667 1526 752 1556; x_wconf 85' lang='lat' dir='ltr'>bona</span> <span class='ocrx_word' id='word_1_161' title='bbox 775 1531 850 1555; x_wconf 90' lang='lat' dir='ltr'>sunt</span> <span class='ocrx_word' id='word_1_162' title='bbox 872 1525 955 1554; x_wconf 89' lang='lat' dir='ltr'>mala</span> <span class='ocrx_word' id='word_1_163' title='bbox 974 1524 1144 1559; x_wconf 82' lang='lat' dir='ltr'>moraliter,</span> <span class='ocrx_word' id='word_1_164' title='bbox 1164 1530 1276 1563; x_wconf 88' lang='lat' dir='ltr'>utpote</span> <span class='ocrx_word' id='word_1_165' title='bbox 1291 1524 1331 1553; x_wconf 85' lang='lat' dir='ltr'>ad</span> <span class='ocrx_word' id='word_1_166' title='bbox 1346 1533 1411 1554; x_wconf 83' lang='lat' dir='ltr'>ma-</span> 
     </span>
     <span class='ocr_line' id='line_1_23' title="bbox 349 1568 1410 1606; baseline -0.004 -5"><span class='ocrx_word' id='word_1_167' title='bbox 349 1570 420 1600; x_wconf 88' lang='lat' dir='ltr'>lum</span> <span class='ocrx_word' id='word_1_168' title='bbox 438 1570 598 1606; x_wconf 85' lang='lat' dir='ltr'>ducentia;</span> <span class='ocrx_word' id='word_1_169' title='bbox 617 1570 699 1600; x_wconf 85' lang='lat' dir='ltr'>sicut</span> <span class='ocrx_word' id='word_1_170' title='bbox 713 1569 814 1599; x_wconf 87' lang='lat' dir='ltr'>multa</span> <span class='ocrx_word' id='word_1_171' title='bbox 833 1568 1028 1599; x_wconf 84' lang='lat' dir='ltr'>delectabilia</span> <span class='ocrx_word' id='word_1_172' title='bbox 1047 1568 1129 1598; x_wconf 83' lang='lat' dir='ltr'>mala</span> <span class='ocrx_word' id='word_1_173' title='bbox 1148 1574 1222 1597; x_wconf 90' lang='lat' dir='ltr'>sunt</span> <span class='ocrx_word' id='word_1_174' title='bbox 1240 1568 1410 1603; x_wconf 84' lang='lat' dir='ltr'>moraliter,</span> 
     </span>
     <span class='ocr_line' id='line_1_24' title="bbox 350 1613 1412 1654; baseline -0.002 -10"><span class='ocrx_word' id='word_1_175' title='bbox 350 1614 435 1644; x_wconf 70' lang='lat' dir='ltr'>mala</span> <span class='ocrx_word' id='word_1_176' title='bbox 457 1623 555 1654; x_wconf 84' lang='lat' dir='ltr'>opera</span> <span class='ocrx_word' id='word_1_177' title='bbox 577 1613 813 1654; x_wconf 85' lang='lat' dir='ltr'>consequentia.</span> <span class='ocrx_word' id='word_1_178' title='bbox 1408 1647 1412 1652; x_wconf 47' lang='grc'>,</span> 
     </span>
     <span class='ocr_line' id='line_1_25' title="bbox 296 1654 1410 1697; baseline -0.004 -8"><span class='ocrx_word' id='word_1_179' title='bbox 296 1660 299 1664; x_wconf 81' lang='grc'><strong>“</strong></span> <span class='ocrx_word' id='word_1_180' title='bbox 355 1680 357 1682; x_wconf 96' lang='grc'>-</span> <span class='ocrx_word' id='word_1_181' title='bbox 411 1656 447 1688; x_wconf 75' lang='lat' dir='ltr'>ll.</span> <span class='ocrx_word' id='word_1_182' title='bbox 471 1658 522 1688; x_wconf 89' lang='lat' dir='ltr'>Ad</span> <span class='ocrx_word' id='word_1_183' title='bbox 555 1658 618 1688; x_wconf 91' lang='lat' dir='ltr'>hoc</span> <span class='ocrx_word' id='word_1_184' title='bbox 647 1657 761 1688; x_wconf 91' lang='lat' dir='ltr'>dicitur</span> <span class='ocrx_word' id='word_1_185' title='bbox 791 1656 880 1697; x_wconf 92' lang='lat' dir='ltr'>quod</span> <span class='ocrx_word' id='word_1_186' title='bbox 909 1656 960 1686; x_wconf 85' lang='lat' dir='ltr'>hic</span> <span class='ocrx_word' id='word_1_187' title='bbox 990 1663 1037 1686; x_wconf 87' lang='lat' dir='ltr'>est</span> <span class='ocrx_word' id='word_1_188' title='bbox 1065 1665 1169 1686; x_wconf 90' lang='lat' dir='ltr'>sermo</span> <span class='ocrx_word' id='word_1_189' title='bbox 1200 1655 1238 1684; x_wconf 89' lang='lat' dir='ltr'>de</span> <span class='ocrx_word' id='word_1_190' title='bbox 1270 1654 1410 1685; x_wconf 87' lang='lat' dir='ltr'>bonitate</span> 
     </span>
     <span class='ocr_line' id='line_1_26' title="bbox 351 1699 1410 1743; baseline -0.005 -10"><span class='ocrx_word' id='word_1_191' title='bbox 351 1701 480 1732; x_wconf 82' lang='lat' dir='ltr'>morali:</span> <span class='ocrx_word' id='word_1_192' title='bbox 502 1709 532 1732; x_wconf 91' lang='lat' dir='ltr'>et</span> <span class='ocrx_word' id='word_1_193' title='bbox 547 1702 636 1743; x_wconf 91' lang='lat' dir='ltr'>quod</span> <span class='ocrx_word' id='word_1_194' title='bbox 654 1702 778 1732; x_wconf 87' lang='lat' dir='ltr'>bonum</span> <span class='ocrx_word' id='word_1_195' title='bbox 797 1700 873 1731; x_wconf 86' lang='lat' dir='ltr'>utile</span> <span class='ocrx_word' id='word_1_196' title='bbox 893 1707 939 1730; x_wconf 87' lang='lat' dir='ltr'>est</span> <span class='ocrx_word' id='word_1_197' title='bbox 957 1700 1134 1730; x_wconf 88' lang='lat' dir='ltr'>secundum</span> <span class='ocrx_word' id='word_1_198' title='bbox 1148 1709 1182 1729; x_wconf 89' lang='lat' dir='ltr'>se</span> <span class='ocrx_word' id='word_1_199' title='bbox 1200 1699 1314 1730; x_wconf 84' lang='lat' dir='ltr'>rationi</span> <span class='ocrx_word' id='word_1_200' title='bbox 1333 1708 1410 1729; x_wconf 88' lang='lat' dir='ltr'>con-</span> 
     </span>
    </p>
   </div>
   <div class='ocr_carea' id='block_1_5' title="bbox 365 2134 550 2319">
    <p class='ocr_par' dir='ltr' id='par_1_5' title="bbox 365 2134 550 2319">
     <span class='ocr_line' id='line_1_27' title="bbox 365 2134 550 2319; baseline 0 -77"><span class='ocrx_word' id='word_1_201' title='bbox 365 2134 550 2319; x_wconf 95' lang='lat' dir='ltr'>    </span> 
     </span>
    </p>
   </div>
   <div class='ocr_carea' id='block_1_6' title="bbox 73 2117 1410 3539">
    <p class='ocr_par' dir='ltr' id='par_1_6' title="bbox 395 2117 1409 2166">
     <span class='ocr_line' id='line_1_28' title="bbox 467 2117 1409 2166; baseline -0.008 -4.568"><span class='ocrx_word' id='word_1_202' title='bbox 467 2138 523 2166; x_wconf 45' lang='lat'>2...-</span> <span class='ocrx_word' id='word_1_203' title='bbox 562 2133 586 2158; x_wconf 85' lang='lat' dir='ltr'>D</span> <span class='ocrx_word' id='word_1_204' title='bbox 612 2132 771 2158; x_wconf 79' lang='lat' dir='ltr'>TERTmM</span> <span class='ocrx_word' id='word_1_205' title='bbox 789 2132 843 2158; x_wconf 74' lang='lat' dir='ltr'>stc</span> <span class='ocrx_word' id='word_1_206' title='bbox 862 2131 1098 2158; x_wconf 78' lang='lat' dir='ltr'>PROCEDrrUR.</span> <span class='ocrx_word' id='word_1_207' title='bbox 1128 2117 1286 2156; x_wconf 89' lang='lat' dir='ltr'>Videtur</span> <span class='ocrx_word' id='word_1_208' title='bbox 1304 2117 1409 2166; x_wconf 92' lang='lat' dir='ltr'>quod</span> 
     </span>
    </p>

    <p class='ocr_par' dir='ltr' id='par_1_7' title="bbox 356 2152 1407 2233">
     <span class='ocr_line' id='line_1_29' title="bbox 356 2152 1407 2233; baseline 0 -26"><span class='ocrx_word' id='word_1_209' title='bbox 356 2204 358 2207; x_wconf 83' lang='grc'><strong>,</strong></span> <span class='ocrx_word' id='word_1_210' title='bbox 380 2152 541 2233; x_wconf 47' lang='grc' dir='ltr'>’ἳὲ</span> <span class='ocrx_word' id='word_1_211' title='bbox 563 2174 664 2210; x_wconf 90' lang='lat' dir='ltr'>nulla</span> <span class='ocrx_word' id='word_1_212' title='bbox 680 2173 878 2210; x_wconf 82' lang='lat' dir='ltr'>delectatio</span> <span class='ocrx_word' id='word_1_213' title='bbox 893 2173 939 2209; x_wconf 87' lang='lat' dir='ltr'>sit</span> <span class='ocrx_word' id='word_1_214' title='bbox 953 2172 1153 2221; x_wconf 90' lang='lat' dir='ltr'>optimum.</span> <span class='ocrx_word' id='word_1_215' title='bbox 1175 2172 1290 2208; x_wconf 91' lang='lat' dir='ltr'>Nulla</span> <span class='ocrx_word' id='word_1_216' title='bbox 1305 2170 1407 2207; x_wconf 89' lang='lat' dir='ltr'>enim</span> 
     </span>
    </p>

    <p class='ocr_par' dir='ltr' id='par_1_8' title="bbox 73 2216 1408 2277">
     <span class='ocr_line' id='line_1_30' title="bbox 73 2216 1408 2277; baseline -0.004 -13"><span class='ocrx_word' id='word_1_217' title='bbox 73 2241 90 2252; x_wconf 56' lang='lat' dir='ltr'><em>f</em></span> <span class='ocrx_word' id='word_1_218' title='bbox 370 2224 489 2276; x_wconf 40' lang='grc' dir='ltr'>’,ᾗνς</span> <span class='ocrx_word' id='word_1_219' title='bbox 504 2216 753 2277; x_wconf 87' lang='lat' dir='ltr'>generatio</span> <span class='ocrx_word' id='word_1_220' title='bbox 783 2233 838 2262; x_wconf 89' lang='lat' dir='ltr'>est</span> <span class='ocrx_word' id='word_1_221' title='bbox 866 2225 1070 2274; x_wconf 87' lang='lat' dir='ltr'>optimum:</span> <span class='ocrx_word' id='word_1_222' title='bbox 1099 2236 1187 2261; x_wconf 91' lang='lat' dir='ltr'>nam</span> <span class='ocrx_word' id='word_1_223' title='bbox 1217 2223 1408 2271; x_wconf 86' lang='lat' dir='ltr'>generatio</span> 
     </span>
    </p>

    <p class='ocr_par' dir='ltr' id='par_1_9' title="bbox 408 2254 1410 2327">
     <span class='ocr_line' id='line_1_31' title="bbox 408 2254 1410 2327; baseline -0.001 -14"><span class='ocrx_word' id='word_1_224' title='bbox 408 2254 642 2316; x_wconf 48' lang='grc' dir='ltr'>ἐὴΧῐιοη</span> <span class='ocrx_word' id='word_1_225' title='bbox 669 2286 794 2327; x_wconf 91' lang='lat' dir='ltr'>potest</span> <span class='ocrx_word' id='word_1_226' title='bbox 822 2291 904 2315; x_wconf 89' lang='lat' dir='ltr'>esse</span> <span class='ocrx_word' id='word_1_227' title='bbox 931 2278 1083 2315; x_wconf 91' lang='lat' dir='ltr'>ultimus</span> <span class='ocrx_word' id='word_1_228' title='bbox 1112 2277 1208 2314; x_wconf 89' lang='lat' dir='ltr'>finis.</span> <span class='ocrx_word' id='word_1_229' title='bbox 1241 2277 1317 2313; x_wconf 88' lang='lat' dir='ltr'>Sed</span> <span class='ocrx_word' id='word_1_230' title='bbox 1347 2277 1410 2313; x_wconf 87' lang='lat' dir='ltr'>de-</span> 
     </span>
    </p>

    <p class='ocr_par' dir='ltr' id='par_1_10' title="bbox 351 2331 1408 2380">
     <span class='ocr_line' id='line_1_32' title="bbox 351 2331 1408 2380; baseline -0.003 -12"><span class='ocrx_word' id='word_1_231' title='bbox 351 2331 499 2368; x_wconf 88' lang='lat' dir='ltr'>lectatio</span> <span class='ocrx_word' id='word_1_232' title='bbox 538 2332 780 2380; x_wconf 88' lang='lat' dir='ltr'>consequitur</span> <span class='ocrx_word' id='word_1_233' title='bbox 816 2331 1120 2379; x_wconf 84' lang='lat' dir='ltr'>generationem:</span> <span class='ocrx_word' id='word_1_234' title='bbox 1160 2342 1248 2366; x_wconf 90' lang='lat' dir='ltr'>nam</span> <span class='ocrx_word' id='word_1_235' title='bbox 1282 2342 1326 2365; x_wconf 86' lang='lat' dir='ltr'>ex</span> <span class='ocrx_word' id='word_1_236' title='bbox 1363 2341 1408 2365; x_wconf 94' lang='lat' dir='ltr'>eo</span> 
     </span>
    </p>

    <p class='ocr_par' dir='ltr' id='par_1_11' title="bbox 352 2382 1409 2432">
     <span class='ocr_line' id='line_1_33' title="bbox 352 2382 1409 2432; baseline -0.003 -11"><span class='ocrx_word' id='word_1_237' title='bbox 352 2384 458 2432; x_wconf 90' lang='lat' dir='ltr'>quod</span> <span class='ocrx_word' id='word_1_238' title='bbox 486 2383 626 2432; x_wconf 91' lang='lat' dir='ltr'>aliquid</span> <span class='ocrx_word' id='word_1_239' title='bbox 655 2384 890 2420; x_wconf 91' lang='lat' dir='ltr'>constituitur</span> <span class='ocrx_word' id='word_1_240' title='bbox 912 2384 950 2420; x_wconf 92' lang='lat' dir='ltr'>in</span> <span class='ocrx_word' id='word_1_241' title='bbox 970 2396 1079 2420; x_wconf 91' lang='lat' dir='ltr'>suam</span> <span class='ocrx_word' id='word_1_242' title='bbox 1100 2391 1285 2428; x_wconf 85' lang='lat' dir='ltr'>naturam,</span> <span class='ocrx_word' id='word_1_243' title='bbox 1308 2382 1409 2419; x_wconf 91' lang='lat' dir='ltr'>dele-</span> 
     </span>
    </p>

    <p class='ocr_par' dir='ltr' id='par_1_12' title="bbox 109 2434 1410 2539">
     <span class='ocr_line' id='line_1_34' title="bbox 109 2434 1410 2485; baseline -0.004 -10"><span class='ocrx_word' id='word_1_244' title='bbox 109 2448 323 2482; x_wconf 51' lang='lat' dir='ltr'>·&#39;quxtmt</span> <span class='ocrx_word' id='word_1_245' title='bbox 352 2445 491 2484; x_wconf 87' lang='lat' dir='ltr'>ctatur,</span> <span class='ocrx_word' id='word_1_246' title='bbox 520 2445 561 2474; x_wconf 92' lang='lat' dir='ltr'>ut</span> <span class='ocrx_word' id='word_1_247' title='bbox 589 2449 701 2485; x_wconf 89' lang='lat' dir='ltr'>supra</span> <span class='ocrx_word' id='word_1_248' title='bbox 720 2437 740 2458; x_wconf 76' lang='lat'>’¹‘</span> <span class='ocrx_word' id='word_1_249' title='bbox 769 2437 910 2474; x_wconf 91' lang='lat' dir='ltr'>dictum</span> <span class='ocrx_word' id='word_1_250' title='bbox 941 2443 1006 2473; x_wconf 90' lang='lat' dir='ltr'>est.</span> <span class='ocrx_word' id='word_1_251' title='bbox 1046 2437 1147 2483; x_wconf 90' lang='lat' dir='ltr'>Ergo</span> <span class='ocrx_word' id='word_1_252' title='bbox 1177 2436 1277 2472; x_wconf 91' lang='lat' dir='ltr'>nulla</span> <span class='ocrx_word' id='word_1_253' title='bbox 1311 2434 1410 2471; x_wconf 92' lang='lat' dir='ltr'>dele-</span> 
     </span>
     <span class='ocr_line' id='line_1_35' title="bbox 351 2490 954 2539; baseline -0.003 -11"><span class='ocrx_word' id='word_1_254' title='bbox 351 2491 462 2528; x_wconf 91' lang='lat' dir='ltr'>ctatio</span> <span class='ocrx_word' id='word_1_255' title='bbox 490 2498 615 2539; x_wconf 93' lang='lat' dir='ltr'>potest</span> <span class='ocrx_word' id='word_1_256' title='bbox 643 2502 725 2526; x_wconf 90' lang='lat' dir='ltr'>esse</span> <span class='ocrx_word' id='word_1_257' title='bbox 753 2490 954 2538; x_wconf 90' lang='lat' dir='ltr'>optimum.</span> 
     </span>
    </p>

    <p class='ocr_par' dir='ltr' id='par_1_13' title="bbox 350 2541 1408 2802">
     <span class='ocr_line' id='line_1_36' title="bbox 405 2541 1408 2590; baseline -0.005 -9"><span class='ocrx_word' id='word_1_258' title='bbox 405 2556 440 2581; x_wconf 91' lang='lat'>2.</span> <span class='ocrx_word' id='word_1_259' title='bbox 469 2544 709 2589; x_wconf 78' lang='lat' dir='ltr'>PRAETEREA,</span> <span class='ocrx_word' id='word_1_260' title='bbox 739 2543 829 2579; x_wconf 91' lang='lat' dir='ltr'>illud</span> <span class='ocrx_word' id='word_1_261' title='bbox 857 2542 962 2589; x_wconf 90' lang='lat' dir='ltr'>quod</span> <span class='ocrx_word' id='word_1_262' title='bbox 991 2549 1047 2578; x_wconf 90' lang='lat' dir='ltr'>est</span> <span class='ocrx_word' id='word_1_263' title='bbox 1075 2541 1276 2590; x_wconf 91' lang='lat' dir='ltr'>optimum,</span> <span class='ocrx_word' id='word_1_264' title='bbox 1306 2541 1408 2577; x_wconf 89' lang='lat' dir='ltr'>nullo</span> 
     </span>
     <span class='ocr_line' id='line_1_37' title="bbox 352 2593 1408 2644; baseline -0.005 -10"><span class='ocrx_word' id='word_1_265' title='bbox 352 2597 480 2634; x_wconf 90' lang='lat' dir='ltr'>addito</span> <span class='ocrx_word' id='word_1_266' title='bbox 500 2603 626 2644; x_wconf 91' lang='lat' dir='ltr'>potest</span> <span class='ocrx_word' id='word_1_267' title='bbox 657 2595 739 2631; x_wconf 91' lang='lat' dir='ltr'>fieri</span> <span class='ocrx_word' id='word_1_268' title='bbox 767 2595 913 2631; x_wconf 87' lang='lat' dir='ltr'>melius.</span> <span class='ocrx_word' id='word_1_269' title='bbox 946 2594 1021 2631; x_wconf 90' lang='lat' dir='ltr'>Sed</span> <span class='ocrx_word' id='word_1_270' title='bbox 1051 2594 1247 2630; x_wconf 87' lang='lat' dir='ltr'>delectatio</span> <span class='ocrx_word' id='word_1_271' title='bbox 1281 2593 1408 2642; x_wconf 87' lang='lat' dir='ltr'>aliquo</span> 
     </span>
     <span class='ocr_line' id='line_1_38' title="bbox 351 2646 1407 2687; baseline -0.005 -1"><span class='ocrx_word' id='word_1_272' title='bbox 351 2650 477 2687; x_wconf 90' lang='lat' dir='ltr'>addito</span> <span class='ocrx_word' id='word_1_273' title='bbox 506 2649 548 2685; x_wconf 88' lang='lat' dir='ltr'>fit</span> <span class='ocrx_word' id='word_1_274' title='bbox 566 2648 720 2684; x_wconf 90' lang='lat' dir='ltr'>melior:</span> <span class='ocrx_word' id='word_1_275' title='bbox 751 2655 807 2683; x_wconf 91' lang='lat' dir='ltr'>est</span> <span class='ocrx_word' id='word_1_276' title='bbox 826 2647 925 2683; x_wconf 91' lang='lat' dir='ltr'>enim</span> <span class='ocrx_word' id='word_1_277' title='bbox 946 2647 1082 2682; x_wconf 89' lang='lat' dir='ltr'>melior</span> <span class='ocrx_word' id='word_1_278' title='bbox 1102 2646 1299 2682; x_wconf 87' lang='lat' dir='ltr'>delectatio</span> <span class='ocrx_word' id='word_1_279' title='bbox 1321 2658 1407 2682; x_wconf 89' lang='lat' dir='ltr'>cum</span> 
     </span>
     <span class='ocr_line' id='line_1_39' title="bbox 350 2698 1408 2748; baseline -0.003 -9"><span class='ocrx_word' id='word_1_280' title='bbox 350 2702 501 2739; x_wconf 59' lang='lat' dir='ltr'>virtute,</span> <span class='ocrx_word' id='word_1_281' title='bbox 520 2712 636 2748; x_wconf 91' lang='lat' dir='ltr'>quam</span> <span class='ocrx_word' id='word_1_282' title='bbox 670 2700 750 2737; x_wconf 87' lang='lat' dir='ltr'>sine</span> <span class='ocrx_word' id='word_1_283' title='bbox 781 2699 929 2736; x_wconf 90' lang='lat' dir='ltr'>virtute.</span> <span class='ocrx_word' id='word_1_284' title='bbox 965 2700 1067 2746; x_wconf 89' lang='lat' dir='ltr'>Ergo</span> <span class='ocrx_word' id='word_1_285' title='bbox 1101 2698 1296 2736; x_wconf 86' lang='lat' dir='ltr'>delectatio</span> <span class='ocrx_word' id='word_1_286' title='bbox 1331 2711 1408 2736; x_wconf 92' lang='lat' dir='ltr'>non</span> 
     </span>
     <span class='ocr_line' id='line_1_40' title="bbox 352 2754 635 2802; baseline -0.004 -12"><span class='ocrx_word' id='word_1_287' title='bbox 352 2761 408 2791; x_wconf 89' lang='lat' dir='ltr'>est</span> <span class='ocrx_word' id='word_1_288' title='bbox 436 2754 635 2802; x_wconf 85' lang='lat' dir='ltr'>optimum.</span> 
     </span>
    </p>

    <p class='ocr_par' dir='ltr' id='par_1_14' title="bbox 351 2803 1410 3012">
     <span class='ocr_line' id='line_1_41' title="bbox 407 2803 1410 2852; baseline -0.003 -9"><span class='ocrx_word' id='word_1_289' title='bbox 407 2807 441 2843; x_wconf 88' lang='grc'>3.</span> <span class='ocrx_word' id='word_1_290' title='bbox 470 2807 701 2850; x_wconf 71' lang='lat' dir='ltr'>PRAETEREA,</span> <span class='ocrx_word' id='word_1_291' title='bbox 731 2804 769 2842; x_wconf 91' lang='lat' dir='ltr'>id</span> <span class='ocrx_word' id='word_1_292' title='bbox 797 2803 903 2851; x_wconf 92' lang='lat' dir='ltr'>quod</span> <span class='ocrx_word' id='word_1_293' title='bbox 931 2811 987 2840; x_wconf 86' lang='lat' dir='ltr'>est</span> <span class='ocrx_word' id='word_1_294' title='bbox 1014 2803 1214 2852; x_wconf 90' lang='lat' dir='ltr'>optimum,</span> <span class='ocrx_word' id='word_1_295' title='bbox 1245 2811 1301 2840; x_wconf 93' lang='lat' dir='ltr'>est</span> <span class='ocrx_word' id='word_1_296' title='bbox 1327 2804 1410 2840; x_wconf 89' lang='lat' dir='ltr'>uni-</span> 
     </span>
     <span class='ocr_line' id='line_1_42' title="bbox 351 2856 1407 2904; baseline -0.002 -9"><span class='ocrx_word' id='word_1_297' title='bbox 351 2858 544 2896; x_wconf 87' lang='lat' dir='ltr'>versaliter</span> <span class='ocrx_word' id='word_1_298' title='bbox 571 2858 739 2903; x_wconf 89' lang='lat' dir='ltr'>bonum,</span> <span class='ocrx_word' id='word_1_299' title='bbox 767 2857 862 2894; x_wconf 87' lang='lat' dir='ltr'>sicut</span> <span class='ocrx_word' id='word_1_300' title='bbox 888 2868 956 2904; x_wconf 88' lang='lat' dir='ltr'>per</span> <span class='ocrx_word' id='word_1_301' title='bbox 982 2868 1024 2892; x_wconf 90' lang='lat' dir='ltr'>se</span> <span class='ocrx_word' id='word_1_302' title='bbox 1053 2857 1198 2893; x_wconf 89' lang='lat' dir='ltr'>bonum</span> <span class='ocrx_word' id='word_1_303' title='bbox 1226 2856 1407 2893; x_wconf 83' lang='lat' dir='ltr'>existens:</span> 
     </span>
     <span class='ocr_line' id='line_1_43' title="bbox 352 2909 1409 2959; baseline -0.003 -10"><span class='ocrx_word' id='word_1_304' title='bbox 352 2923 443 2949; x_wconf 86' lang='lat' dir='ltr'>nam</span> <span class='ocrx_word' id='word_1_305' title='bbox 470 2910 576 2959; x_wconf 91' lang='lat' dir='ltr'>quod</span> <span class='ocrx_word' id='word_1_306' title='bbox 604 2917 659 2947; x_wconf 91' lang='lat' dir='ltr'>est</span> <span class='ocrx_word' id='word_1_307' title='bbox 678 2921 747 2957; x_wconf 91' lang='lat' dir='ltr'>per</span> <span class='ocrx_word' id='word_1_308' title='bbox 766 2922 819 2954; x_wconf 91' lang='lat' dir='ltr'>se,</span> <span class='ocrx_word' id='word_1_309' title='bbox 841 2916 896 2946; x_wconf 91' lang='lat' dir='ltr'>est</span> <span class='ocrx_word' id='word_1_310' title='bbox 913 2909 1015 2957; x_wconf 87' lang='lat' dir='ltr'>prius</span> <span class='ocrx_word' id='word_1_311' title='bbox 1036 2916 1071 2945; x_wconf 90' lang='lat' dir='ltr'>et</span> <span class='ocrx_word' id='word_1_312' title='bbox 1090 2909 1216 2957; x_wconf 87' lang='lat' dir='ltr'>potius</span> <span class='ocrx_word' id='word_1_313' title='bbox 1236 2921 1283 2946; x_wconf 90' lang='lat' dir='ltr'>eo</span> <span class='ocrx_word' id='word_1_314' title='bbox 1303 2909 1409 2957; x_wconf 91' lang='lat' dir='ltr'>quod</span> 
     </span>
     <span class='ocr_line' id='line_1_44' title="bbox 352 2961 1409 3012; baseline -0.002 -11"><span class='ocrx_word' id='word_1_315' title='bbox 352 2971 408 3001; x_wconf 85' lang='lat' dir='ltr'>est</span> <span class='ocrx_word' id='word_1_316' title='bbox 434 2976 503 3012; x_wconf 90' lang='lat' dir='ltr'>per</span> <span class='ocrx_word' id='word_1_317' title='bbox 531 2963 717 3000; x_wconf 85' lang='lat' dir='ltr'>accidens.</span> <span class='ocrx_word' id='word_1_318' title='bbox 749 2962 825 2999; x_wconf 92' lang='lat' dir='ltr'>Sed</span> <span class='ocrx_word' id='word_1_319' title='bbox 844 2961 1040 2999; x_wconf 88' lang='lat' dir='ltr'>delectatio</span> <span class='ocrx_word' id='word_1_320' title='bbox 1069 2974 1147 2998; x_wconf 91' lang='lat' dir='ltr'>non</span> <span class='ocrx_word' id='word_1_321' title='bbox 1176 2969 1232 2999; x_wconf 89' lang='lat' dir='ltr'>est</span> <span class='ocrx_word' id='word_1_322' title='bbox 1258 2962 1409 2999; x_wconf 90' lang='lat' dir='ltr'>univer-</span> 
     </span>
    </p>

    <p class='ocr_par' dir='ltr' id='par_1_15' title="bbox 113 3013 1408 3117">
     <span class='ocr_line' id='line_1_45' title="bbox 113 3013 1408 3062; baseline -0.005 -5"><span class='ocrx_word' id='word_1_323' title='bbox 113 3028 308 3057; x_wconf 72' lang='lat' dir='ltr'>·Art·pneced-</span> <span class='ocrx_word' id='word_1_324' title='bbox 352 3016 476 3054; x_wconf 90' lang='lat' dir='ltr'>saliter</span> <span class='ocrx_word' id='word_1_325' title='bbox 504 3017 671 3062; x_wconf 91' lang='lat' dir='ltr'>bonurn,</span> <span class='ocrx_word' id='word_1_326' title='bbox 706 3022 746 3051; x_wconf 90' lang='lat' dir='ltr'>ut</span> <span class='ocrx_word' id='word_1_327' title='bbox 775 3014 917 3052; x_wconf 86' lang='lat' dir='ltr'>dictum</span> <span class='ocrx_word' id='word_1_328' title='bbox 947 3021 1002 3051; x_wconf 89' lang='lat' dir='ltr'>est</span> <span class='ocrx_word' id='word_1_329' title='bbox 1019 3013 1050 3051; x_wconf 74' lang='lat'>²¹⁶.</span> <span class='ocrx_word' id='word_1_330' title='bbox 1079 3015 1182 3061; x_wconf 85' lang='lat' dir='ltr'>Ergo</span> <span class='ocrx_word' id='word_1_331' title='bbox 1212 3015 1408 3052; x_wconf 90' lang='lat' dir='ltr'>delectatio</span> 
     </span>
     <span class='ocr_line' id='line_1_46' title="bbox 352 3069 740 3117; baseline -0.008 -10"><span class='ocrx_word' id='word_1_332' title='bbox 352 3081 432 3107; x_wconf 91' lang='lat' dir='ltr'>non</span> <span class='ocrx_word' id='word_1_333' title='bbox 459 3076 515 3105; x_wconf 92' lang='lat' dir='ltr'>est</span> <span class='ocrx_word' id='word_1_334' title='bbox 543 3069 740 3117; x_wconf 89' lang='lat' dir='ltr'>optimum.</span> 
     </span>
    </p>

    <p class='ocr_par' dir='ltr' id='par_1_16' title="bbox 345 3118 1410 3380">
     <span class='ocr_line' id='line_1_47' title="bbox 406 3118 1409 3168; baseline -0.002 -10"><span class='ocrx_word' id='word_1_335' title='bbox 406 3122 480 3158; x_wconf 79' lang='lat' dir='ltr'>SED</span> <span class='ocrx_word' id='word_1_336' title='bbox 508 3133 672 3168; x_wconf 78' lang='lat' dir='ltr'>CONTRA,</span> <span class='ocrx_word' id='word_1_337' title='bbox 702 3120 895 3157; x_wconf 90' lang='lat' dir='ltr'>beatitudo</span> <span class='ocrx_word' id='word_1_338' title='bbox 929 3126 985 3156; x_wconf 89' lang='lat' dir='ltr'>est</span> <span class='ocrx_word' id='word_1_339' title='bbox 1012 3118 1216 3166; x_wconf 90' lang='lat' dir='ltr'>optimum:</span> <span class='ocrx_word' id='word_1_340' title='bbox 1247 3131 1335 3156; x_wconf 91' lang='lat' dir='ltr'>cum</span> <span class='ocrx_word' id='word_1_341' title='bbox 1363 3119 1409 3156; x_wconf 90' lang='lat' dir='ltr'>sit</span> 
     </span>
     <span class='ocr_line' id='line_1_48' title="bbox 351 3171 1409 3212; baseline -0.003 0"><span class='ocrx_word' id='word_1_342' title='bbox 351 3174 438 3212; x_wconf 85' lang='lat' dir='ltr'>finis</span> <span class='ocrx_word' id='word_1_343' title='bbox 466 3175 657 3211; x_wconf 89' lang='lat' dir='ltr'>humanae</span> <span class='ocrx_word' id='word_1_344' title='bbox 684 3173 796 3210; x_wconf 87' lang='lat' dir='ltr'>vitae.</span> <span class='ocrx_word' id='word_1_345' title='bbox 827 3173 904 3210; x_wconf 88' lang='lat' dir='ltr'>Sed</span> <span class='ocrx_word' id='word_1_346' title='bbox 932 3171 1123 3209; x_wconf 89' lang='lat' dir='ltr'>beatitudo</span> <span class='ocrx_word' id='word_1_347' title='bbox 1153 3183 1231 3208; x_wconf 90' lang='lat' dir='ltr'>non</span> <span class='ocrx_word' id='word_1_348' title='bbox 1256 3179 1311 3208; x_wconf 90' lang='lat' dir='ltr'>est</span> <span class='ocrx_word' id='word_1_349' title='bbox 1329 3172 1409 3209; x_wconf 89' lang='lat' dir='ltr'>sine</span> 
     </span>
     <span class='ocr_line' id='line_1_49' title="bbox 352 3224 1410 3265; baseline -0.003 -1"><span class='ocrx_word' id='word_1_350' title='bbox 352 3227 620 3265; x_wconf 87' lang='lat' dir='ltr'>delectatione:</span> <span class='ocrx_word' id='word_1_351' title='bbox 651 3226 786 3263; x_wconf 84' lang='lat' dir='ltr'>dicitur·</span> <span class='ocrx_word' id='word_1_352' title='bbox 805 3225 905 3262; x_wconf 85' lang='lat' dir='ltr'>enim</span> <span class='ocrx_word' id='word_1_353' title='bbox 925 3224 963 3261; x_wconf 93' lang='lat' dir='ltr'>in</span> <span class='ocrx_word' id='word_1_354' title='bbox 982 3224 1135 3261; x_wconf 87' lang='lat' dir='ltr'>Psalmo</span> <span class='ocrx_word' id='word_1_355' title='bbox 1154 3236 1203 3260; x_wconf 83' lang='lat' dir='ltr'>xv</span> <span class='ocrx_word' id='word_1_356' title='bbox 1215 3224 1250 3261; x_wconf 76' lang='lat' dir='ltr'>*t</span> <span class='ocrx_word' id='word_1_357' title='bbox 1279 3225 1410 3262; x_wconf 83' lang='lat' dir='ltr'>Adim-</span> 
     </span>
     <span class='ocr_line' id='line_1_50' title="bbox 345 3277 1408 3328; baseline -0.001 -12"><span class='ocrx_word' id='word_1_358' title='bbox 345 3280 465 3328; x_wconf 84' lang='lat' dir='ltr'>plebis</span> <span class='ocrx_word' id='word_1_359' title='bbox 492 3292 552 3316; x_wconf 92' lang='lat' dir='ltr'>me</span> <span class='ocrx_word' id='word_1_360' title='bbox 579 3279 716 3316; x_wconf 78' lang='lat' dir='ltr'>laetitia</span> <span class='ocrx_word' id='word_1_361' title='bbox 743 3291 831 3315; x_wconf 80' lang='lat' dir='ltr'>cum</span> <span class='ocrx_word' id='word_1_362' title='bbox 852 3277 955 3314; x_wconf 78' lang='lat' dir='ltr'>vultu</span> <span class='ocrx_word' id='word_1_363' title='bbox 983 3283 1069 3321; x_wconf 77' lang='lat' dir='ltr'>tuo;</span> <span class='ocrx_word' id='word_1_364' title='bbox 1096 3277 1352 3314; x_wconf 80' lang='lat' dir='ltr'>delectationes</span> <span class='ocrx_word' id='word_1_365' title='bbox 1371 3278 1408 3315; x_wconf 86' lang='lat' dir='ltr'>in</span> 
     </span>
     <span class='ocr_line' id='line_1_51' title="bbox 351 3332 958 3380; baseline -0.005 -10"><span class='ocrx_word' id='word_1_366' title='bbox 351 3333 507 3370; x_wconf 83' lang='lat' dir='ltr'>dextera</span> <span class='ocrx_word' id='word_1_367' title='bbox 534 3338 598 3369; x_wconf 87' lang='lat' dir='ltr'>tua</span> <span class='ocrx_word' id='word_1_368' title='bbox 626 3343 743 3380; x_wconf 73' lang='lat' dir='ltr'>usque</span> <span class='ocrx_word' id='word_1_369' title='bbox 768 3332 806 3368; x_wconf 76' lang='lat' dir='ltr'>in</span> <span class='ocrx_word' id='word_1_370' title='bbox 822 3332 958 3378; x_wconf 82' lang='lat' dir='ltr'>finem.</span> 
     </span>
    </p>

    <p class='ocr_par' dir='ltr' id='par_1_17' title="bbox 351 3382 1410 3539">
     <span class='ocr_line' id='line_1_52' title="bbox 405 3382 1410 3432; baseline -0.003 -10"><span class='ocrx_word' id='word_1_371' title='bbox 405 3387 630 3422; x_wconf 63' lang='lat' dir='ltr'>Respounso</span> <span class='ocrx_word' id='word_1_372' title='bbox 667 3395 850 3421; x_wconf 74' lang='lat' dir='ltr'>mceunun</span> <span class='ocrx_word' id='word_1_373' title='bbox 887 3383 992 3432; x_wconf 92' lang='lat' dir='ltr'>quod</span> <span class='ocrx_word' id='word_1_374' title='bbox 1028 3382 1135 3419; x_wconf 91' lang='lat' dir='ltr'>Plato</span> <span class='ocrx_word' id='word_1_375' title='bbox 1171 3394 1249 3419; x_wconf 91' lang='lat' dir='ltr'>non</span> <span class='ocrx_word' id='word_1_376' title='bbox 1283 3382 1410 3430; x_wconf 90' lang='lat' dir='ltr'>posuit</span> 
     </span>
     <span class='ocr_line' id='line_1_53' title="bbox 352 3434 1409 3481; baseline -0.003 -6"><span class='ocrx_word' id='word_1_377' title='bbox 352 3450 487 3475; x_wconf 91' lang='lat' dir='ltr'>omnes</span> <span class='ocrx_word' id='word_1_378' title='bbox 517 3437 784 3474; x_wconf 86' lang='lat' dir='ltr'>delectationes</span> <span class='ocrx_word' id='word_1_379' title='bbox 813 3448 894 3472; x_wconf 89' lang='lat' dir='ltr'>esse</span> <span class='ocrx_word' id='word_1_380' title='bbox 914 3436 1044 3481; x_wconf 88' lang='lat' dir='ltr'>malas,</span> <span class='ocrx_word' id='word_1_381' title='bbox 1066 3435 1161 3471; x_wconf 90' lang='lat' dir='ltr'>sicut</span> <span class='ocrx_word' id='word_1_382' title='bbox 1180 3434 1315 3481; x_wconf 84' lang='lat' dir='ltr'>Stoici3</span> <span class='ocrx_word' id='word_1_383' title='bbox 1344 3446 1409 3472; x_wconf 79' lang='lat' dir='ltr'>ne—</span> 
     </span>
     <span class='ocr_line' id='line_1_54' title="bbox 351 3487 1408 3539; baseline -0.002 -13"><span class='ocrx_word' id='word_1_384' title='bbox 351 3503 431 3539; x_wconf 57' lang='lat' dir='ltr'>que</span> <span class='ocrx_word' id='word_1_385' title='bbox 454 3502 590 3528; x_wconf 87' lang='lat' dir='ltr'>omnes</span> <span class='ocrx_word' id='word_1_386' title='bbox 615 3502 696 3527; x_wconf 90' lang='lat' dir='ltr'>esse</span> <span class='ocrx_word' id='word_1_387' title='bbox 717 3490 849 3536; x_wconf 85' lang='lat' dir='ltr'>bonas,</span> <span class='ocrx_word' id='word_1_388' title='bbox 870 3489 964 3525; x_wconf 86' lang='lat' dir='ltr'>sicut</span> <span class='ocrx_word' id='word_1_389' title='bbox 988 3487 1183 3537; x_wconf 77' lang='lat' dir='ltr'>Epicurei3</span> <span class='ocrx_word' id='word_1_390' title='bbox 1212 3488 1278 3524; x_wconf 89' lang='lat' dir='ltr'>sed</span> <span class='ocrx_word' id='word_1_391' title='bbox 1297 3499 1408 3536; x_wconf 87' lang='lat' dir='ltr'>quas-</span> 
     </span>
    </p>
   </div>
   <div class='ocr_carea' id='block_1_7' title="bbox 112 3236 248 3260">
    <p class='ocr_par' dir='ltr' id='par_1_18' title="bbox 112 3236 248 3260">
     <span class='ocr_line' id='line_1_55' title="bbox 112 3236 248 3260; baseline 0 0"><span class='ocrx_word' id='word_1_392' title='bbox 112 3237 126 3250; x_wconf 72' lang='lat'><em>*</em></span> <span class='ocrx_word' id='word_1_393' title='bbox 138 3236 207 3260; x_wconf 73' lang='lat' dir='ltr'>Vero.</span> <span class='ocrx_word' id='word_1_394' title='bbox 221 3243 248 3260; x_wconf 84' lang='grc' dir='ltr'>ιι.</span> 
     </span>
    </p>
   </div>
   <div class='ocr_carea' id='block_1_8' title="bbox 0 1145 43 3518">
    <p class='ocr_par' dir='ltr' id='par_1_19' title="bbox 0 1145 43 3518">
     <span class='ocr_line' id='line_1_56' title="bbox 0 1145 43 3518; baseline 0 0"><span class='ocrx_word' id='word_1_395' title='bbox 0 1145 43 3518; x_wconf 95' lang='lat' dir='ltr'> </span> 
     </span>
    </p>
   </div>
   <div class='ocr_carea' id='block_1_9' title="bbox 1432 393 1434 1002">
    <p class='ocr_par' dir='ltr' id='par_1_20' title="bbox 1432 393 1434 1002">
     <span class='ocr_line' id='line_1_57' title="bbox 1432 393 1434 1002; baseline 0 0"><span class='ocrx_word' id='word_1_396' title='bbox 1432 393 1434 1002; x_wconf 95' lang='lat' dir='ltr'> </span> 
     </span>
    </p>
   </div>
   <div class='ocr_carea' id='block_1_10' title="bbox 2439 295 2515 343">
    <p class='ocr_par' dir='ltr' id='par_1_21' title="bbox 2439 295 2515 343">
     <span class='ocr_line' id='line_1_58' title="bbox 2439 295 2515 343; baseline 0.013 -13"><span class='ocrx_word' id='word_1_397' title='bbox 2439 295 2515 343; x_wconf 87' lang='lat'>237</span> 
     </span>
    </p>
   </div>
   <div class='ocr_carea' id='block_1_11' title="bbox 1460 373 2518 1002">
    <p class='ocr_par' dir='ltr' id='par_1_22' title="bbox 1460 373 2517 676">
     <span class='ocr_line' id='line_1_59' title="bbox 1513 373 2514 420; baseline -0.002 -8"><span class='ocrx_word' id='word_1_398' title='bbox 1513 378 1572 412; x_wconf 84' lang='lat' dir='ltr'>AD</span> <span class='ocrx_word' id='word_1_399' title='bbox 1609 385 1798 411; x_wconf 80' lang='lat' dir='ltr'>SECUNDUM</span> <span class='ocrx_word' id='word_1_400' title='bbox 1836 385 2018 410; x_wconf 79' lang='lat' dir='ltr'>DICENDUM</span> <span class='ocrx_word' id='word_1_401' title='bbox 2056 373 2161 420; x_wconf 87' lang='lat' dir='ltr'>quod</span> <span class='ocrx_word' id='word_1_402' title='bbox 2198 374 2282 411; x_wconf 91' lang='lat' dir='ltr'>ideo</span> <span class='ocrx_word' id='word_1_403' title='bbox 2318 373 2514 410; x_wconf 89' lang='lat' dir='ltr'>delectatio</span> 
     </span>
     <span class='ocr_line' id='line_1_60' title="bbox 1461 426 2515 476; baseline -0.002 -12"><span class='ocrx_word' id='word_1_404' title='bbox 1461 439 1539 464; x_wconf 93' lang='lat' dir='ltr'>non</span> <span class='ocrx_word' id='word_1_405' title='bbox 1567 427 1759 476; x_wconf 90' lang='lat' dir='ltr'>quaeritur</span> <span class='ocrx_word' id='word_1_406' title='bbox 1795 433 1950 475; x_wconf 87' lang='lat' dir='ltr'>propter</span> <span class='ocrx_word' id='word_1_407' title='bbox 1978 426 2098 472; x_wconf 91' lang='lat' dir='ltr'>aliud,</span> <span class='ocrx_word' id='word_1_408' title='bbox 2129 426 2216 474; x_wconf 90' lang='lat' dir='ltr'>quia</span> <span class='ocrx_word' id='word_1_409' title='bbox 2249 434 2304 462; x_wconf 93' lang='lat' dir='ltr'>est</span> <span class='ocrx_word' id='word_1_410' title='bbox 2341 426 2449 473; x_wconf 90' lang='lat' dir='ltr'>quies</span> <span class='ocrx_word' id='word_1_411' title='bbox 2477 426 2515 462; x_wconf 91' lang='lat' dir='ltr'>in</span> 
     </span>
     <span class='ocr_line' id='line_1_61' title="bbox 1460 478 2517 526; baseline -0.003 -9"><span class='ocrx_word' id='word_1_412' title='bbox 1460 481 1549 517; x_wconf 90' lang='lat' dir='ltr'>fine.</span> <span class='ocrx_word' id='word_1_413' title='bbox 1571 481 1704 517; x_wconf 88' lang='lat' dir='ltr'>Finem</span> <span class='ocrx_word' id='word_1_414' title='bbox 1734 487 1861 516; x_wconf 91' lang='lat' dir='ltr'>autem</span> <span class='ocrx_word' id='word_1_415' title='bbox 1882 478 2063 526; x_wconf 88' lang='lat' dir='ltr'>contingit</span> <span class='ocrx_word' id='word_1_416' title='bbox 2090 490 2172 514; x_wconf 92' lang='lat' dir='ltr'>esse</span> <span class='ocrx_word' id='word_1_417' title='bbox 2197 479 2342 514; x_wconf 89' lang='lat' dir='ltr'>bonum</span> <span class='ocrx_word' id='word_1_418' title='bbox 2372 486 2408 514; x_wconf 91' lang='lat' dir='ltr'>et</span> <span class='ocrx_word' id='word_1_419' title='bbox 2435 491 2517 515; x_wconf 91' lang='lat' dir='ltr'>ma-</span> 
     </span>
     <span class='ocr_line' id='line_1_62' title="bbox 1460 530 2515 581; baseline -0.004 -11"><span class='ocrx_word' id='word_1_420' title='bbox 1460 535 1560 570; x_wconf 86' lang='lat' dir='ltr'>lum:</span> <span class='ocrx_word' id='word_1_421' title='bbox 1590 532 1766 581; x_wconf 85' lang='lat' dir='ltr'>quamvis</span> <span class='ocrx_word' id='word_1_422' title='bbox 1795 544 1990 580; x_wconf 90' lang='lat' dir='ltr'>nunquam</span> <span class='ocrx_word' id='word_1_423' title='bbox 2020 531 2066 567; x_wconf 93' lang='lat' dir='ltr'>sit</span> <span class='ocrx_word' id='word_1_424' title='bbox 2092 531 2179 567; x_wconf 90' lang='lat' dir='ltr'>finis</span> <span class='ocrx_word' id='word_1_425' title='bbox 2205 530 2274 567; x_wconf 89' lang='lat' dir='ltr'>nisi</span> <span class='ocrx_word' id='word_1_426' title='bbox 2303 531 2515 567; x_wconf 89' lang='lat' dir='ltr'>secundum</span> 
     </span>
     <span class='ocr_line' id='line_1_63' title="bbox 1461 583 2514 634; baseline -0.004 -11"><span class='ocrx_word' id='word_1_427' title='bbox 1461 586 1566 634; x_wconf 92' lang='lat' dir='ltr'>quod</span> <span class='ocrx_word' id='word_1_428' title='bbox 1594 593 1651 622; x_wconf 91' lang='lat' dir='ltr'>est</span> <span class='ocrx_word' id='word_1_429' title='bbox 1677 586 1823 622; x_wconf 91' lang='lat' dir='ltr'>bonum</span> <span class='ocrx_word' id='word_1_430' title='bbox 1859 586 1987 632; x_wconf 87' lang='lat' dir='ltr'>quoad</span> <span class='ocrx_word' id='word_1_431' title='bbox 2016 585 2129 621; x_wconf 91' lang='lat' dir='ltr'>hunc.</span> <span class='ocrx_word' id='word_1_432' title='bbox 2160 585 2213 619; x_wconf 90' lang='lat' dir='ltr'>Ita</span> <span class='ocrx_word' id='word_1_433' title='bbox 2242 583 2354 619; x_wconf 90' lang='lat' dir='ltr'>etiam</span> <span class='ocrx_word' id='word_1_434' title='bbox 2384 591 2439 619; x_wconf 90' lang='lat' dir='ltr'>est</span> <span class='ocrx_word' id='word_1_435' title='bbox 2469 584 2514 620; x_wconf 92' lang='lat' dir='ltr'>de</span> 
     </span>
     <span class='ocr_line' id='line_1_64' title="bbox 1461 639 1720 676; baseline -0.008 0"><span class='ocrx_word' id='word_1_436' title='bbox 1461 639 1720 676; x_wconf 88' lang='lat' dir='ltr'>delectatione.</span> 
     </span>
    </p>

    <p class='ocr_par' dir='ltr' id='par_1_23' title="bbox 1460 687 2518 1002">
     <span class='ocr_line' id='line_1_65' title="bbox 1514 687 2517 738; baseline -0.005 -10"><span class='ocrx_word' id='word_1_437' title='bbox 1514 694 1571 728; x_wconf 76' lang='lat' dir='ltr'>As)</span> <span class='ocrx_word' id='word_1_438' title='bbox 1599 701 1758 728; x_wconf 69' lang='lat' dir='ltr'>&#39;marium</span> <span class='ocrx_word' id='word_1_439' title='bbox 1785 701 1967 727; x_wconf 68' lang='lat' dir='ltr'>memnon</span> <span class='ocrx_word' id='word_1_440' title='bbox 1996 688 2100 738; x_wconf 92' lang='lat' dir='ltr'>quod</span> <span class='ocrx_word' id='word_1_441' title='bbox 2138 689 2213 725; x_wconf 90' lang='lat' dir='ltr'>hoc</span> <span class='ocrx_word' id='word_1_442' title='bbox 2240 689 2358 724; x_wconf 92' lang='lat' dir='ltr'>modo</span> <span class='ocrx_word' id='word_1_443' title='bbox 2388 687 2517 724; x_wconf 88' lang='lat' dir='ltr'>omnia</span> 
     </span>
     <span class='ocr_line' id='line_1_66' title="bbox 1460 741 2516 793; baseline -0.004 -13"><span class='ocrx_word' id='word_1_444' title='bbox 1460 752 1641 793; x_wconf 89' lang='lat' dir='ltr'>appetunt</span> <span class='ocrx_word' id='word_1_445' title='bbox 1665 743 1966 789; x_wconf 85' lang='lat' dir='ltr'>delectationem,</span> <span class='ocrx_word' id='word_1_446' title='bbox 1988 743 2083 779; x_wconf 90' lang='lat' dir='ltr'>sicut</span> <span class='ocrx_word' id='word_1_447' title='bbox 2102 749 2138 778; x_wconf 89' lang='lat' dir='ltr'>et</span> <span class='ocrx_word' id='word_1_448' title='bbox 2161 742 2324 778; x_wconf 85' lang='lat' dir='ltr'>bonum:</span> <span class='ocrx_word' id='word_1_449' title='bbox 2346 752 2432 776; x_wconf 89' lang='lat' dir='ltr'>cum</span> <span class='ocrx_word' id='word_1_450' title='bbox 2453 741 2516 777; x_wconf 90' lang='lat' dir='ltr'>de-</span> 
     </span>
     <span class='ocr_line' id='line_1_67' title="bbox 1460 793 2518 844; baseline -0.005 -11"><span class='ocrx_word' id='word_1_451' title='bbox 1460 797 1608 833; x_wconf 89' lang='lat' dir='ltr'>lectatio</span> <span class='ocrx_word' id='word_1_452' title='bbox 1646 797 1690 833; x_wconf 91' lang='lat' dir='ltr'>sit</span> <span class='ocrx_word' id='word_1_453' title='bbox 1725 796 1833 844; x_wconf 85' lang='lat' dir='ltr'>quies</span> <span class='ocrx_word' id='word_1_454' title='bbox 1870 795 2057 844; x_wconf 87' lang='lat' dir='ltr'>appetitus</span> <span class='ocrx_word' id='word_1_455' title='bbox 2086 794 2123 831; x_wconf 92' lang='lat' dir='ltr'>in</span> <span class='ocrx_word' id='word_1_456' title='bbox 2161 795 2278 831; x_wconf 91' lang='lat' dir='ltr'>bono.</span> <span class='ocrx_word' id='word_1_457' title='bbox 2310 793 2387 829; x_wconf 92' lang='lat' dir='ltr'>Sed</span> <span class='ocrx_word' id='word_1_458' title='bbox 2424 793 2518 829; x_wconf 85' lang='lat' dir='ltr'>sicut</span> 
     </span>
     <span class='ocr_line' id='line_1_68' title="bbox 1461 846 2517 896; baseline -0.004 -11"><span class='ocrx_word' id='word_1_459' title='bbox 1461 849 1640 896; x_wconf 89' lang='lat' dir='ltr'>contingit</span> <span class='ocrx_word' id='word_1_460' title='bbox 1667 861 1744 885; x_wconf 95' lang='lat' dir='ltr'>non</span> <span class='ocrx_word' id='word_1_461' title='bbox 1773 860 1886 884; x_wconf 92' lang='lat' dir='ltr'>omne</span> <span class='ocrx_word' id='word_1_462' title='bbox 1915 849 2060 884; x_wconf 91' lang='lat' dir='ltr'>bonum</span> <span class='ocrx_word' id='word_1_463' title='bbox 2081 847 2185 896; x_wconf 92' lang='lat' dir='ltr'>quod</span> <span class='ocrx_word' id='word_1_464' title='bbox 2214 846 2412 895; x_wconf 87' lang='lat' dir='ltr'>appetitur,</span> <span class='ocrx_word' id='word_1_465' title='bbox 2435 858 2517 882; x_wconf 90' lang='lat' dir='ltr'>esse</span> 
     </span>
     <span class='ocr_line' id='line_1_69' title="bbox 1460 898 2516 950; baseline -0.004 -12"><span class='ocrx_word' id='word_1_466' title='bbox 1460 914 1529 950; x_wconf 86' lang='lat' dir='ltr'>per</span> <span class='ocrx_word' id='word_1_467' title='bbox 1556 913 1597 937; x_wconf 92' lang='lat' dir='ltr'>se</span> <span class='ocrx_word' id='word_1_468' title='bbox 1626 910 1663 938; x_wconf 89' lang='lat' dir='ltr'>et</span> <span class='ocrx_word' id='word_1_469' title='bbox 1688 913 1779 938; x_wconf 89' lang='lat' dir='ltr'>vere</span> <span class='ocrx_word' id='word_1_470' title='bbox 1808 902 1972 946; x_wconf 69' lang='lat' dir='ltr'>bonum:</span> <span class='ocrx_word' id='word_1_471' title='bbox 1998 901 2047 937; x_wconf 91' lang='lat' dir='ltr'>ita</span> <span class='ocrx_word' id='word_1_472' title='bbox 2067 912 2144 937; x_wconf 92' lang='lat' dir='ltr'>non</span> <span class='ocrx_word' id='word_1_473' title='bbox 2164 899 2290 936; x_wconf 90' lang='lat' dir='ltr'>omnis</span> <span class='ocrx_word' id='word_1_474' title='bbox 2318 898 2516 936; x_wconf 87' lang='lat' dir='ltr'>delectatio</span> 
     </span>
     <span class='ocr_line' id='line_1_70' title="bbox 1462 954 2004 1002; baseline 0 -12"><span class='ocrx_word' id='word_1_475' title='bbox 1462 962 1517 991; x_wconf 92' lang='lat' dir='ltr'>est</span> <span class='ocrx_word' id='word_1_476' title='bbox 1544 966 1613 1002; x_wconf 90' lang='lat' dir='ltr'>per</span> <span class='ocrx_word' id='word_1_477' title='bbox 1640 966 1679 990; x_wconf 90' lang='lat' dir='ltr'>se</span> <span class='ocrx_word' id='word_1_478' title='bbox 1710 961 1746 990; x_wconf 88' lang='lat' dir='ltr'>et</span> <span class='ocrx_word' id='word_1_479' title='bbox 1771 965 1862 990; x_wconf 91' lang='lat' dir='ltr'>vere</span> <span class='ocrx_word' id='word_1_480' title='bbox 1891 954 2004 990; x_wconf 91' lang='lat' dir='ltr'>bona.</span> 
     </span>
    </p>
   </div>
   <div class='ocr_carea' id='block_1_12' title="bbox 1019 1138 1840 1173">
    <p class='ocr_par' dir='ltr' id='par_1_24' title="bbox 1019 1138 1840 1173">
     <span class='ocr_line' id='line_1_71' title="bbox 1019 1138 1840 1173; baseline -0.002 -1"><span class='ocrx_word' id='word_1_481' title='bbox 1019 1140 1349 1173; x_wconf 58' lang='lat' dir='ltr'>Commenta-ia</span> <span class='ocrx_word' id='word_1_482' title='bbox 1370 1139 1620 1171; x_wconf 68' lang='lat' dir='ltr'>Cat-dinalis</span> <span class='ocrx_word' id='word_1_483' title='bbox 1640 1138 1840 1171; x_wconf 78' lang='lat' dir='ltr'>Caietam:</span> 
     </span>
    </p>
   </div>
   <div class='ocr_carea' id='block_1_13' title="bbox 1465 1214 2522 1737">
    <p class='ocr_par' dir='ltr' id='par_1_25' title="bbox 1465 1214 2522 1737">
     <span class='ocr_line' id='line_1_72' title="bbox 1465 1214 2519 1255; baseline -0.003 -8"><span class='ocrx_word' id='word_1_484' title='bbox 1465 1227 1590 1248; x_wconf 83' lang='lat' dir='ltr'>sonans.</span> <span class='ocrx_word' id='word_1_485' title='bbox 1621 1217 1707 1248; x_wconf 89' lang='lat' dir='ltr'>Cum</span> <span class='ocrx_word' id='word_1_486' title='bbox 1730 1216 1813 1247; x_wconf 89' lang='lat' dir='ltr'>enim</span> <span class='ocrx_word' id='word_1_487' title='bbox 1837 1216 1913 1247; x_wconf 91' lang='lat' dir='ltr'>dicis</span> <span class='ocrx_word' id='word_1_488' title='bbox 1937 1217 2059 1246; x_wconf 92' lang='lat' dir='ltr'>bonum</span> <span class='ocrx_word' id='word_1_489' title='bbox 2083 1215 2174 1251; x_wconf 89' lang='lat' dir='ltr'>utile,</span> <span class='ocrx_word' id='word_1_490' title='bbox 2200 1215 2276 1245; x_wconf 89' lang='lat' dir='ltr'>dicis</span> <span class='ocrx_word' id='word_1_491' title='bbox 2300 1214 2419 1255; x_wconf 87' lang='lat' dir='ltr'>aliquid</span> <span class='ocrx_word' id='word_1_492' title='bbox 2443 1224 2519 1244; x_wconf 90' lang='lat' dir='ltr'>con-</span> 
     </span>
     <span class='ocr_line' id='line_1_73' title="bbox 1465 1258 2519 1299; baseline -0.004 -8"><span class='ocrx_word' id='word_1_493' title='bbox 1465 1271 1581 1291; x_wconf 88' lang='lat' dir='ltr'>sonum</span> <span class='ocrx_word' id='word_1_494' title='bbox 1604 1261 1728 1297; x_wconf 84' lang='lat' dir='ltr'>rationi,</span> <span class='ocrx_word' id='word_1_495' title='bbox 1757 1261 1836 1291; x_wconf 86' lang='lat' dir='ltr'>sicut</span> <span class='ocrx_word' id='word_1_496' title='bbox 1859 1270 1933 1291; x_wconf 91' lang='lat' dir='ltr'>cum</span> <span class='ocrx_word' id='word_1_497' title='bbox 1957 1260 2032 1290; x_wconf 90' lang='lat' dir='ltr'>dicis</span> <span class='ocrx_word' id='word_1_498' title='bbox 2053 1270 2178 1299; x_wconf 87' lang='lat' dir='ltr'>pascere</span> <span class='ocrx_word' id='word_1_499' title='bbox 2201 1259 2398 1289; x_wconf 87' lang='lat' dir='ltr'>esurientem.</span> <span class='ocrx_word' id='word_1_500' title='bbox 2423 1259 2464 1294; x_wconf 89' lang='lat' dir='ltr'>Et</span> <span class='ocrx_word' id='word_1_501' title='bbox 2487 1258 2519 1288; x_wconf 91' lang='lat' dir='ltr'>in</span> 
     </span>
     <span class='ocr_line' id='line_1_74' title="bbox 1465 1302 2520 1342; baseline -0.003 -7"><span class='ocrx_word' id='word_1_502' title='bbox 1465 1306 1525 1335; x_wconf 90' lang='lat' dir='ltr'>hoc</span> <span class='ocrx_word' id='word_1_503' title='bbox 1546 1305 1647 1335; x_wconf 87' lang='lat' dir='ltr'>differt</span> <span class='ocrx_word' id='word_1_504' title='bbox 1662 1305 1738 1335; x_wconf 88' lang='lat' dir='ltr'>utile</span> <span class='ocrx_word' id='word_1_505' title='bbox 1757 1315 1775 1335; x_wconf 89' lang='lat' dir='ltr'>a</span> <span class='ocrx_word' id='word_1_506' title='bbox 1791 1304 1973 1340; x_wconf 86' lang='lat' dir='ltr'>delectabili,</span> <span class='ocrx_word' id='word_1_507' title='bbox 1991 1311 2026 1334; x_wconf 92' lang='lat' dir='ltr'>ut</span> <span class='ocrx_word' id='word_1_508' title='bbox 2047 1304 2079 1334; x_wconf 90' lang='lat' dir='ltr'>in</span> <span class='ocrx_word' id='word_1_509' title='bbox 2096 1304 2195 1334; x_wconf 89' lang='lat' dir='ltr'>littera</span> <span class='ocrx_word' id='word_1_510' title='bbox 2213 1303 2334 1338; x_wconf 88' lang='lat' dir='ltr'>dicitur,</span> <span class='ocrx_word' id='word_1_511' title='bbox 2355 1303 2430 1342; x_wconf 84' lang='lat' dir='ltr'>quia</span> <span class='ocrx_word' id='word_1_512' title='bbox 2444 1302 2520 1332; x_wconf 89' lang='lat' dir='ltr'>utile</span> 
     </span>
     <span class='ocr_line' id='line_1_75' title="bbox 1465 1347 2520 1389; baseline -0.003 -11"><span class='ocrx_word' id='word_1_513' title='bbox 1465 1348 1618 1388; x_wconf 88' lang='lat' dir='ltr'>significat</span> <span class='ocrx_word' id='word_1_514' title='bbox 1641 1349 1760 1389; x_wconf 88' lang='lat' dir='ltr'>aliquid</span> <span class='ocrx_word' id='word_1_515' title='bbox 1783 1358 1961 1378; x_wconf 90' lang='lat' dir='ltr'>consonum</span> <span class='ocrx_word' id='word_1_516' title='bbox 1985 1347 2115 1384; x_wconf 91' lang='lat' dir='ltr'>rationi,</span> <span class='ocrx_word' id='word_1_517' title='bbox 2141 1347 2320 1377; x_wconf 87' lang='lat' dir='ltr'>delectabile</span> <span class='ocrx_word' id='word_1_518' title='bbox 2343 1356 2418 1376; x_wconf 92' lang='lat' dir='ltr'>vero</span> <span class='ocrx_word' id='word_1_519' title='bbox 2443 1356 2520 1376; x_wconf 92' lang='lat' dir='ltr'>con-</span> 
     </span>
     <span class='ocr_line' id='line_1_76' title="bbox 1465 1390 2520 1432; baseline -0.003 -10"><span class='ocrx_word' id='word_1_520' title='bbox 1465 1402 1581 1422; x_wconf 90' lang='lat' dir='ltr'>sonum</span> <span class='ocrx_word' id='word_1_521' title='bbox 1605 1393 1767 1432; x_wconf 89' lang='lat' dir='ltr'>appetitui.</span> <span class='ocrx_word' id='word_1_522' title='bbox 1797 1393 1927 1422; x_wconf 89' lang='lat' dir='ltr'>Bonum</span> <span class='ocrx_word' id='word_1_523' title='bbox 1955 1399 2062 1422; x_wconf 88' lang='lat' dir='ltr'>autem</span> <span class='ocrx_word' id='word_1_524' title='bbox 2085 1399 2116 1422; x_wconf 93' lang='lat' dir='ltr'>et</span> <span class='ocrx_word' id='word_1_525' title='bbox 2139 1392 2260 1421; x_wconf 89' lang='lat' dir='ltr'>malum</span> <span class='ocrx_word' id='word_1_526' title='bbox 2293 1390 2414 1420; x_wconf 81' lang='lat' dir='ltr'>morale</span> <span class='ocrx_word' id='word_1_527' title='bbox 2443 1400 2520 1420; x_wconf 90' lang='lat' dir='ltr'>con-</span> 
     </span>
     <span class='ocr_line' id='line_1_77' title="bbox 1466 1434 2519 1469; baseline -0.003 -3"><span class='ocrx_word' id='word_1_528' title='bbox 1466 1436 1604 1466; x_wconf 90' lang='lat' dir='ltr'>stituitur</span> <span class='ocrx_word' id='word_1_529' title='bbox 1627 1446 1663 1466; x_wconf 86' lang='lat' dir='ltr'>ex</span> <span class='ocrx_word' id='word_1_530' title='bbox 1686 1436 1892 1466; x_wconf 81' lang='lat' dir='ltr'>consonantia</span> <span class='ocrx_word' id='word_1_531' title='bbox 1911 1443 1941 1466; x_wconf 90' lang='lat' dir='ltr'>et</span> <span class='ocrx_word' id='word_1_532' title='bbox 1957 1435 2150 1466; x_wconf 87' lang='lat' dir='ltr'>dissonantia</span> <span class='ocrx_word' id='word_1_533' title='bbox 2166 1435 2206 1465; x_wconf 92' lang='lat' dir='ltr'>ad</span> <span class='ocrx_word' id='word_1_534' title='bbox 2221 1434 2386 1469; x_wconf 87' lang='lat' dir='ltr'>rationem,</span> <span class='ocrx_word' id='word_1_535' title='bbox 2407 1440 2436 1464; x_wconf 86' lang='lat' dir='ltr'>et</span> <span class='ocrx_word' id='word_1_536' title='bbox 2453 1443 2519 1463; x_wconf 91' lang='lat' dir='ltr'>non</span> 
     </span>
     <span class='ocr_line' id='line_1_78' title="bbox 1466 1478 2520 1518; baseline -0.002 -9"><span class='ocrx_word' id='word_1_537' title='bbox 1466 1480 1503 1509; x_wconf 81' lang='lat' dir='ltr'>ad</span> <span class='ocrx_word' id='word_1_538' title='bbox 1527 1480 1714 1518; x_wconf 80' lang='lat' dir='ltr'>appetitum.</span> <span class='ocrx_word' id='word_1_539' title='bbox 1739 1480 1780 1510; x_wconf 90' lang='lat' dir='ltr'>Et</span> <span class='ocrx_word' id='word_1_540' title='bbox 1801 1480 1874 1510; x_wconf 90' lang='lat' dir='ltr'>ideo</span> <span class='ocrx_word' id='word_1_541' title='bbox 1894 1480 1969 1510; x_wconf 91' lang='lat' dir='ltr'>utile</span> <span class='ocrx_word' id='word_1_542' title='bbox 1988 1489 2053 1509; x_wconf 91' lang='lat' dir='ltr'>non</span> <span class='ocrx_word' id='word_1_543' title='bbox 2077 1479 2225 1509; x_wconf 86' lang='lat' dir='ltr'>abstrahit</span> <span class='ocrx_word' id='word_1_544' title='bbox 2243 1489 2261 1508; x_wconf 89' lang='lat' dir='ltr'>a</span> <span class='ocrx_word' id='word_1_545' title='bbox 2279 1479 2366 1508; x_wconf 91' lang='lat' dir='ltr'>bono</span> <span class='ocrx_word' id='word_1_546' title='bbox 2386 1485 2416 1508; x_wconf 87' lang='lat' dir='ltr'>et</span> <span class='ocrx_word' id='word_1_547' title='bbox 2434 1478 2520 1507; x_wconf 89' lang='lat' dir='ltr'>malo</span> 
     </span>
     <span class='ocr_line' id='line_1_79' title="bbox 1465 1522 2521 1561; baseline -0.001 -9"><span class='ocrx_word' id='word_1_548' title='bbox 1465 1523 1588 1559; x_wconf 87' lang='lat' dir='ltr'>morali,</span> <span class='ocrx_word' id='word_1_549' title='bbox 1605 1523 1685 1553; x_wconf 92' lang='lat' dir='ltr'>sicut</span> <span class='ocrx_word' id='word_1_550' title='bbox 1708 1524 1898 1559; x_wconf 88' lang='lat' dir='ltr'>delectabile,</span> <span class='ocrx_word' id='word_1_551' title='bbox 1915 1524 1969 1553; x_wconf 90' lang='lat' dir='ltr'>sed</span> <span class='ocrx_word' id='word_1_552' title='bbox 1993 1531 2038 1554; x_wconf 91' lang='lat' dir='ltr'>est</span> <span class='ocrx_word' id='word_1_553' title='bbox 2054 1524 2176 1553; x_wconf 89' lang='lat' dir='ltr'>bonum</span> <span class='ocrx_word' id='word_1_554' title='bbox 2200 1522 2330 1552; x_wconf 88' lang='lat' dir='ltr'>morale.</span> <span class='ocrx_word' id='word_1_555' title='bbox 2347 1539 2368 1545; x_wconf 88' lang='lat'><em>—</em></span> <span class='ocrx_word' id='word_1_556' title='bbox 2383 1522 2450 1552; x_wconf 89' lang='lat' dir='ltr'>Nee</span> <span class='ocrx_word' id='word_1_557' title='bbox 2465 1531 2521 1561; x_wconf 89' lang='lat' dir='ltr'>per</span> 
     </span>
     <span class='ocr_line' id='line_1_80' title="bbox 1465 1565 2519 1606; baseline -0.001 -10"><span class='ocrx_word' id='word_1_558' title='bbox 1465 1567 1527 1597; x_wconf 92' lang='lat' dir='ltr'>hoc</span> <span class='ocrx_word' id='word_1_559' title='bbox 1551 1567 1693 1606; x_wconf 88' lang='lat' dir='ltr'>sequitur</span> <span class='ocrx_word' id='word_1_560' title='bbox 1715 1567 1841 1597; x_wconf 88' lang='lat' dir='ltr'>nullutn</span> <span class='ocrx_word' id='word_1_561' title='bbox 1865 1568 1987 1597; x_wconf 92' lang='lat' dir='ltr'>bonum</span> <span class='ocrx_word' id='word_1_562' title='bbox 2011 1567 2086 1597; x_wconf 86' lang='lat' dir='ltr'>utile</span> <span class='ocrx_word' id='word_1_563' title='bbox 2115 1577 2181 1596; x_wconf 88' lang='lat' dir='ltr'>esse</span> <span class='ocrx_word' id='word_1_564' title='bbox 2205 1566 2326 1596; x_wconf 89' lang='lat' dir='ltr'>malum</span> <span class='ocrx_word' id='word_1_565' title='bbox 2349 1565 2519 1595; x_wconf 89' lang='lat' dir='ltr'>moraliter.</span> 
     </span>
     <span class='ocr_line' id='line_1_81' title="bbox 1466 1609 2522 1650; baseline -0.002 -10"><span class='ocrx_word' id='word_1_566' title='bbox 1466 1610 1629 1647; x_wconf 90' lang='lat' dir='ltr'>Quoniam</span> <span class='ocrx_word' id='word_1_567' title='bbox 1645 1610 1726 1640; x_wconf 88' lang='lat' dir='ltr'>sicut</span> <span class='ocrx_word' id='word_1_568' title='bbox 1740 1621 1866 1650; x_wconf 86' lang='lat' dir='ltr'>pascere</span> <span class='ocrx_word' id='word_1_569' title='bbox 1884 1611 2074 1640; x_wconf 86' lang='lat' dir='ltr'>esurientem</span> <span class='ocrx_word' id='word_1_570' title='bbox 2097 1617 2201 1650; x_wconf 90' lang='lat' dir='ltr'>potest</span> <span class='ocrx_word' id='word_1_571' title='bbox 2223 1619 2289 1640; x_wconf 87' lang='lat' dir='ltr'>esse</span> <span class='ocrx_word' id='word_1_572' title='bbox 2312 1609 2433 1639; x_wconf 87' lang='lat' dir='ltr'>malum</span> <span class='ocrx_word' id='word_1_573' title='bbox 2453 1619 2522 1639; x_wconf 87' lang='lat' dir='ltr'>mo·-</span> 
     </span>
     <span class='ocr_line' id='line_1_82' title="bbox 1466 1653 2522 1694; baseline -0.002 -10"><span class='ocrx_word' id='word_1_574' title='bbox 1466 1653 1578 1690; x_wconf 86' lang='lat' dir='ltr'>raliter‚</span> <span class='ocrx_word' id='word_1_575' title='bbox 1603 1661 1639 1684; x_wconf 94' lang='lat' dir='ltr'>ut</span> <span class='ocrx_word' id='word_1_576' title='bbox 1661 1654 1687 1684; x_wconf 90' lang='lat' dir='ltr'>si</span> <span class='ocrx_word' id='word_1_577' title='bbox 1710 1653 1764 1684; x_wconf 86' lang='lat' dir='ltr'>fiat</span> <span class='ocrx_word' id='word_1_578' title='bbox 1783 1661 1912 1694; x_wconf 88' lang='lat' dir='ltr'>propter</span> <span class='ocrx_word' id='word_1_579' title='bbox 1934 1654 2134 1689; x_wconf 87' lang='lat' dir='ltr'>adulterium,</span> <span class='ocrx_word' id='word_1_580' title='bbox 2151 1661 2223 1689; x_wconf 86' lang='lat' dir='ltr'>etc.;</span> <span class='ocrx_word' id='word_1_581' title='bbox 2247 1654 2290 1683; x_wconf 90' lang='lat' dir='ltr'>ita</span> <span class='ocrx_word' id='word_1_582' title='bbox 2314 1653 2414 1683; x_wconf 89' lang='lat' dir='ltr'>multa</span> <span class='ocrx_word' id='word_1_583' title='bbox 2437 1653 2522 1682; x_wconf 89' lang='lat' dir='ltr'>bona</span> 
     </span>
     <span class='ocr_line' id='line_1_83' title="bbox 1466 1697 2476 1737; baseline -0.002 -9"><span class='ocrx_word' id='word_1_584' title='bbox 1466 1698 1554 1728; x_wconf 83' lang='lat' dir='ltr'>utilia</span> <span class='ocrx_word' id='word_1_585' title='bbox 1577 1705 1712 1737; x_wconf 89' lang='lat' dir='ltr'>possunt</span> <span class='ocrx_word' id='word_1_586' title='bbox 1734 1699 1817 1728; x_wconf 87' lang='lat' dir='ltr'>mala</span> <span class='ocrx_word' id='word_1_587' title='bbox 1839 1698 1916 1734; x_wconf 87' lang='lat' dir='ltr'>fieri,</span> <span class='ocrx_word' id='word_1_588' title='bbox 1941 1698 2018 1728; x_wconf 89' lang='lat' dir='ltr'>dum</span> <span class='ocrx_word' id='word_1_589' title='bbox 2042 1698 2260 1728; x_wconf 89' lang='lat' dir='ltr'>ordinarentur</span> <span class='ocrx_word' id='word_1_590' title='bbox 2282 1697 2321 1726; x_wconf 91' lang='lat' dir='ltr'>ad</span> <span class='ocrx_word' id='word_1_591' title='bbox 2344 1697 2476 1727; x_wconf 85' lang='lat' dir='ltr'>malum.</span> 
     </span>
    </p>
   </div>
   <div class='ocr_carea' id='block_1_14' title="bbox 955 1859 1916 1990">
    <p class='ocr_par' dir='ltr' id='par_1_26' title="bbox 955 1859 1916 1990">
     <span class='ocr_line' id='line_1_84' title="bbox 1148 1859 1721 1902; baseline -0.002 0"><span class='ocrx_word' id='word_1_592' title='bbox 1148 1860 1464 1902; x_wconf 90' lang='lat' dir='ltr'>ARTICULUS</span> <span class='ocrx_word' id='word_1_593' title='bbox 1493 1859 1721 1901; x_wconf 86' lang='lat' dir='ltr'>TERTIUS</span> 
     </span>
     <span class='ocr_line' id='line_1_85' title="bbox 955 1951 1916 1990; baseline -0.003 -6"><span class='ocrx_word' id='word_1_594' title='bbox 955 1953 1110 1984; x_wconf 84' lang='lat' dir='ltr'>UTRUM</span> <span class='ocrx_word' id='word_1_595' title='bbox 1133 1952 1297 1990; x_wconf 78' lang='lat' dir='ltr'><strong>ALIQUA</strong></span> <span class='ocrx_word' id='word_1_596' title='bbox 1319 1951 1600 1983; x_wconf 72' lang='lat' dir='ltr'>DELECTArio</span> <span class='ocrx_word' id='word_1_597' title='bbox 1625 1951 1691 1982; x_wconf 80' lang='lat' dir='ltr'>srr</span> <span class='ocrx_word' id='word_1_598' title='bbox 1715 1951 1916 1982; x_wconf 82' lang='lat' dir='ltr'><strong>OPTIMUM</strong></span> 
     </span>
    </p>
   </div>
   <div class='ocr_carea' id='block_1_15' title="bbox 826 2029 2036 2063">
    <p class='ocr_par' dir='ltr' id='par_1_27' title="bbox 826 2029 2036 2063">
     <span class='ocr_line' id='line_1_86' title="bbox 826 2029 2036 2063; baseline -0.002 -7"><span class='ocrx_word' id='word_1_599' title='bbox 826 2033 860 2057; x_wconf 92' lang='lat' dir='ltr'>IV</span> <span class='ocrx_word' id='word_1_600' title='bbox 879 2032 961 2062; x_wconf 68' lang='lat' dir='ltr'>Sent„</span> <span class='ocrx_word' id='word_1_601' title='bbox 982 2032 1041 2056; x_wconf 86' lang='lat' dir='ltr'>dist.</span> <span class='ocrx_word' id='word_1_602' title='bbox 1058 2039 1123 2062; x_wconf 77' lang='lat' dir='ltr'>xmx,</span> <span class='ocrx_word' id='word_1_603' title='bbox 1143 2039 1187 2063; x_wconf 91' lang='lat' dir='ltr'>qu.</span> <span class='ocrx_word' id='word_1_604' title='bbox 1205 2038 1242 2062; x_wconf 83' lang='lat'>111,</span> <span class='ocrx_word' id='word_1_605' title='bbox 1262 2035 1309 2055; x_wconf 88' lang='lat' dir='ltr'>art.</span> <span class='ocrx_word' id='word_1_606' title='bbox 1327 2038 1358 2062; x_wconf 83' lang='lat'>4,</span> <span class='ocrx_word' id='word_1_607' title='bbox 1378 2031 1424 2063; x_wconf 81' lang='lat' dir='ltr'>qu·</span> <span class='ocrx_word' id='word_1_608' title='bbox 1447 2029 1473 2059; x_wconf 83' lang='lat'>3;</span> <span class='ocrx_word' id='word_1_609' title='bbox 1491 2029 1537 2054; x_wconf 91' lang='lat' dir='ltr'>VII</span> <span class='ocrx_word' id='word_1_610' title='bbox 1557 2029 1651 2059; x_wconf 69' lang='lat' dir='ltr'>Ethic„</span> <span class='ocrx_word' id='word_1_611' title='bbox 1671 2029 1728 2054; x_wconf 90' lang='lat' dir='ltr'>lect.</span> <span class='ocrx_word' id='word_1_612' title='bbox 1746 2037 1772 2055; x_wconf 77' lang='lat'>11</span> <span class='ocrx_word' id='word_1_613' title='bbox 1790 2037 1862 2063; x_wconf 85' lang='lat' dir='ltr'>sqq.;</span> <span class='ocrx_word' id='word_1_614' title='bbox 1882 2030 1913 2060; x_wconf 90' lang='lat' dir='ltr'>X,</span> <span class='ocrx_word' id='word_1_615' title='bbox 1933 2030 1991 2055; x_wconf 89' lang='lat' dir='ltr'>lect.</span> <span class='ocrx_word' id='word_1_616' title='bbox 2009 2037 2036 2054; x_wconf 86' lang='lat' dir='ltr'>n.</span> 
     </span>
    </p>
   </div>
   <div class='ocr_carea' id='block_1_16' title="bbox 1462 2117 2522 2220">
    <p class='ocr_par' dir='ltr' id='par_1_28' title="bbox 1462 2117 2522 2220">
     <span class='ocr_line' id='line_1_87' title="bbox 1463 2117 2522 2165; baseline 0.003 -11"><span class='ocrx_word' id='word_1_617' title='bbox 1463 2117 1552 2154; x_wconf 91' lang='lat' dir='ltr'>dam</span> <span class='ocrx_word' id='word_1_618' title='bbox 1586 2128 1668 2153; x_wconf 88' lang='lat' dir='ltr'>esse</span> <span class='ocrx_word' id='word_1_619' title='bbox 1697 2117 1838 2164; x_wconf 87' lang='lat' dir='ltr'>bonas,</span> <span class='ocrx_word' id='word_1_620' title='bbox 1869 2123 1905 2153; x_wconf 86' lang='lat' dir='ltr'>et</span> <span class='ocrx_word' id='word_1_621' title='bbox 1939 2118 2123 2165; x_wconf 89' lang='lat' dir='ltr'>quasdam</span> <span class='ocrx_word' id='word_1_622' title='bbox 2154 2129 2236 2154; x_wconf 88' lang='lat' dir='ltr'>esse</span> <span class='ocrx_word' id='word_1_623' title='bbox 2257 2123 2273 2138; x_wconf 80' lang='lat'>‘²</span> <span class='ocrx_word' id='word_1_624' title='bbox 2301 2118 2442 2165; x_wconf 87' lang='lat' dir='ltr'>malas;</span> <span class='ocrx_word' id='word_1_625' title='bbox 2471 2120 2522 2157; x_wconf 90' lang='lat' dir='ltr'>ita</span> 
     </span>
     <span class='ocr_line' id='line_1_88' title="bbox 1462 2169 2521 2220; baseline 0.003 -14"><span class='ocrx_word' id='word_1_626' title='bbox 1462 2178 1591 2206; x_wconf 87' lang='lat' dir='ltr'>tamen</span> <span class='ocrx_word' id='word_1_627' title='bbox 1619 2169 1724 2217; x_wconf 90' lang='lat' dir='ltr'>quod</span> <span class='ocrx_word' id='word_1_628' title='bbox 1751 2170 1853 2206; x_wconf 90' lang='lat' dir='ltr'>nulla</span> <span class='ocrx_word' id='word_1_629' title='bbox 1872 2169 1918 2206; x_wconf 89' lang='lat' dir='ltr'>sit</span> <span class='ocrx_word' id='word_1_630' title='bbox 1941 2181 2136 2207; x_wconf 90' lang='lat' dir='ltr'>summum</span> <span class='ocrx_word' id='word_1_631' title='bbox 2165 2171 2323 2217; x_wconf 89' lang='lat' dir='ltr'>bonum,</span> <span class='ocrx_word' id='word_1_632' title='bbox 2343 2172 2406 2207; x_wconf 88' lang='lat' dir='ltr'>vel</span> <span class='ocrx_word' id='word_1_633' title='bbox 2426 2173 2521 2220; x_wconf 86' lang='lat' dir='ltr'>opti-</span> 
     </span>
    </p>
   </div>
   <div class='ocr_carea' id='block_1_17' title="bbox 1462 2222 2598 2281">
    <p class='ocr_par' dir='ltr' id='par_1_29' title="bbox 1462 2222 2598 2281">
     <span class='ocr_line' id='line_1_89' title="bbox 1462 2222 2598 2281; baseline 0.004 -23"><span class='ocrx_word' id='word_1_634' title='bbox 1462 2235 1570 2259; x_wconf 89' lang='lat' dir='ltr'>mum</span> <span class='ocrx_word' id='word_1_635' title='bbox 1590 2222 1621 2258; x_wconf 71' lang='lat'>²¹⁸.</span> <span class='ocrx_word' id='word_1_636' title='bbox 1652 2223 1728 2258; x_wconf 91' lang='lat' dir='ltr'>Sed</span> <span class='ocrx_word' id='word_1_637' title='bbox 1765 2230 1948 2270; x_wconf 88' lang='lat' dir='ltr'>quantum</span> <span class='ocrx_word' id='word_1_638' title='bbox 1984 2234 2027 2258; x_wconf 82' lang='lat' dir='ltr'>ex</span> <span class='ocrx_word' id='word_1_639' title='bbox 2061 2223 2140 2259; x_wconf 89' lang='lat' dir='ltr'>eius</span> <span class='ocrx_word' id='word_1_640' title='bbox 2173 2224 2379 2260; x_wconf 89' lang='lat' dir='ltr'>rationibus</span> <span class='ocrx_word' id='word_1_641' title='bbox 2412 2227 2522 2262; x_wconf 89' lang='lat' dir='ltr'>datur</span> <span class='ocrx_word' id='word_1_642' title='bbox 2547 2236 2556 2244; x_wconf 86' lang='lat'><strong>·</strong></span> <span class='ocrx_word' id='word_1_643' title='bbox 2590 2267 2598 2281; x_wconf 49' lang='grc' dir='ltr'><em>ι</em></span> 
     </span>
    </p>
   </div>
   <div class='ocr_carea' id='block_1_18' title="bbox 1461 2275 2522 3537">
    <p class='ocr_par' dir='ltr' id='par_1_30' title="bbox 1461 2275 2522 2959">
     <span class='ocr_line' id='line_1_90' title="bbox 1463 2275 2519 2326; baseline 0.004 -15"><span class='ocrx_word' id='word_1_644' title='bbox 1463 2275 1624 2323; x_wconf 88' lang='lat' dir='ltr'>intelligi,</span> <span class='ocrx_word' id='word_1_645' title='bbox 1650 2275 1688 2311; x_wconf 91' lang='lat' dir='ltr'>in</span> <span class='ocrx_word' id='word_1_646' title='bbox 1719 2275 1870 2312; x_wconf 89' lang='lat' dir='ltr'>duobus</span> <span class='ocrx_word' id='word_1_647' title='bbox 1899 2275 2036 2312; x_wconf 92' lang='lat' dir='ltr'>deficit.</span> <span class='ocrx_word' id='word_1_648' title='bbox 2058 2277 2100 2312; x_wconf 93' lang='lat' dir='ltr'>In</span> <span class='ocrx_word' id='word_1_649' title='bbox 2127 2287 2205 2312; x_wconf 92' lang='lat' dir='ltr'>uno</span> <span class='ocrx_word' id='word_1_650' title='bbox 2235 2276 2390 2324; x_wconf 90' lang='lat' dir='ltr'>quidem</span> <span class='ocrx_word' id='word_1_651' title='bbox 2420 2278 2519 2326; x_wconf 91' lang='lat' dir='ltr'>quia,</span> 
     </span>
     <span class='ocr_line' id='line_1_91' title="bbox 1464 2328 2520 2378; baseline 0.004 -14"><span class='ocrx_word' id='word_1_652' title='bbox 1464 2341 1552 2365; x_wconf 90' lang='lat' dir='ltr'>cum</span> <span class='ocrx_word' id='word_1_653' title='bbox 1571 2328 1718 2365; x_wconf 87' lang='lat' dir='ltr'>videret</span> <span class='ocrx_word' id='word_1_654' title='bbox 1746 2328 2013 2365; x_wconf 90' lang='lat' dir='ltr'>delectationes</span> <span class='ocrx_word' id='word_1_655' title='bbox 2033 2329 2229 2364; x_wconf 88' lang='lat' dir='ltr'>sensibiles</span> <span class='ocrx_word' id='word_1_656' title='bbox 2250 2337 2285 2365; x_wconf 92' lang='lat' dir='ltr'>et</span> <span class='ocrx_word' id='word_1_657' title='bbox 2305 2332 2520 2378; x_wconf 89' lang='lat' dir='ltr'>corporales</span> 
     </span>
     <span class='ocr_line' id='line_1_92' title="bbox 1463 2381 2522 2430; baseline 0.003 -13"><span class='ocrx_word' id='word_1_658' title='bbox 1463 2381 1502 2418; x_wconf 90' lang='lat' dir='ltr'>in</span> <span class='ocrx_word' id='word_1_659' title='bbox 1530 2381 1698 2430; x_wconf 88' lang='lat' dir='ltr'>quodam</span> <span class='ocrx_word' id='word_1_660' title='bbox 1725 2388 1832 2417; x_wconf 89' lang='lat' dir='ltr'>motu</span> <span class='ocrx_word' id='word_1_661' title='bbox 1862 2389 1897 2417; x_wconf 92' lang='lat' dir='ltr'>et</span> <span class='ocrx_word' id='word_1_662' title='bbox 1924 2381 2165 2428; x_wconf 89' lang='lat' dir='ltr'>generatione</span> <span class='ocrx_word' id='word_1_663' title='bbox 2191 2382 2405 2430; x_wconf 85' lang='lat' dir='ltr'>consistere,</span> <span class='ocrx_word' id='word_1_664' title='bbox 2427 2384 2522 2420; x_wconf 89' lang='lat' dir='ltr'>sicut</span> 
     </span>
     <span class='ocr_line' id='line_1_93' title="bbox 1462 2433 2521 2483; baseline 0.004 -14"><span class='ocrx_word' id='word_1_665' title='bbox 1462 2441 1566 2483; x_wconf 91' lang='lat' dir='ltr'>patet</span> <span class='ocrx_word' id='word_1_666' title='bbox 1593 2433 1630 2469; x_wconf 91' lang='lat' dir='ltr'>in</span> <span class='ocrx_word' id='word_1_667' title='bbox 1659 2434 1864 2482; x_wconf 89' lang='lat' dir='ltr'>repletione</span> <span class='ocrx_word' id='word_1_668' title='bbox 1885 2434 2058 2470; x_wconf 83' lang='lat' dir='ltr'>ciborum</span> <span class='ocrx_word' id='word_1_669' title='bbox 2088 2442 2124 2470; x_wconf 90' lang='lat' dir='ltr'>et</span> <span class='ocrx_word' id='word_1_670' title='bbox 2151 2435 2390 2481; x_wconf 87' lang='lat' dir='ltr'>huiusmodi;</span> <span class='ocrx_word' id='word_1_671' title='bbox 2413 2437 2521 2473; x_wconf 89' lang='lat' dir='ltr'>aesti-</span> 
     </span>
     <span class='ocr_line' id='line_1_94' title="bbox 1462 2487 2519 2536; baseline 0.002 -13"><span class='ocrx_word' id='word_1_672' title='bbox 1462 2487 1582 2523; x_wconf 88' lang='lat' dir='ltr'>mavit</span> <span class='ocrx_word' id='word_1_673' title='bbox 1601 2499 1736 2523; x_wconf 89' lang='lat' dir='ltr'>omnes</span> <span class='ocrx_word' id='word_1_674' title='bbox 1753 2487 2020 2524; x_wconf 90' lang='lat' dir='ltr'>delectationes</span> <span class='ocrx_word' id='word_1_675' title='bbox 2036 2488 2216 2536; x_wconf 90' lang='lat' dir='ltr'>consequi</span> <span class='ocrx_word' id='word_1_676' title='bbox 2236 2489 2519 2535; x_wconf 88' lang='lat' dir='ltr'>generationem</span> 
     </span>
     <span class='ocr_line' id='line_1_95' title="bbox 1464 2540 2521 2588; baseline 0.002 -12"><span class='ocrx_word' id='word_1_677' title='bbox 1464 2548 1501 2576; x_wconf 88' lang='lat' dir='ltr'>et</span> <span class='ocrx_word' id='word_1_678' title='bbox 1528 2547 1688 2576; x_wconf 90' lang='lat' dir='ltr'>motum.</span> <span class='ocrx_word' id='word_1_679' title='bbox 1723 2540 1850 2586; x_wconf 86' lang='lat' dir='ltr'>Unde,</span> <span class='ocrx_word' id='word_1_680' title='bbox 1881 2553 1968 2576; x_wconf 93' lang='lat' dir='ltr'>cum</span> <span class='ocrx_word' id='word_1_681' title='bbox 2001 2541 2192 2588; x_wconf 77' lang='lat' dir='ltr'>generatio</span> <span class='ocrx_word' id='word_1_682' title='bbox 2229 2548 2264 2577; x_wconf 92' lang='lat' dir='ltr'>et</span> <span class='ocrx_word' id='word_1_683' title='bbox 2291 2549 2416 2578; x_wconf 91' lang='lat' dir='ltr'>motus</span> <span class='ocrx_word' id='word_1_684' title='bbox 2449 2542 2521 2579; x_wconf 90' lang='lat' dir='ltr'>sint</span> 
     </span>
     <span class='ocr_line' id='line_1_96' title="bbox 1462 2591 2520 2641; baseline 0.002 -12"><span class='ocrx_word' id='word_1_685' title='bbox 1462 2601 1566 2629; x_wconf 91' lang='lat' dir='ltr'>actus</span> <span class='ocrx_word' id='word_1_686' title='bbox 1586 2593 1806 2641; x_wconf 86' lang='lat' dir='ltr'>imperfecti,</span> <span class='ocrx_word' id='word_1_687' title='bbox 1823 2591 2071 2641; x_wconf 55' lang='lat' dir='ltr'>sequeretur?</span> <span class='ocrx_word' id='word_1_688' title='bbox 2091 2594 2194 2641; x_wconf 89' lang='lat' dir='ltr'>quod</span> <span class='ocrx_word' id='word_1_689' title='bbox 2220 2593 2416 2630; x_wconf 89' lang='lat' dir='ltr'>delectatio</span> <span class='ocrx_word' id='word_1_690' title='bbox 2442 2607 2520 2631; x_wconf 91' lang='lat' dir='ltr'>non</span> 
     </span>
     <span class='ocr_line' id='line_1_97' title="bbox 1462 2645 2521 2693; baseline 0.003 -12"><span class='ocrx_word' id='word_1_691' title='bbox 1462 2646 1619 2682; x_wconf 89' lang='lat' dir='ltr'>haberet</span> <span class='ocrx_word' id='word_1_692' title='bbox 1646 2645 1830 2681; x_wconf 90' lang='lat' dir='ltr'>rationem</span> <span class='ocrx_word' id='word_1_693' title='bbox 1854 2646 2008 2681; x_wconf 90' lang='lat' dir='ltr'>ultimae</span> <span class='ocrx_word' id='word_1_694' title='bbox 2036 2646 2286 2693; x_wconf 88' lang='lat' dir='ltr'>perfectionis.</span> <span class='ocrx_word' id='word_1_695' title='bbox 2302 2668 2325 2673; x_wconf 91' lang='lat'>-</span> <span class='ocrx_word' id='word_1_696' title='bbox 2343 2648 2419 2684; x_wconf 91' lang='lat' dir='ltr'>Sed</span> <span class='ocrx_word' id='word_1_697' title='bbox 2446 2649 2521 2684; x_wconf 92' lang='lat' dir='ltr'>hoc</span> 
     </span>
     <span class='ocr_line' id='line_1_98' title="bbox 1463 2698 2520 2746; baseline 0.003 -12"><span class='ocrx_word' id='word_1_698' title='bbox 1463 2698 1660 2734; x_wconf 89' lang='lat' dir='ltr'>manifeste</span> <span class='ocrx_word' id='word_1_699' title='bbox 1684 2706 1840 2746; x_wconf 88' lang='lat' dir='ltr'>apparet</span> <span class='ocrx_word' id='word_1_700' title='bbox 1867 2698 2002 2734; x_wconf 86' lang='lat' dir='ltr'>falsum</span> <span class='ocrx_word' id='word_1_701' title='bbox 2023 2698 2060 2735; x_wconf 91' lang='lat' dir='ltr'>in</span> <span class='ocrx_word' id='word_1_702' title='bbox 2080 2699 2390 2736; x_wconf 89' lang='lat' dir='ltr'>delectationibus</span> <span class='ocrx_word' id='word_1_703' title='bbox 2415 2701 2520 2737; x_wconf 91' lang='lat' dir='ltr'>intel-</span> 
     </span>
     <span class='ocr_line' id='line_1_99' title="bbox 1463 2750 2520 2798; baseline 0.004 -12"><span class='ocrx_word' id='word_1_704' title='bbox 1463 2750 1693 2787; x_wconf 90' lang='lat' dir='ltr'>lectualibus.</span> <span class='ocrx_word' id='word_1_705' title='bbox 1723 2751 1869 2798; x_wconf 89' lang='lat' dir='ltr'>Aliquis</span> <span class='ocrx_word' id='word_1_706' title='bbox 1888 2751 1987 2787; x_wconf 83' lang='lat' dir='ltr'>enim</span> <span class='ocrx_word' id='word_1_707' title='bbox 2009 2764 2086 2788; x_wconf 91' lang='lat' dir='ltr'>non</span> <span class='ocrx_word' id='word_1_708' title='bbox 2115 2753 2239 2788; x_wconf 89' lang='lat' dir='ltr'>solum</span> <span class='ocrx_word' id='word_1_709' title='bbox 2260 2753 2463 2790; x_wconf 89' lang='lat' dir='ltr'>delectatur</span> <span class='ocrx_word' id='word_1_710' title='bbox 2481 2754 2520 2790; x_wconf 88' lang='lat' dir='ltr'>in</span> 
     </span>
     <span class='ocr_line' id='line_1_100' title="bbox 1463 2803 2518 2852; baseline 0.002 -12"><span class='ocrx_word' id='word_1_711' title='bbox 1463 2803 1705 2851; x_wconf 88' lang='lat' dir='ltr'>generatione</span> <span class='ocrx_word' id='word_1_712' title='bbox 1734 2803 1921 2849; x_wconf 88' lang='lat' dir='ltr'>scientiae,</span> <span class='ocrx_word' id='word_1_713' title='bbox 1950 2811 2041 2852; x_wconf 89' lang='lat' dir='ltr'>puta</span> <span class='ocrx_word' id='word_1_714' title='bbox 2070 2816 2156 2841; x_wconf 91' lang='lat' dir='ltr'>cum</span> <span class='ocrx_word' id='word_1_715' title='bbox 2182 2805 2341 2842; x_wconf 89' lang='lat' dir='ltr'>addiscit</span> <span class='ocrx_word' id='word_1_716' title='bbox 2367 2814 2432 2843; x_wconf 93' lang='lat' dir='ltr'>aut</span> <span class='ocrx_word' id='word_1_717' title='bbox 2450 2807 2518 2842; x_wconf 89' lang='lat' dir='ltr'>mi-</span> 
     </span>
     <span class='ocr_line' id='line_1_101' title="bbox 1464 2856 2520 2904; baseline 0.002 -11"><span class='ocrx_word' id='word_1_718' title='bbox 1464 2864 1578 2903; x_wconf 84' lang='lat' dir='ltr'>ratur,</span> <span class='ocrx_word' id='word_1_719' title='bbox 1599 2857 1693 2893; x_wconf 89' lang='lat' dir='ltr'>sicut</span> <span class='ocrx_word' id='word_1_720' title='bbox 1713 2868 1827 2904; x_wconf 86' lang='lat' dir='ltr'>supra</span> <span class='ocrx_word' id='word_1_721' title='bbox 1842 2856 1862 2877; x_wconf 75' lang='lat'>⁸¹⁸</span> <span class='ocrx_word' id='word_1_722' title='bbox 1887 2856 2028 2894; x_wconf 90' lang='lat' dir='ltr'>dictum</span> <span class='ocrx_word' id='word_1_723' title='bbox 2047 2865 2123 2903; x_wconf 90' lang='lat' dir='ltr'>est;</span> <span class='ocrx_word' id='word_1_724' title='bbox 2154 2859 2220 2895; x_wconf 92' lang='lat' dir='ltr'>sed</span> <span class='ocrx_word' id='word_1_725' title='bbox 2241 2858 2352 2894; x_wconf 90' lang='lat' dir='ltr'>etiarn</span> <span class='ocrx_word' id='word_1_726' title='bbox 2373 2859 2410 2895; x_wconf 92' lang='lat' dir='ltr'>in</span> <span class='ocrx_word' id='word_1_727' title='bbox 2429 2871 2520 2895; x_wconf 89' lang='lat' dir='ltr'>con-</span> 
     </span>
     <span class='ocr_line' id='line_1_102' title="bbox 1461 2909 2517 2959; baseline 0.003 -13"><span class='ocrx_word' id='word_1_728' title='bbox 1461 2910 1681 2957; x_wconf 87' lang='lat' dir='ltr'>templando</span> <span class='ocrx_word' id='word_1_729' title='bbox 1711 2909 1921 2946; x_wconf 89' lang='lat' dir='ltr'>secundum</span> <span class='ocrx_word' id='word_1_730' title='bbox 1950 2909 2146 2946; x_wconf 87' lang='lat' dir='ltr'>scientiam</span> <span class='ocrx_word' id='word_1_731' title='bbox 2178 2910 2254 2947; x_wconf 91' lang='lat' dir='ltr'>iam</span> <span class='ocrx_word' id='word_1_732' title='bbox 2283 2912 2517 2959; x_wconf 89' lang='lat' dir='ltr'>acquisitam.</span> 
     </span>
    </p>

    <p class='ocr_par' dir='ltr' id='par_1_31' title="bbox 1462 2962 2521 3537">
     <span class='ocr_line' id='line_1_103' title="bbox 1515 2962 2520 3011; baseline 0.003 -13"><span class='ocrx_word' id='word_1_733' title='bbox 1515 2962 1602 2999; x_wconf 91' lang='lat' dir='ltr'>Alio</span> <span class='ocrx_word' id='word_1_734' title='bbox 1629 2974 1723 2999; x_wconf 79' lang='lat' dir='ltr'>vero</span> <span class='ocrx_word' id='word_1_735' title='bbox 1752 2962 1888 3008; x_wconf 89' lang='lat' dir='ltr'>modo,</span> <span class='ocrx_word' id='word_1_736' title='bbox 1918 2962 2006 3010; x_wconf 89' lang='lat' dir='ltr'>quia</span> <span class='ocrx_word' id='word_1_737' title='bbox 2035 2963 2183 2999; x_wconf 91' lang='lat' dir='ltr'>dicebat</span> <span class='ocrx_word' id='word_1_738' title='bbox 2211 2964 2399 3011; x_wconf 90' lang='lat' dir='ltr'>optimum</span> <span class='ocrx_word' id='word_1_739' title='bbox 2428 2965 2520 3002; x_wconf 94' lang='lat' dir='ltr'>illud</span> 
     </span>
     <span class='ocr_line' id='line_1_104' title="bbox 1463 3014 2519 3064; baseline 0.004 -14"><span class='ocrx_word' id='word_1_740' title='bbox 1463 3015 1568 3062; x_wconf 91' lang='lat' dir='ltr'>quod</span> <span class='ocrx_word' id='word_1_741' title='bbox 1589 3022 1644 3051; x_wconf 91' lang='lat' dir='ltr'>est</span> <span class='ocrx_word' id='word_1_742' title='bbox 1667 3014 1884 3062; x_wconf 90' lang='lat' dir='ltr'>simpliciter</span> <span class='ocrx_word' id='word_1_743' title='bbox 1903 3027 2099 3051; x_wconf 90' lang='lat' dir='ltr'>summum</span> <span class='ocrx_word' id='word_1_744' title='bbox 2119 3015 2276 3062; x_wconf 89' lang='lat' dir='ltr'>bonum,</span> <span class='ocrx_word' id='word_1_745' title='bbox 2299 3017 2404 3064; x_wconf 92' lang='lat' dir='ltr'>quod</span> <span class='ocrx_word' id='word_1_746' title='bbox 2424 3017 2519 3054; x_wconf 92' lang='lat' dir='ltr'>scili-</span> 
     </span>
     <span class='ocr_line' id='line_1_105' title="bbox 1465 3067 2520 3118; baseline 0.005 -16"><span class='ocrx_word' id='word_1_747' title='bbox 1465 3075 1522 3103; x_wconf 91' lang='lat' dir='ltr'>cet</span> <span class='ocrx_word' id='word_1_748' title='bbox 1543 3075 1596 3103; x_wconf 89' lang='lat' dir='ltr'>est</span> <span class='ocrx_word' id='word_1_749' title='bbox 1611 3067 1735 3115; x_wconf 81' lang='lat' dir='ltr'>ip&#39;sum</span> <span class='ocrx_word' id='word_1_750' title='bbox 1752 3068 1896 3103; x_wconf 90' lang='lat' dir='ltr'>bonum</span> <span class='ocrx_word' id='word_1_751' title='bbox 1918 3067 2026 3114; x_wconf 91' lang='lat' dir='ltr'>quasi</span> <span class='ocrx_word' id='word_1_752' title='bbox 2042 3068 2271 3105; x_wconf 88' lang='lat' dir='ltr'>abstractum</span> <span class='ocrx_word' id='word_1_753' title='bbox 2289 3077 2324 3106; x_wconf 92' lang='lat' dir='ltr'>et</span> <span class='ocrx_word' id='word_1_754' title='bbox 2343 3082 2421 3107; x_wconf 91' lang='lat' dir='ltr'>non</span> <span class='ocrx_word' id='word_1_755' title='bbox 2434 3083 2520 3118; x_wconf 91' lang='lat' dir='ltr'>par-</span> 
     </span>
     <span class='ocr_line' id='line_1_106' title="bbox 1463 3118 2516 3167; baseline 0.005 -12"><span class='ocrx_word' id='word_1_756' title='bbox 1463 3119 1670 3167; x_wconf 89' lang='lat' dir='ltr'>ticipatum,</span> <span class='ocrx_word' id='word_1_757' title='bbox 1691 3119 1786 3156; x_wconf 91' lang='lat' dir='ltr'>sicut</span> <span class='ocrx_word' id='word_1_758' title='bbox 1813 3118 1893 3167; x_wconf 90' lang='lat' dir='ltr'>ipse</span> <span class='ocrx_word' id='word_1_759' title='bbox 1917 3121 2021 3157; x_wconf 89' lang='lat' dir='ltr'>Deus</span> <span class='ocrx_word' id='word_1_760' title='bbox 2050 3128 2106 3157; x_wconf 90' lang='lat' dir='ltr'>est</span> <span class='ocrx_word' id='word_1_761' title='bbox 2133 3134 2328 3159; x_wconf 89' lang='lat' dir='ltr'>summum</span> <span class='ocrx_word' id='word_1_762' title='bbox 2358 3123 2516 3160; x_wconf 92' lang='lat' dir='ltr'>bonum.</span> 
     </span>
     <span class='ocr_line' id='line_1_107' title="bbox 1464 3172 2518 3221; baseline 0.006 -14"><span class='ocrx_word' id='word_1_763' title='bbox 1464 3173 1547 3208; x_wconf 90' lang='lat' dir='ltr'>Nos</span> <span class='ocrx_word' id='word_1_764' title='bbox 1575 3179 1701 3208; x_wconf 90' lang='lat' dir='ltr'>autem</span> <span class='ocrx_word' id='word_1_765' title='bbox 1729 3172 1920 3220; x_wconf 91' lang='lat' dir='ltr'>loquimur</span> <span class='ocrx_word' id='word_1_766' title='bbox 1940 3173 1987 3209; x_wconf 92' lang='lat' dir='ltr'>de</span> <span class='ocrx_word' id='word_1_767' title='bbox 2016 3173 2160 3221; x_wconf 91' lang='lat' dir='ltr'>optimo</span> <span class='ocrx_word' id='word_1_768' title='bbox 2180 3174 2218 3211; x_wconf 92' lang='lat' dir='ltr'>in</span> <span class='ocrx_word' id='word_1_769' title='bbox 2247 3175 2360 3212; x_wconf 90' lang='lat' dir='ltr'>rebus</span> <span class='ocrx_word' id='word_1_770' title='bbox 2382 3176 2518 3213; x_wconf 86' lang='lat' dir='ltr'>huma-</span> 
     </span>
     <span class='ocr_line' id='line_1_108' title="bbox 1463 3225 2519 3274; baseline 0.004 -13"><span class='ocrx_word' id='word_1_771' title='bbox 1463 3225 1532 3261; x_wconf 92' lang='lat' dir='ltr'>nis.</span> <span class='ocrx_word' id='word_1_772' title='bbox 1562 3225 1760 3272; x_wconf 90' lang='lat' dir='ltr'>Optimum</span> <span class='ocrx_word' id='word_1_773' title='bbox 1781 3232 1908 3262; x_wconf 86' lang='lat' dir='ltr'>autem</span> <span class='ocrx_word' id='word_1_774' title='bbox 1929 3225 1966 3262; x_wconf 88' lang='lat' dir='ltr'>in</span> <span class='ocrx_word' id='word_1_775' title='bbox 1984 3238 2213 3274; x_wconf 88' lang='lat' dir='ltr'>unaquaque</span> <span class='ocrx_word' id='word_1_776' title='bbox 2234 3239 2273 3264; x_wconf 92' lang='lat' dir='ltr'>re</span> <span class='ocrx_word' id='word_1_777' title='bbox 2294 3236 2347 3264; x_wconf 91' lang='lat' dir='ltr'>est</span> <span class='ocrx_word' id='word_1_778' title='bbox 2366 3229 2519 3265; x_wconf 89' lang='lat' dir='ltr'>ultimus</span> 
     </span>
     <span class='ocr_line' id='line_1_109' title="bbox 1463 3277 2519 3329; baseline 0.005 -16"><span class='ocrx_word' id='word_1_779' title='bbox 1463 3277 1562 3314; x_wconf 89' lang='lat' dir='ltr'>finis.</span> <span class='ocrx_word' id='word_1_780' title='bbox 1593 3277 1694 3314; x_wconf 89' lang='lat' dir='ltr'>Finis</span> <span class='ocrx_word' id='word_1_781' title='bbox 1723 3285 1862 3324; x_wconf 83' lang='lat' dir='ltr'>autem,</span> <span class='ocrx_word' id='word_1_782' title='bbox 1892 3285 1933 3314; x_wconf 91' lang='lat' dir='ltr'>ut</span> <span class='ocrx_word' id='word_1_783' title='bbox 1959 3290 2073 3327; x_wconf 90' lang='lat' dir='ltr'>supra</span> <span class='ocrx_word' id='word_1_784' title='bbox 2091 3279 2111 3300; x_wconf 79' lang='lat'>&#39;¹‘</span> <span class='ocrx_word' id='word_1_785' title='bbox 2140 3279 2280 3317; x_wconf 87' lang='lat' dir='ltr'>dictum</span> <span class='ocrx_word' id='word_1_786' title='bbox 2302 3289 2368 3327; x_wconf 90' lang='lat' dir='ltr'>est,</span> <span class='ocrx_word' id='word_1_787' title='bbox 2399 3281 2519 3329; x_wconf 92' lang='lat' dir='ltr'>dupli-</span> 
     </span>
     <span class='ocr_line' id='line_1_110' title="bbox 1464 3330 2520 3379; baseline 0.004 -13"><span class='ocrx_word' id='word_1_788' title='bbox 1464 3330 1554 3367; x_wconf 88' lang='lat' dir='ltr'>citer</span> <span class='ocrx_word' id='word_1_789' title='bbox 1581 3330 1729 3367; x_wconf 91' lang='lat' dir='ltr'>dicitur:</span> <span class='ocrx_word' id='word_1_790' title='bbox 1759 3330 1898 3367; x_wconf 90' lang='lat' dir='ltr'>scilicet</span> <span class='ocrx_word' id='word_1_791' title='bbox 1925 3330 2007 3379; x_wconf 91' lang='lat' dir='ltr'>ipsa</span> <span class='ocrx_word' id='word_1_792' title='bbox 2035 3344 2111 3378; x_wconf 90' lang='lat' dir='ltr'>res,</span> <span class='ocrx_word' id='word_1_793' title='bbox 2141 3340 2178 3369; x_wconf 92' lang='lat' dir='ltr'>et</span> <span class='ocrx_word' id='word_1_794' title='bbox 2203 3345 2294 3370; x_wconf 90' lang='lat' dir='ltr'>usus</span> <span class='ocrx_word' id='word_1_795' title='bbox 2324 3333 2394 3378; x_wconf 89' lang='lat' dir='ltr'>rei;</span> <span class='ocrx_word' id='word_1_796' title='bbox 2423 3333 2520 3370; x_wconf 90' lang='lat' dir='ltr'>sicut</span> 
     </span>
     <span class='ocr_line' id='line_1_111' title="bbox 1462 3383 2516 3434; baseline 0.003 -14"><span class='ocrx_word' id='word_1_797' title='bbox 1462 3383 1548 3420; x_wconf 90' lang='lat' dir='ltr'>finis</span> <span class='ocrx_word' id='word_1_798' title='bbox 1568 3383 1671 3419; x_wconf 88' lang='lat' dir='ltr'>avari</span> <span class='ocrx_word' id='word_1_799' title='bbox 1693 3390 1748 3419; x_wconf 91' lang='lat' dir='ltr'>est</span> <span class='ocrx_word' id='word_1_800' title='bbox 1761 3384 1822 3420; x_wconf 91' lang='lat' dir='ltr'>vel</span> <span class='ocrx_word' id='word_1_801' title='bbox 1841 3383 2015 3431; x_wconf 80' lang='lat' dir='ltr'>pecunia,</span> <span class='ocrx_word' id='word_1_802' title='bbox 2034 3385 2096 3422; x_wconf 88' lang='lat' dir='ltr'>vel</span> <span class='ocrx_word' id='word_1_803' title='bbox 2114 3386 2305 3433; x_wconf 84' lang='lat' dir='ltr'>possessio</span> <span class='ocrx_word' id='word_1_804' title='bbox 2320 3386 2516 3434; x_wconf 90' lang='lat' dir='ltr'>pecuniae.</span> 
     </span>
     <span class='ocr_line' id='line_1_112' title="bbox 1464 3435 2521 3487; baseline 0.004 -16"><span class='ocrx_word' id='word_1_805' title='bbox 1464 3437 1512 3472; x_wconf 89' lang='lat' dir='ltr'>Et</span> <span class='ocrx_word' id='word_1_806' title='bbox 1539 3435 1750 3472; x_wconf 90' lang='lat' dir='ltr'>secundum</span> <span class='ocrx_word' id='word_1_807' title='bbox 1779 3436 1868 3483; x_wconf 87' lang='lat' dir='ltr'>hoc,</span> <span class='ocrx_word' id='word_1_808' title='bbox 1896 3436 2051 3474; x_wconf 88' lang='lat' dir='ltr'>ultimus</span> <span class='ocrx_word' id='word_1_809' title='bbox 2069 3438 2155 3474; x_wconf 92' lang='lat' dir='ltr'>finis</span> <span class='ocrx_word' id='word_1_810' title='bbox 2174 3438 2339 3475; x_wconf 89' lang='lat' dir='ltr'>hominis</span> <span class='ocrx_word' id='word_1_811' title='bbox 2359 3438 2431 3475; x_wconf 90' lang='lat' dir='ltr'>dici</span> <span class='ocrx_word' id='word_1_812' title='bbox 2450 3451 2521 3487; x_wconf 88' lang='lat' dir='ltr'>po·-</span> 
     </span>
     <span class='ocr_line' id='line_1_113' title="bbox 1462 3488 2517 3537; baseline 0.004 -13"><span class='ocrx_word' id='word_1_813' title='bbox 1462 3496 1533 3525; x_wconf 87' lang='lat' dir='ltr'>test</span> <span class='ocrx_word' id='word_1_814' title='bbox 1550 3489 1613 3524; x_wconf 91' lang='lat' dir='ltr'>vel</span> <span class='ocrx_word' id='word_1_815' title='bbox 1640 3488 1721 3536; x_wconf 87' lang='lat' dir='ltr'>ipse</span> <span class='ocrx_word' id='word_1_816' title='bbox 1749 3489 1867 3536; x_wconf 87' lang='lat' dir='ltr'>Deus,</span> <span class='ocrx_word' id='word_1_817' title='bbox 1887 3489 1952 3537; x_wconf 91' lang='lat' dir='ltr'>qui</span> <span class='ocrx_word' id='word_1_818' title='bbox 1972 3498 2026 3526; x_wconf 91' lang='lat' dir='ltr'>est</span> <span class='ocrx_word' id='word_1_819' title='bbox 2046 3503 2241 3527; x_wconf 89' lang='lat' dir='ltr'>summum</span> <span class='ocrx_word' id='word_1_820' title='bbox 2262 3491 2408 3528; x_wconf 90' lang='lat' dir='ltr'>bonum</span> <span class='ocrx_word' id='word_1_821' title='bbox 2428 3491 2517 3528; x_wconf 92' lang='lat' dir='ltr'>sim-</span> 
     </span>
    </p>
   </div>
   <div class='ocr_carea' id='block_1_19' title="bbox 1062 3567 1806 3572">
    <p class='ocr_par' dir='ltr' id='par_1_32' title="bbox 1062 3567 1806 3572">
     <span class='ocr_line' id='line_1_114' title="bbox 1062 3567 1806 3572; baseline 0 0"><span class='ocrx_word' id='word_1_822' title='bbox 1062 3567 1806 3572; x_wconf 95' lang='lat' dir='ltr'> </span> 
     </span>
    </p>
   </div>
   <div class='ocr_carea' id='block_1_20' title="bbox 11 3518 26 3786">
    <p class='ocr_par' dir='ltr' id='par_1_33' title="bbox 11 3518 26 3786">
     <span class='ocr_line' id='line_1_115' title="bbox 11 3518 26 3786; textangle 90"><span class='ocrx_word' id='word_1_823' title='bbox 11 3558 26 3786; x_wconf 38' lang='lat' dir='ltr'>·ss‘qsmaev,</span> <span class='ocrx_word' id='word_1_824' title='bbox 15 3518 21 3538; x_wconf 53' lang='lat' dir='ltr'>v</span> 
     </span>
    </p>
   </div>
   <div class='ocr_carea' id='block_1_21' title="bbox 11 3823 22 4118">
    <p class='ocr_par' dir='ltr' id='par_1_34' title="bbox 11 3823 22 4118">
     <span class='ocr_line' id='line_1_116' title="bbox 11 3823 22 4118; textangle 90"><span class='ocrx_word' id='word_1_825' title='bbox 13 4113 16 4118; x_wconf 70' lang='lat'><em>›</em></span> <span class='ocrx_word' id='word_1_826' title='bbox 13 4091 17 4105; x_wconf 56' lang='grc' dir='ltr'><strong>ν</strong></span> <span class='ocrx_word' id='word_1_827' title='bbox 11 3929 21 4082; x_wconf 38' lang='lat' dir='ltr'>“connum—r*</span> <span class='ocrx_word' id='word_1_828' title='bbox 14 3875 21 3921; x_wconf 58' lang='lat'><em>1·-=⁴</em></span> <span class='ocrx_word' id='word_1_829' title='bbox 13 3856 19 3866; x_wconf 46' lang='grc' dir='ltr'>ι</span> <span class='ocrx_word' id='word_1_830' title='bbox 13 3823 22 3831; x_wconf 64' lang='lat' dir='ltr'>e</span> 
     </span>
    </p>
   </div>
   <div class='ocr_carea' id='block_1_22' title="bbox 403 3601 1442 3642">
    <p class='ocr_par' dir='ltr' id='par_1_35' title="bbox 403 3601 1442 3642">
     <span class='ocr_line' id='line_1_117' title="bbox 403 3601 1442 3642; baseline -0.004 -8"><span class='ocrx_word' id='word_1_831' title='bbox 403 3610 431 3642; x_wconf 85' lang='grc' dir='ltr'>α)</span> <span class='ocrx_word' id='word_1_832' title='bbox 450 3615 513 3634; x_wconf 74' lang='lat' dir='ltr'>esse.</span> <span class='ocrx_word' id='word_1_833' title='bbox 525 3623 545 3629; x_wconf 93' lang='lat'>-</span> <span class='ocrx_word' id='word_1_834' title='bbox 557 3608 620 3634; x_wconf 85' lang='lat' dir='ltr'>Om.</span> <span class='ocrx_word' id='word_1_835' title='bbox 632 3606 844 3633; x_wconf 80' lang='lat' dir='ltr'>ABCDEFGKL.</span> <span class='ocrx_word' id='word_1_836' title='bbox 855 3620 873 3626; x_wconf 87' lang='lat'>·-</span> <span class='ocrx_word' id='word_1_837' title='bbox 886 3607 936 3631; x_wconf 82' lang='lat' dir='ltr'>Pro</span> <span class='ocrx_word' id='word_1_838' title='bbox 955 3606 1035 3635; x_wconf 81' lang='lat' dir='ltr'>nu11a,</span> <span class='ocrx_word' id='word_1_839' title='bbox 1051 3605 1150 3630; x_wconf 78' lang='lat' dir='ltr'>nullum</span> <span class='ocrx_word' id='word_1_840' title='bbox 1169 3605 1413 3631; x_wconf 80' lang='lat' dir='ltr'>ABCDEGHIKLa.</span> <span class='ocrx_word' id='word_1_841' title='bbox 1437 3601 1442 3640; x_wconf 68' lang='grc'>1</span> 
     </span>
    </p>
   </div>
   <div class='ocr_carea' id='block_1_23' title="bbox 1522 3605 2066 3640">
    <p class='ocr_par' dir='ltr' id='par_1_36' title="bbox 1522 3605 2066 3640">
     <span class='ocr_line' id='line_1_118' title="bbox 1522 3605 2066 3640; baseline 0.004 -9"><span class='ocrx_word' id='word_1_842' title='bbox 1522 3605 1547 3639; x_wconf 89' lang='grc' dir='ltr'>β)</span> <span class='ocrx_word' id='word_1_843' title='bbox 1567 3611 1727 3639; x_wconf 79' lang='lat' dir='ltr'>sequeretur.</span> <span class='ocrx_word' id='word_1_844' title='bbox 1745 3621 1764 3626; x_wconf 93' lang='lat'>—</span> <span class='ocrx_word' id='word_1_845' title='bbox 1781 3607 1938 3640; x_wconf 79' lang='lat' dir='ltr'>sequebatur</span> <span class='ocrx_word' id='word_1_846' title='bbox 1957 3608 2066 3633; x_wconf 87' lang='lat' dir='ltr'>codices.</span> 
     </span>
    </p>
   </div>
   <div class='ocr_carea' id='block_1_24' title="bbox 2546 2868 2756 2921">
    <p class='ocr_par' dir='ltr' id='par_1_37' title="bbox 2546 2868 2756 2921">
     <span class='ocr_line' id='line_1_119' title="bbox 2546 2868 2756 2895; baseline 0.01 -7"><span class='ocrx_word' id='word_1_847' title='bbox 2546 2869 2555 2877; x_wconf 88' lang='lat'>&#39;¹</span> <span class='ocrx_word' id='word_1_848' title='bbox 2571 2868 2619 2895; x_wconf 92' lang='lat' dir='ltr'>Qu.</span> <span class='ocrx_word' id='word_1_849' title='bbox 2629 2874 2701 2895; x_wconf 83' lang='lat' dir='ltr'>xxxn,</span> <span class='ocrx_word' id='word_1_850' title='bbox 2712 2873 2756 2890; x_wconf 80' lang='lat' dir='ltr'>art.</span> 
     </span>
     <span class='ocr_line' id='line_1_120' title="bbox 2546 2894 2645 2921; baseline -0.01 -5"><span class='ocrx_word' id='word_1_851' title='bbox 2546 2894 2568 2921; x_wconf 89' lang='lat'>8,</span> <span class='ocrx_word' id='word_1_852' title='bbox 2583 2894 2611 2915; x_wconf 80' lang='lat' dir='ltr'>ad</span> <span class='ocrx_word' id='word_1_853' title='bbox 2626 2900 2645 2915; x_wconf 90' lang='lat'>2.</span> 
     </span>
    </p>
   </div>
   <div class='ocr_carea' id='block_1_25' title="bbox 2543 3292 2755 3346">
    <p class='ocr_par' dir='ltr' id='par_1_38' title="bbox 2543 3292 2755 3346">
     <span class='ocr_line' id='line_1_121' title="bbox 2544 3292 2755 3319; baseline 0.009 -6"><span class='ocrx_word' id='word_1_854' title='bbox 2544 3294 2552 3301; x_wconf 92' lang='grc'>·</span> <span class='ocrx_word' id='word_1_855' title='bbox 2570 3292 2618 3319; x_wconf 85' lang='lat' dir='ltr'>Qu.</span> <span class='ocrx_word' id='word_1_856' title='bbox 2637 3298 2655 3318; x_wconf 80' lang='lat' dir='ltr'>r,</span> <span class='ocrx_word' id='word_1_857' title='bbox 2670 3296 2713 3314; x_wconf 80' lang='lat' dir='ltr'>art.</span> <span class='ocrx_word' id='word_1_858' title='bbox 2727 3293 2755 3318; x_wconf 71' lang='lat'>83</span> 
     </span>
     <span class='ocr_line' id='line_1_122' title="bbox 2543 3322 2715 3346; baseline 0.006 -7"><span class='ocrx_word' id='word_1_859' title='bbox 2543 3324 2583 3345; x_wconf 89' lang='lat' dir='ltr'>qu.</span> <span class='ocrx_word' id='word_1_860' title='bbox 2598 3324 2623 3345; x_wconf 87' lang='lat'>11,</span> <span class='ocrx_word' id='word_1_861' title='bbox 2638 3322 2680 3340; x_wconf 79' lang='lat' dir='ltr'>art.</span> <span class='ocrx_word' id='word_1_862' title='bbox 2694 3325 2715 3346; x_wconf 86' lang='lat'>7.</span> 
     </span>
    </p>
   </div>
  </div>
 </body>
</html>
