2846 4146
367 205 440 252 376

365 283 413 320 ad
433 283 578 319 bonum
594 283 751 330 virtutis,
774 291 828 321 est
843 284 1032 333 quaedam
1053 284 1243 321 inchoatio
1260 285 1420 322 virtutis:

364 348 441 372 non
470 343 598 372 autem
627 344 682 372 est
708 336 826 373 virtus
855 338 1030 386 perfecta.
1061 336 1291 374 Huiusmodi
1321 336 1421 373 enim

362 388 563 433 inclinatio,
589 396 731 437 quanto
762 397 817 426 est
843 390 975 426 fortior
1001 388 1028 435 β,
1056 397 1159 426 tanto
1187 397 1311 437 potest
1339 401 1422 425 esse

362 441 619 489 periculosior,
640 442 709 478 nisi
729 450 829 478 recta
849 442 942 479 ratio
963 442 1196 489 adiungatur,
1217 453 1286 489 per
1305 453 1421 489 quam

362 494 429 530 fiat
457 502 557 531 recta
585 495 716 531 electio
747 507 880 531 eorum
911 506 1006 542 quae
1033 493 1265 530 conveniunt
1285 493 1333 530 ad
1359 493 1421 530 de-

363 546 483 583 bitum
512 547 651 584 finem:
682 547 776 584 sicut
805 559 924 595 equus
954 558 1118 594 currens,
1140 546 1170 582 si
1199 545 1244 582 sit
1273 558 1419 593 caecus,

1036 205 1302 252 QUAESTIO
1333 208 1469 253 LVIII,
1500 207 1795 244 ARTICULUS
1823 207 1859 243 V

1479 285 1600 322 currit.
1634 286 1683 322 Et
1709 285 1809 332 ideo,
1840 285 1906 322 etsi
1934 286 2052 324 virtus
2080 287 2234 324 moralis
2263 299 2342 323 non
2370 286 2415 323 sit
2442 286 2535 323 ratio

1478 344 1597 384 recta,
1628 346 1668 374 ut
1697 338 1873 374 Socrates
1909 338 2057 376 dicebat
2075 339 2115 386 *;
2145 352 2223 376 non
2251 347 2380 375 tamen
2412 340 2536 376 solum

2565 350 2575 359 '
2590 348 2626 370 ef.

1477 397 1534 426 est
1550 390 1754 427 secundum
1770 390 1954 428 rationem
1972 397 2126 439 metam,
2142 392 2368 440 inquantum
2386 391 2538 429 inclinat
2590 410 2592 412 v

1477 441 1527 478 ad
1555 442 1592 478 id
1619 442 1727 489 quod
1755 450 1811 478 est
1838 443 2048 481 secundum
2083 445 2266 482 rationem
2303 451 2466 491 rectam,
2495 452 2538 481 ut

1477 494 1661 531 Platonici
1693 503 1904 542 posuerunt
1930 495 1968 542 *ς
2002 497 2068 534 sed
2102 498 2214 534 etiarn
2249 503 2400 546 oportet
2431 497 2537 546 quod

1477 546 1522 582 sit
1549 558 1634 583 cum
1655 547 1800 584 ratione
1819 553 1941 595 recta,
1969 556 2010 586 ut
2037 549 2257 603 Aristoteles
2287 548 2388 596 dicit,
2418 548 2463 590 in¹
2483 549 2535 586 VI

363 606 465 636 tanto
495 599 625 636 fortius
653 599 825 648 impingit
855 607 890 635 et
917 598 1088 645 laeditur,
1118 606 1260 646 quanto
1289 598 1420 635 fortius
1474 599 1594 635 Ethic.
1615 598 1635 620 ’¹‘

416 703 439 735 β)
453 704 566 737 sortior.
579 717 597 723 —
613 704 757 736 perfectior
777 704 820 727 Pa.

1314 772 1367 780 W

843 888 848 891 .
1143 837 1459 880 ARTICULUS
1489 838 1746 890 QUINTUS

779 929 933 959 UTRUM
958 929 1330 960 INTELLECTUALIS
1354 931 1511 962 vaus
1535 931 1681 962 possrr
1705 932 1805 962 Essa
1830 932 1923 962 SINE
1947 932 2114 963 MORALI

731 1008 804 1037 Infra,
824 1016 869 1040 qu.
888 1016 942 1039 LxV,
962 1014 1008 1034 art.
1027 1016 1048 1038 1;
1070 1009 1110 1034 De
1135 1009 1238 1038 Vir-tut„
1259 1017 1303 1041 qu.
1322 1017 1346 1038 v.
1365 1014 1413 1035 art.
1433 1016 1462 1041 ²3
1483 1010 1580 1039 Quodl.
1599 1010 1652 1040 XII,
1667 1017 1713 1042 qu.
1730 1018 1770 1040 XV.
1790 1016 1835 1036 art.
1855 1019 1876 1042 1;
1895 1011 1929 1036 Vl
1948 1011 2043 1040 Ethic„
2063 1012 2120 1036 lect.
2140 1020 2164 1036 x.

395 1111 451 1153 ἐὴ»
471 1113 553 1162 tua(
570 1108 592 1132 Ι)
618 1108 779 1138 QmNTUM
802 1108 855 1133 SIC
874 1108 1113 1133 PROCEDITUR.
1134 1097 1294 1134 Videtur
1312 1097 1418 1145 quod

383 1141 545 1209 ᾖξ’ᾼζζμς
569 1149 684 1185 virtus
713 1149 970 1186 intellectualis
997 1150 1118 1198 possit
1141 1162 1222 1186 esse
1243 1149 1323 1186 sine
1342 1149 1416 1186 vir-

372 1199 494 1261 55³⁷,
508 1189 647 1238 tute
666 1202 811 1239 morali.
841 1202 1025 1239 Perfectio
1056 1202 1157 1239 enim
1185 1202 1320 1251 prioris
1341 1214 1418 1239 non

413 1229 502 1282 κᾷθ’
525 1245 558 1289 K
571 1255 761 1303 dependet
779 1268 802 1291 a
824 1255 1055 1303 perfectione
1078 1255 1308 1304 posterioris.
1342 1256 1420 1292 Sed

359 1307 451 1343 ratio
469 1315 523 1343 est
536 1307 641 1355 prior
656 1308 822 1356 appetitu
838 1308 1030 1355 sensitivo,
1047 1316 1083 1344 et
1096 1320 1259 1345 movens
1278 1308 1416 1357 ipsum.

358 1361 459 1407 Ergo
478 1359 598 1397 virtus
623 1360 891 1407 intellectualis,
913 1373 1010 1409 quae
1035 1369 1090 1398 est
1108 1361 1289 1410 perfectio
1309 1361 1419 1398 ratio-

357 1413 424 1456 nis,
455 1425 534 1449 non
563 1413 752 1461 dependet
772 1426 793 1450 a
812 1414 948 1451 virtute
967 1414 1113 1462 morali,
1134 1426 1231 1463 quae
1261 1422 1316 1452 est
1333 1427 1419 1463 per-

358 1465 469 1502 fectio
498 1466 726 1514 appetitivae
745 1467 871 1515 partis.
901 1467 1032 1503 Potest
1051 1479 1140 1515 ergo
1162 1479 1244 1504 esse
1260 1467 1340 1504 sine
1361 1480 1417 1505 ea.

412 1530 446 1555 2.
468 1519 700 1566 PRAETEREA,
722 1520 882 1556 moralia
901 1526 987 1556 sunt
1006 1519 1164 1556 materia
1183 1520 1417 1568 prudentiae,

358 1571 453 1607 sicut
479 1571 655 1608 factibilia
683 1580 770 1609 sunt
796 1572 954 1609 materia
982 1572 1081 1610 artis.
1114 1573 1190 1617 Sed
1215 1585 1275 1610 ars
1294 1580 1419 1622 potest

358 1636 440 1661 esse
469 1624 549 1661 sine
576 1625 729 1673 propria
748 1625 923 1662 materia:
953 1625 1048 1662 sicut
1075 1626 1190 1662 faber'
1205 1625 1285 1662 sine
1304 1626 1416 1663 ferro.

357 1678 459 1725 Ergo
484 1685 521 1714 et
546 1678 745 1726 prudentia
772 1686 897 1727 potest
916 1690 998 1715 esse
1017 1678 1098 1715 sine
1117 1678 1316 1715 virtutibus
1335 1691 1417 1715 mo-

356 1730 507 1777 ralibus,
529 1742 627 1778 quae
643 1739 770 1768 tamen
789 1731 886 1768 inter
900 1743 1036 1768 omnes
1055 1731 1324 1768 intellectuales
1341 1731 1417 1768 ,vir-

357 1790 464 1830 tutes,
495 1783 661 1820 maxime
690 1784 898 1821 moralibus
926 1784 1126 1821 coniuncta
1154 1784 1315 1821 videtur.

412 1837 446 1872 3.
475 1836 712 1884 PRAETEREA,
736 1838 938 1885 prudentia
966 1842 1021 1873 est
1044 1837 1163 1874 virtus
1186 1838 1278 1873 bene
1297 1837 1415 1873 consi-

220 1902 290 1943 V'n¹.¹'
307 1901 330 1934 ¹².
357 1887 495 1934 liativa,
524 1896 566 1925 ut
594 1889 729 1926 dicitur
755 1889 794 1926 in
821 1890 872 1926 VI
900 1890 1020 1926 Ethic.
1037 1890 1057 1912 ³⁶
1077 1890 1154 1926 Sed
1183 1889 1290 1926 multi
1318 1890 1415 1926 bene

198 1955 211 1969 x
240 1954 262 1996 τέ-
294 1938 330 1997 -wj'
357 1941 609 1988 consiliantur,
621 1942 759 1989 quibus
774 1949 903 1979 tamen
915 1943 1072 1980 virtutes
1087 1943 1252 1979 morales
1268 1942 1415 1979 desunt.

356 1995 458 2041 Ergo
485 1995 687 2043 prudentia
714 2003 839 2043 potest
866 2007 949 2032 esse
978 1995 1058 2032 sine
1076 1995 1215 2032 virtute
1243 1995 1388 2032 morali.

410 2048 483 2084 SED
504 2059 661 2096 CONTRA,
681 2049 778 2085 velle
807 2049 952 2085 malum
981 2049 1103 2085 facere
1129 2048 1335 2097 opponitur
1363 2048 1416 2085 di-

356 2107 455 2137 recte
478 2100 606 2138 virtuti
634 2101 789 2147 morali3
819 2113 898 2138 non
924 2109 1052 2138 autem
1077 2101 1284 2150 opponitur
1307 2101 1416 2138 alicui

356 2155 460 2202 quod
489 2154 568 2190 sine
596 2154 734 2191 virtute
763 2154 897 2191 morali
927 2166 1009 2191 esse
1037 2162 1172 2203 potest.
1199 2154 1416 2203 Opponitur

356 2214 483 2243 autem
512 2206 735 2255 prudentiae
764 2207 868 2255 quod
895 2207 1024 2244 volens
1045 2213 1185 2256 peccet,
1214 2214 1255 2244 ut
1284 2207 1418 2244 dicitur

177 2274 190 2295 p
252 2274 265 2288 n
300 2279 328 2289 --
355 2259 393 2296 in
411 2260 462 2297 VI
482 2259 633 2296 Enna*
648 2261 740 2297 Non
761 2272 850 2308 ergo
871 2261 1071 2309 prudentia
1090 2267 1215 2309 potest
1234 2271 1318 2297 esse
1337 2260 1416 2297 sine

354 2312 491 2349 virtute
520 2313 666 2349 morali.

409 2366 634 2402 Respommo
663 2377 847 2402 DlCENDUM
871 2365 976 2413 quod
1005 2365 1100 2402 aliae
1126 2365 1284 2402 virtutes
1312 2365 1417 2402 intel-

355 2419 532 2455 lectuales
551 2423 569 2440 ‘²
589 2418 668 2455 sine
697 2418 835 2455 virtute
864 2418 998 2455 morali
1027 2430 1110 2455 esse
1138 2425 1318 2467 possunt:
1349 2418 1418 2455 sed

355 2471 556 2520 prudentia
589 2471 669 2508 sine
701 2471 840 2508 virtute
880 2471 1014 2508 morali
1050 2480 1133 2508 esse
1169 2483 1247 2508 non
1280 2478 1414 2519 potest.

357 2524 474 2561 Cuius
494 2523 587 2560 ratio
613 2531 679 2571 est,
701 2524 790 2572 quia
809 2524 1010 2573 prudentia
1034 2531 1091 2561 est
1108 2531 1210 2560 recta
1229 2524 1323 2560 ratio
1342 2523 1418 2571 agi-

356 2577 505 2622 bilium;
526 2588 604 2613 non
629 2584 757 2614 autem
778 2578 903 2614 solum
922 2576 961 2613 in
979 2576 1195 2624 universali,
1216 2576 1283 2613 sed
1303 2575 1417 2613 etiam

356 2630 395 2666 in
422 2630 647 2678 particulari,
668 2630 707 2666 in
731 2630 869 2678 quibus
898 2637 985 2667 sunt
1013 2630 1192 2667 actiones.
1214 2631 1334 2666 Recta
1353 2641 1418 2666 au-

355 2691 434 2719 tem
449 2683 544 2720 ratio
562 2683 767 2731 praeexigit
785 2682 970 2732 principia
990 2694 1035 2720 ex
1050 2683 1189 2731 quibus
1211 2682 1305 2719 ratio
1329 2694 1417 2731 pro-

357 2736 466 2773 cedit.
497 2736 659 2784 Oportet
687 2743 815 2773 autem
845 2736 1032 2773 rationem
1053 2735 1151 2772 circa
1178 2735 1418 2784 particularia

356 2789 564 2837 procedere
588 2801 667 2826 non
695 2790 821 2826 solum
841 2801 886 2826 ex
914 2789 1106 2838 principiis
1128 2788 1417 2836 universalibus,

357 2843 424 2879 sed
453 2842 566 2879 etiam
594 2854 638 2878 ex
656 2842 847 2891 principiis
867 2841 1165 2891 particularibus.
1187 2841 1298 2878 Circa
1317 2841 1418 2890 prin-

357 2895 454 2943 cipia
473 2895 628 2943 quidem
648 2895 876 2932 universalia
896 2895 1102 2943 agibilium,
1118 2895 1238 2932 homo
1259 2902 1359 2932 recte
1379 2906 1419 2931 se

356 2948 472 2985 habet
490 2960 558 2997 per
576 2949 786 2985 naturalem
801 2948 1032 2985 intellectum
1047 2947 1335 2996 principiorum,
1351 2960 1420 2996 per

358 3013 473 3049 quern
506 3001 624 3038 homo
655 3002 848 3049 cognoscit
879 3001 984 3050 quod
1012 3001 1157 3038 nullum
1190 3001 1335 3038 malum
1365 3007 1420 3038 est

358 3054 564 3101 agendum;
585 3055 647 3091 vel
669 3054 781 3092 etiam
801 3067 870 3103 per
889 3054 1056 3102 aliquam
1075 3054 1271 3091 scientiam
1286 3054 1421 3104 practi-

359 3118 455 3143 cam.
482 3107 559 3144 Sed
578 3107 653 3143 hoc
672 3119 750 3144 non
771 3107 909 3144 sufficit
928 3107 976 3145 ad
998 3115 1096 3144 recte
1117 3107 1420 3144 ratiocinandum

1473 1097 1572 1134 circa
1586 1098 1835 1147 particularia.
1854 1099 2046 1147 Contingit
2062 1099 2163 1136 enim
2179 1100 2411 1150 quandoque
2427 1102 2545 1150 quod‘

1472 1150 1693 1188 huiusmodi
1726 1151 1941 1188 universale
1976 1152 2205 1201 principium
2240 1153 2432 1202 cognitum
2465 1165 2534 1203 per

1473 1203 1702 1241 intellectum
1725 1204 1788 1241 vel
1808 1203 2015 1252 scientiam,
2042 1205 2297 1254 corrumpitur
2315 1204 2354 1243 in
2371 1206 2534 1255 particu-

1473 1256 1539 1293 lari
1567 1269 1636 1305 per
1664 1257 1829 1306 aliquam
1857 1258 2094 1306 passionem:
2123 1258 2219 1295 sicut
2237 1259 2531 1308 concupiscenti,

1474 1310 1628 1358 quando
1663 1310 1969 1359 concupiscentia
2002 1310 2134 1358 vincit,
2169 1311 2321 1348 videtur
2347 1313 2423 1349 hoc
2451 1324 2532 1350 esse

1472 1363 1620 1399 bonum
1649 1362 1755 1410 quod
1783 1363 2026 1412 concupiscit,
2056 1363 2140 1403 licet
2167 1364 2213 1400 sit
2233 1372 2364 1401 contra
2383 1364 2533 1402 univer-

1472 1416 1550 1452 sale
1567 1415 1752 1453 iudicium
1771 1415 1938 1456 rationis.
1963 1416 2013 1453 Et
2030 1416 2131 1464 ideo,
2152 1416 2247 1454 sicut
2265 1418 2384 1454 homo
2405 1418 2531 1467 dispo-

1473 1468 1574 1505 nitur
1601 1468 1650 1505 ad
1679 1475 1779 1505 recte
1807 1481 1847 1505 se
1875 1469 2097 1506 habendum
2117 1469 2215 1506 circa
2242 1470 2424 1519 principia
2450 1470 2532 1507 uni-

1471 1521 1643 1568 versalia,
1655 1534 1723 1570 per
1732 1521 1964 1558 intellectum
1979 1523 2190 1559 naturalem
2200 1523 2262 1559 vel
2273 1535 2342 1571 per
2355 1523 2528 1560 habitum

1473 1573 1671 1620 scientiae;
1699 1574 1749 1611 ita
1767 1574 1818 1611 ad
1836 1575 1911 1611 hoc
1940 1575 2043 1624 quod
2072 1582 2172 1611 recte
2201 1587 2241 1611 se
2269 1576 2407 1612 habeat
2435 1575 2534 1612 circa

1471 1626 1654 1675 principia
1681 1626 1920 1675 particularia
1947 1626 2154 1674 agibilium,
2185 1639 2284 1676 quae
2313 1635 2400 1668 sunt
2422 1628 2532 1676 fiam,

1472 1686 1623 1727 oportet
1650 1679 1755 1726 quod
1782 1679 2001 1729 perficiatur-
2022 1691 2092 1728 per
2118 1679 2265 1730 aliquos
2292 1680 2445 1718 habitus
2475 1690 2534 1719 se-

1473 1733 1640 1768 cundum
1669 1743 1767 1779 quos
1799 1732 1867 1769 fiat
1894 1733 2198 1780 quodammodo-
2214 1733 2363 1771 homini
2391 1738 2533 1774 couna-

2640 353 2682 371 ΕΙἾ.
2697 355 2718 371 2.

2563 503 2613 526 ⁸Cf.
2619 504 2717 532 Platon„
2725 505 2776 527 Me-

2564 536 2627 557 non„

2642 537 2693 559 cap.
2707 537 2754 553 xm.

2563 587 2642 635 'sfissl
2647 593 2755 637 ’‘1¹2¹'0’tl';1⁵.·
2763 599 2774 604 ”

1471 1785 1591 1821 turale
1619 1791 1720 1821 recte
1749 1785 1917 1822 iudicare
1945 1785 1993 1822 de
2019 1785 2110 1823 fine.
2131 1786 2182 1823 Et
2207 1786 2283 1823 hoc
2306 1787 2349 1823 fit
2370 1776 2532 1835 per-vir*
2589 1810 2591 1813 .
2625 1799 2707 1843 ‘75⁴5'
2739 1831 2742 1836 .
2764 1800 2766 1802 ’

1471 1844 1590 1874 tutem
1619 1838 1827 1875 moralem:
1853 1838 2046 1876 virtuosus
2066 1838 2168 1876 enim
2197 1846 2297 1876 recte
2325 1838 2466 1876 iudicat
2484 1839 2532 1877 de
2563 1840 2566 1844 '
2605 1839 2610 1842 ’
2638 1835 2641 1842 ’

1471 1891 1549 1927 fine
1567 1890 1725 1938 virtutis,
1747 1891 1836 1940 quia
1855 1891 1976 1939 qualis
1994 1892 2246 1941 unusquisque
2263 1897 2327 1938 est,
2343 1891 2426 1929 talis
2436 1892 2533 1940 finis

1470 1944 1617 1980 videtur
1643 1943 1698 1990 ei,
1727 1951 1768 1980 ut
1796 1943 1930 1981 dicitur
1957 1944 1995 1982 in
2023 1945 2074 1982 111
2101 1945 2221 1982 Ethic.
2241 1943 2262 1966 ⁸⁸
2289 1945 2340 1982 Et
2365 1944 2453 1983 ideo
2481 1945 2532 1983 ad
2558 1951 2571 1963 ⁸

1472 2003 1614 2033 rectam
1641 1996 1828 2035 rationem
1858 1997 2049 2045 agibilium
2062 2026 2071 2044 ,
2101 2009 2199 2047 quae
2229 2004 2285 2034 est
2311 1997 2532 2047 prudentia-,-

1471 2049 1671 2098 requiritur
1698 2050 1803 2099 quod
1830 2050 1950 2087 homo
1969 2050 2109 2088 habeat
2124 2049 2303 2088 virtutem
2327 2049 2532 2095 ‘morticini

1524 2100 1584 2139 An
1603 2114 1740 2140 ramum
1755 2114 1854 2140 isaeo
1875 2114 2059 2147 mcx-:unum
2075 2102 2180 2153 quod
2194 2103 2302 2151 ratio,
2317 2103 2532 2146 secundum

1471 2156 1577 2203 quod
1597 2163 1653 2193 est
1671 2156 1951 2205 apprehensiva
1978 2156 2076 2204 finis,
2104 2155 2299 2205 praecedit
2325 2156 2534 2209 appetitum

1471 2208 1576 2246 finis:
1605 2209 1673 2246 sed
1702 2209 1890 2258 appetitus
1918 2209 2006 2246 finis
2042 2209 2237 2259 praeeedit
2263 2209 2449 2247 rationem
2463 2208 2535 2247 sra-

1471 2261 1717 2298 tiocinantem
1738 2261 1786 2299 ad
1806 2261 2023 2310 eligendum
2043 2274 2088 2299 ea
2107 2274 2206 2310 quae
2225 2270 2312 2300 sunt
2330 2263 2380 2300 ad
2398 2262 2532 2311 finem,

1472 2314 1578 2362 quod
1605 2314 1767 2362 pertinet
1785 2314 1835 2352 ad
1853 2315 2108 2363 prudentiam.
2135 2314 2241 2352 Sicut
2259 2314 2374 2352 etiam
2393 2314 2432 2352 in
2450 2327 2535 2364 spe-

1473 2366 1656 2414 culativis,
1685 2366 1894 2404 intellectus
1922 2366 2196 2416 principiorum
2225 2374 2280 2404 est
2306 2367 2534 2416 principium

1473 2418 1627 2456 rationis
1655 2419 1920 2467 syllogizantis.
1956 2460 1958 2467 s

1525 2473 1584 2508 An
1613 2483 1802 2510 SECUNDUM
1825 2484 2010 2510 mcENDuM
2033 2473 2139 2522 quod
2157 2472 2342 2522 principia
2361 2472 2534 2510 artificia-

1472 2526 1565 2561 lium
1595 2537 1674 2561 non
1703 2525 1955 2562 diiudicentur
1982 2537 2005 2562 a
2033 2524 2144 2562 nobis
2170 2523 2186 2555 β
2213 2526 2312 2562 bene
2339 2525 2418 2568 vel,
2435 2526 2534 2563 male

1473 2577 1684 2614 secundum
1721 2577 2010 2626 dispositionem
2044 2577 2232 2627 appetitus
2266 2577 2405 2625 nostri,
2441 2577 2536 2616 sicut

1472 2631 1581 2677 fines,
1603 2630 1667 2679 qui
1687 2638 1775 2668 sunt
1793 2630 1997 2668 moralium
2015 2630 2216 2680 principia:
2237 2630 2305 2668 sed
2323 2631 2448 2668 solum
2466 2640 2537 2680 per

1474 2682 1820 2720 considerationem
1839 2683 2004 2721 rationis.
2026 2684 2076 2721 Et
2098 2683 2186 2722 ideo
2201 2695 2262 2721 ars
2280 2695 2359 2721 non
2380 2681 2536 2732 requirit

1472 2736 1651 2774 virtutem
1686 2736 1950 2785 perficientem
1985 2737 2216 2787 appetitum,
2252 2736 2350 2774 sicut
2381 2736 2537 2786 requirit

1473 2789 1686 2838 prudentia.
2480 2792 2481 2795 ’
2507 2796 2509 2798 ’

1526 2837 1585 2879 An
1604 2853 1765 2879 TER-rium
1780 2850 1964 2880 DicENDUM‘
1979 2841 2086 2892 quod
2099 2841 2300 2891 prudentia
2314 2854 2394 2879 non
2409 2843 2535 2890 solum

1475 2902 1532 2932 est
1558 2895 1656 2932 bene
1686 2895 1937 2943 consiliativa,
1967 2894 2035 2933 sed
2064 2895 2178 2933 etiam
2206 2895 2304 2933 bene
2332 2892 2537 2933 iudicativ'a

1475 2955 1511 2985 et
1530 2949 1629 2985 bene
1654 2948 1909 2997 praeceptiva.
1935 2947 2054 2996 Quod
2081 2960 2165 2986 esse
2193 2960 2271 2985 non
2299 2955 2436 2996 potest,
2465 2947 2537 2985 nisi

1475 3008 1720 3038 removeatur
1754 3001 2076 3050 impedimentum
2106 3001 2331 3051 passionum
2368 3012 2537 3038 corrum-

1474 3054 1647 3103 pentium
1675 3053 1858 3092 iudicium
1888 3062 1926 3091 et
1950 3061 2200 3104 praeceptum
2227 3053 2472 3103 prudentiae;
2500 3054 2538 3114 et
2561 3047 2655 3092 ifi-j'l

1475 3108 1550 3144 hoc
1577 3120 1647 3156 per
1673 3107 1850 3144 virtutem
1880 3107 2078 3145 moralem.

411 3235 437 3265 α)
459 3234 655 3260 intellectuales.
669 3247 687 3253 —
705 3241 722 3258 α
738 3234 884 3266 prudentia
905 3234 972 3259 addit
993 3235 1022 3259 E.

1528 3232 1553 3266 β)
1573 3241 1590 3258 a
1609 3233 1692 3259 nobis.
1706 3247 1724 3252 -
1743 3233 1817 3259 nobis
1836 3232 2071 3265 ABCEFGHLpD.

1037 3314 1367 3350 commentaria
1390 3313 1639 3347 cardinalis
1661 3314 1861 3348 Caietam

363 3405 409 3467 IN
433 3395 530 3426 titulis
553 3394 757 3425 articulorum
776 3393 878 3435 quarti
898 3400 928 3424 et
944 3393 1046 3434 quinti
1067 3393 1208 3424 eiusdem
1225 3393 1420 3435 quinquage-

1472 3393 1602 3424 inferius
1631 3393 1813 3426 habendum
1835 3393 1866 3423 in
1892 3390 2076 3434 quaestione
2099 3403 2168 3425 va.
2192 3410 2213 3416 —
2235 3391 2391 3426 Secundo.
2415 3391 2535 3423 ratione

391 3439 615 3469 simaeoctavae
643 3437 855 3479 quaestionis,
889 3437 1012 3467 adverte
1036 3438 1124 3478 quod
1152 3437 1271 3478 duplici
1299 3437 1419 3468 ratione
1473 3437 1674 3468 inclusionis:
1699 3444 1730 3468 et
1752 3435 1796 3468 sic
1827 3443 1968 3477 spectant
1991 3437 2030 3468 ad
2053 3436 2139 3468 hunc
2168 3442 2335 3468 tractatum
2362 3436 2400 3466 de
2429 3435 2535 3466 distin-

359 3490 493 3523 possunt
517 3483 574 3513 hae
598 3482 798 3523 quaestiones
818 3481 948 3512 moveri.
974 3481 1090 3517 Primo,
1108 3481 1227 3512 ratione
1248 3482 1418 3512 connexio-

360 3527 423 3557 nis:
445 3534 475 3557 et
498 3527 541 3557 sic
561 3533 734 3566 spectarent
749 3526 788 3556 ad
803 3532 969 3557 tractatum
984 3525 1021 3555 de
1042 3525 1236 3556 connexione
1255 3525 1418 3562 virtutum,

1474 3482 1578 3512 ctione
1601 3481 1730 3512 moralis
1753 3488 1783 3512 et
1806 3481 2023 3512 intellectualis
2045 3481 2178 3512 virtutis.
2202 3481 2259 3512 Est
2281 3479 2366 3511 enim
2389 3479 2469 3510 inter
2485 3490 2535 3510 eas

1474 3536 1539 3556 non
1564 3536 1642 3566 pura
1666 3525 1831 3561 connexio,
1849 3525 1904 3556 sed
1920 3525 2054 3556 inclusio
2071 3525 2166 3556 unius
2179 3524 2214 3555 in
2232 3524 2305 3554 alia:
2322 3529 2353 3554 et
2371 3530 2536 3564 propterea
