2846 4146
99 2465 116 2478 ⁸
137 2465 167 2488 1>-
186 2471 235 2494 7⁷⁵,
256 2471 316 2492 ¹041,

100 2497 179 2542 ³¹⁷Zn.
193 2518 302 2546 pm.

1048 224 1313 270 QUAESTIO
1343 225 1427 272 LX,
1457 225 1751 263 ARTICULUS
1779 227 1814 263 V

347 313 425 338 non
453 300 708 338 diversificant
735 301 901 348 speciem
922 302 1119 350 passionis,
1150 315 1227 339 non
1249 303 1402 340 diversi-

347 353 516 390 ficabunt
533 353 700 402 speciem
719 353 864 391 virtutis
885 355 1048 392 moralis.
1070 357 1123 392 Ita
1142 355 1280 392 scilicet
1297 356 1402 404 quod

348 405 394 442 de
424 405 602 442 omnibus
631 406 914 443 delectabilibus
943 412 960 429 α
989 407 1056 444 erit
1082 420 1158 445 una
1181 408 1300 445 virtus
1319 421 1401 445 mo—

347 457 450 495 ralis:
479 466 516 495 et
542 458 711 495 similiter
739 467 793 496 est
821 459 867 496 de
896 459 987 496 aliis.

402 511 437 547 3.
466 511 705 557 Pmmm,
735 511 855 559 magis
883 520 919 548 et
946 512 1071 548 minus
1108 524 1185 549 non
1219 513 1402 550 diversifi-

348 570 434 600 cant
460 563 641 611 speciem.
669 563 748 600 Sed
776 564 926 601 diversa
949 565 1179 601 delectabilia
1198 577 1275 602 non
1296 565 1400 603 diffe-

347 623 435 652 runt
461 615 532 652 nisi
557 615 769 652 secundum
792 616 910 664 magis
931 624 968 653 et
985 616 1120 654 minus.
1151 617 1252 665 Ergo
1272 619 1402 656 omnia

347 667 581 706 delectabilia
599 666 615 697 β
641 668 829 716 pertinent
846 669 895 706 ad
913 681 1030 706 unam
1051 670 1215 717 speciem
1243 671 1399 708 virtutis.

347 722 397 757 Et
420 720 556 758 eadem
574 719 732 767 ratione,
753 721 880 758 omnia
898 721 1088 758 terribilia:
1110 730 1145 759 et
1164 722 1333 760 similiter
1353 723 1401 760 de

346 773 437 810 aliis.
466 773 558 809 Non
585 784 674 820 ergo
693 773 811 810 virtus
834 774 988 811 moralis
1007 774 1243 823 distinguitur
1270 787 1402 812 secun-

347 825 440 862 dum
469 824 617 861 obiecta
644 826 878 874 passionum.

397 889 435 924 4.
461 877 693 925 PRAETEREA,
723 878 817 915 sicut
843 878 962 916 virtus
991 886 1047 915 est
1074 879 1269 927 operativa
1296 879 1399 927 boni,

345 930 396 966 ita
414 936 469 966 est
486 929 706 978 impeditiva
725 931 826 968 mali.
857 932 932 968 Sed
962 931 1060 967 circa
1079 931 1400 980 concupiscentias

346 983 538 1019 bonorum
557 991 644 1020 sunt
663 983 834 1020 diversae
848 983 1019 1020 virtutes:
1040 983 1135 1020 sicut
1153 984 1401 1032 temperantia

346 1034 444 1071 circa
468 1035 789 1084 concupiscentias
818 1036 1108 1073 delectationum
1129 1044 1260 1083 taetus,
1282 1044 1319 1073 et
1338 1049 1401 1073 eu-

344 1087 499 1135 trapelia
527 1087 625 1124 circa
645 1088 910 1125 delectationes
929 1089 1019 1126 ludi.
1050 1089 1150 1136 Ergo
1171 1089 1282 1126 etiarn
1303 1089 1401 1126 circa

345 1139 502 1177 timores
530 1141 720 1178 malorum
754 1141 894 1177 debent
922 1153 1003 1178 esse
1033 1141 1204 1178 diversae
1231 1141 1399 1179 virtutes.

399 1193 473 1229 SED
493 1205 638 1230 CONTRA
656 1205 722 1230 EST
741 1195 844 1242 quod
874 1193 1020 1230 castitas
1039 1201 1096 1230 est
1115 1193 1212 1231 cirea
1241 1195 1400 1231 delecta·

345 1244 432 1281 bilia
459 1257 735 1290 venereorum3
757 1246 980 1284 abstinentia
998 1258 1093 1283 vero
1113 1254 1168 1282 est
1187 1251 1202 1274 ἵ
1222 1246 1319 1283 circa
1338 1248 1401 1284 de-

343 1297 526 1334 lectabilia
550 1298 745 1344 ciborum;
767 1305 802 1335 et
822 1298 1024 1347 eutrapelia
1053 1297 1150 1335 circa
1171 1298 1401 1336 delectabilia

342 1351 532 1387 ludorum.

396 1403 621 1440 Rssspounno
649 1413 832 1439 montinum
861 1402 965 1450 quod
992 1402 1172 1449 perfectio
1191 1403 1336 1441 virtutis
1357 1416 1401 1440 ex

342 1454 486 1491 radone
516 1454 720 1502 dependet:
750 1454 928 1502 perfectio
958 1461 1086 1491 autem
1119 1455 1327 1502 passionis,
1356 1468 1401 1493 ex

341 1506 424 1555 ipso
440 1506 608 1555 appetitu
622 1505 813 1543 sensitivo.
834 1506 945 1543 Unde
964 1514 1114 1554 oportet
1127 1507 1232 1556 quod
1245 1507 1401 1545 virtutes

343 1559 644 1597 diversificentur
677 1558 887 1596 secundum
917 1559 1090 1596 ordinem
1119 1559 1167 1596 ad
1196 1560 1400 1597 rationem:

341 1611 539 1662 passiones
567 1618 709 1658 autem,
739 1611 950 1648 secundum
979 1612 1153 1650 ordinem
1182 1612 1230 1650 ad
1259 1613 1402 1662 appeti-

342 1671 436 1702 tum.
467 1663 627 1702 Obiecta
654 1663 765 1713 igitur
788 1664 1027 1714 passionum,
1057 1665 1267 1703 secundum
1296 1666 1401 1714 quod

344 1716 598 1755 diversimode
627 1725 894 1765 comparantur
912 1715 925 1739 ὅ
945 1717 993 1754 ad
1022 1718 1230 1766 appetitum
1258 1718 1401 1755 sensiti-

342 1781 449 1818 vum,
471 1777 627 1806 causant
654 1770 823 1807 diversas
841 1769 1064 1818 passionum
1084 1770 1247 1819 species:
1269 1783 1400 1808 secun-

343 1822 436 1859 dum
463 1834 559 1859 vero
587 1822 692 1871 quod
720 1829 989 1872 comparantur
1015 1823 1064 1860 ad
1093 1823 1292 1871 rationem,
1313 1835 1400 1860 cau-

343 1882 428 1913 sant
461 1875 631 1912 diversas
664 1875 808 1924 species
834 1875 1029 1912 virtutum.
1064 1876 1156 1913 Non
1189 1883 1245 1913 est
1273 1884 1400 1914 autern

341 1927 446 1966 idem
469 1935 597 1966 motus
623 1927 794 1975 rationis,
820 1935 856 1965 et
875 1927 1060 1978 appetitus
1088 1928 1265 1967 sensitivi.
1290 1929 1400 1967 Unde

344 1979 434 2018 nihil
465 1980 643 2029 prohibet
676 1980 842 2029 aliquam
877 1980 1130 2018 differentiam
1163 1981 1400 2019 obiectorum

344 2045 500 2070 causare
528 2033 782 2070 diversitatem
801 2033 1035 2082 passionum,
1056 2046 1155 2082 quae
1174 2046 1252 2071 non
1273 2043 1402 2072 causat

344 2086 598 2123 diversitatem
611 2086 806 2134 virtutum,
827 2086 921 2123 sicut
939 2087 1093 2134 quando
1113 2099 1189 2124 una
1207 2087 1326 2124 virtus
1346 2095 1402 2125 est

296 2169 302 2175 .
344 2138 441 2175 circa
460 2140 597 2176 multas
615 2138 824 2187 passiones,
840 2146 883 2175 ut
902 2138 1043 2176 dictum
1063 2147 1117 2176 est
1132 2139 1166 2176 *ς
1185 2147 1220 2176 et
1234 2139 1400 2189 aliquam

344 2192 454 2230 etiam
465 2191 716 2229 differentiam
729 2191 967 2229 obiectorum
980 2204 1133 2229 causare
1145 2192 1400 2230 diversitatem

342 2244 535 2290 virtutum,
551 2257 649 2293 quae
662 2256 742 2281 non
756 2251 884 2282 causat
893 2244 1149 2282 diversitatem
1165 2247 1398 2294 passionum,

343 2310 431 2335 cnm
460 2298 558 2334 circa
579 2309 697 2334 unam
715 2296 934 2346 passionem
943 2325 953 2344 ,
981 2304 1072 2345 puta
1100 2297 1400 2347 delectationem,

323 2394 327 2397 ,
343 2350 516 2388 diversae
533 2349 690 2386 virtutes
710 2349 942 2386 ordinentur.

392 2403 446 2440 Et
463 2402 550 2452 quia
570 2402 742 2439 diversae
756 2401 953 2451 passiones
968 2401 1016 2438 ad
1032 2401 1200 2439 diversas
1213 2402 1402 2451 potentias

341 2455 583 2505 pertinentes,
594 2466 745 2504 semper
757 2453 946 2503 pertinent
960 2453 1008 2493 ad
1024 2453 1193 2492 diversas
1202 2454 1359 2492 virtutes
1367 2455 1400 2503 ³¹⁶,

342 2516 384 2547 ut
411 2508 551 2548 dictum
575 2515 637 2549 ,est
653 2507 690 2553 *;
710 2507 798 2544 ideo
819 2506 1016 2544 diversitas
1045 2507 1283 2544 obiectorum
1302 2520 1401 2557 quae

342 2561 494 2610 respicit
511 2560 767 2597 diversitatem
786 2559 1054 2608 potentiarum,
1075 2571 1227 2607 semper
1245 2559 1401 2597 diversi-

343 2615 432 2651 ficat
445 2612 591 2662 species
603 2612 803 2656 virtutum3
819 2618 910 2660 puta
925 2611 1028 2660 quod
1041 2611 1180 2660 aliquid
1195 2612 1240 2648 sit
1253 2613 1400 2650 bonum

344 2666 526 2712 absolute,
543 2672 579 2701 et
596 2663 737 2713 aliquid
755 2664 902 2700 bonurn
922 2675 1010 2700 cum
1031 2663 1153 2713 aliqua
1170 2664 1364 2702 arduitate.
1376 2686 1400 2692 -

344 2719 394 2756 Et
420 2717 509 2766 quia
536 2716 669 2755 ordine
697 2715 867 2765 quodam
895 2716 988 2754 ratio
1017 2716 1213 2754 inferiores
1236 2717 1402 2754 hominis

344 2778 469 2820 partes
487 2770 591 2817 regit,
609 2777 646 2806 et
660 2770 774 2806 etiam
794 2781 834 2806 se
851 2769 898 2806 ad
914 2768 1099 2806 exteriora
1112 2769 1293 2815 extendit;
1313 2770 1401 2807 ideo

345 2823 458 2860 etiarn
487 2822 699 2859 secundum
728 2822 831 2870 quod
859 2834 980 2858 unum
1005 2821 1196 2858 obiectum
1216 2822 1402 2871 passionis

346 2875 639 2925 apprehenditur
666 2886 779 2911 sensu
806 2875 868 2910 vel
896 2873 1179 2922 imaginatione,
1205 2882 1270 2911 aut
1288 2875 1400 2912 etiam

346 2928 508 2975 ratione;
533 2934 570 2964 et
588 2927 799 2964 secundum
820 2926 934 2963 etiam
954 2925 1059 2975 quod
1077 2926 1237 2975 pertinet
1256 2927 1304 2964 ad
1323 2927 1402 2964 ani-

346 2993 464 3028 mam,
485 2992 634 3029 corpus,
653 2980 716 3017 vel
737 2978 938 3016 exteriores
954 2991 1028 3024 res;
1046 2978 1237 3016 diversam
1256 2979 1402 3017 habitu-

347 3033 475 3071 dinem
490 3033 604 3070 habet
618 3032 667 3070 ad
678 3031 879 3078 rationem3
893 3039 929 3068 et
941 3043 1010 3080 per
1019 3043 1256 3079 consequens
1271 3039 1402 3070 natum

347 3094 402 3123 est
430 3085 686 3123 diversificare
713 3084 881 3121 virtutes.
906 3085 1059 3120 Bonum
1087 3084 1197 3131 igitur
1224 3084 1400 3132 hominis,

346 3139 452 3187 quod
471 3146 526 3175 est
546 3138 737 3174 obiectum
761 3137 912 3183 amoris,
934 3136 1262 3186 concupiscentiae
1286 3143 1323 3173 et
1340 3137 1404 3175 de-

346 3190 566 3238 lectationis,
586 3196 711 3239 potest
738 3189 857 3238 accipi
883 3190 945 3226 vel
973 3189 1021 3226 ad
1050 3200 1203 3226 sensum
1234 3189 1401 3238 corporis

346 3243 555 3293 pertinens;
576 3244 638 3280 vel
661 3242 710 3280 ad
729 3241 947 3280 interiorem
966 3241 1115 3279 animae
1135 3241 1403 3290 apprehensio-

346 3309 448 3334 nem.
466 3297 514 3333 Et
529 3297 614 3342 hoc,
635 3295 716 3333 sive
736 3294 930 3333 ordinetur
947 3294 997 3332 ad
1017 3295 1162 3331 bonum
1179 3294 1346 3331 hominis
1364 3294 1404 3332 in

346 3349 486 3398 seipso,
515 3349 578 3386 vel
607 3354 792 3396 quantum
820 3348 869 3384 ad
898 3359 1036 3395 corpus
1053 3347 1115 3383 vel
1140 3355 1324 3394 quantum
1354 3347 1401 3384 ad
1428 3333 1431 3385 Ι

401 3462 418 3480 α
448 3454 651 3481 delectabilibus.
662 3468 681 3473 -
698 3452 916 3479 delectationibus
933 3453 1005 3478 PGa.

401 3489 418 3522 β
449 3490 622 3516 delectabilia.
633 3503 651 3509 -
670 3489 732 3514 Om.
751 3489 861 3513 codices.

400 3533 418 3559 γ
448 3532 510 3552 vero
528 3529 577 3551 est.
590 3539 608 3544 -
626 3528 666 3550 est
683 3525 713 3555 E,
732 3532 786 3549 om.
805 3524 890 3549 ceteri.
903 3537 922 3543 -
935 3527 960 3549 et
978 3531 1031 3548 om.
1051 3523 1160 3549 codices.

2435 230 2504 277 391

1456 303 1642 350 animam3
1664 304 1743 341 sive
1768 305 1962 342 ordinetur
1980 306 2028 343 ad
2043 306 2188 343 bonum
2211 307 2375 344 hominis
2395 307 2432 345 in
2448 321 2509 345 or-

1457 355 1544 393 dine
1563 356 1612 393 ad
1631 356 1735 394 alios.
1753 358 1801 393 Et
1820 357 1943 394 omnis
1960 358 2042 394 talis
2062 358 2267 406 diversitas,
2283 367 2437 408 propter
2451 360 2510 397 di-

1455 420 1610 446 versum
1621 409 1794 446 ordinem
1805 409 1853 446 ad
1865 410 2060 457 rationem,
2071 410 2300 448 diversificat
2313 412 2505 450 virtutem.

1510 461 1572 498 Sic
1590 461 1700 509 igitur
1717 461 1747 498 si
1762 461 2020 499 consideretur
2037 462 2189 511 aliquod
2209 464 2366 511 bonurn,
2383 464 2413 500 si
2427 465 2508 513 qui-

1457 514 1544 550 dem
1560 514 1604 550 sit
1616 524 1686 562 per
1698 525 1852 551 sensum
1867 522 1987 551 tactus
2001 516 2294 564 apprehensum,
2306 523 2342 552 et
2356 517 2404 553 ad
2420 528 2508 553 con-

1455 565 1659 602 sistentiam
1688 567 1879 604 humanae
1905 567 2005 604 vitae
2033 567 2222 616 pertinens
2250 568 2288 604 in
2311 568 2506 606 individuo

1454 619 1517 655 vel
1543 617 1582 655 in
1609 619 1746 668 specie,
1772 619 1866 656 sicut
1893 627 1979 656 sunt
2005 619 2238 657 delectabilia
2266 620 2437 656 ciborum
2472 628 2508 658 et

1455 682 1723 716 venereorum;
1744 671 1813 708 erit
1829 672 2020 720 pertinens
2037 672 2085 710 ad
2102 672 2280 710 virtutem
2300 678 2506 720 temperan-

1455 723 1538 759 tiae.
1559 723 1836 760 Delectationes
1864 732 1990 761 autem
2020 725 2180 762 aliorum
2209 737 2401 771 sensuum,
2418 737 2505 761 cum

1456 787 1534 811 non
1553 775 1626 811 sint
1642 777 1899 824 vehementes,
1920 789 1999 814 non
2017 784 2208 826 praestant
2226 777 2389 826 aliquam
2410 778 2505 814 diffi-

1456 828 1631 864 cultatem
1661 828 1812 865 rationi:
1843 836 1880 865 et
1910 829 1997 866 ideo
2026 830 2124 867 circa
2161 841 2224 866 eas
2252 842 2330 867 non
2357 829 2507 879 ponitur

1456 879 1579 928 aliqua
1597 880 1726 926 virtus,
1747 893 1846 928 quae
1873 887 1927 918 est
1943 882 2044 919 circa
2071 882 2232 931 difficile,
2251 882 2346 919 sicut
2371 888 2406 918 et
2427 893 2502 927 ars,

1454 939 1496 968 ut
1524 932 1658 969 dicitur
1684 932 1722 968 in
1742 934 1773 968 ΙΙ
1788 934 1907 970 Ethic.
1922 933 1943 956 *

1508 985 1660 1021 Bonum
1680 991 1806 1022 autem
1827 998 1904 1022 non
1927 997 2052 1034 sensu,
2082 987 2149 1023 sed
2177 986 2341 1023 interiori
2367 986 2503 1024 virtute

1456 1037 1747 1085 apprehensum,
1778 1037 1826 1074 ad
1854 1038 1979 1086 ipsum
2007 1038 2203 1075 hominem
2230 1039 2420 1087 pertinens
2448 1051 2505 1076 se-

1456 1089 1624 1126 cundum
1661 1089 1850 1138 seipsum,
1885 1098 1941 1127 est
1972 1090 2066 1127 sicut
2096 1091 2257 1139 pecunia
2291 1098 2326 1128 et
2359 1092 2503 1139 honor;

1455 1153 1618 1190 quorum
1645 1142 1808 1190 pecunia
1835 1141 2052 1180 ordinabilis
2080 1151 2135 1180 est
2153 1143 2200 1180 de
2220 1155 2260 1180 se
2288 1143 2337 1180 ad
2356 1144 2503 1181 bonum

1456 1194 1635 1242 corporis,
1656 1195 1781 1231 honor
1803 1202 1930 1232 autem
1960 1195 2126 1232 consistit
2143 1195 2181 1232 in
2205 1196 2504 1244 apprehensione

1455 1246 1616 1283 animae.
1638 1247 1687 1283 Et
1700 1247 1794 1283 haec
1813 1247 1967 1295 quidem
1987 1248 2089 1284 bona
2104 1247 2332 1285 considerari
2345 1256 2505 1296 possunt

1454 1300 1516 1335 vel
1535 1299 1718 1346 absolute,
1738 1301 1946 1337 secundum
1968 1300 2071 1348 quod
2088 1300 2275 1349 pertinent
2297 1301 2347 1337 ad
2366 1313 2504 1338 concu-

1455 1351 1684 1399 piscibilem;
1702 1352 1764 1388 vel
1784 1363 1871 1388 cum
1891 1352 2073 1389 arduitate
2096 1353 2273 1400 quadam,
2294 1353 2504 1391 secundum

1456 1404 1560 1450 quod
1578 1403 1766 1451 pertinent
1784 1405 1831 1441 ad
1850 1404 2085 1441 irascibilem.
2112 1405 2220 1451 Quae
2250 1405 2403 1453 quidem
2433 1405 2505 1442 dis-

1454 1455 1584 1492 tinctio
1602 1467 1681 1492 non
1707 1456 1822 1493 habet
1845 1457 1972 1492 locum
2000 1457 2038 1493 in
2062 1457 2171 1494 bonis
2194 1469 2292 1505 quae
2322 1458 2506 1496 delectant

1455 1515 1612 1544 tactum:
1643 1508 1732 1554 quia
1754 1508 1972 1545 huiusmodi
1991 1516 2077 1545 sunt
2095 1510 2285 1556 quaedam
2305 1509 2448 1557 infima,
2469 1518 2506 1547 et

1457 1566 1678 1608 competunt
1695 1560 1841 1596 homini
1865 1561 2074 1598 secundum
2094 1561 2200 1608 quod
2220 1562 2504 1611 convenitscum

1456 1612 1586 1649 brutis.
1608 1612 1716 1649 Circa
1735 1613 1880 1649 bonum
1898 1612 2006 1661 igitur
2019 1614 2202 1662 pecuniae
2218 1610 2388 1651 absolute
2403 1627 2505 1652 sum-

1455 1673 1576 1714 ptum,
1597 1664 1809 1701 secundum
1828 1665 1932 1712 quod
1952 1673 2008 1702 est
2026 1665 2218 1702 obiectum
2238 1667 2506 1715 concupiscen-

1455 1717 1526 1754 tiae
1555 1718 1617 1754 vel
1646 1717 1902 1754 delectationis
1929 1725 1992 1754 aut
2024 1718 2180 1765 amoris,
2211 1726 2266 1754 est
2292 1719 2504 1756 liberalitas.

1456 1770 1566 1807 Circa
1603 1771 1750 1807 bonum
1787 1777 1914 1806 autem
1950 1770 2170 1807 huiusmodi
2206 1783 2293 1807 cum
2326 1772 2506 1809 arduitate

1456 1830 1663 1872 sumptum,
1693 1822 1904 1859 secundum
1929 1823 2031 1872 quod
2053 1829 2108 1859 est
2127 1823 2319 1861 obiectum
2340 1825 2430 1873 spei,
2453 1832 2507 1862 est

1456 1876 1746 1926 magnificentia.
1765 1875 1873 1912 Circa
1891 1876 2037 1912 bonum
2056 1887 2150 1912 vero
2170 1876 2275 1924 quod
2293 1884 2348 1914 est
2369 1877 2505 1924 honor,

1456 1928 1486 1965 si
1507 1927 1661 1977 quidem
1681 1928 1726 1965 sit
1743 1928 1914 1965 absolute
1934 1935 2140 1976 sumptum,
2161 1929 2372 1967 secundum
2400 1930 2506 1978 quod

1457 1989 1512 2018 est
1531 1980 1723 2018 obiectum
1742 1980 1895 2028 amoris,
1916 1980 1969 2017 sic
1989 1988 2043 2017 est
2062 1980 2251 2029 quaedam
2270 1982 2388 2019 virtus
2407 1995 2505 2031 quae

1454 2041 1613 2070 vocatur
1634 2034 1860 2082 philotimia,
1889 2033 1985 2070 idest
2012 2045 2123 2070 amor
2147 2034 2313 2071 honoris.
2345 2035 2384 2071 Si
2411 2048 2505 2072 vero

1457 2099 1544 2123 curn
1569 2085 1752 2123 arduitate
1782 2085 2048 2133 consideretur,
2078 2086 2288 2124 secundum
2316 2087 2420 2137 quod
2452 2096 2508 2125 est

1456 2139 1648 2176 obiectum
1667 2138 1759 2188 spei,
1780 2139 1833 2175 sic
1853 2146 1907 2175 est
1924 2139 2229 2188 magnanimitas.
2245 2139 2355 2177 Unde
2374 2140 2507 2178 libera-

1456 2192 1537 2229 litas
1553 2199 1589 2228 et
1603 2191 1812 2240 philotimia
1830 2190 2007 2228 videntur
2026 2203 2108 2228 esse
2123 2191 2161 2228 in
2177 2193 2505 2241 concupiscibili*:

1456 2243 1736 2292 magnificentia
1754 2255 1848 2280 vero
1868 2251 1904 2280 et
1923 2243 2211 2290 magnanimitas
2232 2244 2270 2281 in
2294 2245 2478 2282 irascibili.

1508 2298 1661 2333 Bonum
1683 2308 1777 2333 vero
1804 2295 1970 2332 hominis
1996 2296 2034 2332 in
2063 2296 2195 2333 ordine
2215 2297 2263 2333 ad
2283 2297 2408 2345 alium,
2429 2311 2508 2335 non

1454 2349 1606 2386 videtur
1632 2348 1854 2386 arduitatem
1880 2349 2036 2386 habere:
2058 2348 2324 2398 sed-accipitur
2339 2358 2381 2387 ut
2398 2351 2508 2387 abso-

1455 2402 1531 2438 lute
1550 2408 1757 2451 sumptum,
1778 2407 1890 2450 prout
1909 2408 1963 2438 est
1978 2400 2169 2438 obiectum
2183 2402 2403 2450 passionum
2420 2416 2508 2441 con-

1456 2454 1691 2503 cupiscibilis.
1721 2453 1839 2500 Quod
1862 2453 2017 2501 quidem
2038 2454 2183 2490 bonum
2201 2462 2324 2502 potest
2343 2468 2425 2493 esse
2443 2456 2509 2492 ali-

1457 2507 1516 2543 cui
1545 2506 1763 2543 delectabile
1791 2506 2002 2543 secundum
2030 2507 2135 2553 quod
2162 2507 2319 2555 praebet
2344 2520 2384 2544 se
2404 2509 2508 2545 alteri

1456 2560 1518 2596 vel
1545 2559 1584 2595 in
1603 2559 1661 2595 his
1679 2570 1778 2606 quae
1798 2558 1895 2594 serio
1914 2558 2020 2604 fiunt,
2042 2557 2138 2595 id'est
2155 2558 2193 2595 in
2212 2559 2421 2597 actionibus
2439 2573 2509 2610 per

1456 2611 1640 2648 rationem
1669 2610 1847 2647 ordinatis
1876 2611 1924 2648 ad
1944 2610 2112 2647 debitum
2141 2611 2277 2658 finem3
2305 2613 2368 2648 vel
2394 2612 2433 2649 in
2452 2613 2508 2650 his

1455 2676 1556 2712 quae
1583 2664 1681 2700 fiunt
1708 2663 1810 2710 ludo,
1830 2662 1926 2700 idest
1952 2663 1991 2700 in
2019 2663 2228 2700 actionibus
2256 2664 2435 2702 ordinatis
2459 2666 2508 2703 ad

1457 2716 1744 2754 delectationem
1772 2722 1930 2762 tantum,
1951 2728 2050 2764 quae
2074 2728 2153 2753 non
2172 2717 2308 2755 eodem
2327 2718 2445 2755 modo
2465 2731 2506 2755 se

1456 2770 1597 2806 habent
1615 2769 1664 2806 ad
1684 2768 1868 2805 rationem
1888 2768 1983 2805 sicut
1996 2769 2130 2817 prima.
2147 2770 2188 2805 In
2207 2769 2311 2806 seriis
2325 2778 2451 2807 autem
2467 2783 2507 2807 se

1458 2822 1605 2859 exhibet
1627 2821 1760 2869 aliquis
1779 2821 1881 2858 alteri
1901 2821 2104 2870 dupliciter.
2126 2821 2213 2858 Uno
2233 2822 2363 2870 modo,
2384 2830 2425 2860 ut
2444 2823 2507 2860 de-

1456 2872 1667 2911 lec'tabilem
1687 2873 1906 2911 decentibus
1924 2874 2052 2910 verbis
2073 2881 2109 2910 et
2126 2874 2250 2910 factis:
2277 2882 2313 2911 et
2331 2875 2404 2911 hoc
2423 2887 2508 2924 per-

1457 2927 1548 2964 tinet
1580 2927 1627 2964 ad
1656 2926 1849 2974 quandam
1885 2926 2063 2963 virtutem
2096 2938 2213 2974 quam
2241 2926 2461 2965 Aristoteles
2488 2927 2508 2950 ’¹‘

1458 2979 1629 3016 nominat
1656 2978 1879 3023 amicitiam,·
1899 2986 1934 3016 et
1952 2986 2075 3027 potest
2095 2978 2166 3015 dici
2184 2979 2397 3028 affabilitas.
2417 2981 2506 3018 Alio

1458 3033 1576 3069 modo
1595 3032 1751 3082 praebet
1771 3043 1811 3068 se
1830 3031 1963 3078 aliquis
1982 3030 2085 3067 alteri
2107 3038 2149 3068 ut
2167 3032 2420 3080 manifestum,
2440 3045 2509 3082 per

1458 3084 1555 3121 dicta
1583 3091 1619 3120 et
1646 3084 1764 3120 facta:
1793 3090 1829 3119 et
1847 3084 1921 3119 hoc
1939 3083 2100 3131 pertinet
2118 3083 2166 3120 ad
2186 3084 2298 3121 aliam
2316 3085 2507 3134 virtutem,

1459 3149 1574 3186 quam
1611 3136 1782 3172 nominat
1824 3136 2013 3172 veritatem
2047 3135 2077 3172 ³⁸.
2117 3137 2367 3174 Manifestatio
2407 3138 2508 3175 enirn

1456 3188 1707 3238 propinquius
1736 3187 1880 3224 accedit
1907 3189 1956 3225 ad
1988 3188 2173 3226 rationem
2207 3202 2322 3239 quam
2350 3191 2508 3228 delecta-

1457 3242 1528 3287 tio;
1549 3249 1585 3278 et
1612 3240 1709 3278 seria
1736 3253 1852 3288 quam
1876 3240 2016 3278 iocosa.
2038 3240 2148 3279 Unde
2169 3249 2204 3278 et
2231 3242 2328 3280 circa
2347 3243 2506 3280 delecta-

1457 3295 1578 3331 tiones
1605 3294 1784 3330 ludorum
1814 3301 1870 3330 est
1897 3293 1967 3330 alia
1995 3298 2007 3315 ⁸
2034 3293 2163 3341 virtus,
2193 3307 2309 3343 quam
2337 3296 2510 3333 Philoso-

1457 3347 1555 3396 phus
1574 3346 1594 3368 ‘⁸
1612 3346 1854 3394 eutrapeliam
1883 3345 2063 3383 nominat.

1509 3451 1533 3486 δ)
1554 3455 1776 3484 comparatum·
1788 3451 1991 3477 considerantur
2004 3452 2181 3486 ACDGIpBH,
2196 3453 2356 3478 ordinantur
2370 3453 2430 3479 PsH
2442 3460 2468 3480 et
2479 3462 2511 3485 a;

1461 3487 1567 3512 obiecta
1578 3504 1585 3512 .
1596 3504 1602 3512 .
1613 3504 1621 3512 .
1639 3487 1785 3519 appetitum
1803 3494 1857 3511 om.
1877 3488 1905 3511 L.

1510 3523 1532 3555 ε)
1552 3523 1615 3547 alia.
1628 3535 1648 3541 -
1665 3522 1726 3547 Om.
1747 3522 1775 3547 Ρ.

2531 937 2540 946 ·
2551 936 2607 984 cffi-
2616 942 2650 963 nr,
2666 942 2741 959 mro.-

2530 962 2556 985 8.
2605 978 2612 984 .
2629 963 2679 985 lect.
2695 969 2727 986 m.

2534 2197 2544 2207 ³
2558 2196 2601 2224 815,
2615 2196 2663 2225 833.

2534 2935 2543 2944 ·
2552 2933 2640 2961 ethic„
2656 2934 2695 2955 ub.
2710 2933 2743 2960 11,

2534 2966 2684 3008 {fpr'fflesst
2693 2966 2744 3007 ’ἐξ

2535 3148 2545 3158 ’
2559 3147 2627 3174 1bid.‚
2642 3153 2665 3169 n.
2680 3153 2709 3169 12.

2537 3348 2548 3359 ⁸
2562 3348 2628 3374 Ibid.,
2645 3354 2668 3370 n.
2683 3354 2713 3376 ¹3·
