2846 4146
375 199 450 247 370
563 185 566 189 ’
724 253 735 263 Χ
1055 206 1320 252 QUAEsrro
1350 206 1476 253 Lvn,

379 290 489 311 verum
515 281 693 312 intellectus
708 283 848 322 practici
866 288 911 313 est
927 283 1070 324 confesse
1089 293 1122 314 se
1145 284 1261 314 habere
1283 285 1436 323 appetitui

379 329 476 361 recto,
496 325 632 364 glossat,
659 326 748 366 quod
771 326 923 367 appetitui
946 334 1031 358 recto
1055 338 1120 358 non
1145 327 1356 367 praecedenti,
1382 327 1437 357 sed

379 374 454 408 apto
486 375 560 399 nato
584 369 683 410 sequi.
713 370 760 400 Ita
783 370 870 411 quod
902 370 1078 401 intellectus
1107 371 1261 410 practicus
1293 377 1368 401 tunc
1391 377 1437 400 est

378 421 479 447 veruS,
497 413 626 453 quando
643 413 712 444 talis
733 420 778 444 est
794 414 882 454 quod
906 421 987 444 recta
1006 414 1115 445 electio
1133 421 1179 445 est
1204 421 1275 444 nata
1294 414 1352 444 sibi
1369 424 1435 444 esse

380 455 571 493 conformis;
595 457 659 494 vel,
684 457 716 487 in
739 458 824 488 idern
848 458 942 494 redit,
968 459 1097 498 quando
1126 464 1172 488 est
1188 457 1436 488 conformativus

379 506 480 530 rectae
504 501 664 531 electionis
687 501 759 537 sibi;
780 502 843 531 sive
860 508 1009 542 sequatur
1032 502 1095 531 sive
1118 511 1194 537 non,
1212 508 1294 531 recta
1315 501 1435 532 electio.

435 544 502 574 VII.
527 544 590 575 Sed
612 552 750 585 quantus
773 545 812 575 sit
830 545 880 575 hic
902 555 996 580 error,
1014 544 1177 575 manifeste
1193 551 1278 584 patet
1294 555 1330 575 ex
1345 545 1438 576 allata

379 586 570 619 difficultate.
601 589 685 618 Nam
712 596 1007 629 quantumcumque
1038 588 1214 619 intellectus
1242 595 1348 619 noster
1376 589 1436 619 dis-

380 638 491 667 currat,
515 642 681 672 nunquam
704 632 743 662 ad
766 632 826 662 hoc
850 632 1011 672 pervenire
1034 638 1148 672 potest,
1166 639 1202 663 ut
1217 632 1255 662 de
1271 632 1436 672 particula-

379 674 465 705 ribus
489 675 742 715 contingentibus
761 675 904 706 habitum
927 685 983 715 per
999 685 1031 706 se
1054 686 1165 706 verum
1182 686 1315 717 semper,
1332 677 1437 717 acqui-

379 725 435 749 rat.
454 719 626 755 Quoniam,
643 729 717 750 cum
732 719 772 749 ab
783 729 820 749 eo
835 719 920 759 quod
934 729 986 749 res
1002 725 1048 750 est
1060 721 1110 750 vel
1122 729 1184 750 non
1202 725 1258 758 est,
1276 722 1380 751 oratio
1395 722 1437 752 sit

139 765 351 792 'Cf-Aristot·‚Ca-
380 771 456 792 vera
473 763 523 793 vel
531 763 626 803 salsa
641 763 676 800 *;
691 770 721 793 et
736 763 948 803 contingentia
971 763 1059 794 aliter
1080 771 1110 794 et
1125 764 1213 795 aliter
1237 774 1269 795 se
1285 764 1435 796 habeant:

141 794 232 839 {5⁶3⁰
249 798 299 819 ⁰³⁹¹
316 798 350 819 ¹¹¹'
378 805 573 845 impossibile
593 814 638 837 est
656 807 745 847 quod
759 806 934 837 intellectus
950 807 1049 838 nostri
1065 808 1204 847 cognitio
1221 808 1438 840 conformetur

378 849 580 881 infallibiliter
603 850 867 890 contingentibus,
896 853 962 882 Aut
985 861 1060 891 ergo
1084 862 1149 882 non
1173 858 1219 882 est
1241 852 1339 883 virtus
1363 863 1436 893 pru-

379 893 484 924 dentia
506 893 559 924 illa
582 894 717 924 Scotica:
742 894 816 934 quia
839 894 936 925 virtus
964 894 1203 932 intellectualis,
1228 903 1263 926 ut
1286 903 1371 936 patet
1393 897 1436 927 VI

141 931 219 979 ‘Scssssv
236 932 349 979 {gg-¹⁶¹2·
378 937 479 968 Ethic.
496 937 522 973 *,
548 947 614 968 non
638 945 683 968 est
707 938 766 968 nisi
789 948 948 970 verorum.
972 941 1047 975 Aut,
1069 939 1094 970 si
1110 946 1156 970 est
1171 940 1279 976 virtus,
1305 950 1371 970 non
1392 948 1438 972 est

161 973 167 979 ’
216 974 221 979 ’
283 974 288 979 “
379 980 458 1010 circa
482 981 710 1021 contingentia:
735 989 764 1013 et
795 982 838 1012 sic
867 992 933 1013 non
957 989 1003 1013 est
1026 983 1206 1024 prudentia,
1231 984 1286 1014 sed
1310 984 1438 1015 scientia

378 1024 515 1055 moralis.

139 1099 148 1107 ·
432 1068 473 1098 Et
495 1068 576 1101 sicut
598 1069 710 1099 erravit
733 1069 766 1099 in
788 1070 860 1107 hoc,
885 1070 928 1101 ita
951 1070 1047 1101 etiam
1071 1071 1182 1101 erravit
1206 1071 1238 1101 in
1257 1071 1362 1111 glossa
1385 1071 1437 1102 illa

141 1130 160 1152 5v
181 1102 348 1156 *gssssssnisiffij
377 1118 407 1141 et
429 1111 462 1142 in
486 1113 766 1153 consequentibus:
792 1115 830 1144 de
854 1114 970 1155 quibus
993 1114 1074 1146 infra
1096 1115 1113 1134 *
1137 1115 1194 1146 erit
1217 1125 1332 1145 sermo.

138 1157 175 1176 ²x¹
191 1154 232 1172 *Πῖ-
246 1157 261 1177 “’
278 1152 349 1173 ‘⁴⁰⁰¹’
431 1155 513 1186 VIII.
534 1156 586 1186 Tu
610 1163 726 1193 autem,
743 1164 876 1188 sectator
891 1158 1068 1190 Aristotelis
1085 1166 1115 1189 et
1131 1158 1194 1188 divi
1209 1158 1366 1195 Thomae,
1385 1158 1435 1189 cui

140 1180 279 1224 iniiif'num.
294 1210 325 1225 νι.
376 1199 486 1230 datum
516 1207 562 1231 est
583 1200 688 1231 videre
716 1202 804 1242 quod
832 1202 988 1242 praedicta
1011 1203 1076 1233 duo
1093 1202 1126 1238 ἦ,
1153 1202 1177 1233 si
1201 1202 1373 1233 referantur
1396 1203 1435 1233 ad

1493 206 1787 243 ARTICULUS
1816 207 1866 243 VI

2015 259 2018 270 Ι

1490 283 1716 323 perfectionem
1732 284 1932 324 cognitionis,
1951 285 2221 327 incompossibilia
2236 294 2324 324 sunt3
2341 287 2487 327 inspicias
2503 287 2550 318 lit-

1490 334 1590 358 teram
1613 328 1646 358 in
1669 328 1727 358 hac
1750 329 1967 368 responsione,
1992 337 2022 361 et
2043 330 2184 362 invenies
2207 332 2294 372 quod
2319 331 2463 362 divinum
2481 334 2550 362 Au-

1491 371 1584 401 ctoris
1608 371 1772 411 ingenium
1795 372 1914 409 videns,
1931 373 2007 404 dixit
2029 375 2118 414 quod
2134 382 2264 415 propter
2286 375 2368 405 hanc
2383 375 2549 411 rationem,

1490 414 1607 445 scilicet
1629 415 1724 445 huius
1748 415 2082 456 incompossibilitatis,
2106 419 2194 449 nulla
2212 418 2310 449 virtus
2332 418 2550 450 intellectualis

1490 458 1620 498 ponitur
1642 458 1675 489 in
1698 459 1858 490 intellectu
1882 461 2093 500 speculativo,
2118 462 2207 493 cuius
2235 461 2385 502 perfectio
2410 462 2552 493 consistit

1490 501 1524 531 in
1536 512 1734 541 cognoscere,
1751 503 1831 533 circa
1846 504 2068 544 contingentia.
2085 506 2186 542 Unde,
2204 512 2239 536 ut
2254 506 2331 536 haec
2347 506 2412 536 duo
2428 513 2549 543 coeant,

1491 555 1615 576 necesse
1632 553 1678 576 est
1693 547 1732 576 ad
1746 547 1942 578 intellectum
1958 548 2076 588 digredi
2091 549 2158 580 eius
2173 549 2338 590 perfectio:
2356 560 2391 580 ac
2407 559 2463 590 per
2477 550 2550 586 hoc,

1490 589 1601 620 veritas
1625 600 1691 620 non
1715 590 1865 621 consistat
1886 591 1919 621 in
1943 601 2142 632 cognoscere,
2167 594 2222 624 sed
2244 593 2278 624 in
2302 593 2363 624 alio
2387 600 2469 630 actu,
2494 593 2550 634 qui

1490 633 1647 673 perfectus
1670 643 1827 675 verusque
1850 634 2052 667 infallibiliter
2070 636 2150 668 circa
2166 637 2379 678 contingentia
2396 647 2462 668 esse
2477 647 2550 677 pos-

1490 677 1538 708 sit.
1563 677 1650 707 Talis
1674 684 1720 708 est
1743 684 1850 709 autem
1873 676 2048 710 intellectus
2072 681 2242 721 practicus,
2259 688 2296 712 ut
2310 680 2370 711 sic:
2395 681 2550 721 quoniam

1490 721 1558 751 eius
1581 721 1730 761 perfectio
1754 732 1790 752 ac
1813 721 1924 753 veritas
1946 722 1980 752 in
2003 730 2074 754 actu
2108 724 2260 765 dirigendi
2287 725 2444 762 consistit,
2468 735 2550 766 quae

1491 764 1619 795 directio
1643 765 1846 796 infallibiliter
1869 773 1915 797 est
1937 776 2010 797 vera
2028 767 2108 798 circa
2126 768 2348 808 contingentia,
2369 769 2395 799 si
2409 778 2551 800 consona

1491 809 1530 839 sit
1552 809 1706 849 appetitui
1730 817 1814 840 recto
1839 810 2045 850 praecedenti.
2070 811 2112 841 Et
2134 811 2178 842 sic
2200 814 2320 843 Auctor
2335 812 2550 844 virtutemin·

1491 853 1699 884 tellectualem
1722 863 1846 894 semper
1861 864 1968 885 veram
1984 861 2127 895 respectu
2144 855 2395 896 contingentium
2411 857 2549 893 salvavit,

1491 907 1557 926 non
1579 897 1771 938 inquantum
1794 898 2011 938 cognitorum,
2035 899 2091 929 sed
2113 899 2303 940 inquantum
2326 901 2550 941 attingibilium

1491 941 1529 970 ab
1552 940 1695 972 humano
1723 951 1837 982 opere,
1863 949 1992 983 propter
2022 942 2278 974 conformitatem
2304 944 2344 974 ad
2374 945 2551 986 appetitum

1491 991 1622 1015 rectum.

1548 1028 1718 1068 Propterea
1737 1035 1804 1060 esto
1828 1036 1949 1066 cautus,
1966 1039 2033 1060 non
2049 1030 2156 1061 solum
2171 1030 2299 1068 novitie,
2315 1032 2370 1062 sed
2385 1031 2432 1062 vir
2447 1032 2550 1068 docte,

1491 1081 1540 1108 ne,
1566 1082 1640 1102 cum
1664 1072 1702 1102 de
1725 1072 1792 1103 istis
1816 1073 1967 1114 disputas,
1992 1073 2024 1103 in
2048 1074 2208 1106 intellectu
2232 1075 2302 1106 solo
2326 1075 2427 1107 sistas.
2451 1076 2551 1117 Saepe

1491 1115 1577 1146 enim
1591 1116 1763 1147 intellectui
1786 1123 1822 1147 ut
1845 1118 2048 1157 cognoscenti
2069 1125 2204 1155 tantum,
2221 1119 2318 1150 deerit
2342 1126 2423 1151 certa
2438 1120 2551 1151 veritas

1491 1159 1679 1199 praemissae
1699 1160 1906 1200 particularis:
1931 1161 2085 1202 quoniam
2105 1172 2170 1193 non
2191 1169 2236 1194 est
2252 1162 2551 1203 cognoscibilis'cer—

1491 1203 1705 1241 titudinaliter‚
1730 1210 1765 1235 ut
1788 1210 1882 1245 patet.

1184 1356 1502 1398 ARTICULUS
1533 1357 1740 1398 SEXTUS

584 1437 739 1468 UTRUM
762 1437 964 1474 EUBumA,
989 1438 1159 1470 sYNESIS
1181 1439 1239 1470 ET
1264 1439 1416 1470 GNOME
1441 1439 1537 1471 SINT
1560 1440 1776 1472 VIRTUTES
1800 1441 2052 1473 AnmNCTAE
2076 1443 2352 1474 PRUDENTIAE

921 1508 952 1532 11·
973 1507 1025 1538 11··,
1044 1516 1089 1541 qu.
1107 1516 1198 1539 xrmn,
1217 1516 1257 1539 ιη
1276 1509 1307 1533 111
1327 1509 1409 1539 Sent„
1429 1510 1488 1535 dist.
1506 1517 1591 1539 xxxm,
1611 1516 1657 1543 qu.
1670 1518 1712 1539 m.
1731 1515 1779 1535 art.
1797 1519 1818 1542 1,
1837 1513 1884 1544 qu·
1902 1511 1930 1541 3,
1949 1519 1981 1543 4;

1098 1544 1140 1568 De
1160 1544 1263 1573 Virtut„
1282 1552 1326 1577 qu.
1346 1552 1368 1574 ι,
1388 1550 1434 1570 art.
1453 1552 1490 1574 12,
1510 1546 1542 1569 ad
1562 1545 1607 1576 26;
1627 1553 1672 1578 qu.
1686 1554 1711 1576 v,
1729 1551 1776 1571 art.
1795 1554 1816 1571 1.

404 1631 470 1682 255³
492 1635 565 1681 8:12«
589 1633 609 1658 ι)
629 1633 770 1658 sex‘ruM
799 1634 852 1658 sm
876 1634 1115 1660 Paocnmrua.
1145 1623 1305 1660 Videtur
1332 1624 1436 1671 quod

409 1660 565 1732 §.fifty
587 1674 898 1711 inconvenienter
929 1675 1180 1723 adiungantur
1213 1676 1436 1724 prudentiae

394 1713 516 1779 ,fag
531 1715 558 1765 ²6
589 1727 750 1774 eubulia,
771 1727 916 1776 synesis
941 1735 977 1764 et
991 1740 1143 1776 gnome.
1157 1729 1319 1765 Eubulia
1335 1729 1436 1765 enirn

407 1772 409 1778 ¹
434 1752 523 1805 <W
546 1769 644 1816 Kest
661 1780 807 1816 habitus
831 1792 903 1828 quo
924 1781 1016 1817 hene
1040 1781 1295 1827 consiliamur,
1319 1789 1362 1818 ut
1381 1781 1436 1818 di-

136 1833 186 1882 j‘gfl
205 1840 345 1882 stag-35⁴3·
376 1832 470 1869 citur
497 1832 535 1868 in
562 1833 613 1869 VI
642 1833 762 1878 Ethic.
779 1832 799 1854 ’¹‘
827 1833 904 1869 Sed
937 1834 1030 1870 hene
1063 1834 1255 1871 consiliari
1277 1835 1438 1882 pertinet

136 1875 250 1940 {gf-2⁸15*
261 1876 345 1915 ‘’face-2
374 1885 426 1921 ad
436 1885 690 1933 prudentiam,
710 1892 752 1921 ut
770 1885 809 1922 in
830 1886 967 1922 eodem
994 1885 1089 1922 libro
1109 1885 1129 1908 '¹‘
1158 1886 1302 1924 dicitur.
1332 1888 1434 1934 Ergo

375 1937 526 1974 eubulia
554 1950 631 1974 non
661 1945 716 1974 est
742 1938 861 1974 virtus
890 1938 1065 1975 adiuncta
1094 1939 1338 1987 prudentiae,
1368 1940 1434 1977 sed

374 1990 494 2038 magis
522 1998 578 2027 est
604 1990 686 2039 ipsa
712 1990 923 2039 prudentia.

429 2055 463 2080 2.
484 2043 716 2090 PRAETEREA,
738 2043 785 2080 ad
814 2043 1051 2092 superiorem
1080 2044 1239 2093 pertinet
1268 2046 1315 2083 de
1345 2045 1435 2082 infe-

373 2095 536 2132 rioribus
550 2095 727 2133 iudicare.
750 2097 816 2133 Illa
832 2108 920 2144 ergo
939 2096 1058 2134 virtus
1071 2096 1223 2135 videtur
1242 2111 1434 2147 suprema,

375 2149 480 2185 cuius
515 2156 570 2186 est
603 2156 707 2186 actus
739 2149 931 2186 iudicium.
969 2150 1046 2187 Sed
1079 2150 1224 2198 synesis
1253 2159 1309 2189 est
1336 2152 1434 2189 bene

373 2201 587 2238 iudicativa.
617 2203 719 2249 Ergo
749 2201 894 2250 synesis
922 2214 999 2239 non
1029 2210 1084 2239 est
1110 2202 1230 2240 virtus
1259 2204 1435 2242 adiuncta

373 2254 608 2303 prudentiae,
638 2254 706 2291 sed
734 2254 854 2302 magis
882 2254 963 2303 ipsa
992 2262 1048 2292 est
1074 2255 1300 2305 principalis.

430 2308 464 2344 3.
481 2308 714 2354 PRAETEREA,
731 2307 826 2344 sicut
841 2307 990 2344 diversa
1005 2315 1091 2344 sunt
1106 2320 1150 2345 ea
1165 2309 1213 2346 de
1229 2310 1364 2358 quibus
1379 2318 1435 2348 est

374 2359 632 2407 iudicandum,
653 2359 702 2396 ita
732 2359 844 2397 etiarn
868 2360 1018 2398 diversa
1037 2369 1123 2398 sunt
1156 2374 1201 2398 ea
1229 2363 1277 2399 de
1296 2362 1434 2411 quibus

375 2420 430 2449 est
465 2412 754 2450 consiliandum.
785 2413 862 2450 Sed
896 2413 994 2450 circa
1031 2413 1162 2451 omnia
1191 2415 1434 2453 consiliabilia

373 2465 526 2514 ponitur
543 2477 621 2502 una
639 2465 770 2512 virtus,
797 2465 936 2502 scilicet
961 2466 1123 2504 eubulia.
1145 2468 1248 2515 Ergo
1268 2469 1316 2505 ad
1336 2469 1434 2505 bene

373 2518 618 2555 iudicandum
640 2517 687 2554 de
702 2518 869 2566 agendis,
886 2531 964 2555 non
985 2526 1135 2568 oportet
1153 2532 1309 2569 ponere,
1325 2533 1434 2569 prae-

372 2578 428 2607 ter
456 2571 638 2619 synesim,
669 2571 781 2608 aliam
809 2571 1003 2618 virtutem,
1033 2572 1172 2609 scilicet
1199 2585 1379 2621 gnomen.

136 2636 347 2667 memmim-
424 2635 462 2670 4.
483 2625 716 2670 PRAETEREA,
737 2624 885 2661 Tullius
904 2624 1023 2673 ponit,
1040 2624 1078 2662 in
1094 2638 1163 2662 sua
1181 2627 1384 2664 Rhetorica
1400 2627 1431 2674 *,

133 2664 189 2711 31⁷1?
204 2663 282 2689 ''b'n'
293 2669 344 2691 ⁰⁸¹*
372 2683 446 2713 tres
474 2677 564 2713 alias
601 2684 727 2725 partes
759 2677 1004 2725 prudentiae:
1038 2678 1177 2715 scilicet
1209 2680 1433 2716 memoriam

366 2730 670 2777 praeteritorum,
697 2730 978 2780 intelligentiam
993 2732 1262 2779 praesentium,
1284 2740 1321 2769 et
1341 2744 1433 2781 pro-

371 2783 572 2819 videntiam
576 2783 814 2830 futurorum.
827 2783 1048 2820 Macrobius
1064 2783 1178 2822 etiam
1192 2785 1309 2833 ponit,
1321 2797 1434 2834 super

135 2842 343 2870 'Lib-Leap-vm-
372 2836 567 2872 Somnium
595 2836 777 2884 Scipionis
803 2835 834 2883 ³¹²,
865 2837 1050 2885 quasdam
1079 2837 1169 2874 alias
1196 2845 1322 2890 partes
1345 2851 1434 2887 pru-

373 2888 539 2925 dentiae:
560 2887 701 2926 scilicet
719 2889 943 2936 cautionem,
963 2889 1198 2936 docilitatem,
1220 2898 1256 2927 et
1275 2891 1345 2928 alia
1363 2892 1432 2929 hu-

370 2941 546 2978 iusmodi.
567 2942 660 2979 Non
677 2942 856 2979 videntur
874 2942 984 2990 igitur
998 2943 1100 2980 solae
1119 2943 1339 2982 huiusmodi
1357 2945 1433 2982 vir-

371 3002 468 3030 tutes
496 2994 719 3043 prudentiae
748 2995 912 3044 adiungi.

189 3045 211 3066 ⁶
426 3047 500 3083 SED
533 3059 679 3084 CONTRA
711 3060 776 3085 EST
809 3048 1011 3086 auctoritas
1040 3048 1282 3098 Philosophi,
1313 3050 1351 3087 in
1377 3051 1428 3088 Vl

132 3101 344 3156 gpffiqgaeqgffi
370 3100 489 3190 Egln‘c.
510 3099 547 3147 ⁸⁸,
577 3100 642 3148 qui
675 3101 743 3138 has
778 3109 852 3138 tres
879 3101 1035 3139 virtutes
1069 3102 1177 3150 ponit
1208 3103 1431 3152 prudentiae

131 3160 155 3175 ¹¹
371 3165 393 3189 a
422 3159 577 3189 1unctas.

424 3206 649 3243 Respowm-:o
669 3217 852 3244 DICENDUM
876 3207 981 3256 quod
1000 3207 1038 3244 in
1058 3207 1236 3246 omnibus
1253 3209 1430 3258 potentiis

371 3258 552 3295 ordinatis
579 3258 639 3295 illa
667 3266 723 3295 est
750 3259 1007 3308 principalior,
1037 3272 1136 3308 quae
1165 3261 1213 3298 ad
1244 3261 1431 3311 principa-

370 3311 504 3348 liorem
526 3318 654 3348 actum
684 3311 889 3349 ordinatur.
920 3313 1030 3350 Circa
1049 3313 1196 3361 agibilia
1215 3321 1342 3352 autem
1362 3315 1430 3351 hu-

370 3375 484 3401 mana
519 3371 595 3401 tres
632 3371 737 3401 actus
774 3365 928 3402 rationis
965 3365 1228 3403 inveniuntur:
1267 3380 1431 3417 quorum

369 3416 516 3465 primus
544 3425 600 3454 est
628 3417 834 3465 consiliari,
864 3418 1055 3456 secundus
1087 3418 1271 3467 iudicare,
1301 3420 1430 3458 tertius

1493 1631 1547 1660 est
1563 1624 1794 1672 praecipere.
1825 1625 1943 1662 Primi
1969 1633 2097 1662 autem
2117 1626 2193 1663 duo
2214 1627 2446 1675 respondent
2464 1628 2552 1667 acti-

1491 1676 1562 1712 bus
1589 1676 1798 1713 intellectus
1831 1677 2052 1725 speculativi
2087 1678 2152 1727 qui
2179 1686 2266 1715 sunt
2293 1679 2483 1728 inquirere
2516 1689 2553 1719 et

1490 1728 1678 1766 iudicare:
1708 1741 1798 1766 narn
1829 1730 2027 1767 consilium
2055 1730 2247 1779 inquisitio
2271 1733 2549 1781 quaedamest.

1491 1782 1568 1818 Sed
1588 1781 1716 1818 tertius
1736 1789 1841 1819 actus
1855 1783 2032 1832 proprius
2051 1791 2107 1820 est
2123 1788 2140 1805 α
2157 1784 2311 1833 practici
2326 1785 2549 1835 intellectus,

1490 1833 1714 1882 inquantum
1743 1842 1799 1872 est
1826 1835 2066 1884 operativus:
2094 1849 2174 1874 non
2194 1837 2295 1875 enim
2315 1838 2409 1876 ratio
2437 1838 2552 1879 habet

1484 1887 1707 1936 vpraecipere
1737 1900 1781 1925 ea
1809 1901 1907 1937 quae
1936 1901 2004 1938 per
2031 1889 2230 1928 hominem
2258 1891 2343 1930 fieri
2365 1904 2444 1930 non
2461 1905 2571 1941 pos·-

1490 1947 1587 1977 sunt.
1624 1940 1870 1978 Manifestum
1906 1950 1961 1979 est
1988 1950 2116 1980 autern
2151 1944 2256 1992 quod
2284 1943 2323 1981 in
2358 1944 2418 1982 his
2452 1957 2550 1995 quae

1488 2005 1557 2042 per
1583 1993 1782 2031 hominem
1811 1995 1918 2042 fiunt,
1947 1995 2165 2045 principalis
2194 2003 2299 2034 actus
2328 2004 2384 2034 est
2405 1998 2551 2048 praeci-

1488 2058 1600 2095 pere,
1630 2047 1678 2084 ad
1716 2058 1832 2096 quern
1869 2047 1929 2084 alii
1962 2048 2195 2086 ordinantur.
2231 2050 2280 2087 Et
2307 2049 2395 2088 ideo
2422 2051 2552 2089 virtuti

1490 2111 1588 2148 quae
1625 2107 1679 2136 est
1715 2100 1813 2137 bene
1841 2101 2105 2150 praeceptiva,
2135 2102 2278 2145 ,scilicet
2304 2103 2554 2152 prudentiae„

1489 2159 1671 2201 tanquam
1699 2152 1968 2202 principaliori,
1997 2154 2253 2203 adiunguntur
2280 2162 2462 2205 tanquam
2492 2169 2551 2195 se*

1490 2205 1705 2253 cundariae,
1727 2206 1890 2254 eubulia,
1920 2219 2020 2256 quae
2049 2215 2105 2245 est
2127 2209 2226 2246 bene
2246 2209 2493 2259 consiliativa,
2514 2217 2552 2248 et

1489 2258 1634 2306 synesis
1663 2267 1699 2295 et
1726 2271 1891 2307 gnome,
1921 2271 2019 2308 quae
2048 2268 2135 2298 sunt
2156 2268 2283 2311 partes
2302 2261 2552 2314 iudicativae,

1489 2311 1535 2347 de
1565 2322 1727 2360 quarum
1758 2311 1996 2350 distinctione
2025 2313 2170 2351 dicetur
2187 2313 2218 2351 ³¹⁸.

1541 2365 1599 2400 An
1627 2375 1764 2401 Palmum
1791 2376 1890 2401 ERGO
1918 2377 2102 2404 DICENDUM
2130 2366 2237 2415 quod
2263 2367 2465 2416 prudentia
2493 2368 2551 2407 est

1488 2416 1586 2453 bene
1606 2416 1850 2464 consiliativa,
1867 2430 1946 2455 non
1964 2418 2072 2467 quasi
2091 2419 2190 2456 bene
2209 2419 2396 2458 consiliari
2414 2421 2461 2458 sit
2477 2421 2550 2460 im-

1488 2468 1652 2506 mediate
1672 2477 1776 2506 actus
1805 2470 1906 2506 eius:
1936 2471 2003 2508 sed
2028 2471 2117 2520 quia
2135 2473 2237 2509 hunc
2255 2480 2383 2510 actum
2401 2474 2550 2522 perficit

1488 2521 1681 2558 mediante
1699 2522 1837 2559 virtute
1857 2522 1927 2559 sibi
1956 2523 2137 2571 subiecta,
2168 2537 2267 2572 quae
2301 2523 2356 2562 est
2384 2526 2546 2564 eubulia.

1541 2575 1600 2611 AD
1628 2585 1817 2612 SECUNDUM
1840 2587 2024 2615 mcENDUM
2052 2577 2157 2626 quod
2175 2576 2357 2615 iudicium
2377 2578 2415 2616 in
2434 2590 2548 2628 agen-

1489 2626 1544 2664 dis
1572 2627 1621 2664 ad
1649 2627 1788 2677 aliquid
1812 2628 1967 2674 ulterius
1995 2629 2211 2668 ordinatur:
2242 2630 2422 2680 contingit
2445 2631 2548 2671 enim

1487 2679 1653 2729 aliquem
1669 2681 1767 2718 bene
1787 2680 1953 2718 iudicare
1972 2681 2021 2719 de
2040 2682 2168 2731 aliquo
2187 2684 2349 2732 agendo,
2365 2692 2402 2722 et
2419 2692 2549 2733 tamen

1487 2745 1566 2770 non
1594 2741 1694 2770 recte
1724 2733 1870 2782 exequi.
1906 2734 1983 2772 Sed
2010 2735 2187 2773 ultimum
2222 2737 2549 2787 complementum

1488 2793 1554 2833 est,
1583 2786 1738 2835 quando
1767 2786 1861 2824 ratio
1890 2787 1966 2824 iam
1995 2788 2093 2826 bene
2112 2789 2294 2839 praecipit
2312 2790 2360 2827 de
2379 2790 2549 2839 agendis*

1540 2840 1598 2875 An
1626 2850 1785 2876 marum
1813 2851 1997 2877 meramnum
2025 2841 2134 2891 quod
2164 2841 2345 2879 iudicium
2378 2843 2425 2880 de
2453 2855 2548 2882 una-

1487 2903 1638 2940 quaque
1666 2904 1705 2928 re
1733 2892 1777 2929 fit
1804 2904 1872 2942 per
1899 2893 2054 2942 propria
2080 2894 2266 2944 principia
2293 2895 2386 2934 eius.
2421 2896 2548 2946 Inqui-

1487 2944 1570 2981 sitio
1605 2952 1733 2982 autern
1766 2945 1940 2983 nondum
1975 2954 2030 2984 est
2059 2959 2130 2996 per
2159 2948 2314 2997 propria
2340 2948 2547 2998 principia:

1487 2997 1575 3046 quia
1594 2997 1651 3034 his
1670 2997 1819 3045 habitis,
1839 3011 1919 3036 non
1939 3007 2037 3036 esset
2056 3011 2154 3049 opus
2177 3000 2416 3050 inquisitione
2435 3000 2462 3049 fl,
2478 3002 2549 3040 sed

1486 3049 1562 3087 iarn
1592 3062 1651 3087 res
1684 3058 1783 3088 esset
1814 3051 1979 3089 inventa.
2015 3053 2064 3090 Et
2090 3052 2177 3090 ideo
2214 3065 2292 3091 una
2319 3054 2401 3092 sola
2426 3054 2547 3092 virtus

1486 3103 1681 3141 ordinatur
1700 3103 1748 3141 ad
1768 3105 1865 3142 bene
1895 3102 2186 3154 consiliandum,
2208 3106 2306 3144 duae
2325 3107 2454 3149 auten!
2471 3106 2546 3146 vir-

1485 3163 1583 3193 tutes
1603 3156 1652 3194 ad
1671 3157 1769 3194 bene
1788 3157 2056 3196 iudicandum:
2078 3158 2166 3208 quia
2186 3158 2372 3197 distinctio
2390 3172 2471 3198 non
2490 3159 2547 3199 est·

1485 3209 1523 3246 in
1552 3209 1822 3247 communibus
1839 3210 2042 3260 principiis,
2070 3211 2139 3249 sed
2165 3212 2204 3250 in
2230 3212 2405 3262 propriis.
2433 3213 2545 3251 Unde

1485 3270 1521 3299 et
1549 3262 1587 3299 in
1615 3262 1855 3311 speculativis
1873 3275 1951 3301 una
1970 3271 2025 3301 est
2043 3264 2236 3302 dialectica
2262 3265 2477 3315 inquisitiva
2495 3265 2544 3302 de

1485 3315 1685 3352 omnibus:
1714 3315 1890 3354 scientiae
1920 3324 2048 3354 autem
2077 3317 2415 3366 demonstrativae,
2444 3329 2544 3367 quae

1485 3375 1571 3405 sunt
1598 3367 1836 3416 iudicativae,
1866 3377 1952 3407 sunt
1971 3369 2146 3416 diversae
2165 3371 2214 3409 de
2233 3369 2402 3409 diversis.
2418 3390 2442 3398 -
2457 3369 2543 3408 Dis-

1484 3420 1704 3469 tinguuntur
1735 3426 1874 3459 autem·
1901 3422 2047 3471 synesis
2085 3431 2121 3461 et
2157 3435 2298 3472 gnome
2330 3423 2543 3461 secundum

423 3520 450 3554 α)
465 3520 594 3553 proprius
612 3525 659 3546 est.
672 3535 691 3540 -
709 3525 748 3547 est
762 3522 874 3554 proprie
893 3522 939 3547 Pa.
1453 3520 1456 3559 Ι

1535 3525 1561 3558 β)
1581 3527 1760 3559 inquisitione.
1776 3541 1796 3546 -
1815 3527 1992 3560 inquisitionis
2012 3529 2114 3554 codices
2133 3534 2158 3554 et
2174 3535 2201 3554 a.

2574 2327 2587 2339 ⁸
2601 2327 2628 2350 ln
2641 2332 2702 2356 rap.
2718 2327 2746 2350 nd
2759 2334 2787 2358 3-
