2852 4152
123 1506 332 1529 “VideComment.

124 1534 195 1555 Caiet.
217 1537 270 1561 post
290 1536 330 1554 art.

123 1566 198 1588 praec.

126 1868 135 1877 '
145 1867 242 1888 Aristot.
252 1866 332 1894 Phys„

125 1892 164 1914 lib.
173 1892 225 1914 VIII
245 1898 294 1919 cap.
306 1899 332 1919 ιι,

124 1925 173 1940 n.2.
181 1909 333 1941 -S.¹rh.1ecx.

126 2558 135 2567 ·
157 2555 291 2582 Nemesius,
307 2555 336 2576 de

127 2582 181 2604 Nat.
191 2582 270 2608 Hom„
285 2587 334 2608 cap.

126 2615 181 2635 xxn,
196 2609 225 2629 al.
240 2609 280 2629 lib.
294 2607 333 2634 lv,

125 2641 177 2663 cap.
191 2641 229 2656 xv.

129 2924 138 2933 ·
152 2922 179 2944 D.
194 2928 236 2944 221.

129 2975 138 2983 ·
152 2974 181 2996 D.
195 2979 242 3002 2²5·

223 3416 238 3431 II
261 3416 283 3431 n.
295 3416 320 3431 n.
330 3422 339 3425 -

132 3412 141 3420 '¹
156 3409 212 3457 Cap.
240 3426 246 3436 ,

132 3436 185 3458 S.T
203 3452 208 3458 .
223 3437 275 3458 leet.
291 3442 326 3458 ιιι.

371 208 442 243 124

365 283 472 306 santur
500 285 535 306 ex
567 285 623 305 sua
651 275 900 315 apprehensione
929 275 1133 315 originaliter:
1165 276 1308 316 quamvis
1337 276 1416 306 forte

365 320 562 351 consuetudo
586 326 707 350 mutata
728 318 761 348 in
785 326 938 355 naturam,
956 320 1049 350 etiam
1073 320 1184 350 invitas
1208 320 1417 360 postmodum

364 363 486 394 afficiat.
511 363 612 394 Cuius
640 362 765 402 signum
789 370 835 393 est
856 364 960 404 quod,
985 363 1010 393 si
1034 363 1150 393 diutius
1179 363 1218 392 ad
1251 362 1416 402 oppositos

365 408 478 438 mentis
501 414 587 438 actus
611 417 642 437 se
666 414 734 437 toto
759 414 873 437 conatu
889 407 1088 443 transferunt,
1105 407 1143 436 ab
1166 406 1350 436 huiusmodi
1368 416 1416 436 ac-

366 451 542 482 cidentibus·
552 451 745 488 deseruntur,
757 458 792 481 ut
805 451 991 490 experientia
1003 450 1063 480 fide
1077 450 1169 489 digna
1183 449 1285 480 didici.
1296 450 1415 486 Quam-

363 496 411 526 vis
428 495 603 526 exorbitans
619 501 725 525 motus
750 494 851 525 cordis
866 494 1029 524 manifeste
1048 502 1200 533 apparens
1223 492 1255 522 in
1279 492 1336 529 his,
1352 493 1416 523 suf-

363 539 470 570 ficiens
489 538 706 570 testimonium
725 538 829 568 afferat
851 538 938 577 quod
962 538 1136 567 secundum
1153 536 1327 566 naturalem
1344 547 1415 567 cau-

364 593 470 614 sarum
483 583 627 613 ordinem
638 582 714 612 haec
727 581 812 618 fiant,
825 581 999 611 secundum
1012 590 1090 620 quas
1103 580 1231 610 materia
1244 581 1415 620 corporalis

364 637 421 657 nec
449 626 578 667 proprio
606 625 789 661 intellectui,
814 635 870 655 nec
901 624 1055 663 angelico,
1078 624 1131 654 sed
1160 623 1267 654 divino
1291 631 1415 655 tantum

363 671 471 701 obedit
493 671 532 700 ad
555 670 779 705 alterationem,
797 668 855 698 nisi
871 667 1027 698 mediante
1051 675 1143 698 motu
1158 667 1260 698 locali.
1283 668 1415 708 Propter

365 714 452 754 quod
476 714 669 749 salvandum,
693 713 768 742 haec
791 719 864 742 sunt
887 711 977 742 dicta.

417 758 453 788 11.
474 758 508 788 In
532 757 736 797 responsione
758 757 797 786 ad
818 755 945 786 tertium
968 755 1110 785 eiusdem
1134 755 1259 795 septimi
1282 755 1413 792 articuli,

363 802 487 832 adverte
511 802 584 832 duo.
606 801 748 831 Primum
771 807 832 835 est,
855 800 943 839 quod
966 799 1148 839 imaginatio
1173 809 1237 830 non
1261 810 1414 840 quorum·

364 855 509 885 cumque,
528 845 581 875 sed
605 844 873 874 consideratorum
896 853 914 873 a
936 843 1066 879 ratione,
1084 844 1190 874 subest
1210 843 1344 883 imperio
1367 854 1414 874 ra-

363 889 474 925 tionis,
504 889 529 918 si
557 895 663 918 tamen
690 886 901 927 imaginabilia
929 893 1018 917 sunt:
1048 887 1201 928 quoniam
1231 887 1413 927 imaginatio

363 939 435 963 nata
458 939 504 962 est
527 932 565 961 ad
588 931 756 971 imperium
772 930 900 961 rationis
924 930 1061 961 formare
1084 940 1166 961 nova
1185 931 1412 971 phantasmata,

361 975 440 1005 infra
464 974 661 1005 latitudinem
676 974 917 1005 intellectorum.
933 975 1030 1012 Quod
1046 974 1180 1006 dicimus
1203 982 1332 1015 propter
1347 985 1414 1005 cae-

362 1029 435 1049 cum
458 1025 582 1054 natum,
604 1018 692 1048 cuius
715 1018 897 1058 imaginatio
923 1028 1087 1059 nunquam
1113 1019 1262 1050 formabit
1284 1019 1414 1059 phanta-

360 1073 428 1092 sma
452 1062 575 1099 coloris,
593 1062 648 1103 qui
671 1072 728 1093 nec
751 1073 769 1092 a
792 1063 911 1093 ratione
935 1063 1002 1093 eius
1025 1063 1218 1103 intelligitur.

1131 1205 1445 1248 ARTICULUS

1017 198 1281 244 QUAESTIO
1311 199 1431 245 XVII,
1461 200 1755 237 ARTICULUS
1784 201 1869 237 VIII

1529 277 1711 308 Secundum
1735 285 1790 315 est,
1806 279 1895 319 quod
1917 286 1982 310 tam
2005 280 2168 320 imaginari
2191 282 2240 312 vel
2264 291 2330 312 non
2353 280 2527 321 imaginari,

1471 330 1569 360 quam
1596 321 1760 362 imaginari
1782 321 1844 352 hoc
1872 323 1922 352 vel
1944 323 2037 360 illud,
2057 325 2184 356 subesse
2207 325 2390 365 intelligitur
2418 331 2526 356 nostro

1470 363 1618 403 imperio,
1643 372 1798 405 quatenus
1822 367 1937 406 pendet
1965 377 2001 397 ex
2024 375 2111 408 parte
2140 369 2280 405 animae;
2309 369 2389 399 sicut
2412 369 2450 399 de
2473 378 2526 408 ap-

1471 407 1569 446 petitu
1594 409 1742 439 sensitivo
1767 409 1886 440 dictum
1909 416 1956 440 est
1973 410 1999 441 *.
2030 411 2194 452 Contingit
2217 413 2302 443 enim
2326 422 2362 443 ex
2385 411 2526 452 corporis

1470 450 1686 490 dispositione,
1710 452 1760 482 vel
1783 453 1946 492 repentino
1970 461 2076 492 motu,
2105 454 2264 496 improbas
2288 456 2351 496 pati
2375 455 2526 495 imagina-

1469 494 1588 530 tiones,
1618 495 1706 525 nullo
1734 495 1919 536 imperante.
1948 498 1990 528 Et
2016 498 2049 528 in
2072 499 2134 530 hoc
2161 507 2208 531 est
2235 509 2350 540 magna
2376 499 2524 530 latitudo:

1469 537 1627 569 intantum
1652 545 1686 569 ut
1708 539 1805 580 aliqui
1828 540 1987 580 patiantur
2011 542 2196 574 huiusmodi
2219 543 2459 584 imaginationes
2483 543 2527 575 sic

1469 588 1504 611 ut
1522 581 1722 620 vigilantibus
1738 591 1909 623 appareant
1927 585 2008 616 sicut
2027 586 2096 617 aliis
2111 594 2263 628 apparent
2286 586 2525 619 dormientibus.

1469 625 1509 655 Et
1532 625 1605 655 hinc
1632 626 1821 668 plerumque
1843 627 1879 659 fit
1904 635 1940 659 ut
1968 629 2071 660 dicant
2094 641 2126 661 se
2148 630 2262 662 vidisse
2284 631 2334 662 vel
2357 630 2525 667 audivisse,

1469 669 1557 709 quod
1580 675 1684 700 tamen
1709 680 1775 700 non
1798 669 1858 702 fuit
1879 672 1912 702 in
1927 673 2064 710 veritate,
2090 675 2144 704 sed
2168 674 2248 706 sicut
2269 675 2301 705 in
2322 674 2467 705 somniis:
2492 681 2527 705 ut

1467 719 1553 752 patet
1576 723 1641 743 non
1665 714 1771 744 solum
1793 714 1825 744 in
1848 715 2049 755 phreneticis,
2074 719 2128 748 sed
2151 718 2394 749 melancholicis.
2418 718 2526 755 Unde,

1468 757 1597 787 sublatis
1625 757 1859 797 impedimentis
1882 769 1919 789 ex
1941 767 2029 799 parte
2052 761 2216 801 corporis„
2234 763 2268 792 in
2290 768 2445 803 potestate
2467 771 2527 792 no-

1468 808 1530 831 stra
1553 808 1599 832 est
1621 802 1678 832 has
1702 802 1941 842 imaginationes
1964 804 2135 841 excludere,
2153 812 2184 836 et
2198 806 2272 837 alias
2289 815 2457 842 assumere,
2480 815 2526 836 se-

1469 845 1611 875 cundum
1634 845 1805 886 imperium
1828 847 1957 878 rationis
1973 847 2158 888 perfectum.
2183 849 2245 881 Sed
2259 850 2414 890 contingit
2428 849 2527 890 negli-

1468 889 1622 928 gentibus,
1647 897 1776 930 propter
1797 890 2019 930 imperfectum
2041 890 2220 932 imperium,
2244 903 2439 933 perseverare
2462 893 2526 934 ple-

1468 942 1604 972 rumque
1632 933 1729 964 malas
1757 934 2010 974 imaginationeS,
2041 945 2119 975 quas
2143 936 2252 967 dicunt
2274 947 2307 968 se
2329 937 2394 978 pati
2419 943 2527 968 contra

1468 976 1679 1026 voluntatem:
1709 985 1739 1008 et
1762 988 1827 1008 non
1851 985 1897 1008 est
1920 978 1977 1015 sic,
2002 979 2076 1019 quia
2100 989 2136 1009 ex
2158 979 2342 1019 imperfecto
2365 980 2527 1021 patiuntur

1468 1029 1612 1059 imperio.

1477 1206 1748 1250 OCTAVUS

901 1292 1054 1323 UTRUM
1078 1292 1219 1323 ACTUS
1243 1293 1408 1323 ANIMAE
1433 1294 1715 1325 VEGETABILIS
1738 1295 1987 1327 IMPERETUR

536 1369 565 1393 11·
586 1369 636 1398 11¹¹,
656 1375 699 1400 qu.
719 1375 821 1396 cxwm,
842 1372 888 1391 art.
912 1375 932 1396 ι,
953 1367 984 1390 ad
1006 1366 1036 1397 3;
1056 1367 1122 1391 Part.
1141 1367 1180 1397 111,
1200 1375 1245 1399 qu.
1263 1375 1303 1397 xv,
1323 1372 1368 1391 art.
1389 1375 1412 1398 2,
1432 1368 1464 1392 ad
1487 1376 1514 1399 13
1533 1376 1578 1400 qu.
1597 1376 1646 1400 xlx,
1666 1374 1712 1394 art.
1733 1377 1761 1399 25
1781 1369 1801 1394 11
1820 1370 1902 1400 Seni„
1922 1371 1980 1396 dist.
1998 1379 2037 1401 xx,
2056 1379 2101 1404 qu.
2120 1379 2141 1401 1,
2161 1377 2207 1396 art.
2229 1379 2252 1403 2,
2271 1373 2303 1397 ad
2323 1372 2349 1402 ὃς

1044 1402 1085 1426 De
1107 1401 1195 1431 Verit„
1215 1410 1259 1434 qu.
1278 1409 1330 1431 xm,
1350 1406 1395 1427 art.
1413 1410 1431 1434 4
1437 1410 1445 1433 ;

447 1511 483 1541 ›¹
509 1519 532 1543 3
569 1503 592 1527 D
629 1502 800 1527 oc‘rAvum
842 1502 894 1527 s1c
931 1501 1159 1527 saoce-mma
1190 1490 1221 1527 *.
1259 1490 1416 1527 Videtur

384 1507 550 1602 ξῗξξη
570 1544 675 1591 quod
703 1550 807 1580 actus
834 1543 1053 1591 vegetabilis
1081 1542 1230 1579 animae
1254 1543 1414 1591 imperio

379 1583 724 1656 15-''rationis
752 1596 971 1633 subdantur.
1002 1595 1110 1632 Vires
1144 1595 1245 1632 enim
1273 1596 1416 1632 sensiti—

452 1646 494 1677 :1'
530 1642 643 1688 &vae
662 1649 865 1686 nobiliores
894 1656 980 1685 sunt
1008 1648 1152 1685 viribus
1181 1648 1330 1685 animae
1349 1661 1415 1685 ve-

363 1702 541 1749 getabilis.
573 1702 649 1738 Sed
667 1702 768 1739 vires
796 1702 943 1738 animae
973 1701 1173 1738 sensitivae
1203 1702 1416 1739 subduntur

362 1754 523 1803 imperio
548 1755 713 1791 rationis.
742 1755 844 1801 Ergo
865 1755 984 1791 multo
1007 1754 1127 1802 magis
1146 1754 1245 1791 vires
1266 1755 1416 1792 animae

361 1806 591 1855 vegetabilis.

417 1871 450 1896 2.
471 1861 702 1906 PRAETEREA,
731 1860 850 1895 horno
879 1859 1011 1896 dicitur
1038 1859 1164 1896 minor
1190 1860 1350 1896 mundus
1376 1860 1414 1908 *7

361 1912 450 1960 quia
488 1912 540 1948 sic
578 1919 633 1948 est
670 1912 797 1948 anima
825 1911 862 1947 in
901 1923 1080 1959 corpore,
1114 1911 1208 1948 sicut
1243 1913 1349 1948 Deus
1377 1913 1415 1949 in

360 1965 517 2001 mundo.
541 1964 617 2001 Sed
636 1966 740 2001 Deus
761 1964 811 2000 sic
841 1971 895 2010 est
922 1964 960 2000 in
980 1963 1138 2010 mundo,
1161 1964 1265 2011 quod
1285 1965 1414 2001 omnia

361 2030 458 2066 quae
479 2025 564 2053 sunt
582 2017 620 2054 in
639 2017 797 2063 rnundo,
818 2016 1001 2053 obediunt
1021 2016 1100 2052 eius
1120 2016 1291 2064 imperio.
1312 2018 1414 2065 Ergo

361 2078 398 2106 et
426 2069 554 2106 omnia
583 2082 679 2118 quae
709 2077 795 2105 sunt
822 2069 860 2105 in
887 2069 1059 2115 homine,
1087 2069 1268 2106 obediunt
1297 2070 1415 2119 impe-

361 2123 416 2159 rio
446 2122 609 2169 rationis,
631 2122 744 2158 etiam
771 2121 871 2158 vires
899 2121 1118 2170 vegetabilis
1146 2122 1307 2159 animae.

417 2177 450 2212 3.
472 2176 712 2222 PRAETEREA,
740 2176 821 2211 laus
847 2182 882 2211 et
909 2174 1138 2223 vituperium
1165 2187 1243 2211 non
1273 2175 1416 2212 conti-n-

361 2228 411 2275 git
437 2228 505 2264 nisi
533 2228 571 2264 in
600 2228 743 2264 actibus
777 2227 840 2275 qui
869 2227 1081 2264 subduntur
1112 2227 1271 2275 imperio
1305 2228 1415 2264 ratio-

362 2280 430 2317 nis.
463 2280 539 2316 Sed
566 2280 605 2316 in
633 2280 776 2316 actibus
806 2280 1003 2316 nutritivae
1029 2287 1064 2316 et
1091 2280 1328 2327 generativae
1348 2293 1416 2330 po-

361 2332 511 2379 tentiae,
537 2332 716 2380 contingit
744 2344 825 2369 esse
854 2333 1006 2370 laudem
1036 2339 1072 2369 et
1098 2332 1350 2381 vituperium,
1382 2340 1417 2369 et

361 2386 540 2422 virtutem
561 2393 596 2422 et
620 2385 771 2422 vitium:
793 2385 886 2422 sicut
904 2392 1006 2434 patet
1030 2385 1068 2422 in
1087 2386 1173 2433 gula
1202 2393 1238 2422 et
1260 2385 1414 2433 luxuria,

364 2446 399 2475 et
426 2438 624 2475 virtutibus
649 2437 842 2487 oppositis.
864 2439 966 2486 Ergo
996 2445 1100 2475 aetus
1118 2439 1255 2475 harum
1283 2446 1415 2487 poten-

362 2491 498 2527 tiarum
528 2491 740 2528 subduntur
767 2491 927 2538 imperio
956 2491 1121 2527 rationis.

417 2544 490 2580 SED
519 2555 663 2580 CONTRA
697 2555 763 2580 EST
791 2544 895 2592 quod
933 2543 1138 2590 Gregorius
1172 2544 1370 2592 Nyssenus
1398 2544 1418 2565 ¹²

364 2596 465 2643 dicit,
494 2597 596 2644 quod
625 2597 663 2632 id
690 2596 790 2644 quod
821 2608 894 2632 non
922 2597 1172 2644 persuadetur
1200 2608 1223 2632 a
1251 2596 1416 2643 ratione,

363 2655 416 2686 est
442 2649 658 2686 nutritivum
687 2655 722 2685 et
745 2649 1018 2698 generativum.

417 2703 639 2739 RESPONDEO
658 2713 840 2738 morannum
861 2702 965 2749 quod
985 2709 1138 2738 actuum
1154 2700 1310 2748 quidam
1330 2714 1418 2750 pro-

364 2754 502 2792 cedunt
522 2766 566 2791 ex
589 2755 756 2803 appetitu
776 2754 943 2801 naturali,
965 2754 1120 2802 quidam
1140 2761 1267 2790 autem
1288 2766 1333 2790 ex
1351 2767 1416 2803 ap-

362 2807 480 2856 petitu
500 2807 650 2844 animali
673 2808 735 2844 vel
754 2807 1013 2844 intellectuali:
1042 2819 1156 2844 omne
1178 2806 1279 2843 enim
1304 2819 1418 2854 agens

364 2860 489 2908 aliquo
518 2860 636 2897 modo
657 2859 798 2909 appetit
820 2860 950 2897 finem.
973 2859 1172 2908 Appetitus
1197 2866 1324 2896 autem
1353 2872 1417 2896 na-

364 2913 490 2950 turalis
506 2925 583 2950 non
599 2913 840 2962 consequitur
855 2912 1020 2961 aliquam
1036 2911 1379 2961 apprehensionem
1386 2911 1417 2958 ²¹⁶,

365 2965 459 3002 sicut
478 2966 643 3014 sequitur
662 2965 847 3014 appetitus
866 2965 1038 3003 animalis
1059 2972 1095 3001 et
1114 2965 1371 3002 intellectualis
1386 2964 1416 3002 *.

418 3079 444 3110 α)
463 3082 551 3103 autem
570 3082 631 3103 sunt
650 3082 732 3103 actus.
751 3093 769 3097 —
787 3079 856 3103 enim
874 3082 949 3103 actus
970 3082 1031 3103 sunt
1049 3079 1096 3104 Pa.
1441 3078 1445 3117 Ι

1467 1403 1562 1433 Quodl.
1582 1403 1623 1435 IV,
1643 1411 1686 1436 qu.
1705 1412 1737 1434 x1,
1757 1409 1803 1429 art.
1827 1412 1848 1429 1.

1471 1491 1582 1528 Ratio
1611 1498 1739 1528 autem
1757 1491 1919 1540 imperat
1945 1505 2014 1541 per
2032 1494 2192 1530 modum
2223 1495 2524 1543 apprehensivae

1469 1544 1625 1581 virtutis.
1651 1545 1700 1580 Et
1727 1544 1814 1581 ideo
1843 1554 1947 1582 actus
1974 1546 2024 1582 illi
2052 1546 2116 1594 qui
2143 1547 2355 1595 procedunt
2382 1542 2435 1584 ab⁴
2459 1560 2524 1596 ap-

1470 1596 1588 1645 petitu
1615 1596 1841 1634 intellectivo
1867 1598 1928 1634 vel
1957 1598 2122 1645 animali,
2147 1606 2307 1647 possunt
2330 1612 2352 1636 a
2379 1599 2524 1637 ratione

1470 1649 1666 1698 imperari:
1691 1662 1769 1686 non
1797 1657 1925 1686 autem
1954 1658 2059 1687 actus
2087 1651 2137 1687 illi
2156 1651 2220 1699 qui
2247 1652 2460 1701 procedunt
2479 1664 2524 1691 ex

1471 1702 1638 1751 appetitu
1665 1702 1833 1739 naturali.
1859 1703 2090 1741 Huiusmodi
2119 1711 2246 1741 autem
2268 1712 2355 1742 sunt
2382 1711 2486 1742 actus
2506 1710 2524 1728 ²

1469 1755 1688 1803 vegetabilis
1721 1755 1888 1792 animae:
1922 1756 2026 1793 unde
2059 1757 2264 1804 Gregorius
2286 1757 2484 1806 Nyssenus
2502 1757 2524 1780 ‘¹‘

1471 1808 1559 1845 dicit
1594 1807 1699 1856 quod
1731 1813 1888 1845 vocatur
1923 1809 2096 1846 naturale
2134 1810 2235 1858 quod
2262 1811 2523 1860 generativum

1470 1866 1507 1896 et
1530 1861 1759 1899 nutritivum.
1789 1862 1838 1897 Et
1868 1869 2022 1910 propter
2049 1863 2143 1909 hoc,
2173 1870 2278 1899 actus
2304 1863 2524 1911 vegetabilis

1470 1913 1619 1950 animae
1647 1925 1726 1950 non
1754 1914 1966 1950 subduntur
1992 1915 2151 1964 imperio
2181 1914 2345 1953 rationis.

1523 1967 1582 2002 AD
1601 1977 1738 2008 patmum
1766 1977 1864 2002 ERGO
1884 1978 2068 2004 mcaNDuM
2092 1968 2208 2016 quod,
2230 1975 2372 2016 quanto
2393 1967 2525 2017 aliquis

1471 2025 1574 2054 actus
1595 2025 1650 2055 est
1668 2018 1962 2066 immaterialior‚
1982 2026 2086 2056 tanto
2117 2027 2172 2057 est
2194 2020 2369 2067 nobilior,
2391 2027 2427 2057 et
2444 2033 2525 2058 ma—

1470 2070 1524 2118 gis
1553 2070 1724 2107 subditus
1751 2071 1913 2119 imperio
1938 2072 2102 2108 rationis.
2127 2073 2239 2110 Unde
2268 2084 2313 2110 ex
2340 2074 2415 2110 hoc
2442 2073 2525 2122 ipso

1471 2123 1574 2172 quod
1602 2124 1702 2160 vires
1730 2123 1879 2160 animae
1908 2125 2126 2172 vegetabilis
2152 2137 2230 2162 non
2259 2125 2441 2163 obediunt
2467 2138 2526 2163 ra-

1469 2176 1573 2223 tioni,
1594 2183 1749 2225 apparet
1775 2177 1844 2213 has
1870 2176 1970 2214 vires
1998 2177 2149 2214 infimas
2179 2190 2272 2215 esse.

1523 2230 1582 2266 AD
1610 2241 1798 2266 SECUNDUM
1826 2241 2009 2266 mCENDUM
2038 2231 2143 2278 quod
2175 2230 2379 2267 similitudo
2408 2237 2525 2267 atten-

1472 2281 1569 2318 ditur
1588 2289 1772 2329 quantum
1792 2282 1840 2318 ad
1860 2282 2016 2329 aliquid:
2037 2282 2126 2330 quia
2144 2282 2292 2331 scilicet,
2308 2283 2402 2320 sicut
2420 2283 2525 2319 Deus

1472 2341 1603 2370 movet
1631 2333 1831 2380 mundum,
1861 2333 1910 2371 ita
1938 2334 2066 2371 anima
2093 2342 2226 2372 movet
2253 2347 2404 2384 corpus.
2433 2335 2526 2372 Non

1472 2394 1600 2424 autern
1619 2394 1803 2435 quantum
1823 2386 1871 2424 ad
1891 2386 2040 2424 omnia:
2057 2399 2137 2424 non
2157 2387 2259 2424 enim
2276 2387 2403 2425 anima
2424 2399 2533 2429 creas

1471 2439 1526 2477 vit
1553 2451 1690 2487 corpus
1719 2451 1764 2476 ex
1790 2439 1919 2486 nihilo,
1950 2439 2045 2476 sicut
2071 2441 2176 2477 Deus
2204 2440 2408 2486 mundum3
2438 2452 2524 2489 pro-

1472 2499 1555 2540 pter
1582 2491 1689 2539 quod
1715 2491 1877 2528 totaliter
1903 2492 2074 2529 subditur
2102 2493 2182 2529 eius
2209 2493 2383 2542 imperio.

1526 2546 1585 2580 An
1612 2555 1771 2581 TERTmM
1799 2556 1981 2581 morannum
2018 2546 2122 2593 quod
2149 2545 2267 2582 virtus
2305 2553 2341 2582 et
2365 2544 2524 2594 vitium,

1472 2597 1554 2633 laus
1588 2603 1624 2632 et
1659 2596 1908 2645 vituperium,
1938 2609 2016 2634 non
2044 2597 2229 2634 debentur
2256 2597 2345 2647 ipsis
2382 2597 2526 2636 actibus

1473 2649 1673 2686 nutritivae
1700 2650 1763 2687 vel
1790 2649 2028 2697 generativae
2061 2650 2272 2698 potentiae,
2307 2650 2372 2699 qui
2399 2648 2414 2679 β
2441 2657 2528 2688 sunt

1474 2702 1630 2749 digestio
1660 2709 1695 2738 et
1722 2702 1899 2739 formatio
1935 2702 2104 2750 corporis
2135 2702 2314 2749 humani;
2343 2704 2411 2740 sed
2438 2701 2525 2739 acti-

1473 2755 1544 2791 bus
1572 2754 1770 2791 sensitivae
1798 2755 1912 2803 partis
1940 2755 2120 2792 ordinatis
2139 2756 2188 2792 ad
2216 2763 2321 2792 actus
2344 2754 2526 2803 generati-

1473 2819 1545 2844 vae
1570 2807 1632 2843 vel
1661 2807 1882 2854 nutritivae3
1907 2814 1998 2856 puta
2025 2807 2064 2844 in
2093 2808 2396 2858 concupiscendo
2427 2807 2526 2845 dele-

1475 2859 1678 2896 ctationem
1707 2859 1779 2896 cibi
1800 2867 1835 2897 et
1853 2872 2119 2907 venereorum,
2147 2867 2183 2898 et
2208 2860 2364 2908 utendo,
2394 2873 2526 2899 secun-

1476 2912 1568 2950 dum
1606 2913 1711 2961 quod
1748 2920 1923 2961 oportet,
1956 2913 2017 2950 vel
2053 2925 2132 2950 non
2168 2913 2381 2952 secundum
2422 2913 2527 2962 quod

1477 2972 1635 3013 oportet.

1525 3079 1550 3112 β)
1571 3080 1623 3111 qui.
1641 3093 1660 3098 -
1678 3086 1746 3111 quae
1765 3079 1980 3104 PBCDEFIKLa.

1034 3153 1364 3186 Commentario.
1385 3153 1634 3186 Cardjnalis
1655 3153 1854 3186 Caietam

395 3243 415 3263 u
438 3232 642 3272 responsione
665 3232 706 3262 ad
725 3231 864 3272 primum
884 3232 985 3262 octavi
1007 3232 1139 3268 articuli,
1160 3232 1294 3263 dubium
1309 3242 1419 3263 occur-

369 3245 435 3307 Irit
458 3277 496 3306 de
518 3275 639 3306 ratione
655 3275 809 3316 assignata
831 3275 957 3311 ibidem,
981 3276 1098 3306 scilicet
1114 3277 1202 3316 quod
1224 3281 1342 3317 quanto
1362 3276 1420 3307 ali-

367 3321 436 3361 quis
458 3325 550 3351 actus
572 3325 618 3350 est
642 3320 894 3356 immaterialior,
913 3325 1000 3350 tanto
1025 3325 1070 3350 est
1096 3320 1242 3358 nobilior,
1260 3325 1291 3351 et
1314 3321 1420 3360 magis

367 3364 512 3395 subditur
530 3364 661 3404 imperio
685 3364 826 3394 rationis.
844 3363 1041 3394 Contradicit
1065 3363 1149 3394 enim
1173 3364 1235 3394 hoc
1262 3363 1421 3394 Aristoteli

368 3408 379 3438 I
402 3408 494 3438 Polit.
510 3406 534 3444 *,
552 3414 582 3438 et
603 3407 735 3438 Auctori
757 3407 790 3438 in
814 3407 944 3438 articulo
969 3407 1185 3446 praecedenti,
1211 3414 1241 3438 et
1263 3407 1422 3447 experien-

368 3451 437 3482 tiae.
454 3451 639 3491 Experimur
662 3451 747 3482 enim
774 3451 862 3492 quod
886 3451 1027 3491 corporis
1060 3452 1202 3482 membra
1225 3451 1324 3490 magis
1347 3451 1421 3482 obe-

369 3495 459 3525 diunt
474 3495 595 3532 rationi,
613 3505 709 3536 quam
725 3495 886 3536 passiones
902 3495 1059 3535 appetitus
1079 3495 1227 3526 sensitivi.
1245 3495 1286 3526 Et
1301 3494 1422 3526 dictum

1476 3239 1522 3263 est
1552 3233 1641 3274 quod
1669 3232 1748 3264 ratio
1778 3238 1900 3273 praeest
1929 3231 2082 3272 appetitui
2105 3231 2255 3262 sensitivo
2285 3241 2351 3265 non
2379 3230 2523 3268 totaliter,

1476 3277 1601 3316 corpori
1618 3283 1724 3308 autem
1739 3276 1793 3312 sic,
1814 3283 1871 3307 etc.
1894 3276 1935 3306 Et
1953 3283 2058 3306 tamen
2074 3276 2250 3306 secundum
2265 3275 2346 3306 hanc
2358 3274 2524 3312 rationem,

1475 3320 1636 3359 passiones
1660 3320 1816 3360 appetitus
1840 3319 1986 3356 sensitivi,
2003 3330 2077 3350 curn
2101 3319 2162 3350 sint
2181 3326 2268 3350 actus
2290 3317 2523 3359 spiritualiores,

1477 3364 1624 3395 deberent
1639 3363 1738 3404 magis
1761 3363 1894 3404 imperio
1910 3363 2038 3394 rationis
2060 3363 2152 3394 subdi
2174 3373 2271 3404 quam
2285 3368 2393 3393 motus
2412 3371 2525 3393 manus

1477 3414 1507 3438 et
1531 3408 1627 3447 pedis.

1530 3452 1566 3482 II.
1586 3452 1637 3482 Ad
1652 3451 1713 3482 hoc
1735 3451 1848 3482 dicitur
1867 3451 1955 3491 quod
1971 3451 2148 3482 obedientia
2168 3450 2267 3481 oritur
2286 3459 2322 3480 ex
2342 3449 2526 3490 propinqui-

1477 3501 1549 3526 tate.
1574 3495 1636 3526 Sed
1651 3495 1870 3535 propinquitas
1893 3501 1939 3526 est
1963 3495 2092 3535 duplex:
2108 3493 2324 3526 similitudinis
2347 3493 2471 3530 scilicet,
2495 3500 2526 3524 et

2555 419 2565 430 ⁸
2583 418 2653 439 Num.
2668 424 2692 440 n.

2550 1767 2561 1779 ⁸
2575 1766 2706 1795 Nemesim,
2715 1767 2762 1789 loc.
