2846 4146
127 1567 144 1580 ⁸
154 1565 224 1590 Ἴσι.
237 1572 258 1589 2.

130 1617 142 1628 '¹
154 1615 259 1639 lateran.

124 1769 141 1782 ⁴
154 1768 223 1792 Ven-
236 1775 267 1799 ις.

1039 219 1302 265 QUAESTIO
1333 222 1469 269 LXVI,
1498 223 1791 261 ARTICULUS
1820 226 1868 261 Vl

2456 226 2533 274 437

1176 382 1488 424 ARTICULUS
1518 383 1723 425 SEXTUS

768 479 921 511 UTRUM
945 480 1128 512 CARITAS
1152 482 1217 512 SIT
1241 483 1412 514 MAXIMA
1435 484 1566 514 INTER
1589 484 1803 516 VIRTUTES
1826 485 2135 516 THEOLOGICAS

1267 570 1297 595 ΙΙ·
1314 571 1364 601 ῙῙ“·,
1384 579 1428 604 qu.
1447 579 1521 602 xxm,
1540 577 1586 596 art.
1605 571 1630 597 6.

408 683 468 707 fx}
490 677 601 731 &sn
621 677 762 702 SEXTUM
786 678 838 703 sm
868 678 1104 704 PROCEDlTUR.
1134 667 1292 704 Videtur
1320 669 1423 716 quod

502 716 559 773 &ij
581 718 713 755 caritas
746 731 824 755 non
859 719 903 756 sit
939 720 1104 756 maxima
1141 720 1237 757 inter
1267 721 1424 757 virtutes

418 767 461 825 ‘2'
482 815 501 824 Υ
522 767 824 819 ’(ὼεοίοὲἰεειε.
854 772 955 808 Cum
985 772 1086 809 enim
1114 773 1211 809 fides
1240 773 1285 809 sit
1312 773 1349 809 in
1372 774 1425 809 in-

426 835 437 848 *
459 823 513 849 ''2''
536 814 740 870 Ktellectu,
771 836 857 872 spes
886 832 1012 861 autem
1038 833 1074 861 et
1094 825 1225 862 caritas
1245 826 1282 862 in
1301 825 1340 862 vi
1361 838 1425 873 ap-

278 880 341 904 ⁹³¹“·
367 875 535 924 petitiva,
556 884 597 912 ut
617 889 731 927 supra
744 876 764 898 '¹‘
784 877 926 914 dictum
947 885 1019 923 est3
1038 878 1190 914 videtur
1204 878 1309 925 quod
1328 878 1425 914 fides

370 937 612 977 comparetur
631 935 648 950 α
676 930 724 966 ad
753 942 861 978 spem
891 937 927 966 et
955 930 1160 976 caritatem,
1190 930 1285 966 sicut
1307 931 1425 967 virtus

367 981 622 1019 intellectualis
641 982 690 1018 ad
710 983 907 1019 moralem.
936 983 1013 1019 Sed
1032 983 1150 1019 virtus
1170 983 1426 1020 intellectualis

370 1042 425 1071 est
452 1034 576 1071 maior
603 1035 748 1081 morali,
768 1043 809 1071 ut
829 1047 874 1071 ex
895 1034 999 1072 dictis
1018 1035 1038 1057 ’¹‘
1064 1043 1177 1084 patet.
1208 1037 1309 1083 Ergo
1329 1037 1425 1073 fides

371 1094 427 1124 est
454 1087 579 1124 maior
606 1099 674 1136 spe
705 1095 740 1124 et
768 1088 929 1124 caritate.

424 1151 457 1176 2.
479 1141 712 1187 PRAETEREA,
739 1141 844 1189 quod
873 1152 912 1176 se
941 1141 1056 1177 habet
1084 1153 1128 1177 ex
1157 1141 1347 1178 additione
1377 1142 1425 1178 ad

370 1192 484 1240 aliud,
513 1193 664 1230 videtur
692 1205 774 1229 esse
803 1193 927 1229 maius
956 1205 1015 1230 eo.
1047 1194 1122 1230 Sed
1143 1206 1241 1242 spes,
1262 1202 1303 1230 ut
1321 1194 1426 1231 vide-

369 1253 440 1292 tur,
461 1258 502 1282 se
522 1246 636 1282 habet
660 1258 704 1281 ex
725 1245 917 1282 additione
937 1246 983 1282 ad
1005 1245 1216 1283 caritatem:
1247 1259 1426 1295 praesup-

367 1298 477 1346 ponit
505 1298 606 1334 enim
635 1310 721 1346 spes
749 1310 934 1343 amorem,
964 1305 1004 1334 ut
1030 1299 1261 1346 Augustinus
1282 1299 1369 1335 dicit
1388 1300 1426 1335 in

367 1351 561 1389 Enchirid.
576 1350 611 1395 ’¹‘;
640 1350 744 1387 addit
771 1358 899 1386 autem
920 1349 934 1379 β
953 1351 1146 1398 quendam
1171 1359 1319 1388 motum
1339 1364 1426 1400 pro—

367 1402 550 1443 tensionis
576 1403 614 1441 in
647 1414 727 1439 rem
766 1409 945 1439 amatam.
976 1403 1077 1450 Ergo
1106 1415 1192 1451 spes
1221 1411 1277 1440 est
1304 1404 1428 1440 maior

369 1455 533 1492 caritate.

423 1508 458 1545 3.
474 1508 707 1553 PRAETEREA,
725 1518 840 1542 causa
856 1514 911 1543 est
927 1506 1053 1554 potior
1073 1507 1222 1543 effectu.
1240 1508 1317 1544 Sed
1331 1509 1427 1546 fides

369 1567 407 1597 et
426 1572 512 1610 spes
532 1567 619 1597 sunt
634 1571 749 1596 causa
764 1559 942 1596 caritatis:
964 1558 1099 1596 dicitur
1114 1559 1214 1596 enim
1231 1561 1425 1608 Matth.1*‚

368 1612 408 1651 in
431 1613 567 1651 Glossa
584 1613 623 1660 *,
649 1612 753 1662 quod
768 1612 870 1660 fides
895 1618 1054 1662 generat
1076 1624 1190 1661 spem,
1211 1618 1247 1649 et
1265 1625 1348 1661 spes
1366 1626 1427 1651 ca-

368 1666 527 1704 ritatem.
552 1667 654 1714 Ergo
674 1665 771 1702 fides
797 1673 832 1702 et
851 1677 937 1714 spes
961 1673 1048 1702 sunt
1075 1665 1238 1702 maiores
1264 1666 1426 1704 caritate.

422 1719 497 1756 SED
530 1730 677 1756 CONTRA
708 1730 774 1755 EST
807 1718 911 1767 quod
938 1719 1146 1767 Apostolus
1183 1718 1291 1766 dicit,
1327 1720 1341 1756 I
1378 1721 1430 1757 ad

373 1771 460 1808 Cor.
481 1773 596 1809 xi11*:
624 1772 742 1809 Nunc
769 1777 893 1808 autem
923 1777 1078 1808 manent
1091 1772 1208 1819 fides,
1237 1783 1336 1820 spes,
1366 1784 1428 1809 ca-

367 1824 471 1870 ritas,
500 1825 573 1861 tria
599 1825 713 1868 haec‚·
739 1825 865 1861 maior
891 1822 1015 1861 autem
1035 1825 1171 1861 horum
1199 1831 1254 1861 est
1277 1825 1426 1863 caritas.

420 1878 646 1914 RssspoNnEo
666 1889 851 1915 mcaNDUM
870 1877 986 1927 quod,
1003 1877 1098 1914 sicut
1117 1890 1231 1926 supra
1245 1877 1265 1899 *
1285 1878 1427 1916 dictum

368 1937 436 1978 est,
465 1930 688 1978 magnitudo
715 1930 861 1968 virtutis
880 1930 1091 1968 secundum
1117 1943 1226 1968 suam
1247 1931 1426 1980 speciem,

368 1983 629 2021 consideratur
654 1995 698 2020 ex
718 1983 881 2020 obiecto.
908 1984 1011 2030 ,Cum
1031 1991 1158 2020 autem
1178 1992 1252 2021 tres
1270 1984 1427 2022 virtutes

366 2036 602 2085 theologicae
622 2036 822 2085 respiciant
845 2037 972 2074 Deum
993 2036 1088 2073 sicut
1105 2037 1304 2086 proprium
1324 2037 1428 2075 obie-

369 2096 486 2138 etum,
514 2101 593 2127 non
620 2097 746 2139 potest
769 2102 846 2127 una
865 2102 996 2127 earum
1017 2090 1087 2127 dici
1106 2090 1229 2127 maior
1248 2090 1363 2128 altera
1383 2103 1428 2129 ex

367 2143 443 2180 hoc
470 2142 575 2193 quod
604 2142 650 2179 sit
682 2142 781 2180 circa
812 2142 936 2180 maius
968 2143 1181 2189 obiectum;
1211 2143 1279 2181 sed
1307 2156 1352 2182 ex
1381 2157 1427 2182 eo

369 2195 473 2245 quod
487 2207 565 2232 una
579 2207 619 2232 se
634 2195 749 2233 habet
761 2195 1012 2245 propinquius
1030 2196 1079 2234 ad
1099 2196 1291 2234 obiectum
1309 2209 1426 2245 quam

368 2248 451 2287 alia:
481 2249 530 2286 Et
557 2249 632 2286 hoc
659 2248 778 2286 modo
807 2249 940 2286 caritas
969 2257 1024 2286 est
1052 2249 1175 2287 maior
1201 2250 1293 2287 aliis.
1322 2251 1426 2289 Nam

367 2301 464 2340 aliae
482 2302 690 2351 important
707 2301 747 2340 in
765 2302 824 2339 sui
838 2301 984 2340 ratione
999 2303 1192 2351 quandam
1211 2302 1426 2342 distantiam

368 2355 417 2393 ab
447 2354 618 2393 obiecto:
654 2362 710 2392 est
744 2354 845 2392 enim
878 2355 974 2394 fides
1008 2355 1055 2393 de
1090 2368 1168 2393 non
1197 2356 1309 2404 visis,
1339 2369 1426 2406 spes

367 2415 498 2455 autem
518 2407 565 2445 de
583 2419 663 2446 non
686 2407 834 2446 habitis.
866 2408 942 2447 Sed
971 2421 1079 2446 amor
1106 2408 1266 2447 caritatis
1294 2417 1351 2447 est
1378 2410 1426 2453 de

369 2473 415 2499 eo
449 2460 555 2509 quod
586 2459 663 2498 iarn
695 2461 875 2498 habetur:
906 2469 961 2499 est
992 2461 1094 2498 enim
1128 2469 1297 2500 amatum
1332 2475 1427 2510 quo-

369 2513 580 2553 dammodo
609 2513 648 2550 in
676 2521 840 2560 amante,
870 2521 906 2550 et
933 2513 1045 2551 etiam
1079 2526 1212 2551 amans
1238 2526 1308 2563 per
1335 2515 1426 2551 affe-

368 2574 472 2605 ctum
499 2565 657 2604 trahitur
684 2566 733 2604 ad
760 2565 943 2605 unionem
972 2566 1104 2613 amati;
1132 2573 1290 2615 propter
1321 2567 1427 2614 quod

421 2697 450 2732 α)
467 2700 646 2729 comparetur.
657 2711 676 2715 -
693 2697 813 2728 sequitur
831 2696 925 2728 ADpB,
943 2696 1113 2728 consequitur
1131 2697 1216 2721 ceteri.

422 2732 447 2767 β)
466 2736 563 2758 autem.
575 2746 594 2752 -
605 2732 674 2757 enim
690 2732 736 2763 Pa,
751 2739 815 2764 ergo
834 2731 884 2762 EF,
904 2734 991 2756 tamen
1012 2731 1041 2756 L.
1053 2745 1072 2750 -
1090 2732 1139 2756 Pro
1153 2732 1342 2764 protensionis,
1356 2740 1423 2765 pro-

366 2768 490 2794 rectionis
508 2767 683 2800 ACGILpBH,
697 2767 875 2799 processionis
894 2766 982 2791 EFsB.

419 2803 448 2837 γ)
467 2803 613 2829 habent...
630 2802 676 2827 ad.
689 2816 708 2823 -
725 2802 803 2827 habet
813 2802 885 2834 fides
903 2801 940 2826 ad
957 2808 1030 2834 spem
1049 2804 1075 2826 et
1093 2802 1152 2827 edd.
1166 2802 1276 2835 aliquae.

1478 668 1611 705 dicitur
1630 671 1643 705 I
1665 671 1766 706 Ioan.
1790 682 1824 706 1v
1842 669 1877 706 *ι
1911 671 1985 712 Qui
2007 676 2131 707 manet
2150 671 2186 707 in
2207 671 2371 716 caritate,
2393 673 2429 708 in
2449 673 2531 708 Deo

1478 727 1613 767 manet,
1636 727 1677 758 et
1702 723 1805 758 Deus
1833 723 1869 759 in
1898 735 1953 759 eo.

1529 776 1588 810 AD
1609 786 1744 811 PRlMUM
1764 786 1861 811 ERGO
1887 787 2070 813 DICENDUM
2098 776 2201 824 quod
2221 788 2299 812 non
2318 777 2393 812 hoc
2412 776 2530 813 modo

1478 838 1518 862 se
1546 827 1686 863 habent
1712 827 1808 864 fides
1829 835 1864 863 et
1883 840 1969 876 spes
1989 828 2038 865 ad
2058 828 2249 865 caritatem
2269 834 2296 875 Υ,
2322 829 2417 865 sicut
2443 841 2532 877 pru-

1479 878 1604 914 dentia
1623 880 1670 915 ad
1694 879 1871 916 virtutem
1891 881 2087 917 moralem.
2109 882 2157 917 Et
2174 881 2250 917 hoc
2268 888 2423 930 propter
2442 881 2530 918 duo.

1479 930 1607 967 Primo
1636 931 1803 979 quidem,
1833 933 1921 980 quia
1948 933 2104 970 virtutes
2132 933 2367 981 theologicae
2391 934 2533 970 habent

1479 983 1670 1020 obiectum
1689 986 1794 1031 quod
1815 992 1869 1021 est
1888 997 2002 1033 supra
2021 986 2190 1022 animam
2209 987 2438 1023 humanam:
2465 987 2532 1023 sed

1478 1036 1677 1083 prudentia
1706 1044 1742 1072 et
1768 1036 1924 1073 virtutes
1953 1039 2116 1074 morales
2135 1046 2222 1075 sunt
2246 1039 2343 1075 circa
2368 1051 2411 1075 ea
2433 1051 2531 1086 quae

1478 1096 1565 1125 sunt
1583 1088 1678 1125 infra
1695 1089 1906 1126 hominem.
1937 1091 1978 1126 In
2006 1091 2064 1126 his
2093 1098 2219 1127 autem
2249 1103 2345 1139 quae
2366 1099 2452 1128 sunt
2471 1104 2532 1128 su-

1478 1154 1546 1189 pra
1565 1141 1773 1188 hominem,
1795 1142 1957 1178 nobilior
1976 1151 2031 1179 est
2050 1143 2197 1180 dilectio
2219 1155 2335 1190 quam
2356 1144 2530 1191 cognitio.

1480 1194 1676 1230 Perficitur
1703 1194 1805 1230 enirn
1825 1195 2000 1242 cognitio,
2021 1196 2231 1232 secundum
2252 1196 2355 1244 quod
2385 1196 2532 1243 cognita

1479 1254 1566 1282 sunt
1579 1246 1617 1282 in
1633 1254 1901 1294 cognoscente:
1919 1247 2065 1284 dilectio
2080 1260 2186 1294 ver0,
2203 1250 2413 1285 secundum
2429 1249 2532 1297 quod

1481 1298 1636 1346 diligens
1655 1299 1812 1335 trahitur
1831 1300 1880 1336 ad
1895 1312 1975 1336 rem
1993 1300 2166 1337 dilectam
2177 1300 2207 1337 ²¹⁶.
2229 1302 2270 1337 Id
2286 1309 2413 1337 autem
2428 1301 2532 1349 quod

1481 1358 1536 1387 est
1558 1364 1671 1399 supra
1699 1352 1907 1399 hominem,
1930 1353 2090 1389 nobilius
2114 1360 2169 1389 est
2197 1353 2235 1390 in
2263 1354 2387 1402 seipso
2416 1366 2532 1402 quam

1479 1402 1524 1439 sit
1552 1403 1590 1440 in
1617 1403 1795 1440 homine:
1826 1405 1914 1453 quia
1937 1405 2240 1454 unumquodque
2269 1413 2324 1442 est
2350 1405 2389 1443 in
2416 1407 2532 1444 altero

1479 1467 1548 1503 per
1574 1457 1734 1493 modum
1764 1457 1843 1492 eius
1872 1457 1909 1493 in
1937 1469 2015 1504 quo
2044 1465 2110 1494 est.
2140 1459 2172 1494 E
2199 1470 2383 1495 converso
2405 1466 2532 1496 autem

1481 1515 1536 1544 est
1564 1508 1600 1544 in
1626 1508 1682 1544 his
1707 1521 1805 1556 quae
1835 1517 1920 1546 sunt
1947 1510 2041 1546 infra
2068 1510 2274 1548 hominem.
2296 1532 2319 1538 —
2341 1512 2532 1559 Secundo,

1481 1560 1570 1608 quia
1603 1561 1803 1608 prudentia
1831 1563 2049 1598 moderatur
2080 1571 2206 1599 motus
2234 1563 2457 1612 appetitivos
2486 1563 2535 1602 ad

1481 1613 1644 1649 morales
1672 1613 1830 1650 virtutes
1856 1614 2102 1662 pertinentes:
2133 1616 2199 1652 sed
2227 1616 2324 1652 fides
2348 1628 2426 1652 non
2453 1628 2534 1652 mo-

1481 1666 1632 1702 deratur
1651 1673 1798 1702 motum
1817 1666 2066 1714 appetitivum
2085 1668 2302 1704 tendentem
2331 1668 2369 1704 in
2394 1670 2534 1716 Deum,

1481 1718 1546 1766 qui
1573 1718 1734 1766 pertinet
1765 1719 1813 1755 ad
1845 1718 2000 1755 virtutes
2032 1719 2281 1767 theologicas3
2311 1720 2378 1757 sed
2411 1722 2534 1757 solum

1481 1771 1646 1808 ostendit
1674 1771 1878 1807 obiectum.
1909 1772 2038 1808 Motus
2066 1779 2192 1809 autem
2222 1771 2477 1821 appetitivus⁸
2497 1773 2534 1810 in

1481 1824 1684 1870 obiectum,
1707 1824 1851 1861 excedit
1871 1824 2125 1871 cognitionem
2144 1826 2375 1871 humanam3
2404 1838 2536 1863 secun-

1481 1878 1573 1914 dum
1602 1877 1693 1914 illud
1718 1878 1769 1914 ad
1794 1878 1929 1925 Ephes.
1947 1889 1981 1914 111
1997 1877 2032 1914 *t
2060 1878 2392 1926 supereminentem
2419 1879 2535 1916 scien-
2560 1887 2569 1896 ·

1480 1931 1553 1968 tiae
1579 1930 1772 1968 caritatem
1806 1931 1952 1967 Christi.

1533 1985 1591 2021 An
1620 1995 1809 2020 SECUNDUM
1832 1995 2015 2021 DICENDUM
2035 1984 2139 2032 quod
2159 1997 2244 2033 spes
2263 1986 2537 2034 praesupponit

1480 2048 1653 2074 amorem
1682 2036 1762 2073 eius
1781 2036 1886 2086 quod
1906 2037 1989 2086 quis
2009 2036 2165 2086 adipisci
2183 2050 2224 2074 se
2239 2046 2374 2086 sperat,
2396 2038 2461 2086 qui
2480 2046 2536 2076 est

1480 2103 1590 2128 arnor
1618 2089 1960 2139 concupiscentiae:
1990 2102 2066 2138 quo
2087 2090 2242 2138 quidem
2262 2103 2394 2128 amore
2413 2092 2535 2140 magis

1480 2157 1520 2181 se
1548 2151 1652 2181 amat
1678 2143 1744 2192 qui
1762 2148 1774 2164 ²
1804 2143 2035 2192 concupiscit
2062 2143 2220 2191 bonum,
2250 2156 2366 2192 quam
2394 2144 2535 2194 aliquid

1480 2197 1592 2234 aliud.
1623 2196 1768 2234 Caritas
1796 2203 1923 2232 autem
1947 2196 2126 2244 importat
2145 2208 2316 2234 amorem
2337 2197 2535 2246 amicitiae,

1480 2251 1528 2288 ad
1557 2262 1672 2299 quam
1690 2249 1910 2298 pervenitur
1928 2261 1995 2298 spe
2014 2248 2038 2296 ἶ,
2067 2257 2240 2298 utsupra
2257 2249 2278 2271 '¹‘
2306 2249 2447 2286 dictum
2469 2258 2534 2288 est.
2561 2279 2570 2287 .

1533 2305 1591 2340 An
1609 2314 1768 2339 TERTmM
1793 2313 1976 2339 memnon
1996 2302 2100 2351 quod
2122 2314 2234 2339 causa
2261 2303 2461 2351 perficiens
2481 2300 2537 2340 est

1479 2356 1605 2406 potior
1633 2355 1790 2392 effectu:
1820 2366 1899 2392 non
1927 2362 2055 2391 autem
2085 2367 2199 2392 causa
2227 2355 2444 2404 disponens.
2474 2356 2537 2395 Sic

1481 2409 1583 2446 enim
1612 2409 1714 2445 calor
1746 2407 1841 2456 ignis
1875 2415 1973 2444 esset
2002 2407 2128 2456 potior
2159 2419 2276 2457 quam
2310 2408 2457 2456 anima,
2487 2408 2536 2446 ad

1480 2474 1596 2511 quam
1616 2461 1782 2509 disponit
1799 2460 2019 2497 materiam:
2044 2461 2148 2508 quod
2162 2467 2266 2509 patet
2286 2473 2368 2497 esse
2386 2461 2534 2499 falsum.

1481 2515 1543 2551 Sic
1570 2521 1698 2550 autem
1726 2513 1823 2549 fides
1842 2520 1995 2560 generat
2014 2525 2133 2562 spem,
2156 2520 2191 2549 et
2210 2525 2296 2561 spes
2321 2513 2534 2551 caritatem:

1480 2566 1692 2603 secundum
1721 2564 1860 2602 scilicet
1887 2564 1993 2612 quod
2010 2562 2087 2602 una
2115 2565 2280 2617 disponit
2297 2565 2346 2603 ad
2365 2566 2533 2605 alteram.

1532 2696 1557 2730 ὃ)
1577 2696 1776 2730 αρρετίτίνιιε.-
1793 2696 1927 2728 appetitus
1945 2696 2057 2721 codices.

1531 2740 1541 2756 ε
1575 2732 1627 2764 qui.
1645 2745 1663 2750 —
1681 2731 1724 2756 cui
1741 2731 1960 2756 ABCEFGHlLa.

1575 2774 1629 2798 spe.
1645 2780 1666 2786 -
1678 2774 1730 2798 per
1747 2773 1818 2798 spem
1838 2766 1938 2791 codices
1958 2771 1983 2791 et
2001 2774 2027 2791 α.

1038 2888 1368 2924 Commenta-ia
1390 2871 1639 2923 cardinalis
1661 2888 1859 2927 Caietam·

424 2978 460 3009 In
483 2978 616 3010 articulo
640 2985 726 3009 sexto
750 2978 892 3008 eiusdem
915 2977 1227 3018 sexagesimaesextae
1250 2976 1453 3018 quaestionis,
1471 2976 1550 3007 nihil
1572 2976 1771 3007 scribendum
1793 2976 1940 3013 occurrit,
1963 2976 2023 3007 nisi
2045 2976 2134 3017 quod
2154 2976 2262 3007 omniu
2286 2977 2424 3008 notanda
2449 2983 2534 3008 sunt.

2558 684 2569 694 '
2583 683 2651 706 Vers.
2664 684 2697 706 16.

2560 1311 2569 1319 '
2584 1310 2613 1331 D.
2627 1315 2674 1331 222.
