2852 4152
114 692 123 702 ”
138 691 195 719 cap.
210 698 264 713 xxv.

347 242 397 288 46
1037 226 1302 289 QUAESTIO
1332 243 1398 289 IV,
1428 242 1722 279 ARTICULUS
1751 241 1836 277 v111

350 374 389 411 in
418 375 596 423 operibus
623 375 724 412 vitae
754 375 1082 423 contemplativae.

405 427 483 464 Sed
510 428 540 464 si
563 429 766 476 loquamur
794 428 840 464 de
869 428 1034 476 perfecta
1063 425 1290 462 beatitudine
1310 435 1407 471 quae

351 479 420 516 erit
447 480 484 517 in
512 480 643 529 patria,
678 492 757 517 non
785 480 983 528 requiritur
1011 479 1170 515 societas
1198 476 1408 513 amicorum

352 532 399 568 de
419 533 639 570 necessitate
659 534 706 570 ad
726 532 1019 569 beatitudinem:
1050 530 1138 578 quia
1155 531 1274 566 homo
1294 529 1409 565 habet

350 592 468 622 totam
486 585 758 634 plenitudinem
779 597 869 621 suae
889 582 1126 633 perfectionis
1146 582 1184 618 in
1203 583 1300 618 Deo.
1331 582 1407 617 Sed

351 637 400 675 ad
419 638 516 675 bene
537 651 618 675 esse
638 637 878 674 beatitudinis
897 636 984 672 facit
1003 635 1161 672 societas
1181 634 1406 671 amicorum.

351 690 461 727 Unde
490 691 719 738 Augustinus
748 690 846 736 dicit,
866 690 952 725 VIII
977 700 1089 736 super
1120 688 1211 724 Gen.
1228 687 1279 723 ad
1296 687 1358 723 litt.
1375 687 1406 734 ³¹⁸,

352 743 457 791 quod
486 749 659 779 creatura
686 742 898 791 spiritualis,
927 741 979 777 ad
1003 742 1074 776 hoc
1093 740 1193 789 quod
1216 740 1324 776 beata
1350 740 1407 785 sit,

351 807 425 832 non
455 796 526 832 nisi
544 796 761 832 intrinsecus
780 794 981 831 adiuvatur
999 793 1226 839 aeternitate,
1241 793 1406 839 veritate,

351 848 505 885 caritate
537 848 734 884 Creatoris.
763 847 1007 883 Extrinsecus
1034 858 1145 891 vero,
1174 846 1208 882 si
1233 846 1411 882 adiuvari

350 901 506 937 dicenda
534 906 588 937 est
595 929 605 946 ,
624 902 793 948 fortasse
819 900 890 936 hoc
916 899 995 935 solo
1015 904 1030 927 Υ
1058 899 1279 944 adiuvatur,
1309 899 1410 946 quod

350 954 508 990 invicem
544 954 687 999 vident,
721 958 756 988 et
786 952 831 988 de
862 963 931 988 sua
967 952 1140 988 societate
1171 951 1340 1001 gaudent
1369 951 1406 987 in

348 1007 443 1042 Deo.

401 1060 460 1094 An
499 1069 636 1094 PRIMUM
672 1068 770 1094 ERGO
808 1068 992 1094 mcENDuM
1030 1056 1134 1104 quod
1163 1055 1281 1103 gloria
1309 1053 1406 1103 quae

293 319 296 322 ’
351 321 575 369 amicorum,
595 330 674 359 tam
702 322 741 359 in
769 322 947 371 operibus
974 322 1072 359 vitae
1101 321 1260 368 activae,
1291 332 1407 369 quarn
1463 327 1517 357 est
1545 319 1747 357 essentialis
1775 318 2007 366 beatitudini,
2029 325 2084 355 est
2112 330 2228 367 quarn
2256 319 2371 356 habet
2399 319 2517 355 homo

1461 385 1540 409 non
1568 372 1669 421 apud
1695 371 1907 418 hominem,
1927 372 1996 409 sed
2023 371 2126 420 apud
2154 373 2281 408 Deum
2301 371 2332 408 ²¹⁶.

1514 427 1572 461 AD
1600 435 1790 461 SECUNDUM
1818 435 2001 461 mCENDuM
2029 424 2134 472 quod
2151 424 2316 461 verbum
2344 423 2434 461 illud
2463 423 2516 460 in-

1461 477 1645 524 telligitur,
1667 475 1820 524 quando
1849 475 1887 513 in
1916 488 1961 512 eo
1982 477 2086 514 bono
2115 477 2218 526 quod
2247 477 2418 523 habetur,
2440 488 2518 512 non

1463 536 1518 565 est
1544 530 1657 577 plena
1685 528 1918 566 sufficientia.
1940 529 2056 576 Quod
2075 529 2114 566 in
2132 529 2327 578 proposito
2349 529 2421 566 dici
2441 540 2520 565 non

1461 589 1606 630 potest:
1628 580 1717 628 quia
1737 581 1861 618 omnis
1880 581 1970 618 boni
1990 582 2253 619 sufficientiam
2272 582 2388 618 habet
2401 582 2518 618 homo

1461 633 1500 670 in
1528 634 1625 670 Deo.

1514 688 1573 722 AD
1601 697 1760 722 TERTwM
1787 697 1972 723 mcennum
2008 686 2114 734 quod
2150 686 2330 735 perfectio
2360 685 2520 723 caritatis

2548 374 2555 382 ¹
2573 372 2609 394 cf.
2625 372 2757 395 Commeat.

2547 398 2620 420 Caiet.
2627 404 2705 426 supra,
2715 402 2756 421 nrt.

2546 432 2566 453 5,
2578 431 2600 447 n.
2608 431 2640 447 iv.

1463 746 1518 775 est
1538 737 1741 775 essentialis
1761 738 1981 775 beatitudini
2001 746 2184 787 quantum
2203 740 2253 776 ad
2279 739 2521 776 dilectionem
2546 758 2549 759 ν

1462 791 1545 838 Dei,
1567 803 1645 828 non
1664 797 1792 827 autem
1812 798 1997 838 quantum
2016 790 2070 828 ad
2087 791 2326 829 dilectionem
2345 790 2518 840 proximi.

1461 844 1572 881 Unde
1601 843 1631 880 si
1660 850 1758 888 esset
1775 855 1853 879 una
1880 843 1961 879 sola
1989 843 2117 880 anima
2135 845 2263 881 fruens
2290 846 2389 892 Deo,
2409 844 2520 880 beata

1463 905 1570 943 esset,
1601 909 1679 933 non
1699 897 1843 933 habens
1861 895 2079 945 proximum
2099 908 2215 944 quem
2235 897 2413 945 diligeret.
2445 895 2521 933 Sed

1462 949 1657 998 supposito
1686 949 1873 997 proximo,
1894 948 2063 997 sequitur
2091 948 2239 986 dilectio
2266 949 2346 986 eius
2374 961 2419 986 ex
2436 961 2522 997 per-

1461 1002 1559 1038 fecta
1596 1001 1792 1038 dilectione
1825 1001 1909 1038 Dei.
1939 1001 2050 1039 Unde
2079 1001 2187 1048 quasi
2223 1002 2522 1039 concomitanter

1462 1067 1502 1091 se
1530 1054 1646 1090 habet
1672 1054 1835 1090 amicitia
1863 1054 1912 1091 ad
1940 1054 2211 1091 beatitudinem
2240 1055 2458 1103 perfectam.
2512 1056 2515 1058 ’

401 1189 427 1222 γ)
441 1189 562 1226 sortasse
580 1188 628 1213 hoc
646 1189 710 1213 solo.
725 1189 868 1221 —sortasse
880 1187 936 1212 solo
950 1186 1159 1218 ABCDGHLpE,
1173 1185 1293 1218 fortasse
1307 1185 1325 1214 1,
1339 1191 1369 1209 eo
1382 1184 1502 1218 sortasse
1515 1185 1571 1209 solo
1589 1184 1621 1209 K.
1633 1198 1652 1203 -
1667 1184 1716 1208 Pro
1731 1184 1854 1214 invicem,
1869 1191 1897 1209 se
1910 1184 2019 1209 invicem
2033 1184 2061 1214 P,
2076 1183 2186 1209 invicem
2200 1190 2228 1208 se
2241 1183 2319 1215 K;,1'n
2335 1184 2394 1209 Deo
2405 1191 2460 1209 om.
2478 1184 2524 1209 Pa.
