2846 4146
100 1757 117 1770 ⁴
130 1756 198 1780 Vm.
207 1757 232 1785 8,
241 1763 265 1786 9.

102 2135 116 2145 ⁶
131 2133 189 2163 Gap.
202 2139 239 2162 vr,
254 2140 277 2157 n.
291 2140 316 2162 4.

1006 218 1271 269 QUAESTIO
1301 224 1455 269 LXVII,
1485 224 1779 262 ARTICULUS
1810 227 1840 261 11

2427 225 2504 273 439

396 301 455 336 An
482 311 642 336 mnrium
678 311 861 337 DICENDUM
895 303 999 350 quod
1034 309 1149 338 status
1181 309 1268 349 post
1300 303 1398 338 hanc
1422 300 1426 353 l
1450 309 1536 338 actu
1562 302 1600 338 in
1627 302 1765 349 anima,
1795 303 1863 340 sed
1891 303 2013 340 solum
2040 303 2247 341 radicaliter
2274 303 2312 340 in
2342 303 2502 340 essentia

342 352 462 389 vitam
490 359 546 388 est
573 352 729 401 duplex:
759 365 857 389 unus
880 354 1036 401 quidem
1055 362 1141 391 ante
1162 354 1399 391 resurrectio-

342 416 442 451 nem,
473 405 627 453 quando
655 405 804 442 animae
833 414 942 443 erunt
960 419 982 443 a
1003 407 1224 455 corporibus
1250 419 1399 455 separa-

342 464 423 503 tae;
444 457 539 494 alius
553 465 681 494 autem
700 466 787 506 post
802 459 1128 505 resurrectionem,
1150 460 1304 507 quando
1321 460 1398 496 ani-

342 521 430 546 mae
458 509 590 546 iterato
611 510 833 558 corporibus
853 512 929 548 suis
948 512 1136 550 unientur.
1166 514 1208 549 In
1226 513 1288 548 illo
1310 525 1398 560 ergo

343 562 626 599 resurrectionis
646 570 754 609 statu,
781 572 890 601 erunt
906 564 1006 601 vires
1029 565 1262 601 irrationales
1282 565 1319 601 in
1340 577 1398 601 or-

342 615 449 662 ganis
477 615 658 663 eorporis,
687 615 782 653 sicut
809 625 845 653 et
872 630 974 654 nunc
992 625 1080 654 sunt
1098 623 1117 654 ².
1147 618 1257 655 Unde
1278 625 1314 654 et
1331 630 1399 666 po-

342 667 426 704 terit
445 667 482 704 in
500 667 674 704 irascibili
695 681 776 705 esse
792 670 982 717 fortitudo,
1005 678 1040 706 et
1057 670 1097 707 in
1117 670 1400 718 concupiscibili

342 720 613 768 temperantia:
642 721 867 769 inquantum
886 731 1044 771 utraque
1063 723 1121 759 vis
1146 723 1309 771 perfecte
1331 723 1399 759 erit

344 772 524 821 disposita
557 774 605 810 ad
634 774 893 812 obediendum
922 776 1065 812 rationi.
1085 797 1108 803 -
1131 776 1207 812 Sed
1235 775 1272 812 in
1302 783 1398 812 statu

343 833 429 862 ante
449 827 774 875 resurrectionem,
794 836 918 876 partes
938 828 1169 864 irrationales
1189 840 1267 865 non
1291 836 1399 865 erunt

397 943 415 978 ι)
436 947 462 969 et
481 951 549 969 nunc
567 949 637 970 sunt.
649 959 668 964 —
685 949 747 970 sunt
767 953 835 970 nunc
853 946 904 976 EF,
924 949 949 971 et
968 953 1036 971 nunc
1056 946 1139 970 ceteri.

1451 354 1567 402 ipsius
1590 355 1626 402 ³⁸,
1654 363 1695 391 ut
1722 355 1759 392 in
1788 356 1917 392 Primo
1942 355 1983 377 *³⁸²
2012 356 2153 393 dictum
2188 364 2254 393 est.
2289 356 2399 393 Unde
2432 368 2502 392 nec

1451 407 1669 444 huiusmodi
1695 408 1850 444 virtutes
1879 415 1987 445 erunt
2013 408 2051 444 in
2080 416 2165 445 actu
2192 409 2262 445 nisi
2289 409 2327 445 in
2355 408 2500 455 radice,

1451 460 1589 497 scilicet
1615 460 1653 497 in
1683 460 1824 496 ratione
1850 468 1885 497 et
1902 461 2108 506 voluntate,
2130 461 2168 497 in
2186 461 2322 510 quibus
2342 469 2428 497 sunt
2446 473 2502 497 se-

1451 512 1602 549 minalia
1625 519 1642 534 “
1669 513 1859 560 quaedam
1896 514 2031 549 harum
2058 513 2256 560 virtutum,
2285 521 2326 549 ut
2361 513 2502 550 dictum

1452 573 1506 601 est
1527 565 1559 602 ³⁸.
1590 565 1665 602 Sed
1693 565 1841 612 iustitia,
1871 578 1967 614 quae
1997 573 2052 602 est
2077 565 2116 602 in
2142 567 2356 612 voluntate,
2390 565 2502 602 etiam

2531 366 2540 374 “
2554 364 2583 386 D.
2598 364 2643 390 ¹84.

2529 390 2601 438 {Qu
2608 396 2690 418 mvn,
2698 395 2742 413 art.

2627 521 2641 537 κ

2531 573 2540 582 ·
2556 572 2604 599 Qu.
2618 577 2682 599 mn,
2697 576 2739 594 m.

2530 604 2537 619 ι

1451 625 1536 654 actu
1564 618 1785 655 remanebit.
1823 618 1935 655 Unde
1968 618 2176 666 specialiter
2207 619 2255 655 de
2284 630 2328 654 ea
2362 618 2502 654 dictum
2539 614 2545 619 '

1453 678 1507 706 est
1529 670 1549 692 ²¹²
1576 671 1682 718 quod
1715 678 1770 707 est
1791 677 1973 719 perpetua
2001 677 2036 708 et
2070 671 2312 707 immortalis:
2338 677 2419 706 tum
2448 682 2504 706 ra-

1451 723 1551 759 tione
1584 723 1761 769 subiecti,
1792 723 1879 772 quia
1906 725 2081 760 voluntas
2110 722 2399 771 incorruptibilis
2429 730 2503 767 est;

1451 783 1532 864 tium
1561 775 1674 812 etiam
1701 784 1856 824 propter
1875 776 2154 813 similitudinem
2175 783 2290 822 actus,
2311 782 2352 812 ut
2370 774 2471 823 prius
2485 774 2506 796 ’¹‘

1479 835 1594 864 1ctum
1624 835 1689 864 est.

1508 946 1533 979 κ)
1553 946 1700 970 seminalia.
1714 959 1732 964 -
1750 946 1893 971 seminaria
1913 946 1931 970 Ρ

1016 1024 1343 1057 Commentaria
1366 1023 1613 1056 Cardinalis
1635 1023 1832 1055 Caietam

345 1113 393 1175 In
416 1103 520 1144 primo
548 1104 680 1135 articulo
704 1104 896 1144 quaestionis
919 1103 1288 1144 sexagesimaeseptimae,
1314 1103 1401 1139 scito,

374 1148 506 1184 novifie,
530 1149 618 1188 quod
641 1148 799 1179 distinctio
822 1148 940 1179 litterae
964 1149 1002 1178 de
1031 1147 1156 1178 formali
1180 1155 1210 1178 et
1233 1147 1400 1183 materiali,

1452 1103 1502 1133 vel
1516 1102 1644 1133 firmans
1659 1103 1830 1143 passiones,
1845 1113 1925 1143 quae
1941 1110 2014 1133 sunt
2029 1103 2157 1133 materia
2173 1103 2254 1139 eius;
2275 1103 2329 1132 sed
2345 1102 2508 1142 perficiens

1453 1147 1628 1186 appetitum
1652 1147 1691 1176 ad
1715 1148 1912 1187 sequendum
1939 1147 2093 1177 rationem
2120 1153 2245 1177 rectam.
2270 1147 2437 1186 Propterea
2461 1146 2507 1176 di·

343 1201 410 1222 non
434 1199 480 1223 est
502 1193 540 1222 de
559 1193 627 1232 ipsa
650 1192 782 1222 essentia
804 1192 942 1228 virtutis,
966 1198 1032 1222 tota
1056 1191 1140 1221 enim
1168 1198 1322 1221 remanet:
1347 1191 1401 1221 sed
1454 1191 1534 1221 citur
1556 1190 1644 1231 quod
1668 1197 1759 1221 erunt
1781 1190 1910 1231 quidem
1933 1190 1976 1220 ibi
1998 1190 2137 1226 virtutes,
2162 1190 2216 1220 sed
2239 1190 2301 1220 alio
2326 1190 2434 1220 modo.

344 1235 383 1266 de
411 1242 482 1267 actu
510 1236 594 1272 eius,
618 1236 762 1276 qui-non
793 1242 934 1266 remanet
967 1235 1124 1266 refrenans
1152 1242 1206 1265 aut
1235 1234 1401 1274 impellens

1295 1311 1351 1318 Μ

1110 1368 1425 1410 ARTICULUS
1454 1368 1750 1410 SECUNDUS

688 1450 842 1481 UTRUM
865 1450 1081 1480 V1RTUTEs
1105 1449 1488 1480 INTELLECTUALES
1512 1450 1723 1479 MANEANT
1746 1450 1855 1480 posr
1879 1450 1998 1481 HANG
2022 1451 2160 1482 VITAM

555 1520 621 1545 Part.
639 1519 662 1549 1.
681 1527 726 1552 qu.
738 1527 834 1550 Lxxxix,
855 1523 900 1543 art.
917 1517 939 1548 5,
960 1506 990 1548 63
1010 1518 1041 1543 111
1056 1519 1137 1547 Sent„
1158 1518 1216 1543 dist.
1234 1526 1304 1547 xxxi,
1323 1525 1368 1550 qu.
1386 1525 1418 1547 ιι,
1437 1522 1484 1542 art.
1496 1525 1526 1549 4;
1546 1518 1587 1548 IV,
1603 1518 1661 1543 dist.
1675 1526 1703 1549 L,
1723 1526 1766 1551 qu.
1781 1526 1802 1550 1,
1821 1524 1867 1543 art.
1883 1527 1911 1549 2;
1931 1520 1940 1543 1
1958 1520 2027 1549 Cor„
2047 1528 2102 1553 cap.
2114 1529 2171 1551 xm,
2190 1522 2248 1546 lect.
2261 1530 2298 1548 111.

383 1635 387 1639 s
410 1621 434 1642 »ι
476 1631 487 1641 s
545 1599 576 1638 ‘n
594 1611 783 1638 SECUNDUM
803 1611 855 1636 sm
870 1610 1108 1636 PRocamrua.
1119 1598 1278 1636 Videtur
1296 1597 1401 1646 quod

369 1634 525 1711 12⁴3
554 1653 711 1691 virtutes
732 1652 999 1689 intellectuales
1018 1664 1097 1689 non
1119 1658 1298 1688 maneant
1315 1657 1403 1698 post

491 1691 521 1745 ἦ
536 1703 654 1744 hanc
671 1706 798 1742 vitam.
829 1704 929 1742 Dicit
956 1705 1058 1742 enirn
1077 1705 1297 1753 Apostolus,
1318 1705 1332 1739 I
1352 1704 1404 1740 ad

402 1776 410 1784 =
433 1762 486 1790 ³'⁷·
512 1750 543 1792 N
561 1760 647 1796 Cor.
667 1771 728 1795 xm
746 1758 776 1804 ²¹²,
808 1758 912 1806 quod
929 1758 1081 1794 scientia
1109 1758 1338 1794 destruetur.-
1367 1763 1404 1793 et

344 1812 438 1849 ratio
459 1819 514 1848 est
532 1811 622 1859 quia
640 1823 690 1848 ex
702 1817 814 1859 parte
832 1811 1104 1860 cognoscimus.
1130 1810 1207 1847 Sed
1227 1810 1321 1846 sicut
1340 1822 1402 1846 co-

343 1865 458 1913 gnitio
487 1865 662 1902 scientiae
691 1873 747 1901 est
766 1877 811 1900 ex
829 1871 946 1912 parte,
967 1864 1062 1901 idest
1085 1863 1324 1912 imperfecta;
1354 1862 1403 1899 ita

345 1917 458 1955 etiarn
487 1917 648 1965 cognitio
677 1917 833 1954 aliarum
860 1917 1041 1954 virtutum
1074 1916 1402 1962 intellectualium,

344 1970 512 2019 quandiu
531 1971 627 2007 haec
644 1970 723 2007 vita
742 1970 862 2007 durat.
887 1971 990 2018 Ergo
1019 1981 1154 2006 omnes
1176 1969 1332 2006 virtutes
1350 1969 1404 2005 in-

341 2023 569 2060 tellectuales
596 2030 684 2071 post
709 2023 808 2059 hanc
838 2023 958 2060 vitam
987 2023 1200 2059 cessabunt.

398 2088 433 2114 2.
463 2077 700 2123 PRAETEREA,
730 2076 985 2124 Philosophus
1014 2075 1111 2122 dicit,
1145 2075 1184 2111 in
1205 2075 1404 2111 Praedica-

343 2129 475 2166 mentis
497 2128 528 2176 *,
559 2129 663 2177 quod
682 2129 848 2175 scientia,
869 2141 957 2165 cum
977 2129 1023 2165 sit
1040 2128 1201 2175 habitus,
1231 2125 1295 2165 est'
1313 2140 1404 2176 qua-

343 2181 426 2218 litas
446 2181 597 2218 difficile
616 2181 788 2218 mobilis:
808 2194 888 2218 non
907 2181 1008 2218 enirn
1028 2182 1076 2218 de
1095 2181 1190 2218 facili
1210 2181 1402 2227 amittitur,

342 2234 414 2271 nisi
433 2247 479 2272 ex
498 2234 624 2284 aliqua
642 2234 727 2271 forti
746 2234 1058 2271 transmutatione
1076 2235 1139 2271 vel
1158 2234 1401 2281 aegritudine.

345 2288 422 2324 Sed
449 2288 552 2324 nulla
580 2295 636 2324 est
653 2295 755 2324 tanta
773 2287 1035 2324 transmutatio
1056 2287 1226 2335 corporis
1245 2287 1403 2324 humani

343 2339 439 2376 sicut
464 2352 534 2388 per
560 2347 735 2377 mortem.
765 2340 867 2387 Ergo
896 2340 1051 2376 scientia
1078 2347 1114 2376 et
1133 2339 1227 2376 aliae
1245 2339 1402 2376 virtutes

342 2392 609 2429 intellectuales
635 2405 716 2429 non
742 2399 899 2429 manent
925 2400 1012 2441 post
1038 2393 1138 2428 hanc
1163 2392 1295 2429 vitam.

399 2446 434 2482 3.
463 2445 700 2492 PRAETEREA,
727 2445 884 2482 virtutes
911 2444 1177 2482 intellectuales
1204 2445 1404 2494 perficiunt

342 2498 573 2535 intellectum
592 2499 641 2535 ad
661 2499 758 2535 bene
785 2498 1023 2545 operandum
1042 2498 1241 2546 proprium
1261 2506 1401 2534 actum.

346 2551 422 2588 Sed
450 2557 555 2588 actus
582 2550 791 2588 intellectus
818 2562 897 2586 non
924 2550 1075 2587 videtur
1099 2562 1180 2587 esse
1199 2558 1286 2599 post
1304 2551 1403 2587 hanc

343 2602 484 2640 vitam:
515 2615 561 2640 eo
589 2604 693 2652 quod
722 2604 813 2640 nihil
839 2603 1011 2652 intelligit
1035 2603 1164 2640 anima
1181 2604 1262 2640 sine
1280 2604 1403 2651 phan-

262 2664 319 2705 ·3·ζ
345 2661 521 2702 tasmate‚
550 2663 591 2692 ut
619 2655 754 2693 dicitur
785 2656 824 2693 in
861 2657 910 2692 111
939 2656 984 2692 de
1010 2656 1150 2692 Anima
1177 2657 1214 2702 *;
1243 2657 1402 2704 phanta-

345 2716 466 2746 smata
493 2716 620 2746 autem
642 2716 731 2757 post
757 2710 855 2746 hanc
873 2708 991 2745 vitam
1020 2721 1098 2744 non
1126 2717 1293 2755 manent,
1315 2722 1403 2746 cum

345 2773 425 2798 non
447 2761 521 2798 sint
539 2761 610 2798 nisi
629 2761 668 2798 in
701 2762 852 2809 organis
885 2761 1088 2810 corporeis.
1118 2762 1220 2809 Ergo
1248 2762 1404 2799 virtutes

344 2814 612 2851 intellectuales
640 2827 719 2851 non
741 2821 896 2851 manent
923 2821 1008 2862 post
1030 2814 1130 2851 hanc
1148 2814 1278 2851 vitam.

401 2868 475 2904 SED
495 2879 640 2904 CONTRA
658 2879 725 2904 EST
749 2867 854 2916 quod
881 2866 1028 2903 firmior
1055 2874 1111 2903 est
1139 2867 1303 2915 cognitio
1324 2867 1404 2904 uni-

346 2919 552 2956 versalium
581 2927 617 2956 et
643 2920 957 2965 necessariorum,
979 2931 1096 2968 quam
1124 2919 1405 2968 particularium

348 2978 386 3008 et
404 2977 422 2993 ²
450 2972 758 3020 contingentium.
789 2972 865 3009 Sed
884 2972 920 3008 in
944 2972 1101 3008 homine
1130 2980 1302 3009 remanet
1320 2980 1407 3020 post

346 3024 447 3061 hanc
464 3025 583 3062 vitam
610 3025 773 3072 cognitio
793 3024 1072 3073 particularium
1097 3025 1405 3072 contingentium,

348 3084 441 3125 puta
469 3089 603 3114 eorum
632 3089 729 3126 quae
762 3077 846 3125 quis
873 3077 960 3114 fecit
987 3078 1049 3114 vel
1076 3089 1210 3125 passus
1239 3085 1316 3123 est;
1350 3090 1407 3114 se-

350 3129 518 3167 cundum
546 3130 638 3167 illud
656 3131 748 3167 Luc.
769 3142 829 3167 xvl
843 3129 876 3166 *ε
896 3130 1114 3167 Recordare
1133 3130 1221 3178 quia
1240 3131 1409 3178 recepisti

350 3183 448 3219 bona
477 3182 513 3219 in
541 3183 618 3220 vita
636 3188 712 3229 tua,
733 3188 769 3220 et
785 3184 956 3231 Lazarus
973 3183 1142 3219 similiter
1159 3182 1274 3220 mala.
1298 3184 1405 3231 Ergo

350 3235 471 3272 multo
489 3235 609 3283 magis
628 3243 799 3272 remanet
823 3235 985 3283 cognitio
1001 3235 1271 3272 universalium
1289 3243 1325 3272 et
1342 3248 1407 3272 ne-

350 3288 612 3336 cessariorum,
641 3300 739 3336 quae
766 3288 954 3337 pertinent
976 3287 991 3318 β
1019 3288 1067 3325 ad
1087 3288 1282 3325 scientiam
1302 3295 1338 3324 et
1357 3288 1406 3326 ad

350 3340 440 3378 alias
467 3340 623 3378 virtutes
651 3341 928 3378 intellectuales.

405 3455 432 3487 α)
451 3457 485 3479 et.
503 3468 522 3473 -
540 3455 600 3479 Om.
619 3454 846 3479 ABCDFGHIKL.

405 3488 431 3522 β)
446 3490 590 3522 pertinent.
605 3503 622 3508 —-
636 3490 754 3521 pertinet
773 3490 800 3514 Ρ.

404 3525 431 3558 γ)
451 3525 476 3549 ἰη
497 3525 681 3558 imaginativa.
699 3538 717 3543 -
736 3524 911 3557 imaginativa
931 3525 999 3549 PEa.

1508 1598 1732 1635 RESPONDEO
1750 1610 1933 1636 meramnum
1961 1600 2078 1647 quod,
2103 1601 2198 1638 sicut
2215 1602 2254 1638 in
2273 1603 2402 1639 Primo
2417 1604 2437 1625 ’¹‘
2457 1604 2510 1641 di·

1456 1657 1558 1686 ctum
1584 1658 1649 1697 est,
1671 1651 1826 1699 quidam
1846 1651 1866 1672 '¹‘
1892 1660 2101 1699 posuerunt
2120 1655 2223 1701 quod
2243 1655 2386 1702 species
2406 1656 2510 1692 intel-

1454 1703 1610 1750 ligibiles
1638 1715 1717 1740 non
1743 1712 1967 1752 permanent
1988 1705 2026 1741 in
2045 1705 2233 1742 intellectu
2255 1708 2421 1755 possibili
2439 1709 2511 1745 nisi

1456 1756 1630 1804 quandiu·
1640 1763 1725 1792 actu
1753 1756 1936 1805 intelligit:
1966 1769 2037 1794 nec
2056 1765 2111 1794 est
2129 1759 2254 1808 aliqua
2274 1761 2510 1798 conservatio

1456 1809 1681 1857 specierum,
1703 1817 1870 1846 cessante
1899 1810 2198 1848 consideratione
2219 1813 2364 1860 actuali,
2384 1814 2454 1850 nisi
2472 1814 2510 1851 in

1455 1862 1598 1898 viribus
1617 1861 1815 1908 sensitiviS,
1836 1874 1934 1910 quae
1954 1871 2040 1899 sunt
2053 1871 2158 1901 actus
2178 1866 2430 1914 corporalium
2451 1880 2509 1904 or-

1456 1926 1654 1962 ganorum,
1681 1915 1819 1951 scilicet
1837 1915 1874 1951 in
1893 1915 2134 1963 imaginativa
2148 1922 2164 1945 Υ
2184 1926 2219 1954 et
2246 1920 2509 1957 memorativa.

1457 1967 1687 2004 Huiusmodi
1715 1976 1843 2004 autem
1870 1967 1969 2004 vires
1998 1978 2303 2018 corrumpuntur,
2335 1980 2510 2021 corrupto

1458 2033 1628 2068 corpore.
1665 2021 1713 2057 Et
1740 2020 1826 2057 ideo
1856 2021 2065 2058 secundum
2097 2023 2192 2069 hoc,
2223 2024 2376 2061 scientia
2408 2026 2510 2062 nullo

1457 2074 1576 2110 modo
1605 2080 1691 2122 post
1718 2073 1816 2110 hanc
1842 2073 1960 2110 vitam
1989 2076 2213 2123 remanebit,
2244 2089 2402 2125 corpore
2431 2090 2511 2114 cor-

1457 2134 1588 2175 rupto;
1618 2138 1742 2175 neque
1771 2126 1896 2174 aliqua
1924 2126 1995 2163 alia
2017 2127 2273 2166 intellectualis
2299 2129 2430 2167 virtus.

1511 2180 1588 2216 Sed
1615 2181 1710 2216 haec
1737 2179 1866 2227 opinio
1887 2187 1943 2216 est
1969 2187 2099 2217 contra
2118 2182 2342 2219 sententiam
2369 2183 2511 2220 Aristo·-

1455 2232 1549 2279 telis,
1578 2233 1643 2280 qui
1669 2232 1707 2269 in
1727 2233 1777 2268 III
1806 2232 1851 2268 de
1872 2233 2012 2269 Anima
2033 2233 2053 2254 *
2072 2233 2160 2270 dicit
2187 2235 2292 2282 quod
2311 2236 2512 2273 intellectus

1451 2285 1635 2333 possibilis
1654 2291 1707 2322 est
1724 2285 1762 2321 in
1781 2290 1878 2331 actu,
1894 2296 1979 2321 cum
1987 2283 2064 2333 fit⁶
2082 2286 2244 2336 singula,
2264 2288 2357 2324 sicut
2374 2289 2512 2333 sciens,-

1456 2350 1542 2374 cum
1569 2344 1692 2374 lamen
1725 2337 1773 2373 sit
1798 2338 1834 2374 in
1858 2339 2024 2385 potentia
2051 2339 2102 2374 ad
2134 2340 2444 2377 considerandum
2473 2342 2510 2378 in

1456 2397 1553 2428 actu.
1574 2411 1598 2418 -
1619 2391 1687 2427 Est
1713 2389 1828 2427 etiam
1856 2398 1987 2427 contra
2018 2391 2222 2428 rationem:
2252 2393 2339 2441 quia
2367 2394 2511 2442 species

1455 2443 1702 2491 intelligibiles
1725 2443 2019 2491 recipiuntur‘in
2048 2444 2235 2481 intellectu
2253 2446 2424 2493 possibili
2442 2447 2512 2484 im-

1456 2497 1655 2543 mobiliter,
1676 2496 1887 2532 secundum
1908 2496 2069 2533 modurn
2095 2497 2315 2545 recipientis.
2346 2499 2456 2536 Unde
2476 2508 2512 2536 et

1454 2549 1661 2586 intellectus
1675 2548 1862 2597 possibilis
1878 2548 2012 2585 dicitur
2025 2549 2127 2586 locus
2139 2551 2343 2597 specierum
2357 2553 2387 2599 ²²,
2404 2552 2512 2600 quasi

1455 2602 1600 2651 species
1627 2601 1871 2649 intelligibiles
1899 2613 2140 2639 conservans.

1509 2655 1586 2692 Sed
1605 2655 1879 2703 phantasmata,
1909 2654 1958 2691 ad
1986 2666 2083 2703 quae
2108 2655 2341 2703 respiciendo
2357 2662 2369 2677 ⁵
2391 2658 2510 2694 homo

1457 2707 1620 2755 intelligit
1647 2707 1684 2743 in
1711 2708 1782 2744 hac
1810 2707 1898 2753 vita,
1928 2707 2154 2755 applicando
2184 2708 2232 2744 ad
2259 2708 2340 2756 ipsa
2367 2710 2512 2758 species

1456 2760 1713 2808 intelligibiles,
1742 2767 1783 2796 ut
1810 2759 1847 2796 in
1867 2759 1996 2796 Primo
2019 2760 2039 2781 ’¹‘
2067 2760 2208 2797 dictum
2237 2769 2303 2808 est,
2334 2770 2510 2810 corrupto
2539 2774 2563 2812 ἰ

1458 2825 1618 2862 corpore
1657 2820 1960 2861 corrumpuntur.
1994 2813 2104 2850 Unde
2138 2821 2322 2861 quantum
2355 2815 2402 2852 ad
2431 2815 2513 2864 ipsa
2550 2816 2583 2853 ,ἐ

1456 2867 1732 2915 phantasmata,
1761 2878 1859 2914 quae
1883 2872 1970 2902 sunt
1987 2865 2095 2912 quasi
2116 2866 2322 2903 materialia
2340 2867 2378 2904 in
2397 2867 2512 2904 virtu-

1455 2920 1555 2956 tibus
1590 2918 1918 2964 intellectualibus,
1955 2917 2111 2955 virtutes
2145 2918 2411 2956 intellectuales
2449 2921 2513 2957 de-

1458 2979 1670 3017 struuntur,
1709 2970 1898 3007 destructo
1932 2983 2112 3019 corpore:
2146 2972 2215 3008 sed
2246 2980 2431 3019 quantum
2464 2973 2512 3010 ad

1457 3024 1602 3072 species
1628 3023 1888 3070 intelligibiles,
1913 3035 2011 3071 quae
2031 3030 2117 3060 sunt
2144 3024 2183 3060 in
2209 3024 2398 3062 intellectu
2424 3038 2514 3074 pos-

1457 3077 1565 3123 sibili,
1593 3075 1749 3113 virtutes
1777 3076 2044 3113 intellectuales
2071 3085 2237 3114 manent.
2268 3078 2421 3126 Species
2449 3091 2514 3115 au-

1457 3138 1535 3166 tem
1551 3141 1602 3175 ,se
1630 3129 1772 3166 habent
1799 3128 1837 3165 in
1859 3128 2059 3166 virtutibus
2086 3129 2396 3168 intellectualibus
2419 3131 2515 3168 sicut

1457 3182 1647 3219 formales.
1667 3181 1778 3219 Unde
1797 3181 2064 3219 intellectuales
2077 3181 2233 3220 virtutes
2253 3191 2409 3220 manent
2428 3191 2515 3232 post

1458 3236 1556 3272 hanc
1573 3234 1704 3281 vitam,
1725 3241 1911 3281 quantum
1939 3234 1986 3272 ad
2014 3235 2052 3273 id
2081 3236 2184 3283 quod
2213 3243 2268 3272 est
2294 3237 2452 3273 formale
2474 3237 2513 3274 in

1441 3288 1531 3334 eis,
1562 3299 1640 3324 non
1668 3294 1796 3323 autem
1828 3294 2010 3335 quantum
2040 3288 2088 3325 ad
2116 3287 2152 3325 id
2180 3288 2284 3336 quod
2314 3297 2368 3326 est
2395 3297 2513 3326 mate-

1458 3340 1566 3377 riale:
1592 3339 1688 3376 sicut
1715 3346 1751 3376 et
1779 3339 1825 3376 de
1853 3340 2061 3378 moralibus
2090 3341 2233 3378 dictum
2261 3349 2317 3378 est
2334 3341 2365 3378 *.

1514 3453 1539 3487 ὃ)
1552 3455 1597 3486 fit.
1611 3467 1630 3472 -
1647 3454 1696 3478 scit
1715 3453 1746 3484 G,
1761 3454 1796 3478 sit
1815 3454 1889 3478 ceteri
1909 3459 1933 3478 et
1951 3461 1976 3479 a.

1514 3489 1536 3523 ε)
1558 3488 1729 3520 respiciendo.
1743 3503 1760 3506 —
1778 3488 1929 3520 aspiciendo
1948 3488 2172 3513 ABCDEFHIKL.

2531 682 2540 689 ¹
2563 680 2599 702 Cf.
2622 686 2668 707 arg.
2691 680 2740 701 Sed

2531 709 2623 728 contra.

2534 784 2543 793 ·
2557 783 2581 804 ln
2597 789 2701 811 corpore.

2537 1613 2552 1660 ἒ
2559 1613 2606 1640 Qu.
2616 1619 2694 1640 uxrx,
2704 1617 2745 1635 art.

2538 1654 2560 1675 '⁸
2579 1665 2690 1691 Avicen.,
2719 1665 2747 1687 de

2537 1691 2629 1717 Anima,
2645 1695 2702 1719 part.
2715 1691 2747 1718 V,

2538 1723 2588 1744 cap.
2603 1724 2634 1739 w.

2539 2245 2589 2267 'Ca
2609 2251 2655 2271 ην,
2670 2244 2746 2266 n.6.-

2538 2271 2563 2293 S.
2612 2287 2619 2292 .
2630 2272 2681 2306 lect.
2696 2277 2747 2292 vlu.

2635 2306 2649 2322 0

2540 2561 2548 2570 ·
2560 2560 2596 2581 Cf.
2609 2560 2673 2586 ibid.y
2688 2566 2712 2581 n.
2725 2567 2747 2586 4.

2538 2587 2579 2608 -S.
2589 2586 2633 2608 Th.
2644 2587 2695 2608 lect.
2706 2592 2748 2607 vn.

2540 3351 2551 3361 ⁸
2565 3352 2615 3371 Art.
2631 3351 2737 3378 praeced.
