2852 4152
91 408 102 419 ·
112 408 158 435 Qu.
167 414 227 435 κων,
238 411 280 429 art.
287 413 303 429 1.

90 1931 102 1943 ·
115 1930 174 1960 esp.
186 1937 229 1954 ιιι.

98 3079 307 3107 'DeProblemat.,

98 3111 154 3129 sect.
189 3106 287 3128 XXVIII

97 3133 175 3155 Probi.
194 3139 230 3164 ¹¹.¹·
245 3143 254 3148 -
272 3122 309 3154 et’.

98 3158 310 3234 eg

171 3306 177 3313 .
187 3297 219 3313 vi.
233 3297 256 3313 n.
269 3297 289 3319 3.
299 3301 310 3306 -

173 3332 180 3338 .
199 3318 250 3340 lect.
265 3323 296 3339 vi.

977 218 1240 263 QUAESTIO
1269 218 1443 264 XLVIII,
1473 218 1767 255 ARTICULUS
1798 219 1846 254 111

331 297 388 332 ira
418 301 471 332 est
485 296 627 343 fervor
658 295 736 330 eius
769 295 834 342 qui
859 296 959 332 circa
996 308 1062 333 cor
1089 302 1142 333 est
1169 297 1385 346 sanguinis,

330 360 381 384 ex
407 347 672 395 evaporatione
688 347 794 395 fellis
810 349 924 395 fiens.

383 402 609 436 RESPONDEO
637 411 820 436 D1CENDUM
849 401 964 449 quod,
990 400 1084 437 sicut
1111 401 1251 438 dictum
1282 408 1336 437 est
1354 401 1385 448 *,

332 452 538 501 corporalis
571 452 831 489 transmutatio
866 465 963 501 quae
996 461 1051 490 est
1078 453 1116 490 in
1146 453 1386 502 passionibus

332 505 494 552 animae,
523 504 832 554 proportionatur
860 506 979 542 motui
999 506 1197 554 appetitus.
1227 507 1386 544 Manife-

332 565 433 595 stum
454 565 509 595 est
532 565 658 594 autem
674 559 777 606 quod
798 557 952 606 quilibet
971 559 1167 607 appetitus,
1189 559 1302 596 etiam
1322 572 1388 596 na-

331 610 470 658 turalis,
500 611 630 647 fortius
658 610 841 658 tendit-in
868 610 907 647 id
935 612 1039 659 quod
1068 619 1122 648 est
1149 611 1217 648 sibi
1242 620 1387 649 contra-

332 663 442 710 rium,
459 663 489 700 si
508 663 618 700 fuerit
631 675 830 711 praesens:
855 664 957 700 unde
971 663 1148 701 videmus
1167 665 1271 712 quod
1290 677 1388 714 aqua

333 715 510 752 calefacta
540 715 659 763 magis
694 716 930 763 congelatur,
961 716 1067 764 quasi
1103 717 1236 764 frigido
1272 718 1388 754 vehe-

332 768 495 805 mentius
522 767 560 804 in
590 768 753 805 calidum
774 775 918 816 agente.
948 770 1077 806 Motus
1099 777 1226 806 autem
1245 770 1388 818 appeti-

332 820 432 857 tivus
460 820 536 856 irae
567 829 741 858 causatur
770 833 814 858 ex
843 821 968 868 aliqua
995 821 1130 858 inluria
1157 821 1267 868 illata,
1294 822 1388 858 sicut

324 885 378 917 ,ex
398 872 567 921 quodam
589 874 775 911 contrario
795 874 990 910 iniacente.
1021 874 1070 910 Et
1092 873 1180 910 ideo
1200 874 1387 922 appetitus

331 925 526 974 potissime
555 927 673 964 tendit
696 928 744 964 ad
763 926 1022 975 repellendum
1040 926 1215 962 iniuriam
1234 939 1303 975 per
1321 939 1388 976 ap-

330 978 491 1026 petitum
519 979 724 1016 vindictae:
755 987 791 1016 et
819 991 863 1015 ex
883 979 957 1015 hoc
981 978 1149 1027 sequitur
1167 991 1305 1026 magna
1322 991 1388 1016 ve-

331 1031 524 1068 hementia
553 1040 589 1068 et
614 1031 875 1081 impetuositas
903 1031 942 1068 in
969 1038 1077 1068 motu
1104 1031 1193 1068 irae.
1224 1032 1273 1068 Et
1299 1032 1387 1081 quia

333 1091 460 1120 motus
487 1085 564 1121 irae
592 1097 670 1122 non
699 1092 753 1121 est
780 1096 848 1133 per
875 1083 1036 1121 modum
1064 1084 1307 1131 retractionis,
1329 1085 1387 1121 cui

332 1137 637 1185 proportionatur
664 1137 795 1185 frigus;
820 1137 888 1174 sed
915 1136 1034 1184 magis
1061 1149 1130 1185 per
1153 1137 1314 1174 modum
1334 1137 1388 1175 in-

333 1190 548 1238 secutionis,
569 1191 630 1227 cui
647 1190 956 1239 proportionatur
975 1189 1092 1235 calor3
1114 1197 1388 1239 consequenter

331 1241 376 1278 fit
402 1250 529 1280 motus
557 1243 634 1280 irae
662 1242 875 1279 causativus
904 1241 1102 1278 cuiusdam
1126 1242 1285 1278 fervoris
1304 1255 1387 1280 san-

332 1294 451 1342 guinis
481 1302 516 1331 et
535 1295 732 1344 spirituum
751 1295 849 1331 circa
868 1306 944 1340 cor,
965 1294 1070 1341 quod
1090 1301 1145 1330 est
1162 1294 1388 1332 instrumen-

331 1354 413 1384 tum
428 1347 650 1396 passionum
665 1346 680 1376 β
699 1347 861 1383 animae.
878 1347 927 1382 Et
945 1346 1080 1382 exinde
1096 1353 1151 1382 est
1169 1347 1284 1394 quod,
1300 1359 1388 1394 pro-

331 1407 414 1447 pter
432 1410 620 1447 ,magnam
648 1398 971 1447 perturbationem
1002 1398 1125 1434 cordis
1153 1411 1252 1445 quae
1276 1407 1332 1435 est
1349 1400 1388 1436 in

331 1448 602 1498 ira‘,‘maxime
631 1458 815 1500 apparent
842 1450 881 1486 in
908 1450 1006 1486 iratis
1033 1449 1171 1486 indicia
1199 1451 1387 1499 quaedam

331 1503 370 1540 in
386 1503 629 1541 exterioribus
644 1502 839 1540 membris.
855 1503 906 1540 Ut
920 1503 1023 1539 enim
1037 1506 1052 1529 Υ
1069 1503 1274 1550 Gregorius
1289 1504 1387 1552 dicit,

91 1563 305 1613 ssgvgffigj·
330 1556 370 1593 in
396 1557 432 1593 V
457 1557 601 1593 Moral.
624 1556 660 1602 ²¹⁸,
690 1557 770 1593 irae
796 1567 888 1592 suae
913 1554 1069 1592 stimulis
1096 1567 1295 1592 accensum
1323 1568 1389 1593 cor

324 1609 495 1658 palpitat,
525 1621 660 1657 corpus
688 1609 820 1655 tremit,
845 1609 977 1657 lingua
995 1620 1035 1645 se
1047 1609 1252 1656 praepedit,
1261 1610 1388 1656 facies

331 1662 497 1712 ignescit,
527 1667 800 1710 exasperantur
827 1661 935 1706 oculi,
965 1667 1001 1697 et
1027 1673 1262 1709 nequaquam
1283 1674 1388 1698 reco-

329 1721 564 1764 gnoscuntur
597 1715 694 1752 noti:
723 1726 789 1751 ore
820 1714 966 1762 quidem
995 1714 1198 1750 clamorem
1225 1716 1388 1762 format,

329 1768 395 1804 sed
419 1779 547 1804 sensus
574 1768 664 1815 quid
690 1767 883 1815 loquatur,
912 1766 1074 1816 ignorat.

382 1821 440 1856 AD
470 1832 606 1857 PRlMtJM
635 1831 732 1857 ERGO
761 1831 944 1856 DICENDUM
963 1819 1068 1867 quod
1086 1831 1197 1855 amor
1215 1820 1291 1867 ipse
1310 1832 1384 1856 non

330 1872 380 1909 ita
407 1873 581 1919 sentitur,
611 1873 684 1909 nisi
710 1885 795 1909 cum
830 1884 915 1908 eum
937 1873 1066 1920 prodit
1091 1872 1318 1921 indigentia,
1346 1881 1389 1910 ut

329 1925 563 1973 Augustinus
592 1925 691 1972 dicit,
717 1925 755 1962 in
774 1926 809 1961 X
828 1925 873 1962 de
895 1926 931 1961 T
927 1925 997 1961 rin.
1013 1924 1033 1946 ’¹‘
1051 1926 1100 1962 Et
1117 1925 1204 1961 ideo
1231 1926 1386 1974 quando

329 1978 449 2015 homo
485 1978 624 2027 patitur
661 1978 927 2015 detrimentum
966 1985 1112 2014 amatae
1146 1979 1384 2016 excellentiae

329 2038 484 2080 propter
502 2031 675 2068 iniuriam
705 2031 856 2078 illatam,
877 2031 997 2078 magis
1017 2031 1172 2067 sentitur
1190 2043 1319 2077 am0r;
1349 2040 1386 2068 et

330 2083 416 2121 ideo
437 2084 643 2121 ferventius
673 2096 738 2121 cor
765 2091 931 2120 mutatur
949 2084 997 2120 ad
1017 2085 1296 2121 removendum
1316 2084 1387 2121 im-

329 2136 592 2186 pedimentum
613 2137 666 2174 rei
685 2144 849 2182 amatae3
874 2144 915 2172 ut
935 2136 985 2172 sic
1000 2137 1128 2174 fervor
1146 2137 1226 2186 ipse
1246 2137 1387 2174 amoris

328 2201 398 2238 per
425 2189 520 2226 iram
553 2197 710 2238 crescat,
741 2197 777 2226 et
804 2189 924 2237 magis
958 2189 1145 2226 sentiatur.
1378 2197 1380 2199 ’

383 2243 433 2279 Et
459 2249 588 2280 tamen
607 2243 735 2279 fervor
753 2242 818 2290 qui
847 2242 1090 2290 consequitur
1109 2243 1285 2289 calorem,
1315 2242 1387 2279 alia

330 2294 474 2333 ratione
492 2295 654 2344 pertinet
668 2295 717 2332 ad
736 2306 922 2342 amorem,
943 2302 978 2330 et
997 2294 1045 2331 ad
1063 2295 1170 2332 iram.
1192 2295 1295 2332 Nam
1315 2295 1386 2331 fer—

329 2359 402 2384 vor
421 2348 562 2385 amoris
582 2355 637 2385 est
656 2360 744 2384 cum
759 2347 924 2396 quadarn
946 2347 1143 2384 dulcedine
1163 2354 1198 2384 et
1217 2347 1383 2384 lenitate:

2420 222 2492 257 305

1442 304 1498 332 est
1526 297 1627 333 enim
1651 296 1688 333 in
1708 297 1854 333 bonum
1880 304 2061 334 amatum.
2089 299 2136 334 Et
2159 299 2246 335 ideo
2271 301 2496 338 assimilatur

1442 349 1556 386 calori
1585 349 1681 386 aeris
1701 356 1738 385 et
1756 349 1962 396 sanguinis:
1991 358 2145 398 propter
2165 353 2280 399 quod,
2302 354 2494 401 sanguinei

1442 409 1528 438 sunt
1554 401 1672 449 magis
1701 401 1872 447 amativi;
1898 409 1934 438 et
1954 402 2087 439 dicitur
2106 404 2211 452 quod
2238 406 2340 454 cogit
2364 418 2496 443 amare

1442 455 1555 500 iecur,
1585 455 1622 491 in
1650 467 1726 503 quo
1746 455 1790 491 fit
1816 454 2007 503 quaedam
2036 456 2225 503 generatio
2254 458 2453 505 sanguinis.
2470 480 2493 486 -

1443 507 1588 544 Fervor
1614 515 1741 544 autem
1769 507 1846 544 irae
1867 514 1922 544 est
1941 519 2030 544 cum
2049 509 2309 556 amaritudine,
2339 511 2386 547 ad
2407 524 2494 548 con-

1442 559 1688 596 sumendum:
1718 559 1807 608 quia
1833 560 1952 597 tendit
1979 560 2027 598 ad
2046 561 2284 609 punitionem
2309 564 2493 600 contrarii.

1442 612 1553 649 Unde
1581 612 1806 649 assimilatur
1833 613 1946 649 calori
1965 613 2060 661 ignis
2080 621 2116 650 et
2134 614 2325 651 cholerae:
2355 623 2390 652 et
2408 628 2495 664 pro-

1441 672 1526 712 pter
1542 665 1617 701 hoc
1631 667 1893 702 Damascenus
1912 665 2032 702 dicit*
2046 666 2152 714 quod
2165 668 2336 715 procedit
2348 680 2398 704 ex
2411 681 2495 706 eva-

1436 717 1636 764 poratione
1651 717 1774 766 fellis,
1803 724 1839 754 et
1852 718 1972 766 fellea
2001 719 2229 756 nominatur.

1495 772 1553 806 AD
1581 781 1770 807 SECUNDUM
1798 782 1980 808 mCENDUM
2008 772 2112 820 quod
2136 785 2251 809 omne
2270 773 2362 811 illud
2391 773 2496 811 cuius

1443 833 1557 858 causa
1584 835 1652 870 per
1678 830 1828 871 tempus
1863 823 2098 871 diminuitur,
2126 837 2281 862 necesse
2310 833 2366 863 est
2393 827 2496 875 quod

1441 881 1612 922 tempore
1642 875 1864 912 debilitetur.
1894 877 2138 914 Manifestum
2168 886 2223 915 est
2245 886 2371 915 autern
2392 880 2496 928 quod

1440 927 1628 963 memoria
1646 935 1818 976 ternpore
1840 928 2078 966 diminuitur:
2108 943 2206 978 quae
2222 931 2324 968 enim
2343 932 2497 980 antiqua

1442 987 1544 1026 sunt,
1575 992 1597 1016 a
1625 980 1811 1016 memoria
1846 981 1892 1017 de
1923 982 2019 1018 facili
2057 983 2242 1020 excidunt.
2276 985 2335 1020 Ira
2368 993 2493 1021 autem

1442 1039 1616 1069 causatur
1632 1045 1675 1069 ex
1690 1033 1876 1070 memoria
1891 1033 2048 1071 iniuriae
2063 1035 2196 1073 illatae.
2213 1037 2262 1072 Et
2280 1036 2367 1073 ideo
2383 1050 2496 1074 causa

1440 1084 1516 1121 irae
1531 1097 1600 1133 per
1613 1093 1763 1134 tempus
1776 1086 1957 1134 paulatIm
1979 1087 2209 1136 diminuitur,
2225 1101 2425 1138 quousque
2439 1097 2496 1127 to-

1441 1137 1560 1174 taliter
1573 1139 1733 1175 tollatur.
1749 1159 1773 1166 -
1794 1139 1918 1175 Maior
1933 1139 2045 1176 etiam
2059 1140 2211 1177 videtur
2226 1141 2359 1178 iniuria
2379 1155 2496 1190 quan-

1442 1190 1491 1227 do
1520 1190 1644 1238 primo
1679 1191 1855 1237 sentitur;
1889 1199 1926 1228 et
1951 1193 2132 1240 paulatim
2167 1193 2385 1231 diminuitur
2417 1195 2496 1232 eius

1442 1243 1672 1291 aestimatio,
1708 1244 1918 1280 seeundum
1956 1246 2061 1293 quod
2097 1246 2214 1293 magis
2252 1247 2438 1284 receditur
2474 1261 2496 1285 a

1441 1295 1628 1343 praesenti
1643 1308 1758 1333 sensu
1776 1296 1944 1334 iniuriae.
1957 1318 1980 1324 -
1997 1298 2046 1334 Et
2064 1298 2232 1335 similiter
2251 1299 2363 1336 etiam
2380 1308 2434 1337 est
2449 1301 2496 1337 de

1443 1359 1584 1394 amore,
1615 1348 1644 1384 si
1673 1349 1812 1385 amoris
1841 1362 1954 1386 causa
1981 1359 2176 1388 remaneat
2192 1351 2230 1388 in
2251 1353 2330 1389 sola
2349 1365 2496 1390 memo-

1442 1400 1513 1436 ria:
1533 1401 1636 1437 unde
1655 1401 1908 1450 Philosophus
1929 1402 2027 1450 dicit,
2043 1403 2082 1440 in
2099 1404 2185 1440 VIII
2204 1405 2323 1442 Ethic.
2340 1405 2371 1452 ³¹²,
2392 1407 2497 1455 quod

1441 1453 1474 1488 si
1499 1453 1674 1489 diuturna
1691 1455 1769 1501 fiat
1794 1455 1908 1490 amici
1933 1456 2110 1501 absentia,
2140 1457 2286 1493 videtur
2311 1459 2498 1496 amicitiae

1442 1505 1664 1541 oblivionem
1667 1507 1814 1553 facere.
1837 1507 1913 1543 Sed
1928 1507 1966 1543 in
1981 1509 2190 1555 praesentia
2206 1510 2329 1557 amici,
2346 1523 2498 1560 semper

1441 1569 1510 1605 per
1536 1564 1687 1605 tempus
1706 1558 1970 1606 multiplicatur
1994 1573 2108 1597 causa
2126 1562 2329 1599 amicitiae:
2356 1572 2392 1600 et
2410 1564 2496 1601 ideo

1442 1609 1601 1646 amicitia
1618 1610 1759 1646 crescit.
1777 1612 1825 1647 Et
1839 1611 2004 1648 similiter
2020 1621 2116 1649 esset
2132 1614 2177 1650 de
2193 1614 2258 1662 ira,
2275 1615 2304 1651 si
2321 1617 2496 1653 continue

1443 1662 1752 1710 multiplicaretur
1779 1675 1893 1700 causa
1911 1664 2039 1712 ipsius.

1496 1716 1646 1752 Tamen
1674 1716 1749 1751 hoc
1776 1715 1900 1764 ipsum
1929 1717 2034 1765 quod
2061 1717 2116 1754 ira
2145 1718 2217 1754 cito
2247 1721 2494 1768 consumitur,

1443 1775 1635 1804 attestatur
1662 1769 1879 1805 vehementi
1907 1769 2045 1807 fervori
2065 1768 2078 1791 δ
2105 1770 2233 1819 ipsius.
2265 1772 2368 1809 Sicut
2396 1774 2497 1810 enim

1442 1820 1536 1868 ignis
1555 1833 1716 1868 magnus
1737 1821 1808 1858 cito
1826 1821 2060 1870 extinguitur,
2078 1832 2303 1873 consumpta
2322 1826 2496 1872 materia3

1443 1873 1493 1910 ita
1522 1873 1634 1910 etiam
1663 1874 1743 1922 ira,
1763 1881 1918 1922 propter
1950 1887 2059 1911 suam
2086 1876 2389 1926 vehementiam,
2424 1879 2496 1916 cito

1444 1926 1578 1963 deficit.

1495 1981 1553 2016 AD
1581 1990 1740 2016 TERTmM
1768 1990 1954 2016 mCENDUM
1970 1980 2075 2028 quod
2095 1982 2221 2018 omnis
2239 1983 2358 2020 virtus
2377 1983 2498 2021 divisa

1442 2032 1479 2069 in
1507 2033 1634 2081 plures
1661 2038 1786 2080 partes
1810 2037 1839 2079 ¹⁵,
1870 2032 2099 2070 diminuitur.
2137 2035 2186 2070 Et
2219 2034 2306 2071 ideo
2342 2037 2496 2084 quando

1443 2085 1574 2132 aliquis
1589 2085 1703 2121 iratus
1723 2084 1844 2132 alicui,
1864 2085 2034 2122 irascitur
2051 2087 2300 2134 postmodum
2320 2089 2435 2136 alteri,
2453 2102 2498 2126 ex

1441 2139 1515 2174 hoc
1534 2137 1617 2186 ipso
1647 2137 1866 2174 diminuitur
1884 2138 1939 2174 ira
1959 2139 2006 2175 ad
2025 2139 2203 2188 primum.
2225 2141 2274 2177 Et
2290 2142 2494 2191 praecipue

1442 2191 1472 2227 si
1487 2191 1535 2228 ad
1551 2190 1760 2227 secundum
1778 2190 1889 2227 fuerit
1907 2191 2029 2227 maior
2043 2191 2113 2228 ira:
2134 2204 2224 2229 nam
2244 2193 2378 2231 iniuria
2398 2207 2496 2243 quae

1443 2243 1615 2280 excitavit
1641 2243 1736 2279 iram
1770 2243 1818 2279 ad
1847 2243 2035 2291 primum,
2064 2244 2270 2293 videbitur,
2301 2259 2497 2296 compara-

1441 2295 1542 2332 tione
1572 2295 1762 2332 secundae
1790 2295 1959 2344 iniuriae,
1989 2309 2086 2345 quae
2116 2297 2334 2336 aestimatur
2362 2301 2496 2349 maior,

1442 2361 1524 2384 esse
1552 2360 1671 2396 parva
1698 2349 1760 2385 vel
1787 2348 1900 2385 nulla.

383 2450 408 2484 β)
418 2448 591 2484 passionum.
607 2466 627 2471 —
641 2451 775 2483 passionis
794 2451 1035 2476 ABCDEFGIKLa.

383 2488 410 2520 γ)
433 2487 468 2512 Ut
485 2487 564 2512 enim.
582 2501 601 2506 —
623 2485 657 2511 Ut
675 2487 703 2517 F,
727 2487 802 2512 Unde
822 2487 867 2512 Pa.

384 2521 408 2555 ὃ)
421 2522 538 2556 fervori.
556 2536 573 2542 ·-
586 2522 680 2556 furori
698 2523 744 2547 Pa.

1496 2453 1519 2483 ε)
1539 2453 1625 2477 divisa
1645 2453 1670 2477 in
1692 2454 1786 2484 plures
1805 2456 1907 2484 partes.
1925 2466 1943 2471 -·
1963 2454 2076 2478 divisiva
2095 2454 2120 2478 in
2140 2455 2234 2486 plures
2251 2455 2499 2489 ACFGIKLpBDH,

1443 2488 1529 2512 divisa
1549 2488 1574 2512 in
1590 2489 1684 2520 plures
1702 2489 1793 2513 EsBD.

1127 2636 1443 2678 ARTICULUS
1474 2636 1700 2678 TERTIUS

893 2715 1048 2746 UTRUM
1071 2715 1142 2746 IRA
1165 2716 1335 2746 MAXIME
1361 2716 1567 2746 IMPEDIAT
1592 2716 1794 2747 RATIONIS
1817 2716 1935 2747 USUM

1236 2781 1277 2806 De
1295 2781 1377 2810 Malo,
1397 2783 1503 2814 qusxn,
1522 2786 1568 2806 art.
1586 2789 1593 2805 1

368 2863 432 2905 ’³35⁵
457 2872 525 2916 μς(
546 2864 568 2889 D
596 2863 755 2889 TER’rmM
773 2863 828 2888 sm
845 2863 1084 2889 PRocEDrmR.
1107 2852 1266 2889 Videtur
1285 2852 1390 2900 quod

363 2894 418 2952 “5⁴4ss
467 2892 526 2950 {bit
547 2906 601 2942 ira
628 2917 707 2941 non
735 2904 918 2952 impediat
945 2904 1141 2942 rationem.
1171 2905 1268 2942 Illud
1287 2905 1389 2942 enim

354 2944 403 3002 ’[Ϋῖ
453 2985 475 3010 :⁴
487 2940 518 2995 li?
532 2952 652 3006 quod
669 2965 723 2994 est
738 2969 825 2994 cum
845 2957 1002 3004 ratione,
1018 2969 1096 2994 non
1109 2957 1261 2994 videtur
1280 2970 1360 2994 esse
1374 2963 1391 2979 α

355 3000 369 3013 ’
395 3022 397 3026 ’
429 3009 445 3018 ”
472 3018 483 3034 s
507 3000 701 3047 rationis
720 3010 1049 3059 impedimentum.
1072 3011 1147 3047 Sed
1161 3010 1220 3047 ira
1234 3016 1287 3047 est
1305 3022 1391 3047 cum

336 3064 492 3109 ratione,
519 3071 561 3100 ut
589 3063 723 3100 dicitur
749 3063 788 3100 in
815 3063 884 3100 VII
911 3063 1030 3099 Ethic.
1052 3064 1072 3084 ²¹²
1099 3064 1202 3110 Ergo
1230 3063 1285 3100 ira
1313 3075 1392 3100 non

336 3116 495 3167 impedit
521 3116 720 3153 rationem.

391 3183 426 3207 2.
456 3170 694 3217 Pata-mm,
723 3176 863 3217 quanto
898 3167 1018 3216 magis
1045 3168 1249 3217 impeditur
1275 3168 1391 3216 ratio,

337 3231 439 3260 tanto
478 3221 696 3260 diminuitur
732 3221 995 3259 manifestatio.
1036 3221 1114 3258 Sed
1140 3221 1393 3270 Philosophus

338 3276 438 3323 dicit,
468 3275 507 3312 in
533 3275 602 3312 VII
630 3275 750 3312 Ethic.
770 3274 802 3322 ²¹⁸,
831 3274 937 3322 quod
955 3275 1156 3311 iracundus
1175 3286 1248 3311 non
1268 3280 1323 3311 est
1338 3275 1394 3311 in-'·

337 3330 502 3375 sidiator,
521 3328 588 3365 sed
603 3328 832 3376 manifestus.
862 3328 963 3375 Ergo
987 3327 1042 3364 ira
1060 3339 1139 3364 non
1156 3327 1307 3364 videtur
1323 3327 1394 3364 im-

338 3383 467 3431 pedire
495 3393 608 3418 usum
634 3380 805 3428 rationis,
834 3380 929 3418 sicut
955 3380 1276 3429 concupiscentia3
1296 3392 1394 3429 quae

341 3444 395 3472 est
422 3434 613 3481 insidiosa,
642 3441 683 3470 ut
710 3433 851 3471 ibidem
881 3433 1023 3470 dicitur.

1501 2853 1536 2889 3:
1565 2853 1799 2900 PRAETEREA,
1827 2852 2009 2890 iudicium
2038 2854 2192 2892 rationis
2221 2855 2430 2894 evidentius
2458 2857 2501 2893 fit

1447 2917 1492 2942 ex
1520 2905 1760 2942 adiunctione
1790 2906 1981 2943 contrarii:
2011 2906 2099 2954 quia
2128 2908 2313 2945 contraria
2340 2909 2440 2946 iuxta
2460 2922 2500 2946 se

1445 2957 1569 3006 posita
1587 2958 1706 3006 magis
1727 2959 1952 2995 elucescunt.
1975 2959 2051 2996 Sed
2072 2972 2116 2996 ex
2134 2961 2209 2997 hoc
2229 2961 2342 2998 etiam
2368 2962 2500 2999 crescit

1446 3011 1515 3047 ira:
1537 3010 1624 3048 dicit
1643 3011 1745 3048 enim
1764 3011 2031 3060 Philosophus,
2051 3012 2090 3050 in
2106 3014 2137 3049 II
2152 3014 2374 3062 Rhetoric.*,
2395 3015 2502 3062 quod

1446 3064 1570 3113 magis
1597 3064 1764 3100 ho'mines
1795 3064 2019 3110 irascuntur,
2047 3065 2081 3102 si
2106 3067 2298 3104 contraria
2324 3068 2501 3115 praeexi—

1445 3122 1560 3162 stunt,
1594 3117 1691 3153 sicut
1720 3117 1896 3154 honorati
1919 3118 1954 3155 si
1982 3118 2276 3164 dehonorentur;
2309 3127 2345 3156 et
2373 3119 2424 3157 sic
2454 3121 2501 3158 de

1447 3169 1538 3205 aliis.
1569 3170 1669 3217 Ergo
1699 3181 1744 3206 ex
1772 3169 1910 3206 eodem
1940 3177 1976 3207 et
2003 3171 2057 3208 ira
2085 3172 2230 3219 crescit,
2260 3180 2296 3209 et
2322 3172 2502 3210 iudicium

1447 3221 1601 3259 rationis
1620 3222 1830 3260 adiuvatur.
1852 3223 1944 3260 Non
1963 3235 2052 3271 ergo
2072 3223 2126 3262 ira
2144 3224 2303 3274 impedit
2321 3225 2501 3262 iudicIum

1448 3282 1613 3312 rationis.
1677 3310 1681 3313 ,

1502 3328 1577 3365 SED
1597 3339 1741 3364 CONTRA
1760 3339 1826 3366 EST
1839 3328 1944 3377 quod
1963 3329 2168 3377 Gregorius
2188 3330 2286 3378 dicit,
2306 3331 2345 3368 in
2362 3331 2397 3367 V
2415 3330 2504 3367 Mo-

1448 3381 1518 3418 ral.
1536 3381 1568 3428 ²²,
1585 3380 1690 3430 quod
1709 3381 1767 3418 ira
1787 3381 2050 3432 intelligentiae
2068 3383 2186 3420 lucem
2204 3383 2397 3429 subtrahit,
2418 3394 2503 3421 cum

1448 3439 1608 3470 mentem
1630 3435 1885 3482 permovendo
1914 3435 2116 3483 confundit.

394 3543 419 3573 α)
440 3541 544 3565 videtur
563 3546 626 3564 esse.
643 3553 661 3557 -
680 3542 717 3564 est
737 3539 787 3563 EF.
806 3553 824 3557 -
843 3539 892 3563 Pro
912 3539 1135 3570 impedimentum,
1153 3539 1333 3570 impeditivum
1347 3539 1537 3563 ABDEFHKL.

482 3593 590 3616 Smnmr.
609 3592 709 3616 Timon.
730 3592 760 3616 D.
773 3591 885 3616 Timum-3
904 3592 936 3617 T.
951 3592 990 3616 ΙΙΙ.

2522 681 2533 691 ”
2547 683 2603 705 Loc.
2618 683 2656 705 cit.

2523 1412 2533 1423 ”
2549 1411 2580 1433 Ca
2599 1427 2605 1433 .
2620 1418 2641 1437 v,
2651 1417 2674 1433 n.
2690 1418 2706 1433 ι.
2720 1423 2731 1428 -

2524 1438 2548 1460 S.
2558 1418 2602 1459 ΤΕ.
2617 1438 2670 1460 lect.
2684 1444 2706 1459 ν.

2528 3028 2539 3040 *
2552 3028 2608 3055 Cap.
2624 3034 2654 3054 11,
2669 3027 2737 3049 n.16.

2640 3393 2695 3413 xrv,

2532 3389 2541 3398 ι

2563 3388 2621 3435 capn-
2625 3417 2669 3435 Vet·
2677 3419 2731 3434 XXXI

2531 3421 2586 3441 xxx3
2595 3421 2601 3435 ι
