2852 4152
350 173 423 209 282
1026 174 1292 220 QUAESTIO
1322 174 1460 220 XLIII,
1490 173 1785 210 ARTICULUS
1816 174 1845 210 11

1116 314 1431 358 ARTICULUS
1461 315 1758 357 SECUNDUS

1003 417 1158 447 UTRUM
1182 415 1323 446 CAUSA
1346 415 1523 446 TIMORIS
1547 415 1613 446 SIT
1637 415 1863 447 DEFECTUS

1300 501 1329 525 In
1350 501 1447 526 Psalm.
1467 501 1571 526 XXVI.

381 613 442 656 lais*
468 621 545 667 ,αἴ-(-
558 613 580 637 D
596 611 784 637 SECUNDUM
799 611 851 635 sm
867 609 1105 634 PROCEDITUR.
1124 596 1281 633 Videtur
1300 597 1405 645 quod

372 641 537 712 “kjffid
559 653 726 690 defectus
745 664 823 688 non
843 651 889 687 sit
909 663 1022 687 causa
1040 650 1196 687 timoris.
1228 650 1282 686 Illi
1302 650 1404 687 enim

365 701 403 761 ἰγ’
425 694 623 753 *rzsff‘qu
650 703 858 753 potentiam
885 703 1044 750 habent,
1075 702 1241 739 maxime
1270 703 1404 740 timen-

404 732 500 791 ἐξ)
515 748 547 792 K
559 765 627 794 tur.
650 757 726 794 Sed
745 756 912 793 defectus
933 755 1181 792 contrariatur
1198 756 1402 804 potentiae.

347 811 448 857 Ergo
479 810 646 846 defectus
674 822 752 846 non
782 816 836 845 est
865 821 978 845 causa
1006 808 1164 845 timoris.

400 875 435 899 2.
452 863 682 908 ΡΒΑΕΤΕΚΕΑ,
704 862 753 898 illi
773 861 837 910 qui
857 861 932 897 iam
950 861 1221 910 decapitantur‚
1237 861 1402 898 maxime

346 923 431 951 sunt
458 915 496 951 in
525 915 683 951 defectu.
715 915 792 951 Sed
820 914 911 950 tales
939 926 1018 951 non
1045 914 1188 961 timent,
1208 921 1251 951 ut
1270 914 1405 950 dicitur

246 981 259 996 n
284 981 290 995 1
310 990 315 996 ·
345 967 383 1004 in
404 969 434 1004 ΙΙ
455 968 644 1004 Rhetoric.
665 967 684 989 '¹‘
712 968 814 1015 Ergo
845 967 1013 1004 defectus
1042 979 1120 1004 non
1150 975 1206 1004 est
1229 966 1404 1003 causati-

344 1032 472 1057 moris.

398 1073 432 1110 3.
454 1074 694 1119 Pmmrzam,
725 1072 915 1110 decertare
945 1085 990 1109 ex
1017 1071 1235 1109 fortitudine
1263 1083 1402 1121 prove-

344 1125 413 1173 nit,
442 1138 521 1163 non
550 1138 595 1163 ex
624 1126 783 1162 defectu.
824 1125 901 1162 Sed
928 1126 1157 1162 decertantes
1185 1125 1315 1161 timent
1339 1136 1403 1161 eos

239 1186 253 1201 ¹¹
295 1195 299 1201 ·
343 1179 408 1227 qui
419 1190 493 1227 pro
513 1178 649 1216 eisdem
669 1179 870 1224 decertant,
887 1185 927 1214 ut
943 1177 1076 1215 dicitur
1089 1178 1129 1215 in
1144 1178 1175 1214 11
1190 1176 1403 1215 Rhetorica*

343 1232 445 1279 Ergo
474 1232 642 1269 defectus
670 1243 749 1268 non
778 1239 833 1268 est
862 1243 976 1268 causa
1003 1229 1161 1268 timoris.

396 1285 471 1322 SED
491 1296 647 1331 CONTRA,
675 1283 949 1321 contrariorum
980 1283 1190 1321 contrariae
1209 1291 1297 1321 sunt
1316 1295 1404 1321 cau-

343 1350 417 1375 sae.
441 1337 518 1374 Sed
536 1337 697 1383 divitiae,
714 1343 750 1373 et
766 1338 895 1383 robur,
911 1342 948 1373 et
963 1336 1158 1373 multitudo
1178 1337 1402 1383 amicorum,

342 1397 378 1427 et
397 1396 581 1438 potestas,
611 1390 816 1428 excludunt
842 1390 1036 1436 timorem,
1065 1397 1107 1426 ut
1141 1389 1276 1427 dicitur
1299 1389 1340 1426 in
1369 1390 1400 1426 II

237 1453 250 1468 ¹¹
276 1453 312 1468 2⁰·
342 1443 553 1481 Rhetoric.*
569 1444 670 1492 Ergo
692 1455 737 1480 ex
757 1442 907 1480 defectu
925 1443 1065 1480 horum
1085 1441 1198 1479 timor
1215 1450 1400 1480 causatur.

395 1498 620 1534 RESPONDEO
640 1508 824 1533 mcx-:Noun
840 1495 956 1544 quod,
978 1494 1073 1532 sicut
1092 1508 1207 1544 supra
1224 1495 1244 1517 '¹‘
1260 1495 1402 1532 dictum

344 1557 409 1596 est,
441 1550 580 1598 duplex
609 1562 723 1587 causa
746 1548 893 1586 timoris
913 1548 1033 1598 accipi
1051 1555 1196 1597 potest:
1225 1561 1302 1585 una
1323 1548 1403 1597 qui-

343 1603 432 1640 dem
451 1615 521 1651 per
538 1602 699 1640 modurn
718 1602 921 1640 materialis
943 1601 1212 1650 dispositionis,
1234 1613 1279 1637 ex
1298 1609 1403 1650 parte

344 1655 423 1692 eius
443 1656 506 1704 qui
525 1655 651 1702 timet3
678 1654 749 1692 alia
768 1667 836 1704 per
855 1655 1017 1692 modum
1038 1667 1175 1692 causae
1196 1653 1402 1701 efficientis,

343 1721 388 1746 ex
420 1716 525 1758 parte
560 1708 641 1747 eius
676 1707 741 1756 qui
777 1708 940 1745 timetur.
975 1708 1173 1755 Quantum
1209 1706 1320 1755 igitur
1355 1707 1403 1744 ad

342 1761 522 1810 primum,
544 1761 724 1809 defectus,
749 1773 818 1810 per
845 1773 887 1798 se
913 1760 1122 1809 loquendo,
1153 1767 1208 1796 est
1228 1772 1342 1796 causa
1361 1759 1404 1796 ti-

342 1814 482 1861 moris:
513 1826 558 1851 ex
585 1813 712 1862 aliquo
742 1813 845 1851 enim
875 1813 1024 1851 defectu
1052 1812 1199 1850 virtutis
1224 1811 1405 1859 contingit

343 1868 446 1916 quod
475 1879 554 1904 non
581 1867 701 1915 possit
730 1866 862 1914 aliquis
892 1866 938 1903 de
959 1865 1056 1903 facili
1076 1865 1257 1914 repellere
1277 1864 1404 1901 immi-

395 2008 422 2039 α)
442 2007 520 2031 laedi.
540 2021 557 2027 ·-
575 2014 602 2031 se
621 2006 692 2031 laedi
713 2006 824 2031 codices.

1461 609 1556 634 nens
1584 597 1739 634 malurn.
1762 597 1839 634 Sed
1866 606 1995 636 tamen
2015 599 2065 637 ad
2085 601 2319 638 causandum
2344 601 2521 637 timorem

1462 650 1662 698 requiritur
1698 649 1866 687 defectus
1895 663 1984 688 cum
2017 652 2143 702 aliqua
2171 666 2362 692 mensura.
2391 653 2521 690 Minor
2562 694 2567 697 ,

1462 702 1564 739 enim
1586 709 1641 739 est
1660 702 1828 740 defectus
1848 703 1912 751 qui
1936 712 2065 743 causat
2083 705 2261 746 timorem
2279 706 2394 744 futuri
2418 706 2519 754 mali,

1461 768 1577 804 quam
1607 755 1775 792 defectus
1805 767 2043 804 consequens
2071 758 2217 809 malum
2244 771 2440 807 praesens,
2472 759 2520 796 de

1460 820 1537 857 quo
1567 816 1623 845 est
1649 808 1803 845 tristitia.
1834 809 1887 845 Et·
1910 809 2037 845 adhuc
2066 817 2164 847 esset
2191 811 2320 848 maior
2337 812 2518 859 defectus,

1461 861 1490 897 si
1520 860 1681 898 totaliter
1708 873 1841 898 sensus
1870 861 1960 898 mali
1979 862 2200 910 auferretur,
2219 864 2282 900 vel
2301 876 2410 901 arnor
2428 864 2520 902 boni

1461 926 1567 950 cuius
1596 921 1827 950 contrarium
1857 921 2020 951 timetur.

1514 966 1712 1013 Quantum
1739 978 1834 1003 vero
1860 967 1909 1003 ad
1929 966 2154 1014 secundum,
2183 966 2302 1004 virtus
2330 975 2366 1005 et
2389 969 2517 1016 robur,

1458 1031 1528 1067 per
1552 1030 1592 1055 se
1611 1019 1819 1066 loquendo,
1842 1026 1898 1055 est
1916 1031 2031 1056 causa
2059 1018 2221 1056 timoris:
2251 1031 2298 1057 ex
2319 1021 2394 1058 hoc
2418 1021 2520 1059 enim

1460 1071 1566 1120 quod
1590 1070 1732 1120 aliquid
1750 1071 1858 1119 quod
1876 1071 2174 1120 apprehenditur
2191 1079 2232 1109 ut
2250 1073 2449 1122 nocivum5
2465 1082 2521 1112 est

1458 1124 1686 1171 virtuosum,
1704 1123 1883 1172 contingit
1901 1124 2008 1172 quod
2023 1124 2104 1162 eius
2124 1124 2281 1170 effectus
2296 1125 2426 1175 repelli
2439 1137 2520 1166 non

1458 1184 1594 1226 potest.
1616 1176 1808 1225 Contingit
1825 1184 1955 1214 tamen
1972 1190 2042 1226 per
2064 1177 2245 1219 accidens¹
2260 1177 2367 1227 quod
2385 1178 2520 1228 aliquis

1460 1230 1628 1281 defectus
1657 1242 1702 1266 ex
1725 1229 1799 1266 ista
1811 1237 1917 1279 parte
1938 1238 2067 1268 causat
2084 1230 2273 1278 timorem,
2293 1230 2520 1281 inquantum

1460 1294 1505 1319 ex
1524 1282 1651 1331 aliquo
1673 1283 1822 1320 defectu
1851 1283 2032 1335 contingit
2057 1283 2163 1332 quod
2188 1283 2322 1332 aliquis
2339 1284 2431 1322 velit
2451 1296 2522 1331 nof-

1460 1342 1683 1386 curnentum
1710 1335 1865 1372 inferre:
1893 1343 1986 1385 puta
2012 1343 2168 1386 propter
2193 1336 2429 1385 iniustitiam,
2457 1338 2522 1375 vel

1460 1388 1547 1438 quia
1575 1396 1662 1426 ante
1689 1388 1814 1426 laesus
1841 1388 1921 1436 fuit,
1950 1389 2012 1426 vel
2040 1389 2129 1438 quia
2155 1389 2263 1427 timet
2289 1390 2388 1428 laedi
2408 1395 2437 1427 ².

1512 1443 1571 1478 Ao
1600 1453 1738 1478 PR1MUM
1756 1453 1854 1478 ERGO
1874 1453 2058 1479 meerDUM
2087 1442 2194 1491 quod
2221 1442 2314 1480 ratio
2343 1443 2405 1480 illa
2431 1455 2520 1492 pro-

1461 1493 1559 1532 cedit
1588 1494 1634 1531 de
1665 1506 1779 1531 causa
1798 1494 1941 1531 timoris
1961 1507 2008 1532 ex
2026 1502 2132 1543 parte
2152 1507 2290 1532 causae
2311 1495 2520 1542 efficientis.

1512 1549 1571 1584 An
1599 1559 1789 1584 SECUNDUM
1816 1559 2001 1584 DICENDUM
2024 1547 2130 1596 quod
2157 1535 2210 1584 illi
2227 1547 2293 1595 qui
2312 1547 2393 1585 iam*
2409 1548 2520 1587 deca-

1458 1599 1634 1649 pitantur,
1655 1606 1742 1636 sunt
1759 1599 1798 1636 in
1816 1600 1994 1648 passione
2013 1599 2222 1648 praesentis
2241 1600 2350 1642 mali„
2364 1600 2415 1640 Et
2432 1600 2520 1638 ideo

1459 1653 1527 1689 iste
1557 1652 1725 1689 defectus
1754 1651 1900 1689 excedit
1927 1664 2149 1689 mensuram
2178 1652 2342 1701 timoris.-
2511 1680 2514 1683 -

1512 1707 1570 1742 AD
1599 1716 1758 1742 ”rr-:rmum
1786 1716 1970 1742 mCENDuM
1998 1705 2104 1754 quod
2123 1705 2360 1745 decertantes
2386 1705 2521 1743 timent

1460 1770 1539 1795 non
1565 1765 1721 1807 propter
1747 1758 1975 1806 potentiam,
2005 1770 2082 1807 qua
2117 1758 2311 1797 decertare
2336 1765 2518 1808 possunt:

1461 1810 1528 1847 sed
1554 1818 1711 1860 propter
1739 1810 1928 1848 defectum
1951 1811 2156 1860 potentiae,
2177 1823 2224 1848 ex
2242 1823 2320 1861 quo
2341 1811 2522 1860 contingit

1461 1863 1565 1913 quod
1593 1875 1635 1900 se
1663 1871 1907 1913 superaturos
1934 1876 2014 1902 non
2042 1864 2252 1902 confidunt.
