2852 4152
1061 222 1325 268 QUAESTIO
1356 224 1405 269 Il⁷
1434 224 1728 261 ARTICULUS
1758 226 1771 261 1
2030 270 2039 276 .
2452 242 2495 278 17

951 388 953 390 ’
1003 419 1413 495 QUAEsTlo
1453 420 1832 477 SECUNDA

629 546 713 587 DE
746 546 843 587 HIS
875 546 936 587 IN
971 547 1191 599 QUIBUS
1224 548 1475 590 HOMINIS
1508 550 1859 592 BEATITUDO
1896 551 2207 593 CONSISTIT

1152 663 1186 688 IN
1215 663 1312 688 OCTO
1340 663 1540 689 ARTICULOS
1567 664 1683 689 DIVISA

94 771 525 854 trocf.qu.1‚1u-Dmm)ss
560 762 878 799 considerandum
917 771 972 800 est
1010 764 1055 800 de
1090 764 1319 802 beatitudine
1347 764 1386 801 *ε

393 827 542 888 *primo
572 815 738 864 quidem,
767 815 805 852 in
834 816 970 864 quibus
1000 816 1062 862 sit;
1092 817 1271 864 secundo,
1298 817 1388 866 quid

335 866 414 904 sit*
425 880 433 914 ;
463 867 571 904 tertio
593 873 620 914 α,
640 868 797 916 qualiter
816 881 901 905 eam
921 869 1101 918 consequi
1128 870 1318 918 possimus
1336 869 1387 906 *ἦ

336 919 446 957 Circa
472 920 640 969 primum
669 929 899 969 quaeruntur
926 929 1025 958 octo.

388 973 536 1009 Primo:
566 981 692 1010 utrum
721 973 911 1010 beatitudo
941 973 1118 1010 consistat
1144 974 1183 1011 in
1212 974 1360 1011 divitiis.

388 1025 588 1062 Secundo:
616 1033 743 1062 utrum
771 1025 809 1062 in
837 1026 1058 1063 honoribus.

95 864 168 893 ‘Qu.
182 870 216 887 m.

193 901 211 918 α

95 926 117 937 ”·
133 925 182 954 Qu.
196 932 222 947 v.

1496 765 1648 802 Tertio:
1677 774 1804 803 utrum
1832 767 1870 804 in
1897 768 2008 814 fama,
2030 768 2109 805 sive
2137 768 2175 805 in
2203 769 2328 817 gloria.

1496 818 1662 864 Quarto:
1692 827 1818 856 utrum
1847 820 1884 856 in
1912 827 2106 868 potestate.

1496 871 1655 917 Quinto:
1686 879 1813 908 utrum
1841 872 1879 909 in
1907 872 2032 922 aliquo
2063 873 2230 922 corporis
2258 874 2373 912 bono.

1497 924 1627 960 Sexto:
1656 931 1782 960 utrum
1809 924 1847 961 in
1874 926 2078 974 voluptate.

1497 975 1689 1023 Septimo:
1719 984 1845 1013 utrum
1873 977 1911 1014 in
1940 978 2064 1027 aliquo
2093 979 2196 1016 bono
2225 979 2385 1016 animae.

1497 1029 1667 1065 Octavo:
1695 1036 1822 1066 utrum
1851 1029 1890 1066 in
1918 1030 2044 1078 aliquo
2073 1032 2176 1068 bono
2206 1040 2343 1069 creato,

1141 1135 1456 1178 ARTICULUS
1487 1136 1691 1179 PRIMUS

797 1236 952 1266 UTRUM
974 1235 1226 1266 BEATITUDo
1250 1235 1429 1266 HOMINIS
1453 1236 1692 1267 CONSISTAT
1716 1238 1759 1268 1N
1782 1212 1954 1270 D1V1T11s

1092 1322 1122 1346 111
1141 1322 1219 1347 cont.
1241 1323 1327 1352 Geni„
1347 1330 1403 1355 cap.
1416 1330 1476 1353 xxx;
1491 1324 1505 1348 Ἰ
1525 1323 1620 1352 Ethic„
1638 1324 1697 1350 lect.
1714 1331 1739 1350 v.

352 1496 688 1604 efisigum
682 1515 783 1552 enim
820 1514 1012 1551 beatitudo
1024 1515 1087 1603 tistit
1113 1461 1387 1603 ultignusaxfinis

343 1579 349 1588 ⁷
480 1579 486 1593 ’
520 1586 543 1597 *v
572 1568 728 1614 ommis,
757 1567 795 1604 in
823 1579 870 1604 eo
899 1567 1022 1604 consis
1092 1579 1169 1615 quo
1225 1579 1263 1603 m
1314 1579 1387 1603 ime

331 1619 372 1656 in
394 1619 562 1658 hominis
590 1596 729 1658 affectu
758 1619 980 1657 dominatur.
1002 1619 1232 1656 Huiusmodi
1261 1627 1389 1656 autem

94 1662 227 1726 wag,
333 1670 454 1709 sui¹1t2¹3
472 1672 642 1710 divitiae:
673 1673 805 1710 dicitur
828 1672 929 1709 enim
955 1672 1078 1709 Eccle.
1103 1684 1127 1708 x
1147 1672 1184 1709 *τ
1204 1673 1390 1709 Pecuniae

332 1725 507 1762 obediunt
523 1727 662 1763 omnia.
683 1727 785 1773 Ergo
813 1726 852 1762 in
873 1725 1014 1762 divitiis
1041 1725 1233 1762 beatitudo
1266 1725 1389 1762 homi-

331 1788 390 1814 nis
411 1779 596 1816 consistit.

387 1841 422 1867 2.
449 1831 693 1879 Pmmmt,
719 1831 934 1868 secundum
968 1830 1165 1877 Boetium,
1199 1830 1238 1867 in
1268 1831 1316 1866 111
1345 1831 1391 1867 de

94 1884 226 1908 '⁹³⁸¹ss
336 1883 484 1920 Consul.
506 1886 537 1931 ⁸,
557 1884 752 1922 beatitudo
781 1891 837 1920 est
862 1889 977 1921 status
1009 1883 1177 1920 omnium
1205 1884 1389 1920 bonorum

190 1936 208 1962 Υ
331 1931 609 1986 aggregatione
635 1942 651 1965 ἵ
672 1938 873 1985 perfectus.
900 1936 977 1973 Sed
996 1936 1034 1972 in
1061 1935 1231 1985 pecuniis
1260 1936 1390 1972 omnia

331 1989 517 2037 possideri
542 1990 738 2027 videntur:
764 1989 867 2038 quia,
887 1997 929 2026 ut
955 1989 1209 2036 Philosophus
1238 1989 1326 2025 dicit
1351 1989 1389 2025 in

93 2039 306 2090 gffssj'fggjssj·
332 2041 367 2078 V
393 2042 512 2079 Ethic.
533 2042 564 2089 ⁴²,
585 2043 634 2079 ad
661 2043 736 2079 hoc
763 2053 945 2079 nummus
974 2049 1028 2078 est
1059 2042 1254 2088 inventus,
1275 2049 1321 2078 ut*
1344 2041 1390 2077 sit

333 2095 441 2142 quasi
475 2095 680 2132 fideiussor
709 2094 880 2131 habendi
919 2106 990 2143 pro
1034 2106 1079 2130 eo
1119 2094 1388 2142 quodcumque

332 2148 453 2184 homo
470 2147 645 2185 voluerit.
665 2148 767 2195 Ergo
781 2147 825 2184 *in
845 2146 980 2184 divitiis
995 2146 1188 2183 beatitudo
1209 2146 1385 2183 consistit.

389 2201 423 2237 3.
453 2201 694 2247 PRAETEREA,
729 2199 958 2237 desiderium
986 2199 1126 2236 summi
1154 2199 1268 2245 boni,
1299 2211 1386 2235 cum

333 2263 530 2301 nunquam
566 2253 735 2299 deficiat,
761 2252 913 2290 videtur
950 2264 1031 2288 esse
1068 2251 1269 2288 infinitum.
1310 2251 1388 2288 Sed

332 2306 408 2342 hoc
426 2305 592 2342 maxime
611 2305 649 2341 in
670 2304 805 2342 divitiis
821 2304 1024 2341 invenitur:
1046 2303 1135 2351 quia
1153 2314 1294 2340 avarus
1312 2315 1386 2340 non

332 2358 543 2407 implebitur
558 2356 575 2380 Β
587 2358 763 2406 pecunia,
782 2364 823 2394 ut
843 2356 976 2394 dicitur
993 2356 1115 2393 Eccle.
1131 2368 1155 2392 v
1171 2357 1202 2393 ²⁸..
1232 2357 1333 2404 Ergo
1349 2356 1388 2393 in

333 2410 470 2448 divitiis
497 2411 692 2448 beatitudo
721 2409 898 2447 consistit.

386 2464 460 2501 SED
489 2475 646 2511 CONTRA,
667 2464 812 2500 bonum
832 2462 995 2499 hominis
1013 2461 1051 2498 in
1076 2461 1272 2498 retinendo
1301 2462 1389 2498 bea-

190 2516 202 2533 ¹
329 2515 529 2554 titudinem
561 2521 574 2538 ⁸
606 2516 726 2564 magis
761 2515 928 2552 consistit
961 2526 1077 2563 quam
1098 2514 1144 2551 'in
1181 2514 1387 2552 emittendo

330 2568 464 2618 ipsam.
488 2569 565 2607 Sed
593 2568 858 2606 sicutBoetius
886 2568 924 2604 in
944 2568 975 2604 ΙΙ
1005 2567 1050 2604 de
1074 2567 1220 2603 Consol.
1240 2566 1261 2589 ²¹⁸
1289 2567 1387 2615 dicit,

330 2622 480 2659 divitiae
515 2622 760 2672 effundendo,
787 2621 913 2670 magis
954 2632 1067 2668 quam
1112 2621 1387 2666 coacervando,

330 2674 462 2712 melius
490 2677 623 2712 nitent.-
651 2674 831 2723 siquidem
859 2673 1020 2710 avaritia
1047 2684 1194 2721 semper
1224 2673 1386 2719 odiosos,

331 2727 454 2764 claros
490 2728 647 2778 largitas
678 2727 782 2774 facit.
812 2726 914 2774 Ergo
952 2725 990 2762 in
1023 2725 1158 2762 divitiis
1187 2725 1386 2762 'beatitudo

330 2792 409 2817 non
438 2780 615 2818 consistit.

383 2833 609 2875 Rasmmo
629 2843 814 2870 mcENDUM
839 2831 947 2881 quod
966 2830 1196 2879 impossibile
1226 2837 1280 2867 est
1299 2831 1385 2867 bea-

330 2885 529 2924 titudinem
549 2885 711 2924 hominis
725 2885 764 2922 in
785 2884 920 2921 divitiis
941 2884 1154 2921 consistere.
1172 2884 1268 2919 Sunt
1284 2883 1384 2919 enirn

34 2963 35 2966 =
92 2942 238 2992 sfiffissgct
177 2948 243 2970 m‚.n
249 2949 283 2965 ¹⁰·
283 2938 499 2992 -duplices
519 2939 682 2986 divitiae,
697 2945 739 2974 ut
756 2937 1010 2986 Philosophus
1029 2936 1117 2973 dicit
1134 2936 1172 2972 in
1187 2936 1207 2971 Ἰ
1225 2935 1331 2972 Polit.
1353 2937 1384 2983 ¹⁶,

331 2991 469 3028 scilicet
491 2993 690 3037 naturales,
712 2998 748 3027 et
766 2989 987 3026 artificiales.
1006 2989 1209 3025 Naturales
1229 2988 1384 3036 quidem

332 3044 482 3082 divitiae
511 3051 608 3090 sunt,
629 3043 767 3091 quibus
790 3042 936 3079 homini
956 3041 1177 3078 subvenitur
1205 3041 1253 3077 ad
1283 3041 1383 3077 defe-

331 3104 412 3134 ctus
439 3098 626 3134 naturales
645 3095 851 3133 tollendos:
881 3095 973 3131 sicut
991 3093 1109 3140 cibus,
1128 3101 1253 3142 potus,
1273 3093 1385 3131 vesti-

330 3158 470 3197 menta,
490 3150 665 3188 vehicula
694 3155 730 3185 et
754 3147 977 3194 habitacula,
999 3154 1034 3183 et
1058 3146 1128 3183 alia
1151 3145 1381 3183 huiusmodi.

330 3203 492 3241 Divitiae
513 3210 638 3240 autem
659 3201 870 3239 artificiales
889 3207 985 3247 sunt,
1006 3198 1142 3248 quibus
1171 3198 1383 3235 secundum

384 3333 411 3365 α)
427 3334 514 3358 tertio.
518 3332 622 3357 —tertio
632 3331 664 3356 de
683 3331 723 3356 his
740 3338 806 3362 quae
824 3331 974 3364 exiguntur
988 3330 1024 3354 ad
1040 3325 1236 3358 beatitudinem,
1248 3332 1345 3361 quarto
1356 3329 1386 3354 E.

383 3368 408 3401 β)
427 3372 529 3394 sunt.-
511 3367 655 3400 -proprie
673 3367 731 3391 add.
751 3366 796 3391 Pa.

382 3404 408 3437 γ)
428 3403 663 3436 aggregatione.—
680 3401 887 3434 congregatione
905 3401 1006 3425 codices
1026 3405 1050 3425 et
1068 3407 1093 3429 a,
1113 3399 1218 3432 ubique.

381 3438 406 3471 ὃ)
427 3439 614 3475 ιἠιμΙεὸίηινμ-
633 3437 757 3468 impletur
775 3436 1000 3460 ABCDEFHIKL.

383 3475 405 3505 ε)
426 3470 622 3499 beatitudinem.
641 3472 814 3504 -pecuniam
833 3471 863 3496 F.
881 3486 897 3490 -
916 3471 966 3495 Pro
984 3470 1115 3499 consistit,
1135 3470 1228 3495 existit
1252 3469 1385 3494 ABCDEF

382 3544 407 3577 ζ)
427 3544 566 3576 quaedam.
584 3558 601 3562 —
620 3543 682 3567 Om.
701 3542 730 3566 P.

471 3596 580 3620 Summe
599 3595 700 3619 Timor.
720 3594 750 3618 D.
765 3593 878 3618 Tuomst:
897 3593 928 3618 T.
947 3593 986 3617 111.

1442 1422 1482 1447 se
1497 1418 1629 1447 natura
1647 1423 1725 1447 non
1745 1411 1904 1459 iuvatur,
1924 1420 1966 1449 ut
1985 1413 2145 1461 denarii;
2167 1415 2231 1451 sed
2252 1428 2312 1452 ars
2326 1417 2494 1453 humana

1443 1475 1508 1499 eos
1537 1463 1729 1500 adinvenit
1751 1472 1905 1512 propter
1932 1465 2144 1503 facilitatem
2174 1468 2491 1516 commutationis,

1442 1523 1483 1552 ut
1497 1516 1570 1552 sint
1584 1516 1690 1563 quasi
1709 1528 1888 1553 mensura
1907 1518 2096 1565 quaedam
2112 1518 2124 1543 ²
2143 1531 2269 1557 rerum
2286 1522 2490 1559 venalium.

1496 1568 1740 1605 Manifestum
1773 1575 1828 1605 est
1865 1577 1991 1606 autem
2026 1571 2130 1618 quod
2158 1572 2196 1608 in
2224 1573 2360 1610 divitiis
2387 1582 2493 1611 natu-

1443 1620 1582 1657 ralibus
1605 1620 1797 1657 beatitudo
1817 1622 1981 1659 hominis
2000 1634 2081 1659 esse
2109 1636 2187 1660 non
2209 1633 2344 1673 potest.
2367 1627 2492 1673 Quae-

1443 1681 1575 1710 runtur
1613 1674 1712 1710 enim
1750 1674 1967 1711 huiusmodi
2006 1675 2155 1712 divitiae
2183 1685 2337 1725 propter
2372 1678 2492 1727 aliud,

1444 1725 1582 1762 scilicet
1608 1731 1627 1753 ⁷¹
1657 1726 1705 1762 ad
1732 1727 2015 1764 sustentandam
2043 1736 2216 1766 naturam
2244 1730 2428 1767 hominis.
2459 1739 2495 1768 et

1443 1778 1530 1815 ideo
1558 1791 1637 1815 non
1664 1786 1824 1827 possunt
1851 1792 1934 1816 esse
1970 1780 2123 1818 ultimus
2155 1782 2240 1818 finis
2268 1783 2432 1820 hominis
2461 1782 2491 1831 θ,

1444 1831 1510 1868 sed
1539 1832 1658 1879 magis
1695 1831 1914 1869 ordinantur
1941 1832 1990 1869 ad
2017 1833 2215 1871 hominem
2244 1835 2338 1871 sicut
2365 1836 2413 1872 ad
2448 1837 2493 1872 fi-

1443 1896 1544 1921 nem.
1574 1884 1686 1921 Unde
1714 1884 1751 1920 in
1780 1885 1912 1921 ordine
1940 1893 2094 1922 naturae
2123 1887 2252 1923 omnia
2278 1887 2494 1925 huiusmodi

1443 1944 1530 1973 sunt
1556 1937 1650 1973 infra
1678 1937 1886 1984 hominem,
1909 1945 1944 1974 et
1970 1946 2124 1987 propter
2150 1939 2347 1977 hominem
2375 1941 2491 1987 facta3

1442 1990 1653 2026 secundum
1672 1989 1763 2026 illud
1782 1990 1923 2026 Psalmi
1941 1990 2211 2028 v111*·.Omm'a
2229 1993 2412 2030 subiecisti
2426 1995 2528 2031 sub·

1435 2042 1593 2090 pedihus
1629 2043 1717 2078 eius.

1493 2094 1655 2132 Divitiae
1683 2102 1811 2132 autem
1839 2094 2050 2132 artificiales
2077 2108 2155 2132 non
2183 2105 2412 2144 quaeruntur
2425 2098 2494 2135 nisi

1440 2155 1596 2206 propter
1624 2148 1828 2184 naturales·
1864 2160 1942 2184 non
1976 2148 2076 2184 enim
2104 2157 2388 2207 quaererentur,
2422 2151 2492 2187 nisi

1442 2199 1531 2258 quia
1544 2211 1613 2247 per
1628 2211 1691 2236 eas
1711 2206 1914 2236 emuntur
1933 2212 1992 2236 res
2008 2200 2056 2237 ad
2074 2213 2186 2237 usum
2204 2201 2303 2238 vitae
2323 2215 2494 2240 necessa-

1441 2251 1530 2288 riae.
1551 2252 1661 2289 Unde
1687 2252 1806 2288 multo
1834 2252 1959 2288 minus
1986 2253 2127 2289 habent
2155 2253 2340 2290 rationem
2372 2255 2493 2292 ultimi

1441 2304 1539 2340 finis.
1573 2304 1811 2352 Impossibile
1845 2312 1900 2341 est
1925 2304 2035 2352 igitur
2075 2305 2366 2354 beatitudinem,
2396 2320 2493 2356 quae

1443 2364 1498 2393 est
1524 2356 1677 2393 ultimus
1705 2357 1790 2393 finis
1817 2356 1993 2404 hominis,
2018 2357 2055 2394 in
2085 2358 2220 2395 divitiis
2249 2370 2342 2396 esse.

1494 2411 1552 2446 AD
1581 2421 1717 2446 ptumum
1744 2420 1842 2446 ERGO
1870 2421 2052 2447 monimum
2081 2411 2183 2459 quod
2203 2412 2332 2448 omnia
2361 2424 2492 2460 corpo-

1442 2462 1532 2498 ralia
1559 2462 1743 2499 obediunt
1769 2462 1973 2510 pecuniae,
2003 2470 2186 2511 quantum
2215 2464 2262 2500 ad
2290 2464 2494 2501 multitudi-

1442 2527 1531 2551 nem
1549 2520 1566 2536 2
1586 2515 1796 2561 stultorum,
1816 2515 1880 2562 qui
1899 2515 1979 2551 sola
2007 2515 2215 2564 corporalia
2234 2517 2335 2553 bona
2355 2529 2494 2565 cogno-

1442 2575 1570 2614 scunt,
1602 2580 1699 2616 quae
1734 2568 1898 2615 pecunia
1929 2567 2071 2616 acquiri
2094 2576 2277 2616 »possunt
2309 2569 2493 2606 Iudicium

1442 2629 1569 2657 autem
1599 2621 1645 2657 de
1665 2619 1774 2656 bonis
1802 2620 1978 2656 humanis
1997 2632 2074 2656 non
2104 2621 2215 2657 debet
2234 2621 2333 2657 sumi
2356 2634 2378 2658 a
2406 2623 2492 2658 stul-

1441 2673 1497 2718 tis,
1519 2673 1585 2710 sed
1614 2685 1636 2709 a
1657 2672 1906 2721 sapientibus:
1936 2671 2030 2709 sicut
2049 2680 2085 2709 et
2103 2673 2282 2710 iudicium
2311 2674 2358 2710 de
2383 2686 2492 2723 sapo-

1441 2725 1543 2762 ribus
1559 2726 1605 2761 ab
1627 2725 1685 2761 his
1703 2724 1766 2773 qui
1780 2725 1922 2761 habent
1935 2732 2084 2772 gustum
2105 2726 2202 2762 bene
2228 2726 2450 2774 dispositum
2465 2725 2490 2764 λ.

1494 2780 1552 2814 AD
1572 2789 1761 2814 SECUNDUM
1789 2789 1971 2815 mCENDUM
1991 2777 2094 2826 quod
2113 2779 2274 2826 pecunia
2292 2784 2310 2807 μ
2332 2787 2490 2827 possunt

1440 2830 1571 2867 haberi
1586 2830 1715 2867 omnia
1732 2829 1900 2867 venalia:
1920 2842 1998 2866 non
2017 2837 2143 2866 autem
2163 2831 2377 2878 spiritualia,
2394 2844 2491 2879 quae

1439 2883 1555 2920 vendi
1573 2895 1651 2919 non
1678 2889 1846 2931 possunt.
1875 2882 1986 2919 Unde
2015 2882 2148 2919 dicitur
2164 2884 2343 2919 Proverb.
2363 2884 2489 2920 xvu*:
2519 2890 2528 2899 ·

1444 2936 1543 2978 Quid
1561 2936 1717 2984 prodest
1740 2935 1847 2971 stulto
1879 2935 2024 2971 divitias
2050 2936 2206 2982 habere,
2236 2947 2321 2971 cum
2348 2937 2490 2984 sapien-

1439 2989 1529 3025 tiam
1558 3000 1681 3025 emere
1707 2999 1781 3024 non
1804 2987 1930 3034 possit.

1491 3043 1550 3077 AD
1578 3052 1736 3077 TERTIUM
1764 3051 1945 3076 DlCENDuM
1982 3039 2087 3087 quod
2123 3039 2310 3088 appetitus
2342 3048 2491 3077 natura-

1438 3092 1531 3129 lium
1560 3092 1774 3130 divitiarum
1793 3104 1871 3129 non
1891 3099 1946 3128 est
1964 3092 2150 3129 infinitus:
2171 3092 2259 3141 quia
2280 3093 2489 3130 secundum

1440 3152 1581 3182 certam
1609 3156 1828 3182 mensuram
1856 3152 2012 3181 naturae
2040 3145 2240 3182 sufficiunt.
2272 3146 2347 3182 Sed
2376 3158 2488 3194 appe-

1439 3198 1524 3234 titus
1553 3197 1768 3235 divitiarum
1788 3197 2035 3234 anificialium
2062 3203 2075 3219 V
2103 3205 2158 3234 est
2185 3197 2371 3235 infinitus:
2401 3199 2489 3246 quia

1493 3330 1518 3360 η)
1534 3332 1649 3360 propter
1667 3329 1749 3358 aliud,
1768 3328 1875 3353 scilicet.
1890 3342 1909 3347 ·-
1928 3328 1989 3352 Om.
2008 3328 2065 3352 Pla.

1493 3362 1517 3396 θ)
1537 3363 1658 3388 hominis.
1676 3378 1695 3382 -
1713 3364 1774 3388 Om.
1794 3363 1839 3387 Pa.

1493 3399 1510 3431 ι)
1530 3402 1662 3423 emuntur.
1682 3412 1696 3417 -
1716 3399 1813 3423 emitur
1831 3398 1989 3430 ACFLpBD,
2009 3400 2158 3422 emerentur
2173 3397 2243 3428 sDH,
2261 3397 2425 3422 emitteretur
2438 3399 2489 3430 pH.

1491 3434 1517 3466 κ)
1537 3434 1742 3459 multitudinem.
1758 3447 1778 3453 —
1796 3433 1978 3458 multitudines
1996 3432 2237 3464 ACDEFGHILpB.

1492 3468 1519 3501 λ)
1541 3469 1704 3500 dispositum.
1722 3482 1740 3488 —
1759 3469 1925 3493 moderatum
1946 3468 1991 3492 Pa.

1493 3505 1521 3537 μ)
1536 3504 1660 3535 pecunia.
1672 3517 1691 3522 -
1704 3511 1757 3535 pro
1772 3503 1887 3535 pecunia
1906 3503 2027 3527 CEGKL.

1493 3540 1516 3571 ν)
1535 3539 1724 3572 artificialium.
1741 3552 1759 3559 -
1777 3538 1981 3570 acquisitialium
2001 3537 2197 3569 CGILpABDH.

2519 2007 2609 2029 'Vers.
2620 2008 2641 2029 8.
