2852 4152
149 2573 158 2582 ⁸
170 2572 202 2594 Ca
221 2588 226 2593 .
238 2578 267 2598 iv,
278 2578 360 2599 n.15.-

149 2599 201 2620 S.T
221 2599 287 2620 ¹lect.
303 2604 333 2619 ix.

148 2793 157 2801 '
174 2791 197 2813 S.
210 2791 254 2813 Th.
265 2792 315 2813 lect.
327 2797 357 2813 ix.

148 3160 156 3168 ·
177 3158 233 3186 Cap.
246 3145 286 3184 m,
301 3163 329 3179 iv.
346 3169 355 3173 -

149 3184 218 3207 S.Th.
226 3185 276 3206 lect.
285 3190 318 3210 ιιι,
326 3190 356 3205 ιν.

150 3350 157 3358 ·
175 3349 231 3376 Cap.
251 3355 289 3371 vn.
300 3361 309 3365 -
322 3349 356 3371 Cf.

149 3381 200 3403 cap.
215 3382 245 3397 ix.

402 197 475 243 184

398 275 587 323 piscibilis,
619 283 655 312 et
682 276 720 313 in
747 276 941 325 passiones
962 282 976 304 Υ
1002 277 1300 325 concupiscibilis
1329 276 1454 313 termi-

399 335 544 365 nantur.

451 383 509 417 AD
538 393 674 418 PR1MUM
703 393 800 418 ERGO
829 394 1011 419 DICENDUM
1039 381 1145 429 quod
1172 380 1232 427 illa
1257 380 1350 417 ratio
1370 392 1456 429 pro-

400 433 560 480 cederet,
591 433 621 470 si
650 434 696 470 de
726 434 869 470 ratione
889 433 1025 470 obiecti
1042 431 1341 480 concupiscibilis
1361 438 1458 468 esset

399 486 541 534 aliquid
570 486 787 534 oppositum
817 487 949 531 arduo,
975 486 1069 521 sicut
1089 486 1136 522 de
1156 484 1300 520 ratione
1320 483 1457 520 obiecti

399 538 591 575 irascibilis
622 546 676 575 est
703 538 805 586 quod
835 538 880 575 sit
912 537 1085 574 arduum.
1127 536 1204 572 Sed
1231 536 1318 584 quia
1351 536 1457 572 obie-

399 598 501 627 ctum
531 591 828 639 concupiscibilis
863 598 915 626 est
948 590 1094 625 bonum
1133 589 1324 635 absolute,
1353 589 1456 637 prius

398 643 614 680 naturaliter
650 651 705 679 est
741 654 856 691 quam
894 642 1084 677 obiectum
1122 640 1333 688 irascibilis,
1363 641 1458 678 sicut

400 707 605 732 commune
633 695 799 744 proprio.

449 807 475 840 γ)
490 807 637 839 passiones.
654 820 673 825 -
687 806 855 838 passionibus
874 806 919 830 Pa.

1086 199 1350 245 QUAEsrlo
1380 199 1503 245 XXV,
1533 198 1826 235 ARTICULUS
1857 199 1887 234 11

1562 279 1619 313 An
1649 289 1836 314 SECUNDUM
1865 288 2046 315 DICENDUM
2075 279 2181 327 quod
2210 290 2413 315 removens
2440 277 2567 326 prohi-

1509 329 1603 365 bens
1633 341 1710 365 non
1739 336 1794 365 est
1821 341 1984 366 movens
2011 342 2079 378 per
2107 343 2158 378 se,
2189 331 2257 368 sed
2283 343 2351 380 per
2379 330 2565 367 accidens.

1510 381 1624 417 Nunc
1652 388 1778 417 autem
1807 380 1998 429 loquimur
2025 383 2072 420 de
2101 383 2232 420 ordine
2257 383 2480 432 passionum
2500 394 2568 431 per

1510 444 1561 468 se.
1583 453 1606 459 -
1627 433 1677 468 Et
1702 439 1898 480 praeterea
1926 433 2119 472 irascibilis
2151 443 2324 473 removet
2359 435 2565 484 prohibens

1509 484 1677 532 quietem
1707 485 2008 533 concupiscibilis
2037 487 2075 524 in
2102 500 2172 524 suo
2198 488 2360 525 obiecto.
2390 487 2501 524 Unde
2521 498 2566 523 ex

1507 537 1582 573 hoc
1610 548 1689 572 non
1713 537 1880 585 sequitur
1911 538 1981 575 nisi
2011 540 2115 588 quod
2147 540 2344 589 passiones
2371 539 2565 576 irascibilis

1508 588 1741 647 praecedunt
1768 590 1963 638 passiones
1993 593 2293 641 concupiscibilis
2321 592 2370 630 ad
2398 591 2565 640 quietem

1509 648 1749 690 pertinentes.

1562 695 1621 730 De
1650 694 1786 742 quibus
1815 695 1926 731 etiam
1954 696 2060 732 tertia
2088 697 2181 734 ratio
2210 697 2391 746 procedit.

1070 885 1400 918 commentaria
1423 885 1671 919 Cardinalis
1692 887 1892 920 Caietam

461 985 531 1005 IRCA
550 974 679 1005 titulum
694 972 887 1014 quaestionis
898 972 1205 1014 vigesimaequintae‚
1221 973 1345 1003 adverte
1366 975 1454 1013 quod

398 985 606 1058 Cpraesens
629 1017 772 1058 quaestio
796 1024 842 1047 est
861 1017 899 1047 de
923 1017 1032 1047 ordine
1060 1023 1203 1053 naturae,
1227 1027 1292 1047 non
1311 1016 1372 1047 hoc
1403 1017 1453 1047 vel

394 1062 448 1092 illo
473 1062 581 1098 modo,
607 1062 661 1091 sed
685 1060 875 1101 simpliciter.
900 1061 940 1091 Et
958 1061 1112 1101 quoniam
1135 1061 1167 1090 in
1191 1060 1301 1090 ordine
1324 1066 1452 1090 naturae

394 1106 551 1146 applicato
576 1105 615 1135 ad
638 1104 835 1145 generabilia,
855 1104 1012 1135 invenitur
1031 1104 1195 1144 dupliciter
1222 1103 1341 1143 aliquid
1366 1104 1452 1143 prius

394 1150 444 1180 vel
460 1149 625 1189 posterius,
643 1149 759 1179 scilicet
773 1149 950 1179 secundum
968 1148 1186 1184 intentionem,
1203 1147 1254 1177 vel
1277 1148 1453 1178 secundum

395 1193 630 1229 executionem3
654 1192 726 1223 ideo
750 1192 782 1222 in
805 1193 907 1223 littera
930 1198 1101 1232 utrumque
1126 1191 1264 1221 traditur.

451 1238 488 1268 11.
515 1237 550 1267 In
573 1236 779 1276 responsione
802 1237 842 1266 ad
865 1236 1005 1275 primum
1032 1235 1126 1275 primi
1157 1235 1296 1271 articuli,
1328 1235 1452 1265 adverte

394 1282 483 1321 quod
507 1281 565 1311 alia
585 1288 631 1311 est
645 1279 801 1310 distinctio
818 1279 937 1319 proprii
957 1289 974 1309 a
993 1279 1132 1319 proprio,
1151 1285 1182 1309 et
1196 1278 1316 1319 proprii
1331 1289 1349 1309 a
1366 1289 1452 1310 com-

394 1325 495 1355 muni.
525 1324 707 1355 Commune
731 1323 815 1353 enim
838 1333 905 1353 non
928 1323 1130 1362 distinguitur
1154 1329 1263 1353 contra
1285 1323 1452 1363 proprium

394 1379 449 1409 per
472 1368 601 1409 aliquod
623 1367 797 1408 positivum
812 1367 845 1397 in
862 1377 903 1403 se,
921 1367 1010 1408 quod
1029 1377 1095 1397 non
1111 1367 1151 1398 sit
1163 1367 1197 1397 in
1215 1367 1360 1407 proprio:
1386 1367 1451 1397 duo

394 1419 500 1443 autem
524 1412 678 1452 disparata
693 1411 929 1451 distinguuntur
944 1411 982 1441 ab
999 1410 1134 1441 invicem
1150 1410 1214 1441 suis
1230 1410 1372 1451 positivis
1392 1411 1452 1441 dis-

393 1455 538 1492 tinctivis,
564 1465 702 1496 quorum
727 1455 861 1486 alterum
884 1465 996 1491 unum,
1014 1455 1148 1485 alterum
1163 1454 1322 1495 reliquum
1338 1454 1452 1485 consti-

393 1500 463 1531 tuit.
487 1500 580 1531 Unde
603 1499 678 1540 quia
701 1500 824 1530 bonum
843 1505 874 1530 et
896 1499 1020 1530 bonum
1043 1499 1179 1530 arduum
1194 1508 1227 1529 se
1243 1498 1358 1529 habent
1373 1499 1454 1529 sicut

393 1554 565 1575 commune
588 1551 618 1574 et
641 1543 816 1584 proprium,
841 1550 872 1574 et
895 1553 961 1574 non
985 1543 1065 1574 sicut
1081 1543 1146 1573 duo
1161 1542 1306 1583 propria;
1330 1542 1403 1573 ideo
1419 1542 1452 1573 in

393 1588 494 1618 littera
518 1587 631 1618 dicitur
654 1587 744 1628 quod
765 1587 844 1617 ratio
861 1587 894 1617 in
911 1587 1096 1628 oppositum
1119 1587 1225 1623 allata,
1249 1586 1374 1623 scilicet,
1390 1587 1452 1617 Bo-

394 1642 468 1662 num
493 1632 631 1662 arduum
656 1637 703 1662 est
724 1641 907 1672 supremum
932 1631 1059 1669 bonum,
1083 1631 1210 1661 haberet
1226 1630 1335 1661 locum
1351 1630 1376 1661 si
1395 1631 1450 1661 bo-

393 1686 472 1706 num
495 1676 584 1717 quod
608 1675 768 1706 obiectum
787 1681 833 1705 est
852 1674 1113 1716 concupiscibilis,
1134 1674 1253 1716 aliquid
1268 1675 1453 1715 oppositum

393 1719 527 1758 diceret,
550 1719 630 1750 idest
652 1719 678 1749 si
702 1719 943 1759 distingueretur
975 1726 1083 1750 contra
1106 1719 1230 1749 bonum
1259 1719 1394 1749 arduum
1417 1725 1454 1749 ut

393 1764 558 1804 quoddam
573 1764 658 1794 aliud
674 1763 861 1803 particulare
887 1773 941 1794 seu
961 1763 1127 1804 proprium
1141 1764 1281 1799 bonum;
1306 1762 1349 1793 sic
1368 1762 1452 1793 enim

393 1807 508 1838 diceret
531 1807 650 1848 aliq-uid
673 1808 759 1838 bono
783 1808 882 1838 arduo
906 1807 1102 1847 oppositum,
1128 1817 1222 1837 suum
1247 1806 1362 1838 scilicet
1377 1817 1451 1847 pro-

393 1851 499 1891 prium
522 1851 748 1882 distinctivum.
773 1851 867 1882 Tunc
890 1851 975 1881 enim
994 1851 1143 1882 haberent
1158 1861 1191 1881 se
1207 1850 1288 1881 sicut
1303 1851 1368 1880 duo
1384 1860 1453 1890 par-

1507 973 1591 1004 tialia
1613 975 1707 1010 bona,
1724 984 1864 1015 quorum
1887 974 2030 1014 superius
2050 974 2162 1014 procul
2179 975 2275 1006 dubio
2292 982 2371 1007 esset
2386 977 2567 1008 naturaliter

1506 1017 1611 1057 prius;
1636 1018 1716 1048 sicut
1744 1018 1957 1049 universaliter
1985 1025 2115 1058 apparet
2141 1018 2174 1048 in
2202 1019 2319 1050 ceteris.
2343 1020 2405 1051 Sed
2427 1021 2514 1061 quia.
2532 1031 2565 1051 se

1506 1060 1623 1091 habent
1645 1061 1726 1092 sicut
1748 1071 1920 1092 commune
1939 1069 1970 1092 et
1983 1062 2158 1102 proprium,
2182 1061 2265 1099 ideo,
2282 1064 2426 1103 quamvis
2442 1065 2566 1095 bonurn

1506 1104 1642 1135 arduum
1665 1105 1704 1136 sit
1726 1105 1803 1145 quid
1828 1105 2027 1136 excellentius
2051 1106 2137 1136 bono
2152 1106 2304 1143 absolute,
2322 1114 2368 1138 est
2382 1114 2488 1138 tamen
2507 1118 2566 1148 po-

1506 1148 1636 1179 sterius:
1661 1148 1736 1190 quia
1763 1149 1843 1179 illud
1871 1159 2058 1185 commune,
2083 1149 2145 1180 hoc
2168 1149 2349 1190 proprium;
2373 1150 2452 1181 illud
2474 1152 2566 1182 abso-

1506 1192 1585 1228 lute,
1610 1192 1671 1223 hoc
1701 1199 1906 1223 contractum.
1932 1193 2012 1223 Illud
2036 1193 2121 1223 enirn
2151 1193 2226 1224 dicit
2248 1194 2371 1224 bonum
2394 1204 2565 1225 commune

1506 1236 1546 1266 ad
1560 1237 1684 1267 bonum
1706 1236 1739 1266 in
1762 1244 1854 1267 motu
1878 1243 1908 1267 et
1926 1237 2095 1272 bonumtin
2115 1237 2236 1277 quiete:
2260 1237 2323 1268 hoc
2338 1238 2563 1268 tantummodo

1505 1280 1629 1310 bonum
1650 1280 1684 1310 in
1707 1287 1809 1316 motu,
1833 1287 1870 1311 ut
1891 1281 1924 1311 in
1948 1290 2080 1320 corpore
2102 1280 2223 1320 articuli
2247 1281 2432 1312 ostenditur.

1564 1323 1650 1355 Cum
1672 1331 1780 1355 autem
1802 1324 1891 1355 audis
1915 1324 2076 1355 obiectum
2109 1324 2360 1365 concupiscibilis
2391 1324 2566 1365 comparari

1506 1367 1546 1397 ad
1568 1367 1729 1399 obiectum
1751 1368 1912 1399 irascibilis
1936 1375 1972 1399 ut
2004 1378 2175 1399 commune
2199 1369 2239 1399 ad
2261 1368 2448 1409 proprium,
2473 1375 2503 1400 et
2525 1369 2566 1400 ad

1506 1411 1596 1451 plura
1611 1422 1643 1442 se
1659 1412 1823 1443 extendere
1833 1412 1860 1449 *‚
1879 1419 1951 1443 etc.:
1968 1422 2034 1442 non
2049 1412 2203 1451 intelligas
2219 1422 2252 1442 se
2269 1412 2383 1444 habere
2399 1412 2481 1444 sicut
2495 1412 2567 1444 uni-

1505 1455 1622 1486 versale
1646 1462 1676 1486 et
1698 1456 1893 1496 particulare,
1911 1462 1946 1487 ut
1961 1456 2077 1487 animal
2093 1463 2124 1487 et
2138 1456 2248 1492 homo,
2268 1456 2331 1487 hoc
2349 1456 2435 1488 enim
2450 1455 2567 1488 falsum

1506 1506 1569 1535 est;
1594 1499 1649 1529 sed
1672 1499 1750 1530 scito
1774 1510 1806 1530 se
1829 1500 1943 1530 habere
1967 1499 2048 1530 sicut
2074 1506 2182 1530 motus
2211 1499 2407 1541 simpliciter,
2433 1499 2474 1531 de
2499 1510 2565 1542 quo

1506 1549 1552 1573 est
1574 1543 1700 1574 habitus
1727 1543 1798 1574 libri
1826 1544 2111 1584 ffiysicorum,tet
2137 1550 2246 1574 motus
2273 1544 2313 1574 ad
2340 1539 2412 1580 ubi,
2437 1543 2476 1575 de
2497 1553 2565 1585 quo

1506 1593 1552 1617 est
1574 1587 1698 1618 habitus
1721 1587 1791 1618 libri
1814 1587 1854 1618 de
1879 1587 1977 1618 Caelo
2000 1592 2030 1618 et
2052 1587 2186 1618 Mundo.
2210 1587 2340 1618 Bonum
2363 1584 2449 1618 eni'm
2470 1587 2567 1618 sensi-

1506 1630 1567 1660 bile
1587 1630 1778 1671 simpliciter,
1803 1638 1921 1671 spectat
1940 1632 1980 1661 ad
1997 1631 2291 1671 concupiscibilem:
2315 1631 2439 1662 bonum
2460 1637 2568 1662 autem

1506 1674 1650 1705 sensibile
1674 1674 1917 1706 determinatum
1940 1675 1979 1705 ad
2002 1675 2198 1711 arduitatem,
2222 1680 2342 1715 spectat
2363 1674 2404 1705 ad
2429 1674 2568 1706 irascibi-

1505 1718 1578 1749 lem.
1589 1718 1661 1749 -Et
1677 1718 1720 1749 sic
1739 1718 1848 1749 omnia
1867 1726 2059 1750 consonant:
2078 1719 2238 1749 scilicet-et
2252 1717 2409 1750 distinctio
2426 1718 2567 1752 obiecto-

1506 1772 1577 1792 rum
1597 1773 1632 1793 ac
1651 1763 1880 1802 potentiarum,
1906 1770 1936 1794 et
1954 1762 2107 1793 habitudo
2131 1762 2312 1793 communis
2327 1762 2367 1793 ad
2381 1762 2565 1803 proprium,

1507 1813 1537 1837 et
1559 1806 1662 1837 maior
1684 1806 1820 1838 ambitus
1842 1807 1926 1839 illius
1950 1817 2047 1848 quam
2070 1807 2175 1843 huius,
2199 1813 2236 1837 ut
2250 1813 2336 1847 patet
2351 1806 2384 1838 in
2402 1806 2498 1837 simili
2513 1806 2566 1836 ad-

1507 1850 1614 1881 ducto.

1627 1954 1641 1965 x

1159 2010 1475 2052 ARTICULUS
1505 2010 1802 2052 SECUNDUS

877 2103 1032 2134 UTRUM
1055 2102 1180 2134 AMOR
1203 2102 1269 2133 srr
1293 2102 1426 2133 PRIMA
1449 2102 1692 2133 PASSIONUM
1716 2101 2080 2134 CONCUPISCIB1LIS

643 2183 710 2207 Part.
730 2183 748 2212 1,
767 2190 811 2214 qu.
830 2190 869 2212 xx,
890 2186 936 2206 art.
959 2188 989 2211 ις
1009 2181 1081 2211 Infra,
1101 2189 1145 2213 qu.
1164 2188 1239 2211 xxvn,
1259 2186 1304 2206 ait.
1322 2189 1352 2212 43
1372 2181 1404 2206 111
1423 2181 1505 2210 Seni„
1526 2180 1586 2206 dist.
1604 2189 1680 2211 xxvn,
1695 2188 1743 2214 qu.
1763 2189 1780 2211 1,
1800 2186 1847 2207 art.
1869 2181 1898 2212 3;
1919 2181 1952 2207 IV
1974 2182 2050 2207 Cant.
2072 2182 2158 2210 Gent„
2179 2189 2235 2215 cap.
2252 2189 2309 2213 ως

802 2217 843 2241 De
867 2217 955 2247 Verit„
977 2224 1022 2249 qu,
1041 2223 1107 2246 xxvi,
1127 2221 1173 2241 art.
1191 2223 1220 2247 45
1241 2216 1283 2241 De
1306 2216 1410 2245 Virtut„
1431 2224 1475 2249 qu.
1494 2224 1527 2245 ιν,
1547 2221 1592 2241 art.
1613 2216 1642 2246 3;
1664 2217 1704 2242 De
1724 2217 1787 2242 Div.
1805 2217 1895 2246 Nom„
1916 2225 1971 2250 cap.
1989 2225 2023 2248 iv,
2043 2217 2103 2242 lect.
2121 2224 2155 2242 ix.

413 2319 478 2363 ,is-»1
515 2317 620 2362 aa(
637 2316 825 2342 SECUNDUM
841 2316 893 2341 sm
908 2315 1147 2341 PROCEDITUR.
1168 2303 1327 2341 Videtur
1343 2303 1446 2352 quod

412 2348 466 2417 §J
518 2348 574 2398 {²21
600 2370 708 2395 amor
736 2369 814 2394 non
842 2357 887 2394 sit
915 2356 1039 2405 prima
1064 2356 1286 2405 passionum
1309 2369 1446 2393 concu-

404 2410 523 2489 ’Λεία

443 2477 454 2490 t
474 2484 482 2487 ,

533 2394 565 2458 ²ss
579 2407 585 2413 ’
599 2410 787 2459 piscibilis.
806 2410 873 2446 Vis
890 2409 990 2446 enim
1008 2409 1306 2458 concupiscibilis
1322 2421 1343 2445 a
1360 2421 1448 2446 con·

485 2454 828 2512 ''Kcupiscentia
862 2462 1148 2510 denominatur,
1179 2474 1276 2511 quae
1306 2469 1360 2498 est
1389 2474 1447 2499 ea-

389 2516 477 2552 dem
496 2516 623 2564 passio
649 2527 736 2553 cum
759 2521 775 2537 ‘²
804 2515 1004 2552 desiderio.
1036 2515 1112 2552 Sed
1131 2515 1382 2551 denominatio
1397 2516 1451 2562 fit

387 2580 411 2605 a
432 2568 586 2617 potiori,
615 2576 657 2605 ut
681 2568 814 2606 dicitur
839 2568 877 2605 in
898 2569 929 2604 II
955 2568 1000 2604 de
1017 2568 1158 2604 Anima
1176 2567 1207 2605 ²¹³.
1238 2568 1338 2615 Ergo
1360 2579 1448 2604 con-

388 2621 617 2671 cupiscentia
646 2629 701 2658 est
727 2621 853 2670 potior
881 2632 1025 2657 amore.

441 2685 475 2710 2.
507 2675 737 2721 PRAETEREA,
759 2686 870 2710 amor
889 2673 1071 2710 unionem
1092 2673 1286 2721 quandam
1306 2672 1448 2722 impor-

386 2734 458 2763 tat:
489 2734 544 2763 est
572 2726 671 2763 enim
700 2727 756 2763 vis
785 2727 926 2763 unitiva
946 2732 982 2762 et
999 2726 1223 2772 concretiva,
1244 2733 1285 2762 ut
1304 2726 1449 2774 Diony-

387 2779 463 2816 sius
492 2779 590 2827 dicit,
620 2779 659 2817 in
683 2791 718 2816 ιν
739 2791 820 2829 cap.
841 2780 886 2816 de
910 2779 996 2816 Div.
1017 2779 1133 2816 Nom.
1154 2778 1174 2800 ’¹‘
1204 2778 1281 2815 Sed
1309 2791 1447 2815 concu-

384 2832 566 2881 piscentia
595 2833 655 2869 vel
691 2832 920 2870 desiderium
950 2839 1005 2868 est
1033 2839 1160 2868 motus
1189 2830 1237 2868 ad
1264 2831 1448 2868 unionem

385 2885 439 2922 rei
463 2885 686 2934 concupitae
705 2885 767 2922 vel
787 2885 1031 2923 desideratae.
1053 2884 1154 2932 Ergo
1181 2884 1449 2933 concupiscen-

384 2938 434 2974 tia
462 2946 518 2975 est
544 2937 647 2987 prior
675 2950 818 2975 amore.

441 2992 474 3027 3.
505 2991 737 3038 Prummu,
769 3003 882 3028 causa
912 2998 966 3027 est
984 2990 1088 3039 prior
1109 2990 1256 3026 eflectu.
1288 2990 1364 3027 Sed
1383 2989 1448 3027 de-

385 3043 533 3080 lectatio
574 3051 628 3080 est
665 3045 894 3093 quandoque
935 3055 1048 3080 causa
1086 3042 1252 3080 amoris:
1291 3042 1447 3091 quidam

387 3096 487 3133 enim
516 3104 671 3145 propter
699 3097 985 3134 delectationem
1015 3103 1155 3143 amant,
1184 3102 1225 3131 ut
1253 3095 1387 3132 dicitur
1410 3094 1448 3132 in

385 3149 471 3185 VIII
500 3149 619 3185 Ethic.
648 3149 669 3171 ’¹‘
702 3150 802 3198 Ergo
841 3149 1037 3186 delectatio
1073 3156 1127 3186 est
1163 3147 1267 3196 prior
1302 3160 1445 3186 amore.

385 3202 476 3238 Non
513 3213 601 3249 ergo
635 3202 759 3251 prima
791 3202 885 3239 inter
921 3202 1116 3251 passiones
1147 3200 1446 3250 concupiscibilis

387 3262 440 3291 est
469 3266 589 3291 amor.

440 3308 513 3344 SED
535 3318 679 3344 CONTRA
698 3318 763 3343 EST
791 3307 896 3356 quod
920 3307 1151 3355 Augustinus
1180 3306 1279 3353 dicit,
1300 3306 1338 3342 in
1358 3305 1445 3343 XIV

385 3360 430 3396 de
462 3360 540 3397 Civ.
562 3360 636 3396 Dei
651 3359 683 3407 ²¹⁸,
714 3359 819 3408 quod
848 3371 983 3396 omnes
1015 3360 1211 3408 passiones
1241 3371 1286 3395 ex
1314 3370 1444 3395 amore

439 3484 464 3513 α)
485 3491 551 3507 cum.
570 3496 588 3502 -
607 3483 667 3507 Om.
687 3482 930 3513 ABCDFGIKLpH.

439 3517 464 3549 β)
484 3518 620 3543 obiectum.
638 3531 656 3536 -
675 3518 776 3542 obiecta
795 3518 840 3541 Pa.
858 3531 876 3535 -
896 3517 945 3540 Pro
965 3520 1034 3545 sunt,
1054 3519 1094 3541 est
1112 3517 1142 3540 B.

1499 2310 1721 2342 causantur:
1750 2316 1861 2340 amor
1893 2304 1994 2341 enim
2014 2304 2162 2340 inhians
2180 2304 2318 2341 habere
2341 2303 2442 2352 quod
2458 2315 2566 2342 ama-

1498 2362 1570 2402 tur,
1600 2355 1780 2404 cupiditas
1807 2362 1881 2400 est‚·
1910 2357 1949 2392 id
1965 2361 2090 2393 autem
2109 2356 2261 2402 hahens,
2281 2367 2399 2404 eoque
2409 2356 2564 2404 fruens,

1499 2408 1637 2446 laetitia
1665 2414 1727 2445 est.
1756 2410 1880 2446 Amor
1906 2420 1994 2457 ergo
2015 2416 2070 2445 est
2089 2407 2211 2457 prima
2229 2408 2453 2457 passionum
2474 2421 2565 2448 con—

1501 2460 1736 2511 cupiscibilis.

1553 2515 1777 2551 Responnno
1803 2525 1985 2550 mCENDUM
2014 2513 2118 2561 quod
2138 2513 2331 2551 obiectum
2350 2510 2366 2543 β
2385 2513 2564 2563 eoncupi-

1501 2566 1637 2613 scibilis
1657 2574 1743 2603 sunt
1762 2567 1909 2603 bonum
1939 2573 1975 2602 et
2002 2567 2159 2603 malum.
2184 2565 2414 2603 Naturaliter
2434 2573 2562 2607 autem

1501 2626 1556 2655 est
1573 2618 1677 2668 prius
1706 2619 1853 2655 bonum
1882 2619 2007 2654 malo:
2037 2630 2083 2654 eo
2113 2618 2219 2666 quod
2246 2619 2391 2656 malum
2415 2625 2472 2655 est
2488 2618 2564 2667 pri·

1500 2671 1602 2708 vatio
1640 2671 1742 2709 boni.
1778 2671 1888 2709 Unde
1923 2678 1958 2708 et
1992 2683 2126 2708 omnes
2163 2670 2360 2720 passiones
2398 2682 2562 2719 qua-rum

1488 2724 1694 2762 (obiectum
1715 2732 1770 2760 est
1795 2724 1953 2770 bonurn,
1975 2723 2190 2762 naturaliter
2209 2731 2295 2761 sunt
2311 2722 2458 2773 priores
2475 2720 2563 2773 pas}
2583 2760 2585 2762 .

1502 2776 1672 2813 sionibus
1701 2789 1862 2826 quarum
1892 2776 2083 2813 obiectum
2109 2783 2164 2814 est
2185 2777 2344 2823 malum,
2368 2778 2562 2827 unaquae-

1501 2841 1575 2878 que
1613 2829 1751 2866 scilicet
1787 2841 1856 2866 sua
1883 2834 1899 2856 Υ
1927 2829 2120 2878 opposita:
2151 2829 2239 2877 quia
2277 2827 2378 2866 enirn
2413 2826 2560 2875 bonurn

1501 2882 1703 2931 quaeritur,
1733 2882 1820 2919 ideo
1850 2882 2030 2918 refutatur
2054 2881 2274 2931 oppositum
2301 2881 2457 2918 malum.
2498 2908 2500 2910 -
2524 2874 2557 2887 ’Δ

1554 2935 1706 2972 Bonum
1723 2942 1851 2972 autern
1872 2935 1986 2971 habet
2001 2934 2185 2971 rationem
2205 2933 2307 2972 finis:
2325 2932 2389 2983 qui
2404 2932 2559 2984 quidem

1501 2990 1556 3024 est
1568 2987 1673 3037 prior
1687 2987 1726 3025 in
1741 2987 1960 3035 intentione,
1971 2987 2039 3024 sed
2055 2993 2110 3024 est
2123 2986 2309 3036 posterior
2323 2985 2361 3023 in·
2378 2981 2559 3034 conseouss

1498 3040 1601 3077 tione
1615 3038 1640 3077 δ.
1657 3041 1787 3077 Potest
1803 3052 1892 3088 ergo
1907 3040 2003 3077 ordo
2018 3039 2240 3090 passionum
2257 3034 2557 3088 concupiscibilia

1498 3093 1639 3130 attendi
1657 3094 1719 3130 vel
1740 3093 1951 3130 secundum
1980 3091 2242 3139 intentionem,
2262 3092 2324 3129 vel
2348 3090 2558 3129 secundum

1500 3146 1822 3183 consecutionem.
1862 3146 2082 3182 Secundum
2124 3145 2280 3194 quidem
2323 3142 2556 3185 consecutio-

1499 3210 1599 3245 nem,
1630 3198 1725 3236 illud
1753 3206 1808 3235 est
1833 3197 1937 3246 prius
1966 3197 2070 3246 quod
2093 3197 2218 3246 primo
2242 3197 2285 3234 fit
2311 3195 2350 3234 in
2379 3208 2424 3233 eo
2452 3193 2557 3246 qiiod

1498 3252 1615 3290 tendit
1630 3253 1678 3290 ad
1696 3251 1826 3288 finem.
1844 3250 2088 3287 Manifestum
2105 3258 2160 3287 est
2175 3257 2303 3288 autem
2322 3247 2425 3298 quod
2440 3258 2555 3285 omne

1497 3304 1603 3354 quod
1622 3303 1739 3341 tendit
1758 3303 1806 3340 ad
1825 3303 1943 3340 finem
1962 3303 2138 3352 aliquem,
2159 3303 2282 3352 primo
2310 3300 2465 3350 quidem
2489 3299 2555 3336 ha-

1498 3358 1561 3394 bet
1580 3356 1824 3406 aptitudinem
1847 3368 1912 3392 seu
1933 3356 2219 3406 proportionem
2238 3354 2286 3392 ad
2308 3353 2439 3401 finem,
2465 3350 2555 3390 nihil

1551 3484 1576 3511 γ)
1596 3487 1652 3504 sua.
1671 3493 1688 3497 —
1703 3479 1828 3510 passione
1847 3479 1942 3503 addunt
1963 3479 2019 3503 Psi-1
2039 3484 2063 3503 et
2082 3486 2106 3504 a.

1551 3514 1574 3545 δ)
1594 3514 1784 3539 consecutione.
1803 3527 1820 3532 -
1839 3514 1996 3538 executione
2013 3513 2092 3539 Pria.

2592 1416 2603 1428 ·
2618 1415 2672 1447 Υἱοὶ..
2686 1421 2752 1444 corp.
2766 1416 2791 1438 in

2593 1448 2693 1471 princip.
