2852 4152
147 2275 296 2322 ⁸¹Ench1'rid„
306 2280 356 2302 cap.

144 2308 160 2322 x
171 2317 177 2323 .

145 2385 155 2395 ⁴
174 2384 296 2411 Categor„
306 2390 356 2411 cap.

148 2417 197 2438 vm,
213 2417 235 2432 n.
251 2410 281 2432 16.

145 2599 155 2609 ⁸
174 2598 226 2619 Art.
242 2598 268 2623 6;
284 2603 323 2625 qu.
339 2603 355 2623 ι,

146 2628 188 2646 art.
202 2630 223 2652 3.

145 2862 154 2870 ·
171 2861 223 2882 Art.
238 2866 253 2882 ι.

147 3283 156 3291 ·
177 3281 230 3302 Lib.
251 3281 283 3308 Π,
304 3286 355 3308 cap.

146 3314 212 3329 xvui.

378 185 451 232 134

376 277 476 315 quae
492 270 509 286 ‘²
525 272 581 302 est
599 276 645 302 ex
665 263 753 312 fine,
775 278 846 302 nec
865 278 886 302 e
907 277 1107 302 converso.
1123 265 1235 302 Unde
1255 277 1332 301 una
1351 263 1434 300 ista-

378 331 464 356 rum
494 317 705 367 specierum
726 330 805 355 non
835 326 890 355 est
909 319 979 355 sub
1003 318 1096 355 alia:
1126 318 1194 354 sed
1222 325 1311 353 tunc
1331 323 1435 352 actus

378 371 533 409 moralis
549 379 604 408 est
622 372 693 408 sub
710 371 859 408 duabus
878 371 1076 419 speciebus
1100 369 1207 418 quasi
1227 367 1434 416 disparatis.

377 424 489 462 Unde
519 423 678 461 dicimus
706 424 811 471 quod
843 424 904 460 ille
927 423 992 471 qui
1021 423 1164 458 furatur
1191 428 1232 456 ut
1260 421 1437 456 moeche-

379 484 455 523 tur,
477 476 687 517 ‚committit
724 477 818 513 duas
847 475 1005 513 malitias
1034 474 1071 510 in
1102 485 1180 510 uno
1217 480 1312 508 actu.
1343 492 1366 499 —
1397 471 1436 508 Si

378 542 472 566 vero
503 529 694 566 obiectum
731 541 800 577 per
828 541 867 565 se
897 527 1090 564 ordinetur
1115 526 1164 562 ad
1192 525 1310 561 finem
1323 551 1338 571 ,.
1360 536 1436 560 una

380 582 563 619 dictarum
584 581 881 618 differentiarum
910 587 965 616 est
992 590 1060 627 per
1079 590 1118 614 se
1148 576 1437 614 determinativa

380 634 542 672 alterius.
563 634 675 671 Unde
695 646 771 670 una
784 633 939 669 istarum
955 631 1168 679 specierum
1185 629 1438 666 continebitur

381 688 451 724 sub
481 687 608 723 altera.

434 738 767 776 Considerandum
805 744 931 773 autem
970 742 1082 772 restat
1118 748 1216 784 quae
1250 735 1320 771 sub
1350 747 1435 783 qua.

380 792 441 828 Ad
471 791 575 828 cuius
605 787 850 836 evidentiam,
880 788 1005 837 primo
1035 788 1354 825 considerandum
1384 795 1439 824 est

381 844 486 893 quod
514 851 655 891 quanto
680 843 804 891 aliqua
834 841 1044 878 differentia
1077 841 1237 877 sumitur
1264 853 1286 877 a
1315 841 1438 877 forma

381 896 500 944 magis
528 895 757 944 particulari,
787 902 890 931 tanto
920 894 1040 941 magis
1071 901 1125 930 est
1152 893 1340 943 specifica.
1372 894 1438 930 Se-

382 949 519 994 cundo,
550 948 654 996 quod
683 955 824 996 quanto
854 959 968 995 agens
998 954 1053 984 est
1075 947 1193 994 magis
1212 946 1437 993 universale,

379 1009 484 1038 tanto
513 1013 558 1037 ex
587 1013 632 1036 eo
662 1008 718 1037 est
744 1001 868 1037 forma
891 1000 1012 1048 magis
1031 999 1264 1037 universalis.
1295 999 1438 1046 Tertio,

380 1053 484 1102 quod
513 1060 654 1102 quanto
683 1053 818 1101 aliquis
845 1053 931 1090 finis
960 1060 1016 1089 est
1039 1052 1236 1101 posterior,
1258 1059 1361 1088 tanto
1382 1063 1439 1087 re-

381 1106 544 1154 spondet
572 1106 696 1154 agenti
722 1106 1002 1143 universaliori:
1032 1105 1127 1142 sicut
1150 1104 1319 1150 victoria,
1341 1115 1439 1152 quae

382 1165 436 1195 est
463 1158 617 1196 ultimus
653 1158 740 1196 finis
778 1159 981 1206 exercitus,
1018 1165 1073 1194 est
1103 1157 1190 1194 finis
1226 1157 1390 1193 intentus
1419 1169 1440 1193 a

381 1224 535 1249 summo
565 1212 682 1257 duce;
713 1212 899 1249 ordinatio
935 1219 1063 1248 autem
1099 1210 1211 1247 huius
1248 1209 1342 1246 aciei
1378 1210 1441 1246 vel

381 1265 488 1312 illius,
519 1272 575 1302 est
602 1264 689 1302 finis
717 1265 881 1302 intentus
909 1265 957 1301 ab
986 1263 1113 1310 aliquo
1134 1262 1353 1300 inferiorum
1374 1262 1442 1299 du-

382 1330 482 1355 cum.
499 1339 522 1345 -
539 1319 587 1354 Et
615 1329 659 1353 ex
686 1318 764 1354 istis
793 1317 963 1365 sequitur
991 1316 1094 1365 quod
1119 1315 1329 1353 differentia
1357 1327 1440 1364 spe-

383 1370 491 1407 cifica
519 1382 617 1418 quae
657 1377 711 1407 est
745 1382 790 1406 ex
818 1370 911 1417 fine,
943 1376 998 1406 est
1025 1369 1145 1417 magis
1173 1368 1376 1416 generalis;
1408 1375 1443 1405 et

382 1423 593 1460 differentia
626 1435 723 1471 quae
753 1431 808 1460 est
836 1435 881 1460 ex
910 1422 1059 1460 obiecto
1087 1434 1156 1470 per
1184 1433 1223 1458 se
1253 1421 1301 1458 ad
1328 1421 1441 1458 talem

381 1476 501 1513 finem
530 1475 724 1524 ordinato,
756 1484 811 1513 est
838 1475 1017 1525 specifica
1044 1482 1216 1523 respectu
1246 1475 1336 1511 eius.
1365 1475 1443 1510 Vo-

381 1529 504 1565 luntas
533 1529 653 1576 enim,
676 1529 783 1566 cuius
810 1528 1008 1578 proprium
1039 1528 1233 1564 obiectum
1262 1534 1317 1564 est
1344 1527 1442 1574 finis,

383 1589 438 1618 est
464 1582 678 1619 universale
707 1582 894 1619 motivum
924 1588 1097 1630 respectu
1117 1580 1290 1617 omnium
1309 1587 1442 1627 poten-

1025 186 1290 233 QUAESTIO
1319 186 1456 231 xvm,

1486 185 1780 222 ARTICULUS
1809 185 1894 220 VIII

1487 263 1623 300 tiarum
1643 263 1804 309 animae,
1822 275 1986 311 quarum
2005 264 2161 313 propria
2176 262 2322 300 obiecta
2336 269 2423 298 sunt
2442 261 2543 298 obie-

1490 323 1548 352 cta
1575 315 1856 364 particularium
1884 323 2049 353 actuum.

1542 370 1601 404 An
1621 379 1757 404 PRIMUM
1776 379 1874 404 ERGO
1894 379 2076 406 DICENDUM
2102 368 2207 417 quod
2226 366 2437 404 secundum
2458 367 2545 403 sub-

1489 420 1665 456 stantiam
1694 431 1802 456 suam
1830 432 1909 456 non
1936 428 2060 468 potest
2079 421 2219 470 aliquid
2239 432 2321 457 esse
2341 419 2379 456 in
2398 419 2545 456 duabus

1489 472 1700 519 speciebus,
1730 484 1891 520 quarum
1919 485 1998 510 una
2018 475 2088 511 sub
2108 475 2222 511 altera
2241 485 2319 510 non
2339 471 2544 509 ordinetur.

1491 525 1568 561 Sed
1596 524 1808 560 secundum
1830 537 1874 562 ea
1902 537 1999 574 quae
2020 527 2073 564 rei
2098 527 2316 573 adveniunt,
2340 531 2465 574 potest
2483 524 2546 560 ali-

1490 576 1681 624 quid‘sub
1711 577 1869 614 diversis
1897 579 2096 626 speciebus
2124 579 2317 616 contineri.
2349 578 2453 615 Sicut
2470 577 2545 614 hoc

1490 641 1663 677 pomum,
1683 629 1894 667 secundum
1924 632 2108 679 colorem,
2138 632 2348 669 continetur
2375 631 2445 668 sub
2474 630 2547 667 hac

1490 682 1627 730 specie,
1657 681 1828 718 scilicet¹³
1856 683 1947 720 albi:
1978 691 2013 721 et
2040 685 2252 722 secundum
2280 685 2453 731 odorem,
2475 683 2545 720 sub

1491 734 1616 783 specie
1633 734 1730 770 bene
1746 735 1959 772 redolentis.
1973 737 2021 772 Et
2035 737 2203 774 similiter
2216 745 2320 774 actus
2334 737 2399 785 qui
2414 748 2546 773 secun-

1492 788 1584 824 dum
1613 787 1860 824 substantiam
1876 799 1985 824 suam
2005 796 2061 825 est
2079 789 2118 826 in
2135 802 2213 826 una
2232 790 2357 839 specie
2377 797 2545 835 naturae,

1492 841 1703 877 secundum
1724 839 1959 877 conditiones
1978 842 2142 878 morales
2157 842 2478 890 supervenientes,
2499 841 2547 878 ad

1492 895 1585 931 duas
1606 893 1750 942 species
1770 893 1897 930 referri
1916 901 2050 941 potest,
2071 901 2112 930 ut
2131 906 2244 942 supra
2257 894 2277 916 '¹‘
2292 895 2433 932 dictum
2453 902 2520 931 est.

1545 948 1604 982 AD
1632 958 1821 982 SECUNDUM
1850 958 2033 983 DICENDUM
2067 947 2172 994 quod
2204 947 2290 983 finis
2317 955 2373 984 est
2404 954 2548 996 postre-

1492 1011 1602 1035 mum
1621 998 1659 1035 in
1679 998 1918 1044 executione3
1939 999 2008 1036 sed
2028 1007 2082 1035 est
2100 998 2268 1047 primum
2286 999 2324 1037 in
2343 1000 2548 1038 intentione

1493 1051 1663 1098 rationis,
1694 1051 1905 1087 secundum
1934 1063 2051 1099 quam
2083 1051 2318 1100 accipiuntur
2344 1052 2548 1090 moralium

1493 1111 1646 1140 actuum
1676 1103 1833 1152 species.

1546 1159 1604 1193 An
1633 1168 1792 1193 TERTmM
1819 1167 2005 1194 D1CEND1JM
2033 1156 2139 1206 quod
2167 1156 2378 1194 differentia
2397 1169 2551 1206 compa-

1494 1217 1595 1246 ratur
1623 1209 1671 1246 ad
1699 1221 1818 1257 genus
1844 1217 1886 1246 ut
1913 1209 2037 1246 forma
2065 1210 2113 1246 ad
2143 1209 2363 1257 materiam,
2393 1210 2552 1259 inquan-

1493 1269 1575 1299 tum
1602 1262 1688 1299 facit
1721 1274 1803 1299 esse
1840 1274 1958 1310 genus
1991 1262 2154 1313 in'actu.
2185 1262 2263 1299 Sed
2291 1262 2405 1300 etiarn
2432 1274 2552 1311 genus

1495 1315 1753 1361 consideratur
1771 1322 1812 1351 ut
1831 1315 2026 1352 formalius
2055 1315 2192 1364 specie,
2214 1316 2426 1353 secundum
2446 1315 2550 1365 quod

1495 1375 1551 1405 est
1564 1373 1580 1396 Υ
1600 1368 1817 1416 absolutius,
1834 1375 1870 1405 et
1887 1368 2012 1405 minus
2028 1376 2276 1405 contractum.
2292 1368 2403 1406 Unde
2420 1375 2455 1405 et
2467 1379 2552 1418 par-

1495 1428 1550 1458 tes
1571 1421 1798 1458 definitionis
1827 1420 2058 1458 reducuntur
2085 1421 2134 1458 ad
2165 1433 2285 1469 genus
2314 1433 2451 1459 causae
2479 1421 2552 1458 for-

1495 1474 1615 1521 malis,
1645 1481 1686 1511 ut
1706 1474 1839 1511 dicitur
1865 1474 1904 1510 in
1931 1473 2026 1510 libro
2051 1474 2198 1522 Physic.
2219 1473 2239 1496 ’¹‘
2266 1475 2316 1511 Et
2341 1474 2552 1512 secundum

1494 1527 1580 1574 hoc,
1611 1539 1729 1574 genus
1763 1534 1818 1563 est
1851 1539 1965 1563 causa
1997 1526 2165 1563 formalis
2194 1526 2353 1575 speciei:
2384 1534 2420 1563 et
2449 1533 2552 1564 tanto

1498 1579 1566 1615 erit
1593 1579 1808 1626 formalius,
1838 1586 1979 1627 quanto
2010 1579 2261 1615 communius.

431 1694 458 1723 α)
479 1699 554 1723 quae.
573 1705 589 1710 —
608 1692 679 1723 quod
698 1692 743 1715 Pa.

436 1726 461 1759 β)
481 1727 530 1752 hac
548 1727 640 1758 specie,
659 1727 766 1751 scilicet.
785 1740 803 1744 -
821 1727 905 1757 specie
924 1726 1033 1749 codices.

435 1763 461 1796 γ)
481 1762 624 1787 secundum
644 1762 715 1794 quod
729 1765 776 1786 est.
795 1775 812 1780 —
830 1761 973 1785 secundum
999 1760 1070 1792 quod
1097 1758 1247 1792 differentia
1270 1761 1443 1790 comparatur

1494 1688 1531 1712 ad
1548 1695 1632 1720 genus
1653 1692 1681 1712 ut
1693 1688 1788 1722 forma
1806 1688 1843 1713 ad
1862 1688 2001 1712 materiam
2025 1688 2180 1721 inquantum
2200 1688 2272 1723 facit
2289 1695 2344 1713 esse
2363 1689 2408 1713 Pa.
2437 1688 2556 1722 Respon-

1496 1731 1603 1782 {cg-1131&
1606 1723 1650 1782 Kald
1670 1724 1814 1748 secundum
1833 1729 1859 1748 et
1877 1723 1982 1748 tertium
2007 1723 2324 1756 argumentum-ordinem
2343 1724 2472 1749 invertunt
2489 1724 2556 1749 Aac

1651 1765 1676 1783 a.

1161 1886 1478 1928 ARTICULUS
1508 1885 1780 1928 OCTAVUS

714 1963 870 1993 UTRUM
893 1954 1064 1999 ALIQUIS
1087 1961 1230 1992 ACTUS
1253 1962 1320 1992 SIT
1344 1961 1623 1992 INDIFFERENS
1647 1960 1882 1997 SECUNDUM
1906 1961 2022 1992 SUAM
2042 1962 2221 1993 SPECIEM

1087 2027 1107 2051 11
1127 2027 1209 2056 sent„
1231 2026 1289 2051 dist.
1308 2034 1347 2055 η,
1367 2031 1414 2051 art.
1434 2025 1462 2057 5;
1482 2026 1524 2050 De
1541 2026 1623 2055 Malo,
1644 2034 1688 2059 qu.
1707 2034 1734 2056 n,
1754 2032 1799 2051 art.
1815 2026 1838 2051 5.

469 2126 556 2153 2312<

535 2152 545 2159 .
595 2121 616 2146 D
638 2121 810 2146 OCTAVUM
829 2120 882 2145 sm
902 2120 1140 2145 paocamrua.
1161 2107 1320 2145 Videtur
1339 2107 1443 2156 quod

411 2152 574 2220 ῖςξῗᾼξμ
595 2175 673 2199 non
701 2162 747 2198 sit
774 2161 907 2210 aliquis
936 2169 1040 2198 actus
1069 2161 1287 2198 indifferens
1311 2172 1444 2198 secun-

398 2205 688 2263 §dumfirqsff
721 2227 830 2252 suam
859 2214 1040 2263 speciem.
1070 2215 1217 2250 Malum
1253 2213 1354 2249 enim
1389 2221 1444 2250 est

388 2264 393 2276 ⁴
442 2241 532 2295 ἐῑῖθ
555 2257 755 2316 &privatio
782 2268 881 2313 boni,
902 2267 1113 2304 secundum
1141 2266 1395 2313 Augustinum
1410 2265 1440 2303 ²¹³.

384 2322 460 2358 Sed
479 2321 640 2370 privatio
671 2328 707 2357 et
729 2320 883 2357 habitus.
903 2327 989 2357 sunt
1008 2319 1183 2368 opposita
1209 2319 1441 2366 immediata,

383 2374 594 2412 secundum
629 2373 906 2421 Philosophum
931 2372 961 2410 ³¹³.
992 2374 1093 2420 Ergo
1123 2385 1201 2409 non
1229 2380 1284 2409 est
1311 2371 1443 2420 aliquis

382 2435 486 2464 actus
506 2426 571 2475 qui
588 2426 800 2463 secundum
820 2426 986 2475 speciem
1015 2438 1124 2462 suam
1148 2425 1194 2462 sit
1211 2425 1441 2473 indifferens,

382 2480 490 2529 quasi
519 2479 690 2516 medium
720 2478 880 2515 existens
908 2478 1003 2515 inter
1032 2479 1177 2515 bonum
1207 2486 1241 2515 et
1270 2479 1427 2516 malum.

436 2544 470 2569 2.
501 2533 733 2579 PRAETEREA,
756 2538 861 2568 aetus
879 2531 1038 2568 humani
1064 2532 1206 2568 habent
1233 2531 1401 2579 speciem
1421 2544 1443 2568 a

381 2586 458 2622 fine
486 2585 548 2622 vel
568 2584 729 2632 obiecto,
758 2591 799 2621 ut
824 2584 965 2621 dictum
986 2591 1041 2620 est
1054 2583 1085 2620 ³¹².
1108 2584 1184 2621 Sed
1205 2596 1320 2621 omne
1340 2585 1443 2622 obie-

382 2645 497 2685 ctum,
514 2645 550 2674 et
568 2638 693 2675 omnis
711 2638 797 2674 finis
815 2638 930 2674 habet
948 2637 1132 2674 rationem
1153 2637 1242 2674 boni
1258 2638 1321 2674 vel
1340 2638 1441 2674 mali.

383 2692 485 2739 Ergo
513 2691 637 2727 omnis
656 2698 761 2727 actus
780 2691 973 2727 humanus
991 2691 1203 2728 secundum
1229 2703 1340 2727 suam
1359 2703 1443 2740 spe-

384 2744 482 2781 ciem
512 2752 566 2780 est
600 2744 725 2781 bonus
758 2744 821 2779 vel
847 2743 979 2780 malus.
1011 2743 1146 2780 Nullus
1181 2755 1271 2791 ergo
1307 2751 1362 2780 est
1389 2744 1443 2781 in-

383 2797 561 2834 differens
590 2796 802 2833 secundum
831 2796 1009 2844 speciem.

437 2851 471 2887 3.
501 2851 734 2897 PRAETEREA,
763 2849 856 2886 sicut
886 2849 1028 2886 dictum
1057 2856 1112 2885 est
1131 2848 1162 2895 ²³⁶,
1183 2856 1288 2885 actus
1311 2849 1443 2886 dicitur

381 2903 519 2950 bonus,
541 2902 604 2951 qui
631 2903 746 2939 habet
766 2901 932 2939 debitam
955 2902 1226 2950 perfectionem
1247 2902 1440 2949 bonitatis;

382 2957 517 3003 malus,
539 2956 598 2992 cui
627 2955 768 3003 aliquid
793 2955 839 2992 de
864 2955 938 2992 hoc
958 2954 1094 2992 deficit.
1116 2955 1192 2992 Sed
1213 2967 1366 2992 necesse
1388 2964 1442 2993 est

383 3009 487 3057 quod
517 3008 641 3045 omnis
669 3016 773 3045 actus
792 3008 853 3045 vel
873 3008 1011 3045 habeat
1031 3015 1148 3044 totam
1167 3008 1440 3056 plenitudinem

383 3074 474 3098 suae
493 3061 681 3108 bonitatis,
697 3062 759 3098 vel
778 3061 919 3108 aliquid
935 3061 969 3097 ei
986 3060 1146 3098 deficiat.
1164 3062 1266 3108 Ergo
1286 3074 1440 3099 necesse

384 3122 439 3151 est
467 3115 572 3162 quod
601 3114 725 3151 omnis
754 3122 858 3150 actus
886 3115 1098 3152 secundum
1127 3114 1293 3162 speciem
1331 3127 1440 3152 suam

383 3167 428 3204 sit
456 3168 581 3204 bonus
609 3168 671 3204 vel
699 3167 833 3214 malus,
864 3175 899 3204 et
927 3169 1049 3204 nullus
1076 3167 1306 3204 indifferens.

439 3221 513 3257 SED
542 3232 687 3257 CONTRA
710 3231 775 3256 EST
794 3219 899 3268 quod
917 3220 1149 3268 Augustinus
1169 3220 1267 3268 dicit,
1287 3220 1326 3257 in
1344 3221 1439 3258 libro

383 3273 428 3309 de
456 3274 576 3310 Serm.
605 3274 718 3310 Dom.
747 3273 784 3309 in
813 3273 936 3309 Mont.
956 3273 987 3320 ³⁸,
1012 3274 1116 3322 quod
1143 3279 1230 3310 sunt
1255 3275 1439 3322 quaedam

371 3327 483 3373 facta
511 3326 645 3372 media,
672 3337 769 3374 quae
789 3331 948 3374 possunt
974 3327 1070 3363 bono
1098 3326 1158 3363 vel
1184 3327 1284 3363 malo
1312 3327 1439 3364 animo

371 3380 485 3426 fieri,
519 3380 564 3416 de
593 3379 725 3428 quibus
761 3384 815 3416 est
850 3379 1091 3416 temerarium
1129 3379 1304 3416 iudicare.
1345 3381 1441 3417 Sunt

384 3444 473 3479 ergo
502 3432 614 3481 aliqui
638 3439 742 3469 actus
775 3431 987 3469 secundum
1013 3432 1179 3480 speciem
1201 3444 1310 3469 suam
1334 3432 1442 3470 indif-

382 3485 554 3522 ferentes.

2576 894 2633 949 {A}

1551 2107 1776 2143 RESPONDEO
1805 2118 1989 2144 DICENDUM
2018 2107 2137 2156 quod,
2159 2107 2253 2144 sicut
2281 2107 2422 2144 dictum
2451 2114 2507 2145 est
2523 2106 2555 2157 *.,
2585 2116 2594 2126 ·

1497 2166 1602 2195 actus
1630 2159 1755 2196 omnis
1780 2160 1895 2196 habet
1922 2160 2088 2208 speciem
2113 2161 2161 2197 ab
2190 2159 2358 2206 obiecto;
2388 2167 2426 2198 et
2451 2167 2557 2199 actus

1496 2212 1700 2259 humanus,
1730 2213 1795 2260 qui
1824 2212 1957 2249 dicitur
1975 2213 2140 2260 moralis,
2169 2214 2285 2250 habet
2310 2213 2480 2262 speciem
2506 2214 2556 2252 ab

1498 2265 1646 2301 obiecto
1667 2265 1782 2302 relato
1798 2265 1847 2302 ad
1865 2265 2091 2314 principium
2113 2273 2266 2303 actuum
2284 2266 2555 2315 humanorum,

1497 2317 1601 2366 quod
1630 2325 1684 2354 est
1712 2318 1817 2355 ratio.
1847 2318 1959 2355 Unde
1987 2318 2017 2355 si
2045 2319 2238 2356 obiectum
2257 2327 2362 2356 aetus
2389 2320 2557 2358 includat

1497 2370 1636 2419 aliquid
1665 2371 1771 2418 quod
1795 2371 1997 2408 conveniat
2017 2371 2140 2409 ordini
2162 2373 2328 2420 rationis,
2360 2373 2427 2410 erit
2451 2381 2556 2411 actus

1497 2424 1621 2461 bonus
1650 2425 1861 2462 secundum
1890 2437 2000 2461 suam
2028 2425 2208 2473 speciem,
2230 2426 2324 2463 sicut
2350 2426 2438 2463 dare
2460 2427 2555 2464 elee-

1497 2489 1700 2525 mosynam
1710 2477 1900 2524 indigenti.
1918 2478 1958 2514 Si
1971 2485 2099 2515 autem
2116 2478 2282 2516 includat
2295 2479 2436 2528 aliquid
2451 2479 2557 2528 quod

1496 2537 1680 2579 repugnet
1693 2530 1817 2567 ordini
1832 2530 1996 2578 rationis,
2011 2531 2078 2568 erit
2091 2533 2214 2568 malus
2229 2539 2333 2569 actus
2345 2533 2556 2570 secundum

1495 2583 1675 2632 speciem,
1695 2583 1790 2620 sicut
1803 2583 1929 2630 furari,
1947 2585 2052 2631 quod
2071 2591 2127 2620 est
2145 2585 2273 2622 tollere
2299 2585 2431 2623 aliena.
2454 2586 2556 2623 Con-

1495 2636 1600 2684 tingit
1631 2643 1759 2673 autem
1789 2636 1894 2685 quod
1927 2636 2118 2673 obiectum
2153 2645 2257 2674 actus
2290 2650 2369 2675 non
2401 2638 2558 2676 includit

1497 2689 1638 2738 aliquid
1658 2689 1846 2738 pertinens
1866 2689 1915 2726 ad
1934 2690 2110 2727 ordinem
2129 2691 2294 2738 rationis,
2316 2691 2411 2729 sicut
2429 2693 2556 2730 levare

1496 2743 1681 2780 festucam
1706 2743 1753 2779 de
1773 2750 1882 2789 terra,
1903 2742 1957 2779 ire
1977 2743 2026 2780 ad
2046 2756 2239 2792 campum,
2265 2743 2300 2781 et
2318 2745 2557 2795 huiusmodig

1497 2804 1533 2832 et
1560 2796 1652 2835 tales
1681 2803 1786 2832 actus
1814 2796 2026 2833 seeundum
2053 2797 2222 2845 speciem
2250 2810 2360 2835 suam
2389 2806 2476 2836 sunt
2501 2798 2558 2836 inq

1496 2849 1722 2886 differentes.

1549 2903 1608 2939 AD
1636 2913 1772 2938 PmMUM
1792 2914 1890 2939 ERGO
1909 2914 2093 2939 mCENDUM
2116 2903 2222 2950 quod
2241 2903 2380 2952 duplex
2409 2911 2464 2941 est
2481 2903 2557 2953 pri—

1495 2955 1609 2992 vatio.
1633 2955 1836 3002 Quaedam
1860 2968 1957 3004 quae
1987 2955 2154 2992 consistit
2172 2956 2211 2993 in
2232 2957 2427 3005 privatum
2454 2969 2555 2995 esse.-

1497 3015 1532 3044 et
1559 3009 1653 3044 haec
1682 3008 1772 3044 nihil
1800 3008 1987 3058 relinquit,
2016 3009 2084 3046 sed
2103 3016 2224 3046 totum
2244 3010 2383 3056 aufert;
2411 3017 2454 3047 ut
2472 3022 2558 3048 cae·

1496 3060 1585 3097 citas
1613 3061 1774 3098 totaliter
1801 3062 1921 3098 aufert
1943 3062 2081 3109 visum,
2102 3069 2139 3098 et
2165 3063 2343 3100 tenebrae
2362 3063 2498 3111 lucem,
2519 3071 2555 3101 et

1495 3126 1600 3150 mors
1619 3114 1748 3151 vitam.
1765 3115 1814 3151 Et
1831 3114 1927 3151 inter
1945 3115 2043 3152 hanc
2057 3114 2311 3163 privationem
2327 3123 2364 3152 et
2381 3115 2555 3153 habitum

1496 3167 1727 3215 oppositum,
1749 3179 1827 3204 non
1846 3174 1970 3216 potest
1990 3180 2072 3204 esse
2092 3168 2244 3217 aliquod
2265 3169 2436 3206 medium
2456 3168 2557 3206 circa

1494 3220 1691 3269 proprium
1720 3220 1969 3268 susceptibile.
1991 3241 2015 3248 -
2035 3221 2103 3258 Est
2139 3229 2267 3259 autern
2295 3221 2368 3259 alia
2390 3221 2552 3270 privatio

1495 3285 1594 3321 quae
1622 3273 1788 3310 consistit
1812 3273 1850 3311 in
1869 3273 2036 3321 privari.-
2056 3274 2150 3311 sicut
2173 3274 2367 3323 aegritudo
2396 3281 2452 3310 est
2478 3273 2553 3322 pri-

1493 3326 1596 3363 vatio
1625 3326 1800 3373 sanitatis,
1831 3338 1908 3363 non
1929 3327 2033 3374 quod
2062 3334 2140 3364 tota
2159 3327 2297 3365 sanitas
2325 3327 2370 3364 sit
2393 3327 2550 3374 sublata,

1495 3379 1562 3416 sed
1582 3380 1687 3428 quod
1706 3386 1762 3416 est
1785 3379 1893 3427 quasi
1913 3380 2103 3428 quaedam
2123 3380 2186 3418 via
2205 3381 2254 3418 ad
2277 3380 2431 3417 totalem
2451 3379 2552 3416 abla-

1495 3432 1638 3469 tionem
1654 3432 1832 3480 sanitatis‚
1849 3445 1948 3481 quae
1968 3433 2010 3470 fit
2023 3445 2092 3482 per
2104 3441 2279 3471 mortem.
2302 3433 2350 3469 Et
2367 3432 2454 3469 ideo
2470 3432 2552 3469 talis

1495 3485 1673 3534 privatio,
1703 3497 1789 3522 cum
1817 3486 1958 3535 aliquid
1987 3486 2185 3535 relinquat,
2211 3498 2289 3523 non
2317 3492 2468 3534 semper
2497 3492 2554 3522 est

2634 900 2656 915 u.
2676 899 2691 921 ι,
2707 896 2749 915 art.
2765 899 2787 922 3,
