2852 4152
131 677 140 685 ·
162 676 213 696 Art.
233 681 252 701 1,
267 681 290 702 53
306 680 345 702 qu.

149 708 195 728 xm,
212 704 253 722 art.
268 707 285 722 1.

132 941 142 951 ⁸
158 940 214 987 Cap.
225 945 240 965 ι,
255 945 278 960 n.
288 944 322 966 37.
335 949 346 956 -

131 966 187 988 S.T
205 981 210 987 .
226 966 276 986 lect.
294 972 315 986 v.

130 1256 139 1265 '¹
148 1254 203 1301 Carp.
212 1259 259 1279 xiv,
270 1259 292 1274 n.
301 1258 322 1279 7.
331 1262 341 1267 -

129 1281 156 1318 ᾗ.
167 1280 276 1328 egelsec-t.
296 1284 339 1331 xiv,

128 1339 148 1361 5.
156 1343 166 1348 -
173 1332 340 1354 S.Th.1ect.v1.

374 197 448 231 228

973 197 1237 242 QUAEsrlo
1268 198 1426 244 ΧΧΧΙΙ,
1456 198 1750 234 ARTmULus
1778 198 1847 243 Vl,
1877 197 1944 233 v11

1181 329 1497 371 ARTICULUS
1527 330 1733 371 SEXTUS

825 423 979 453 UTRUM
1002 421 1285 452 BENEFACERE
1309 420 1467 450 ALTERI
1492 421 1558 450 SIT
1583 421 1723 451 CAUSA
1746 421 2093 452 DELECTATIONIS

439 530 467 546 0
491 538 535 559 ,s
582 522 604 546 D
633 521 773 546 SEXTUM
802 521 854 545 sm
883 519 1120 544 PROCEDITUR.
1150 506 1306 542 Videtur
1325 506 1428 554 quod

516 563 550 585 ’Ψ
584 562 805 598 benefacere
843 561 946 597 alteri
980 572 1058 595 non
1091 559 1136 594 sit
1174 558 1429 595 delectationis

390 617 505 675 ᾖν)
531 614 707 659 (causa.
729 612 937 650 Delectatio
959 612 1060 648 enim
1082 619 1257 647 causatur
1277 623 1319 647 ex
1341 623 1430 647 con-

430 644 493 698 ἑέ
542 661 774 706 &secutione
804 663 945 713 proprii
972 663 1072 709 boni,
1095 663 1189 699 sicut
1208 675 1322 711 supra
1337 663 1357 685 '¹‘
1377 663 1430 700 di-

373 728 475 756 ctum
505 727 570 755 est.
603 719 678 755 Sed
707 718 928 754 benefacere
954 728 1032 752 non
1051 715 1212 764 pertinet
1231 716 1279 752 ad
1301 728 1430 752 conse-

373 772 563 808 cutionem
591 770 733 818 proprii
753 769 854 815 boni,
877 768 943 805 sed
964 769 1083 816 magis
1103 768 1150 804 ad
1173 768 1427 805 emissionem.

371 825 472 871 Ergo
501 823 620 870 magis
639 823 788 859 videtur
808 833 888 857 esse
911 833 1024 857 causa
1046 820 1209 857 tristitiae
1230 833 1347 869 quam
1368 822 1430 858 de-

370 875 588 913 lectationis.

425 940 459 964 2.
481 929 712 972 PRAETEREA,
738 926 992 974 Philosophus
1013 925 1111 972 dicit,
1131 926 1169 962 in
1189 926 1239 962 IV
1257 926 1376 962 Ethic.
1397 925 1428 972 ⁹¹²,

370 981 473 1028 quod
490 979 717 1015 illiberalitas
728 978 1011 1015 connaturalior
1024 984 1078 1015 est
1089 979 1300 1014 hominibus
1315 990 1428 1026 quam

362 1031 623 1081 prodigalitas.
655 1031 731 1067 Sed
760 1032 808 1068 ad
835 1031 1134 1079 prodigalitatem
1171 1031 1332 1079 pertinet
1366 1031 1429 1067 be-

369 1085 542 1121 nefacere
575 1083 674 1120 aliis:
705 1083 753 1120 ad
790 1083 1071 1120 illiberalitatem
1109 1091 1235 1119 autem
1269 1082 1430 1131 pertinet

369 1137 546 1174 desistere
567 1149 588 1172 a
608 1136 894 1173 benefaciendo.
917 1136 1016 1172 Cum
1037 1148 1124 1183 ergo
1151 1135 1319 1183 operatio
1341 1147 1429 1171 con-

369 1189 545 1226 naturalis
575 1189 619 1225 sit
648 1189 875 1225 delectabilis
903 1188 1129 1237 unicuique,
1158 1195 1199 1223 ut
1233 1187 1364 1224 dicitur
1391 1187 1428 1225 in

368 1244 437 1279 VII
457 1242 477 1264 ’¹‘
497 1250 532 1278 et
551 1243 586 1278 X
605 1242 723 1278 Ethic.
741 1241 791 1287 *⁹⁸⁷
811 1241 962 1278 videtur
981 1241 1085 1289 quod
1105 1241 1328 1277 benefacere
1349 1240 1428 1277 aliis

240 1311 254 1332 ρ
273 1311 294 1326 1v
318 1311 340 1326 n·
368 1308 447 1332 non
475 1295 520 1331 sit
549 1307 661 1331 causa
690 1293 957 1330 delectationis.

424 1350 457 1385 3.
492 1349 733 1393 PRAETEREA,
770 1346 943 1382 contrarii
972 1346 1129 1382 effectus
1159 1358 1203 1382 ex
1233 1346 1428 1383 contrariis

370 1400 492 1437 causis
524 1400 748 1448 procedunt.
784 1399 860 1435 Sed
889 1399 1079 1447 quaedam
1118 1410 1215 1446 quae
1243 1399 1429 1447 pertinent

366 1454 417 1495 >ad
446 1453 690 1498 malefacere,
721 1459 807 1488 sunt
840 1451 1057 1488 naturaliter
1088 1451 1234 1488 homini
1268 1453 1427 1488 delecta-

368 1505 473 1542 bilia:
495 1505 590 1542 sicut
603 1505 768 1551 vincere,
786 1504 1012 1551 redarguere
1030 1504 1093 1541 vel
1113 1503 1306 1552 increpare
1322 1504 1426 1552 alios,

369 1566 405 1595 et
429 1558 543 1595 etiam
569 1557 715 1606 punire,
738 1565 921 1605 quantum
950 1557 998 1593 ad
1027 1556 1153 1602 iratos,
1178 1564 1219 1593 ut
1239 1556 1324 1593 dicit
1343 1557 1429 1594 Phi-

275 1626 289 1641 n
312 1625 340 1646 ιι
368 1612 551 1660 Iosophus
579 1610 618 1647 in
646 1610 868 1647 IRhetoric.
888 1609 908 1631 ’²‘
937 1610 1038 1656 Ergo
1068 1609 1290 1646 benefacere
1309 1610 1428 1657 magis

370 1671 425 1700 est
454 1675 567 1700 causa
594 1662 758 1699 tristitiae
787 1675 904 1711 quarn
934 1661 1201 1699 delectationis.

424 1717 497 1753 SED
527 1727 671 1753 CONTRA
699 1727 764 1752 EST
792 1715 898 1762 quod
926 1714 1180 1763 Philosophus
1211 1713 1308 1760 dicit,
1330 1715 1368 1751 in
1396 1716 1427 1751 II

331 1788 341 1792 -
368 1770 473 1806 Polit.
494 1769 525 1816 ²¹⁶,
551 1768 655 1816 quod
683 1767 822 1817 largiri
847 1773 883 1804 et
907 1767 1090 1804 auxiliari
1115 1767 1246 1803 amicis
1273 1773 1340 1803 aut
1365 1779 1429 1803 ex-

369 1822 518 1867 traneis,
548 1826 602 1857 est
627 1820 998 1859 delectabilissimum.

422 1876 646 1911 RESPONDEO
670 1885 853 1909 DICENDUM
875 1872 979 1921 quod
999 1872 1074 1908 hoc
1102 1871 1228 1919 ipsum
1249 1871 1354 1919 quod
1375 1878 1429 1908 est

368 1927 592 1963 benefacere
621 1925 736 1970 alteri,
756 1932 882 1973 potest
903 1924 1092 1973 tripliciter
1113 1929 1129 1944 ‘²
1158 1936 1239 1960 esse
1269 1924 1428 1961 delecta-

368 1979 479 2016 tionis
509 1990 634 2015 causa.
660 1978 745 2015 Uno
776 1977 906 2024 modo,
927 1990 996 2026 per
1024 1976 1350 2024 comparationem
1380 1978 1427 2015 ad

369 2032 559 2078 effectum,
589 2030 692 2079 quod
723 2038 777 2067 est
805 2031 951 2067 bonurn
971 2030 1010 2066 in
1030 2030 1146 2067 altero
1172 2030 1427 2067 constitutum.

368 2086 417 2122 Et
445 2083 657 2121 secundum
681 2084 767 2130 hoc,
789 2083 1014 2131 inquantum
1036 2083 1183 2119 bonum
1203 2083 1352 2120 alterius
1373 2096 1429 2120 re-

367 2145 547 2186 putamus
572 2135 679 2185 quasi
698 2143 870 2172 nostrum
895 2136 1052 2183 bonum,
1071 2143 1228 2184 propter
1246 2135 1428 2173 unionem

369 2190 522 2236 amoris,
540 2189 771 2226 delectamur
790 2189 828 2225 in
848 2189 952 2225 bono
974 2188 1078 2236 quod
1097 2200 1166 2236 per
1184 2201 1254 2225 nos
1275 2189 1317 2225 fit
1336 2189 1427 2236 aliis,

367 2243 574 2292 praecipue
606 2241 758 2288 amicis,
788 2241 883 2277 sicut
910 2241 948 2277 in
977 2242 1081 2278 bono
1110 2241 1277 2290 proprio.
1299 2262 1322 2268 —
1343 2242 1428 2279 Alio

370 2295 488 2332 modo
509 2293 535 2342 β,
556 2307 625 2343 per
650 2293 974 2342 comparationem
995 2294 1043 2330 ad
1062 2294 1202 2330 finem:
1228 2294 1322 2330 sicut
1342 2306 1429 2331 eum

370 2348 515 2396 aliquis,
536 2360 605 2395 per
623 2347 698 2383 hoc
726 2347 830 2396 quod
854 2346 958 2383 alteri
977 2346 1174 2392 benefacit,
1196 2354 1321 2395 sperat
1341 2359 1430 2383 con-

371 2401 477 2449 sequi
507 2400 658 2448 aliquod
686 2399 832 2436 bonum
863 2398 932 2436 sibi
957 2398 1039 2447 ipsi,
1059 2399 1121 2435 vel
1146 2411 1168 2435 a
1187 2399 1272 2435 Deo
1296 2400 1357 2436 vel
1382 2400 1429 2436 ab

369 2453 538 2490 homine.
557 2454 652 2501 Spes
669 2459 794 2488 autem
812 2451 1068 2488 delectationis
1085 2459 1140 2488 est
1156 2464 1279 2488 causa.
1297 2473 1320 2479 —
1338 2453 1431 2488 Ter-

370 2507 421 2543 tio
445 2506 576 2552 modo,
598 2518 666 2553 per
695 2504 1021 2552 comparationem
1051 2504 1100 2541 ad
1123 2504 1362 2552 principium.
1384 2505 1433 2541 Et

371 2559 423 2596 sic
438 2559 512 2595 hoc
528 2558 633 2606 quod
654 2565 708 2594 est
723 2557 945 2594 benefacere
962 2556 1076 2602 alteri,
1094 2564 1218 2605 potest
1234 2569 1314 2593 esse
1331 2557 1432 2594 dele-

372 2612 505 2648 ctabile
529 2623 597 2660 per
621 2610 946 2659 comparationem
968 2609 1016 2647 ad
1036 2609 1168 2658 triplex
1187 2609 1429 2658 principium.

371 2665 547 2711 Quorum
581 2676 703 2700 unum
733 2671 788 2700 est
815 2663 971 2699 facultas
1000 2662 1281 2699 benefaciendi:
1313 2670 1348 2699 et
1375 2675 1432 2699 se-

372 2718 539 2754 cundum
569 2717 656 2763 hoc,
676 2717 899 2752 benefacere
928 2714 1033 2752 alteri
1056 2715 1100 2752 fit
1128 2715 1357 2761 delectabile,
1379 2715 1433 2752 in-

371 2777 555 2819 quantum
584 2782 652 2818 per
679 2770 755 2805 hoe
774 2769 816 2805 fit
835 2768 981 2804 homini
1002 2768 1192 2815 quaedam
1213 2767 1431 2815 imaginatio

372 2822 597 2860 abundantis
617 2821 707 2859 boni
727 2822 765 2858 in
786 2821 911 2870 seipso
933 2820 1132 2867 existentis,
1155 2832 1199 2857 ex
1218 2833 1294 2870 quo
1314 2821 1433 2869 possit

1482 506 1562 543 aliis
1592 507 1886 544 communicare.
1917 508 1966 545 Et
1992 509 2079 545 ideo
2107 510 2282 547 homines
2308 510 2540 549 delectantur

1482 559 1521 595 in
1540 559 1624 595 filiis
1650 567 1685 595 et
1704 559 1742 595 in
1761 560 1921 608 propriis
1951 561 2141 610 operibus,
2163 562 2258 599 sicut
2276 562 2413 611 quibus
2435 575 2541 600 com—

1482 612 1677 648 municant
1695 612 1892 660 proprium
1919 614 2077 651 bonum.
2106 615 2220 652 Aliud
2238 615 2466 664 principium
2488 624 2542 652 est

1482 664 1633 700 habitus
1660 664 1854 711 inclinans,
1885 666 2095 703 secundum
2120 679 2236 715 quem
2257 669 2478 705 benefacere
2499 669 2542 705 fit

1484 716 1593 753 alicui
1626 718 1880 754 connaturale.
1919 718 2029 755 Unde
2066 719 2238 757 liberales
2275 721 2541 758 delectabiliter

1485 769 1575 805 dant
1595 769 1683 806 aliis.
1715 770 1887 806 Tertium
1907 766 2134 819 principium
2155 780 2209 809 est
2227 773 2428 821 motivum,
2448 781 2540 822 puta

1485 834 1573 858 cum
1601 822 1734 871 aliquis
1763 830 1940 859 movetur
1968 824 2015 859 ab
2044 823 2170 872 aliquo
2201 837 2316 874 quem
2346 826 2469 874 diligit,
2491 826 2539 863 ad

1484 875 1800 912 benefaciendum
1825 875 1950 912 alicui:
1981 875 2108 912 omnia
2139 876 2239 914 enim
2265 890 2360 927 quae
2381 878 2539 915 facimus

1483 928 1544 963 vel
1572 927 1738 975 patimur
1763 934 1919 976 propter
1955 928 2142 974 amicum,
2173 929 2403 967 delectabilia
2432 939 2538 979 sunt,

1484 979 1572 1027 quia
1601 992 1709 1016 amor
1736 981 1941 1029 praecipua
1969 993 2082 1017 causa
2111 981 2367 1019 delectationis
2396 991 2462 1020 est.

1536 1033 1594 1067 AD
1615 1043 1751 1069 PRIMUM
1766 1044 1863 1069 ERGO
1882 1045 2065 1070 DICENDUM
2081 1033 2185 1081 quod
2206 1034 2367 1082 emissio,
2382 1035 2540 1083 inquan-

1483 1090 1563 1119 tum
1594 1091 1649 1120 est
1676 1085 1879 1121 indicativa
1905 1085 2047 1134 proprii
2075 1085 2187 1133 boni,
2218 1093 2272 1123 est
2301 1087 2538 1124 delectabilis.

1485 1135 1561 1172 Sed
1588 1136 1814 1184 inquantum
1841 1145 2000 1174 evacuat
2019 1138 2218 1186 proprium
2238 1139 2395 1187 bonum,
2417 1147 2542 1188 potest

1484 1201 1566 1224 esse
1596 1190 1818 1227 contristans
1837 1195 1873 1235 γ;
1905 1190 1999 1226 sicut
2026 1191 2180 1238 quando
2201 1198 2256 1227 est
2274 1191 2538 1228 immoderata.

1535 1243 1594 1277 AD
1614 1254 1803 1279 SEcUNDUM
1821 1254 2004 1279 DICENDUM
2026 1243 2130 1291 quod
2158 1244 2400 1292 prodigalitas
2427 1245 2542 1281 habet

1483 1293 1776 1331 immoderatam
1807 1295 2066 1342 emissionem,
2096 1308 2194 1344 quae
2224 1304 2406 1345 repugnat
2433 1304 2540 1334 natu-

1483 1358 1558 1383 rae.
1589 1347 1638 1383 Et
1665 1347 1752 1384 ideo
1780 1347 2022 1396 prodigalitas
2051 1348 2182 1385 dicitur
2212 1361 2292 1385 esse
2322 1357 2452 1386 contra
2475 1362 2540 1386 na-

1482 1406 1619 1436 turam.

1535 1453 1594 1488 AD
1622 1463 1782 1489 TERTIUM
1801 1464 1984 1489 DICENDUM
2003 1452 2109 1500 quod
2128 1453 2292 1501 vincere,
2314 1455 2539 1502 redarguere

1484 1511 1520 1540 et
1546 1505 1691 1553 punire,
1721 1517 1800 1541 non
1829 1513 1884 1541 est
1903 1505 2122 1542 delectabile
2141 1506 2366 1554 inquantum
2387 1501 2474 1543 est‘⁸
2501 1506 2540 1543 in

1483 1558 1627 1594 malum
1657 1557 1817 1605 alterius,
1838 1558 1906 1594 sed
1930 1558 2156 1606 inquantum
2183 1558 2343 1606 pertinet
2377 1559 2426 1596 ad
2451 1570 2539 1607 pro-

1482 1610 1607 1658 prium
1627 1610 1786 1656 bonum,
1802 1610 1907 1658 quod
1925 1611 2009 1658 plus
2028 1611 2148 1647 homo
2173 1618 2276 1646 amat
2299 1622 2414 1659 quam
2438 1611 2542 1648 odiat

1482 1663 1625 1698 malum
1655 1662 1816 1699 alterius.
1845 1662 2006 1699 Vincere
2037 1663 2137 1699 enim
2162 1670 2218 1699 est
2237 1663 2457 1700 delectabile
2476 1675 2541 1700 na-

1482 1714 1658 1762 turaliter,
1679 1714 1904 1764 inquantum
1927 1727 1997 1763 per
2015 1715 2090 1751 hoc
2109 1715 2255 1752 homini
2274 1720 2285 1736 ⁸
2305 1715 2349 1752 fit
2367 1715 2540 1763 aestima-

1483 1767 1534 1803 tio
1554 1767 1732 1815 propriae
1761 1767 2013 1804 excellentiae.
2043 1769 2091 1804 Et
2118 1775 2272 1817 propter
2294 1769 2382 1816 hoc,
2404 1781 2539 1805 omnes

1483 1819 1561 1856 ludi
1580 1819 1618 1856 in
1638 1819 1774 1868 quibus
1795 1827 1850 1857 est
1876 1820 2118 1868 concertatio,
2140 1828 2176 1857 et
2193 1821 2232 1858 in
2252 1820 2389 1870 quibus
2415 1828 2540 1870 potest

1483 1885 1564 1909 esse
1583 1872 1753 1920 victoria,
1770 1880 1858 1910 sunt
1875 1873 2041 1910 maxime
2061 1873 2315 1910 delectabiles:
2337 1881 2374 1910 et
2391 1874 2541 1911 univer-

1482 1925 1606 1962 saliter
1630 1937 1764 1962 omnes
1790 1926 2097 1973 concertationes,
2115 1926 2326 1964 secundum
2349 1927 2454 1975 quod
2476 1927 2541 1964 ha-

1483 1979 1572 2015 bent
1587 1990 1695 2027 spem
1714 1977 1906 2015 victoriae.
1918 2000 1942 2006 -
1959 1979 2201 2027 Redarguere
2221 1986 2348 2016 autem
2369 1986 2406 2016 et
2424 1979 2542 2016 incre*

1481 2043 1572 2080 pare
1586 2038 1711 2080 potest
1731 2043 1812 2067 esse
1834 2031 2027 2080 dupliciter
2042 2032 2300 2069 delectationis
2315 2044 2438 2069 causa.
2454 2032 2541 2069 Uno

1482 2083 1622 2131 modo,
1660 2084 1887 2134 inquantum
1924 2084 2010 2121 facit
2049 2084 2197 2122 homini
2232 2084 2542 2133 imaginationem

1481 2137 1656 2186 propriae
1672 2137 1875 2186 sapientiae
1892 2144 1928 2174 et
1942 2137 2202 2178 excellentiae:
2224 2137 2419 2187 increpare
2440 2138 2541 2175 enim

1483 2197 1520 2226 et
1535 2189 1724 2238 corripere
1740 2197 1794 2226 est
1808 2190 2022 2239 sapientum
2039 2197 2074 2227 et
2087 2190 2286 2228 maiorum.
2307 2189 2392 2228 Alio
2408 2191 2541 2239 modo,

1483 2242 1696 2279 secundum
1726 2242 1830 2290 quod
1859 2243 2002 2291 aliquis,
2023 2243 2256 2292 increpando
2285 2251 2321 2280 et
2339 2243 2541 2292 reprehen-

1483 2294 1627 2341 dendo,
1656 2295 1760 2331 alteri
1789 2295 1989 2332 benefacit:
2020 2295 2124 2343 quod
2154 2303 2209 2332 est
2237 2295 2472 2342 delectabile,
2502 2303 2543 2333 ut

1485 2347 1626 2384 dictum
1647 2354 1701 2384 est
1722 2348 1752 2384 ²¹².
1768 2368 1792 2374 -
1809 2349 1906 2384 Irato
1927 2355 2054 2384 autem
2075 2356 2130 2385 est
2156 2348 2374 2385 delectabile
2393 2348 2540 2397 punire,

1483 2400 1708 2448 inquantum
1735 2399 1886 2437 videtur
1913 2412 2112 2438 removere
2146 2407 2392 2449 apparentem
2421 2401 2542 2439 mino-

1484 2452 1682 2499 rationem,
1712 2465 1809 2501 quae
1837 2453 1988 2489 videtur
2015 2466 2097 2489 esse
2127 2465 2172 2489 ex
2200 2453 2443 2502 praecedenti
2469 2455 2542 2491 lae-

1485 2505 1602 2541 sione.
1634 2506 1734 2542 Cum
1763 2505 1863 2541 enim
1893 2505 2026 2554 aliquis
2055 2513 2110 2542 est
2138 2506 2185 2544 ab
2214 2505 2371 2554 aliquo<
2399 2507 2541 2554 laesus,

1484 2558 1634 2594 videtur
1660 2569 1729 2606 per
1755 2558 1830 2594 hoc
1857 2558 1905 2594 ab
1934 2558 1997 2594 illo
2027 2558 2236 2595 minoratus
2265 2570 2365 2595 esse:
2393 2566 2429 2595 et
2455 2558 2542 2596 ideo

1485 2609 1627 2658 appetit
1654 2610 1702 2646 ab
1730 2610 1803 2647 hac
1831 2610 2085 2647 minoratione
2117 2610 2265 2648 liberari
2292 2623 2361 2659 per
2388 2611 2544 2649 retribu-

1485 2663 1629 2699 tionem
1657 2662 1951 2700 laesionis.-Et
1979 2663 2031 2699 sic
2057 2670 2160 2711 patet
2188 2664 2294 2712 quod
2322 2664 2544 2701 benefacere

1485 2715 1590 2752 alteri
1623 2728 1692 2764 per
1720 2728 1760 2752 se
1788 2723 1912 2764 potest
1947 2728 2029 2752 esse
2063 2716 2304 2753 delectabile:
2334 2716 2402 2754 sed
2429 2717 2544 2754 male-

1486 2769 1610 2805 facere
1638 2768 1741 2805 alteri
1770 2780 1848 2805 non
1878 2776 1932 2805 est
1961 2769 2191 2816 delectabile,
2221 2769 2291 2806 nisi
2319 2769 2543 2818 inquantum

1485 2820 1635 2858 videtur
1662 2820 1847 2869 pertinere
1876 2821 1924 2858 ad
1951 2821 2150 2870 proprium
2179 2822 2337 2859 bonum.

425 2936 452 2968 α)
472 2935 620 2967 tripliciter.
637 2948 656 2954 —
675 2934 774 2965 triplici
792 2934 897 2958 ratione
917 2934 1025 2958 codices.

425 2970 450 3003 β)
469 2971 529 2995 ΑΙίο
549 2970 635 2995 modo.
653 2983 671 2988 —
690 2970 812 2994 Secundo
831 2970 941 2993 codices.

379 3032 387 3038 ,
424 3006 450 3039 γ)
469 3006 639 3031 contristans.
656 3018 675 3025 ·-
694 3004 833 3029 tristabilis
852 3005 880 3035 E,
899 3003 1090 3029 contristabilis
1109 3004 1185 3028 ceteri
1204 3008 1229 3028 et
1246 3010 1272 3028 a.

1538 2932 1562 2964 ὃ)
1581 2936 1628 2958 est.
1646 2947 1665 2952 —
1682 2936 1745 2958 sunt
1763 2933 1863 2958 codices
1883 2938 1908 2958 et
1926 2941 1951 2958 a.
1970 2934 2034 2958 Item
2053 2942 2113 2959 mox
2127 2933 2273 2966 pertinent.

1539 2969 1560 3000 ε)
1580 2968 1688 2993 homini.
1706 2982 1725 2988 -
1744 2968 1804 2993 Om.
1824 2968 1892 2994 PEa.

1539 3003 1564 3035 ζ)
1584 3004 1682 3036 aliquo.
1700 3017 1718 3023 -
1736 3003 1790 3029 alio
1808 3004 1855 3029 Pa.
1872 3017 1892 3023 —
1909 3004 1959 3028 Pro
1976 3004 2009 3028 ab
2029 3004 2082 3034 illo,
2101 3004 2134 3029 ab
2151 3004 2207 3029 alio
2225 3005 2297 3029 PHa.

1326 3083 1591 3091 mm

1153 3149 1468 3191 ARTICULUS
1499 3149 1763 3191 SEPTIMUS

933 3241 1089 3272 UTRUM
1113 3240 1362 3272 SIMILITUDO
1387 3241 1453 3271 SIT
1478 3241 1618 3272 CAUSA
1641 3240 1988 3272 DELECTATIONIS

458 3346 467 3361 ι
492 3353 535 3380 ’,ς
585 3341 607 3364 D
627 3339 806 3365 SEPTIMUM
826 3340 878 3364 Sic
894 3339 1134 3366 PROCEDITUR.
1155 3329 1315 3365 Videtur
1330 3328 1434 3376 quod
1483 3330 1575 3377 pari
1601 3335 1637 3366 et
1655 3341 1831 3378 praeesse
1858 3329 2079 3366 naturaliter
2106 3335 2160 3366 est
2185 3329 2406 3375 delectabile,
2430 3336 2472 3365 ut
2491 3328 2544 3365 di-

499 3372 559 3426 ³',·,'²“,
587 3381 790 3417 similitudo
823 3392 902 3416 non
936 3381 981 3417 sit
1014 3394 1126 3417 causa
1165 3381 1433 3418 delectationis.

1490 3382 1582 3418 citur
1615 3382 1653 3418 in
1687 3383 1700 3418 Ι
1729 3382 1916 3418 Rhetoric.
1939 3381 1959 3403 *
1987 3383 2088 3430 Ergo
2124 3381 2388 3419 dissimilitudo
2426 3381 2545 3429 magis

2568 2359 2580 2371 ⁸
2593 2360 2619 2381 In
2633 2365 2741 2388 corpore.

2571 3395 2582 3405 *
2597 3394 2654 3422 Cap.
2668 3400 2698 3422 xx,
2713 3400 2736 3416 n.
2748 3400 2783 3422 ²7·
