<?xml version="1.0" encoding="UTF-8"?>
<!DOCTYPE html PUBLIC "-//W3C//DTD XHTML 1.0 Transitional//EN"
    "http://www.w3.org/TR/xhtml1/DTD/xhtml1-transitional.dtd">
<html xmlns="http://www.w3.org/1999/xhtml" xml:lang="en" lang="en">
 <head>
  <title>
</title>
<meta http-equiv="Content-Type" content="text/html;charset=utf-8" />
  <meta name='ocr-system' content='tesseract 3.04.00' />
  <meta name='ocr-capabilities' content='ocr_page ocr_carea ocr_par ocr_line ocrx_word'/>
</head>
<body>
  <div class='ocr_page' id='page_1' title='image "./operaomniaiussui06thom_0233.png"; bbox 0 0 2852 4152; ppageno 0'>
   <div class='ocr_carea' id='block_1_1' title="bbox 988 243 1422 291">
    <p class='ocr_par' dir='ltr' id='par_1_1' title="bbox 988 243 1422 291">
     <span class='ocr_line' id='line_1_1' title="bbox 988 243 1422 291; baseline -0.005 -10"><span class='ocrx_word' id='word_1_1' title='bbox 988 243 1252 291; x_wconf 85' lang='lat' dir='ltr'><strong>QUAESTIO</strong></span> <span class='ocrx_word' id='word_1_2' title='bbox 1282 243 1422 290; x_wconf 76' lang='lat' dir='ltr'>xxxi,</span> 
     </span>
    </p>
   </div>
   <div class='ocr_carea' id='block_1_2' title="bbox 0 321 1394 1000">
    <p class='ocr_par' dir='ltr' id='par_1_2' title="bbox 0 321 1394 1000">
     <span class='ocr_line' id='line_1_2' title="bbox 337 321 1390 370; baseline -0.001 -11"><span class='ocrx_word' id='word_1_3' title='bbox 337 321 553 370; x_wconf 81' lang='lat' dir='ltr'>simpliciter</span> <span class='ocrx_word' id='word_1_4' title='bbox 595 322 883 359; x_wconf 84' lang='lat' dir='ltr'><strong>delectationem</strong></span> <span class='ocrx_word' id='word_1_5' title='bbox 922 330 1041 360; x_wconf 89' lang='lat' dir='ltr'>tactus</span> <span class='ocrx_word' id='word_1_6' title='bbox 1084 334 1163 359; x_wconf 91' lang='lat' dir='ltr'>esse</span> <span class='ocrx_word' id='word_1_7' title='bbox 1204 321 1390 358; x_wconf 88' lang='lat' dir='ltr'>maiorem</span> 
     </span>
     <span class='ocr_line' id='line_1_3' title="bbox 338 373 1392 424; baseline -0.002 -12"><span class='ocrx_word' id='word_1_8' title='bbox 338 373 584 412; x_wconf 73' lang='lat' dir='ltr'>delectatione</span> <span class='ocrx_word' id='word_1_9' title='bbox 611 374 734 421; x_wconf 79' lang='lat' dir='ltr'>visus,</span> <span class='ocrx_word' id='word_1_10' title='bbox 763 375 973 412; x_wconf 88' lang='lat' dir='ltr'>secundum</span> <span class='ocrx_word' id='word_1_11' title='bbox 1003 375 1107 424; x_wconf 91' lang='lat' dir='ltr'>quod</span> <span class='ocrx_word' id='word_1_12' title='bbox 1136 374 1228 412; x_wconf 88' lang='lat' dir='ltr'>sistit</span> <span class='ocrx_word' id='word_1_13' title='bbox 1253 379 1269 402; x_wconf 71' lang='grc' dir='ltr'><strong>Ὺ</strong></span> <span class='ocrx_word' id='word_1_14' title='bbox 1297 374 1392 411; x_wconf 87' lang='lat' dir='ltr'>infra</span> 
     </span>
     <span class='ocr_line' id='line_1_4' title="bbox 337 426 1390 487; baseline -0.001 -23"><span class='ocrx_word' id='word_1_15' title='bbox 337 426 472 464; x_wconf 83' lang='lat' dir='ltr'>limites</span> <span class='ocrx_word' id='word_1_16' title='bbox 500 426 684 464; x_wconf 89' lang='lat' dir='ltr'>sensibilis</span> <span class='ocrx_word' id='word_1_17' title='bbox 721 427 987 464; x_wconf 85' lang='lat' dir='ltr'>delectationis.</span> <span class='ocrx_word' id='word_1_18' title='bbox 1013 428 1122 487; x_wconf 87' lang='lat' dir='ltr'>Quia</span> <span class='ocrx_word' id='word_1_19' title='bbox 1149 427 1390 464; x_wconf 85' lang='lat' dir='ltr'>manifestum</span> 
     </span>
     <span class='ocr_line' id='line_1_5' title="bbox 338 478 1393 538; baseline 0.001 -23"><span class='ocrx_word' id='word_1_20' title='bbox 338 486 394 515; x_wconf 86' lang='lat' dir='ltr'>est</span> <span class='ocrx_word' id='word_1_21' title='bbox 420 479 528 538; x_wconf 79' lang='lat' dir='ltr'>quod</span> <span class='ocrx_word' id='word_1_22' title='bbox 552 478 592 517; x_wconf 90' lang='lat' dir='ltr'>id</span> <span class='ocrx_word' id='word_1_23' title='bbox 618 478 722 527; x_wconf 86' lang='lat' dir='ltr'>quod</span> <span class='ocrx_word' id='word_1_24' title='bbox 752 486 807 515; x_wconf 88' lang='lat' dir='ltr'>est</span> <span class='ocrx_word' id='word_1_25' title='bbox 825 480 1020 516; x_wconf 90' lang='lat' dir='ltr'>naturale</span> <span class='ocrx_word' id='word_1_26' title='bbox 1012 493 1050 517; x_wconf 86' lang='lat' dir='ltr'>m</span> <span class='ocrx_word' id='word_1_27' title='bbox 1070 491 1315 529; x_wconf 88' lang='lat' dir='ltr'>unoquoque,</span> <span class='ocrx_word' id='word_1_28' title='bbox 1337 487 1393 516; x_wconf 90' lang='lat' dir='ltr'>est</span> 
     </span>
     <span class='ocr_line' id='line_1_6' title="bbox 337 529 1390 580; baseline 0.001 -13"><span class='ocrx_word' id='word_1_29' title='bbox 337 529 653 580; x_wconf 78' lang='lat' dir='ltr'>potentissimum.</span> <span class='ocrx_word' id='word_1_30' title='bbox 670 531 900 569; x_wconf 89' lang='lat' dir='ltr'>Huiusmodi</span> <span class='ocrx_word' id='word_1_31' title='bbox 915 541 1041 569; x_wconf 88' lang='lat' dir='ltr'>autem</span> <span class='ocrx_word' id='word_1_32' title='bbox 1058 532 1323 570; x_wconf 85' lang='lat' dir='ltr'>delectationes</span> <span class='ocrx_word' id='word_1_33' title='bbox 1338 540 1390 568; x_wconf 89' lang='lat' dir='ltr'>ta-</span> 
     </span>
     <span class='ocr_line' id='line_1_7' title="bbox 339 583 1391 634; baseline 0.001 -14"><span class='ocrx_word' id='word_1_34' title='bbox 339 591 420 621; x_wconf 85' lang='lat' dir='ltr'>ctus</span> <span class='ocrx_word' id='word_1_35' title='bbox 448 591 537 621; x_wconf 86' lang='lat' dir='ltr'>sunt</span> <span class='ocrx_word' id='word_1_36' title='bbox 553 583 612 620; x_wconf 86' lang='lat' dir='ltr'>ad</span> <span class='ocrx_word' id='word_1_37' title='bbox 621 595 715 632; x_wconf 86' lang='lat' dir='ltr'>quas</span> <span class='ocrx_word' id='word_1_38' title='bbox 742 584 964 622; x_wconf 82' lang='lat' dir='ltr'>ordinantur</span> <span class='ocrx_word' id='word_1_39' title='bbox 982 585 1307 634; x_wconf 81' lang='lat' dir='ltr'>concupiscentiae</span> <span class='ocrx_word' id='word_1_40' title='bbox 1327 597 1391 621; x_wconf 82' lang='lat' dir='ltr'>na-</span> 
     </span>
     <span class='ocr_line' id='line_1_8' title="bbox 338 636 1392 694; baseline 0.002 -22"><span class='ocrx_word' id='word_1_41' title='bbox 338 637 488 694; x_wconf 83' lang='lat' dir='ltr'>turales,</span> <span class='ocrx_word' id='word_1_42' title='bbox 509 636 608 673; x_wconf 75' lang='lat' dir='ltr'>siunt</span> <span class='ocrx_word' id='word_1_43' title='bbox 618 636 703 683; x_wconf 84' lang='lat' dir='ltr'>cibi,</span> <span class='ocrx_word' id='word_1_44' title='bbox 722 642 951 684; x_wconf 72' lang='lat' dir='ltr'>etvenerea,</span> <span class='ocrx_word' id='word_1_45' title='bbox 968 646 1004 674; x_wconf 89' lang='lat' dir='ltr'>et</span> <span class='ocrx_word' id='word_1_46' title='bbox 1021 638 1250 675; x_wconf 89' lang='lat' dir='ltr'>huiusmodi.</span> <span class='ocrx_word' id='word_1_47' title='bbox 1269 658 1293 666; x_wconf 92' lang='lat'>—</span> <span class='ocrx_word' id='word_1_48' title='bbox 1315 637 1392 674; x_wconf 90' lang='lat' dir='ltr'>Sed</span> 
     </span>
     <span class='ocr_line' id='line_1_9' title="bbox 0 686 1391 736; baseline 0.001 -12"><span class='ocrx_word' id='word_1_49' title='bbox 0 711 9 729; x_wconf 54' lang='lat'>³</span> <span class='ocrx_word' id='word_1_50' title='bbox 339 688 369 725; x_wconf 93' lang='lat' dir='ltr'>si</span> <span class='ocrx_word' id='word_1_51' title='bbox 408 686 692 726; x_wconf 82' lang='lat' dir='ltr'>consideremus</span> <span class='ocrx_word' id='word_1_52' title='bbox 726 689 992 727; x_wconf 86' lang='lat' dir='ltr'>delectationes</span> <span class='ocrx_word' id='word_1_53' title='bbox 1021 691 1146 736; x_wconf 86' lang='lat' dir='ltr'>visus,</span> <span class='ocrx_word' id='word_1_54' title='bbox 1181 690 1391 727; x_wconf 89' lang='lat' dir='ltr'>secundum</span> 
     </span>
     <span class='ocr_line' id='line_1_10' title="bbox 0 719 1392 789; baseline 0.004 -16"><span class='ocrx_word' id='word_1_55' title='bbox 0 755 9 773; x_wconf 57' lang='lat' dir='ltr'>t</span> <span class='ocrx_word' id='word_1_56' title='bbox 166 765 171 768; x_wconf 90' lang='lat'>-</span> <span class='ocrx_word' id='word_1_57' title='bbox 339 741 443 789; x_wconf 92' lang='lat' dir='ltr'>quod</span> <span class='ocrx_word' id='word_1_58' title='bbox 470 741 575 778; x_wconf 88' lang='lat' dir='ltr'>visus</span> <span class='ocrx_word' id='word_1_59' title='bbox 604 741 767 778; x_wconf 91' lang='lat' dir='ltr'>deservit</span> <span class='ocrx_word' id='word_1_60' title='bbox 799 741 1017 789; x_wconf 89' lang='lat' dir='ltr'>intellectui;</span> <span class='ocrx_word' id='word_1_61' title='bbox 1046 743 1099 779; x_wconf 89' lang='lat' dir='ltr'>sic</span> <span class='ocrx_word' id='word_1_62' title='bbox 1127 719 1392 780; x_wconf 86' lang='lat' dir='ltr'>delectationes</span> 
     </span>
     <span class='ocr_line' id='line_1_11' title="bbox 85 772 1392 844; baseline 0.002 -16"><span class='ocrx_word' id='word_1_63' title='bbox 85 790 87 792; x_wconf 55' lang='grc'><strong><em>’</em></strong></span> <span class='ocrx_word' id='word_1_64' title='bbox 338 792 443 829; x_wconf 88' lang='lat' dir='ltr'>visus</span> <span class='ocrx_word' id='word_1_65' title='bbox 472 801 581 830; x_wconf 90' lang='lat' dir='ltr'>erunt</span> <span class='ocrx_word' id='word_1_66' title='bbox 607 794 785 841; x_wconf 87' lang='lat' dir='ltr'>potiores,</span> <span class='ocrx_word' id='word_1_67' title='bbox 816 807 859 831; x_wconf 89' lang='lat' dir='ltr'>ea</span> <span class='ocrx_word' id='word_1_68' title='bbox 889 772 1031 832; x_wconf 69' lang='lat' dir='ltr'>ration⁷e</span> <span class='ocrx_word' id='word_1_69' title='bbox 1060 807 1134 844; x_wconf 90' lang='lat' dir='ltr'>qua</span> <span class='ocrx_word' id='word_1_70' title='bbox 1162 802 1198 831; x_wconf 86' lang='lat' dir='ltr'>et</span> <span class='ocrx_word' id='word_1_71' title='bbox 1226 795 1392 843; x_wconf 88' lang='lat' dir='ltr'>intelligi-</span> 
     </span>
     <span class='ocr_line' id='line_1_12' title="bbox 338 844 1311 895; baseline 0.002 -14"><span class='ocrx_word' id='word_1_72' title='bbox 338 844 432 882; x_wconf 88' lang='lat' dir='ltr'>biles</span> <span class='ocrx_word' id='word_1_73' title='bbox 461 846 726 883; x_wconf 89' lang='lat' dir='ltr'>delectationes</span> <span class='ocrx_word' id='word_1_74' title='bbox 754 855 839 883; x_wconf 90' lang='lat' dir='ltr'>sunt</span> <span class='ocrx_word' id='word_1_75' title='bbox 866 848 1034 895; x_wconf 91' lang='lat' dir='ltr'>potiores</span> <span class='ocrx_word' id='word_1_76' title='bbox 1062 847 1311 884; x_wconf 87' lang='lat' dir='ltr'>sensibilibus.</span> 
     </span>
     <span class='ocr_line' id='line_1_13' title="bbox 392 895 1394 948; baseline 0.003 -15"><span class='ocrx_word' id='word_1_77' title='bbox 392 895 479 934; x_wconf 80' lang='lat' dir='ltr'>An</span> <span class='ocrx_word' id='word_1_78' title='bbox 479 910 615 935; x_wconf 74' lang='lat' dir='ltr'>PmMUM</span> <span class='ocrx_word' id='word_1_79' title='bbox 643 911 739 936; x_wconf 84' lang='lat' dir='ltr'>ERGO</span> <span class='ocrx_word' id='word_1_80' title='bbox 765 912 947 937; x_wconf 80' lang='lat' dir='ltr'>mCENDuM</span> <span class='ocrx_word' id='word_1_81' title='bbox 967 901 1069 948; x_wconf 90' lang='lat' dir='ltr'>quod</span> <span class='ocrx_word' id='word_1_82' title='bbox 1088 899 1280 947; x_wconf 85' lang='lat' dir='ltr'>gaudium,</span> <span class='ocrx_word' id='word_1_83' title='bbox 1301 900 1394 936; x_wconf 92' lang='lat' dir='ltr'>sicut</span> 
     </span>
     <span class='ocr_line' id='line_1_14' title="bbox 339 949 1392 1000; baseline 0.002 -14"><span class='ocrx_word' id='word_1_84' title='bbox 339 962 453 998; x_wconf 91' lang='lat' dir='ltr'>supra</span> <span class='ocrx_word' id='word_1_85' title='bbox 471 949 492 971; x_wconf 70' lang='lat'>²¹³</span> <span class='ocrx_word' id='word_1_86' title='bbox 520 950 661 987; x_wconf 89' lang='lat' dir='ltr'>dictum</span> <span class='ocrx_word' id='word_1_87' title='bbox 691 959 760 999; x_wconf 85' lang='lat' dir='ltr'>est,</span> <span class='ocrx_word' id='word_1_88' title='bbox 791 952 974 1000; x_wconf 85' lang='lat' dir='ltr'>significat</span> <span class='ocrx_word' id='word_1_89' title='bbox 1005 952 1204 989; x_wconf 85' lang='lat' dir='ltr'>animalem</span> <span class='ocrx_word' id='word_1_90' title='bbox 1233 952 1392 988; x_wconf 90' lang='lat' dir='ltr'>delecta-</span> 
     </span>
    </p>
   </div>
   <div class='ocr_carea' id='block_1_3' title="bbox 1452 243 1841 280">
    <p class='ocr_par' dir='ltr' id='par_1_3' title="bbox 1452 243 1841 280">
     <span class='ocr_line' id='line_1_15' title="bbox 1452 243 1841 280; baseline 0 -1"><span class='ocrx_word' id='word_1_91' title='bbox 1452 243 1745 280; x_wconf 88' lang='lat' dir='ltr'>ARTICULUS</span> <span class='ocrx_word' id='word_1_92' title='bbox 1773 243 1841 280; x_wconf 89' lang='lat' dir='ltr'>VII</span> 
     </span>
    </p>
   </div>
   <div class='ocr_carea' id='block_1_4' title="bbox 1444 321 2500 1000">
    <p class='ocr_par' dir='ltr' id='par_1_4' title="bbox 1444 321 2498 423">
     <span class='ocr_line' id='line_1_16' title="bbox 1444 321 2498 370; baseline 0.003 -12"><span class='ocrx_word' id='word_1_93' title='bbox 1444 321 1602 359; x_wconf 89' lang='lat' dir='ltr'>tionem:</span> <span class='ocrx_word' id='word_1_94' title='bbox 1632 329 1670 358; x_wconf 91' lang='lat' dir='ltr'>et</span> <span class='ocrx_word' id='word_1_95' title='bbox 1694 322 1788 358; x_wconf 90' lang='lat' dir='ltr'>haec</span> <span class='ocrx_word' id='word_1_96' title='bbox 1816 321 1980 358; x_wconf 86' lang='lat' dir='ltr'>maxime</span> <span class='ocrx_word' id='word_1_97' title='bbox 2008 323 2167 370; x_wconf 90' lang='lat' dir='ltr'>pertinet</span> <span class='ocrx_word' id='word_1_98' title='bbox 2190 324 2238 360; x_wconf 92' lang='lat' dir='ltr'>ad</span> <span class='ocrx_word' id='word_1_99' title='bbox 2257 323 2395 360; x_wconf 89' lang='lat' dir='ltr'>visum.</span> <span class='ocrx_word' id='word_1_100' title='bbox 2421 324 2498 361; x_wconf 91' lang='lat' dir='ltr'>Sed</span> 
     </span>
     <span class='ocr_line' id='line_1_17' title="bbox 1446 372 2494 423; baseline 0.002 -12"><span class='ocrx_word' id='word_1_101' title='bbox 1446 374 1642 411; x_wconf 83' lang='lat' dir='ltr'>delectatio</span> <span class='ocrx_word' id='word_1_102' title='bbox 1666 373 1843 411; x_wconf 89' lang='lat' dir='ltr'>naturalis</span> <span class='ocrx_word' id='word_1_103' title='bbox 1871 374 2035 410; x_wconf 84' lang='lat' dir='ltr'>maxime</span> <span class='ocrx_word' id='word_1_104' title='bbox 2056 372 2069 396; x_wconf 67' lang='grc' dir='ltr'>δ</span> <span class='ocrx_word' id='word_1_105' title='bbox 2096 375 2255 423; x_wconf 84' lang='lat' dir='ltr'>pertinet</span> <span class='ocrx_word' id='word_1_106' title='bbox 2275 376 2322 412; x_wconf 86' lang='lat' dir='ltr'>ad</span> <span class='ocrx_word' id='word_1_107' title='bbox 2342 384 2494 414; x_wconf 90' lang='lat' dir='ltr'>tactum.</span> 
     </span>
    </p>

    <p class='ocr_par' dir='ltr' id='par_1_5' title="bbox 1444 427 2498 582">
     <span class='ocr_line' id='line_1_18' title="bbox 1497 427 2498 474; baseline 0.002 -10"><span class='ocrx_word' id='word_1_108' title='bbox 1497 429 1555 464; x_wconf 85' lang='lat' dir='ltr'>An</span> <span class='ocrx_word' id='word_1_109' title='bbox 1583 438 1771 464; x_wconf 74' lang='lat' dir='ltr'>SECUNDUM</span> <span class='ocrx_word' id='word_1_110' title='bbox 1798 438 1981 463; x_wconf 62' lang='lat' dir='ltr'>monimum</span> <span class='ocrx_word' id='word_1_111' title='bbox 2009 427 2113 474; x_wconf 94' lang='lat' dir='ltr'>quod</span> <span class='ocrx_word' id='word_1_112' title='bbox 2135 427 2239 463; x_wconf 89' lang='lat' dir='ltr'>visus</span> <span class='ocrx_word' id='word_1_113' title='bbox 2263 428 2425 464; x_wconf 86' lang='lat' dir='ltr'>maxime</span> <span class='ocrx_word' id='word_1_114' title='bbox 2445 429 2498 466; x_wconf 89' lang='lat' dir='ltr'>di·</span> 
     </span>
     <span class='ocr_line' id='line_1_19' title="bbox 1445 479 2497 528; baseline 0 -12"><span class='ocrx_word' id='word_1_115' title='bbox 1445 479 1566 527; x_wconf 87' lang='lat' dir='ltr'>ligitur</span> <span class='ocrx_word' id='word_1_116' title='bbox 1582 485 1739 527; x_wconf 82' lang='lat' dir='ltr'>propter</span> <span class='ocrx_word' id='word_1_117' title='bbox 1757 479 2018 528; x_wconf 86' lang='lat' dir='ltr'>cognitionem,</span> <span class='ocrx_word' id='word_1_118' title='bbox 2038 490 2082 515; x_wconf 87' lang='lat' dir='ltr'>eo</span> <span class='ocrx_word' id='word_1_119' title='bbox 2101 480 2201 527; x_wconf 82' lang='lat' dir='ltr'>quod</span> <span class='ocrx_word' id='word_1_120' title='bbox 2218 479 2352 516; x_wconf 84' lang='lat' dir='ltr'>multas</span> <span class='ocrx_word' id='word_1_121' title='bbox 2371 492 2497 517; x_wconf 87' lang='lat' dir='ltr'>rerum</span> 
     </span>
     <span class='ocr_line' id='line_1_20' title="bbox 1444 531 2443 582; baseline 0 -14"><span class='ocrx_word' id='word_1_122' title='bbox 1444 532 1672 582; x_wconf 84' lang='lat' dir='ltr'>differentias</span> <span class='ocrx_word' id='word_1_123' title='bbox 1700 533 1804 568; x_wconf 84' lang='lat' dir='ltr'>nobis</span> <span class='ocrx_word' id='word_1_124' title='bbox 1831 532 1995 577; x_wconf 81' lang='lat' dir='ltr'>ostendit,</span> <span class='ocrx_word' id='word_1_125' title='bbox 2025 538 2067 568; x_wconf 88' lang='lat' dir='ltr'>ut</span> <span class='ocrx_word' id='word_1_126' title='bbox 2093 531 2234 568; x_wconf 90' lang='lat' dir='ltr'>ibidem</span> <span class='ocrx_word' id='word_1_127' title='bbox 2253 532 2273 552; x_wconf 76' lang='lat'>&#39;¹‘</span> <span class='ocrx_word' id='word_1_128' title='bbox 2300 531 2443 568; x_wconf 90' lang='lat' dir='ltr'>dicitur.</span> 
     </span>
    </p>

    <p class='ocr_par' dir='ltr' id='par_1_6' title="bbox 1445 584 2500 1000">
     <span class='ocr_line' id='line_1_21' title="bbox 1497 584 2497 631; baseline -0.001 -10"><span class='ocrx_word' id='word_1_129' title='bbox 1497 587 1556 621; x_wconf 80' lang='lat' dir='ltr'>An</span> <span class='ocrx_word' id='word_1_130' title='bbox 1575 595 1733 622; x_wconf 68' lang='lat' dir='ltr'>TER-rium</span> <span class='ocrx_word' id='word_1_131' title='bbox 1752 595 1933 622; x_wconf 74' lang='lat' dir='ltr'>DICENDUM</span> <span class='ocrx_word' id='word_1_132' title='bbox 1953 585 2057 631; x_wconf 90' lang='lat' dir='ltr'>quod</span> <span class='ocrx_word' id='word_1_133' title='bbox 2077 584 2149 621; x_wconf 89' lang='lat' dir='ltr'>alio</span> <span class='ocrx_word' id='word_1_134' title='bbox 2170 585 2287 621; x_wconf 91' lang='lat' dir='ltr'>modo</span> <span class='ocrx_word' id='word_1_135' title='bbox 2304 584 2497 621; x_wconf 85' lang='lat' dir='ltr'>delectatio</span> 
     </span>
     <span class='ocr_line' id='line_1_22' title="bbox 1446 636 2496 683; baseline -0.002 -9"><span class='ocrx_word' id='word_1_136' title='bbox 1446 645 1500 674; x_wconf 89' lang='lat' dir='ltr'>est</span> <span class='ocrx_word' id='word_1_137' title='bbox 1533 649 1647 674; x_wconf 89' lang='lat' dir='ltr'>causa</span> <span class='ocrx_word' id='word_1_138' title='bbox 1679 637 1818 674; x_wconf 90' lang='lat' dir='ltr'>amoris</span> <span class='ocrx_word' id='word_1_139' title='bbox 1852 637 2026 683; x_wconf 87' lang='lat' dir='ltr'>carnalis,</span> <span class='ocrx_word' id='word_1_140' title='bbox 2056 645 2092 673; x_wconf 91' lang='lat' dir='ltr'>et</span> <span class='ocrx_word' id='word_1_141' title='bbox 2128 637 2201 673; x_wconf 89' lang='lat' dir='ltr'>alio</span> <span class='ocrx_word' id='word_1_142' title='bbox 2236 637 2354 673; x_wconf 90' lang='lat' dir='ltr'>modo</span> <span class='ocrx_word' id='word_1_143' title='bbox 2388 636 2496 673; x_wconf 89' lang='lat' dir='ltr'>visio.</span> 
     </span>
     <span class='ocr_line' id='line_1_23' title="bbox 1446 689 2498 737; baseline -0.002 -11"><span class='ocrx_word' id='word_1_144' title='bbox 1446 691 1547 726; x_wconf 91' lang='lat' dir='ltr'>Nam</span> <span class='ocrx_word' id='word_1_145' title='bbox 1577 690 1789 736; x_wconf 84' lang='lat' dir='ltr'>delectatio,</span> <span class='ocrx_word' id='word_1_146' title='bbox 1819 697 1855 726; x_wconf 92' lang='lat' dir='ltr'>et</span> <span class='ocrx_word' id='word_1_147' title='bbox 1887 689 2052 726; x_wconf 85' lang='lat' dir='ltr'>maxime</span> <span class='ocrx_word' id='word_1_148' title='bbox 2080 701 2177 737; x_wconf 90' lang='lat' dir='ltr'>quae</span> <span class='ocrx_word' id='word_1_149' title='bbox 2207 696 2261 725; x_wconf 92' lang='lat' dir='ltr'>est</span> <span class='ocrx_word' id='word_1_150' title='bbox 2289 689 2498 725; x_wconf 90' lang='lat' dir='ltr'>secundum</span> 
     </span>
     <span class='ocr_line' id='line_1_24' title="bbox 1445 741 2498 790; baseline -0.001 -12"><span class='ocrx_word' id='word_1_151' title='bbox 1445 749 1598 788; x_wconf 89' lang='lat' dir='ltr'>tactum,</span> <span class='ocrx_word' id='word_1_152' title='bbox 1628 750 1683 779; x_wconf 90' lang='lat' dir='ltr'>est</span> <span class='ocrx_word' id='word_1_153' title='bbox 1711 754 1823 779; x_wconf 90' lang='lat' dir='ltr'>causa</span> <span class='ocrx_word' id='word_1_154' title='bbox 1852 742 2036 779; x_wconf 88' lang='lat' dir='ltr'>amicitiae</span> <span class='ocrx_word' id='word_1_155' title='bbox 2066 741 2293 779; x_wconf 91' lang='lat' dir='ltr'>delectabilis</span> <span class='ocrx_word' id='word_1_156' title='bbox 2321 753 2388 790; x_wconf 92' lang='lat' dir='ltr'>per</span> <span class='ocrx_word' id='word_1_157' title='bbox 2415 754 2498 777; x_wconf 90' lang='lat' dir='ltr'>mo-</span> 
     </span>
     <span class='ocr_line' id='line_1_25' title="bbox 1445 793 2500 831; baseline -0.001 -1"><span class='ocrx_word' id='word_1_158' title='bbox 1445 794 1538 831; x_wconf 90' lang='lat' dir='ltr'>dum</span> <span class='ocrx_word' id='word_1_159' title='bbox 1566 794 1672 831; x_wconf 89' lang='lat' dir='ltr'>finis:</span> <span class='ocrx_word' id='word_1_160' title='bbox 1700 794 1797 831; x_wconf 83' lang='lat' dir='ltr'>visio</span> <span class='ocrx_word' id='word_1_161' title='bbox 1826 803 1953 831; x_wconf 88' lang='lat' dir='ltr'>autem</span> <span class='ocrx_word' id='word_1_162' title='bbox 1984 802 2039 831; x_wconf 89' lang='lat' dir='ltr'>est</span> <span class='ocrx_word' id='word_1_163' title='bbox 2066 807 2186 831; x_wconf 77' lang='lat' dir='ltr'>causa·</span> <span class='ocrx_word' id='word_1_164' title='bbox 2203 794 2297 830; x_wconf 92' lang='lat' dir='ltr'>sicut</span> <span class='ocrx_word' id='word_1_165' title='bbox 2319 793 2420 830; x_wconf 92' lang='lat' dir='ltr'>unde</span> <span class='ocrx_word' id='word_1_166' title='bbox 2445 801 2500 830; x_wconf 90' lang='lat' dir='ltr'>est</span> 
     </span>
     <span class='ocr_line' id='line_1_26' title="bbox 1445 846 2499 896; baseline -0.001 -13"><span class='ocrx_word' id='word_1_167' title='bbox 1445 847 1671 895; x_wconf 90' lang='lat' dir='ltr'>principium</span> <span class='ocrx_word' id='word_1_168' title='bbox 1692 855 1829 894; x_wconf 89' lang='lat' dir='ltr'>motus,</span> <span class='ocrx_word' id='word_1_169' title='bbox 1854 847 2077 895; x_wconf 88' lang='lat' dir='ltr'>inquantum</span> <span class='ocrx_word' id='word_1_170' title='bbox 2098 860 2165 896; x_wconf 90' lang='lat' dir='ltr'>per</span> <span class='ocrx_word' id='word_1_171' title='bbox 2182 847 2308 883; x_wconf 89' lang='lat' dir='ltr'>visum</span> <span class='ocrx_word' id='word_1_172' title='bbox 2328 846 2499 883; x_wconf 90' lang='lat' dir='ltr'>amabilis</span> 
     </span>
     <span class='ocr_line' id='line_1_27' title="bbox 1446 899 2498 948; baseline -0.001 -13"><span class='ocrx_word' id='word_1_173' title='bbox 1446 899 1670 948; x_wconf 80' lang='lat' dir='ltr'>imprimitur</span> <span class='ocrx_word' id='word_1_174' title='bbox 1698 899 1841 947; x_wconf 87' lang='lat' dir='ltr'>species</span> <span class='ocrx_word' id='word_1_175' title='bbox 1870 900 1934 946; x_wconf 87' lang='lat' dir='ltr'>rei,</span> <span class='ocrx_word' id='word_1_176' title='bbox 1962 912 2061 947; x_wconf 89' lang='lat' dir='ltr'>quae</span> <span class='ocrx_word' id='word_1_177' title='bbox 2083 899 2195 936; x_wconf 87' lang='lat' dir='ltr'>allicit</span> <span class='ocrx_word' id='word_1_178' title='bbox 2216 899 2265 936; x_wconf 90' lang='lat' dir='ltr'>ad</span> <span class='ocrx_word' id='word_1_179' title='bbox 2291 899 2498 936; x_wconf 88' lang='lat' dir='ltr'>amandum</span> 
     </span>
     <span class='ocr_line' id='line_1_28' title="bbox 1447 952 2374 1000; baseline 0 -12"><span class='ocrx_word' id='word_1_180' title='bbox 1447 959 1483 988; x_wconf 88' lang='lat' dir='ltr'>et</span> <span class='ocrx_word' id='word_1_181' title='bbox 1511 953 1559 989; x_wconf 91' lang='lat' dir='ltr'>ad</span> <span class='ocrx_word' id='word_1_182' title='bbox 1593 952 1937 1000; x_wconf 88' lang='lat' dir='ltr'>concupiscendum</span> <span class='ocrx_word' id='word_1_183' title='bbox 1967 952 2046 989; x_wconf 91' lang='lat' dir='ltr'>eius</span> <span class='ocrx_word' id='word_1_184' title='bbox 2075 952 2374 989; x_wconf 86' lang='lat' dir='ltr'>delectationem;</span> 
     </span>
    </p>
   </div>
   <div class='ocr_carea' id='block_1_5' title="bbox 2426 256 2494 281">
    <p class='ocr_par' dir='ltr' id='par_1_7' title="bbox 2426 256 2494 281">
     <span class='ocr_line' id='line_1_29' title="bbox 2426 256 2494 281; baseline 0 0"><span class='ocrx_word' id='word_1_185' title='bbox 2426 256 2494 281; x_wconf 89' lang='lat'>221</span> 
     </span>
    </p>
   </div>
   <div class='ocr_carea' id='block_1_6' title="bbox 1026 1031 1814 1035">
    <p class='ocr_par' dir='ltr' id='par_1_8' title="bbox 1026 1031 1814 1035">
     <span class='ocr_line' id='line_1_30' title="bbox 1026 1031 1814 1035; baseline 0 0"><span class='ocrx_word' id='word_1_186' title='bbox 1026 1031 1814 1035; x_wconf 95' lang='lat' dir='ltr'> </span> 
     </span>
    </p>
   </div>
   <div class='ocr_carea' id='block_1_7' title="bbox 390 1065 1421 1104">
    <p class='ocr_par' dir='ltr' id='par_1_9' title="bbox 390 1065 1421 1104">
     <span class='ocr_line' id='line_1_31' title="bbox 390 1065 1421 1104; baseline 0.008 -12"><span class='ocrx_word' id='word_1_187' title='bbox 390 1066 417 1101; x_wconf 84' lang='grc' dir='ltr'>γ)</span> <span class='ocrx_word' id='word_1_188' title='bbox 435 1068 514 1093; x_wconf 81' lang='lat' dir='ltr'>sistit.</span> <span class='ocrx_word' id='word_1_189' title='bbox 531 1082 550 1088; x_wconf 86' lang='lat'>—-</span> <span class='ocrx_word' id='word_1_190' title='bbox 567 1069 688 1094; x_wconf 79' lang='lat' dir='ltr'>consistit</span> <span class='ocrx_word' id='word_1_191' title='bbox 707 1070 777 1095; x_wconf 86' lang='lat' dir='ltr'>PKa.</span> <span class='ocrx_word' id='word_1_192' title='bbox 1417 1065 1421 1104; x_wconf 79' lang='grc' dir='ltr'>Ι</span> 
     </span>
    </p>
   </div>
   <div class='ocr_carea' id='block_1_8' title="bbox 1498 1070 1875 1104">
    <p class='ocr_par' dir='ltr' id='par_1_10' title="bbox 1498 1070 1875 1104">
     <span class='ocr_line' id='line_1_32' title="bbox 1498 1070 1875 1104; baseline 0.003 -10"><span class='ocrx_word' id='word_1_193' title='bbox 1498 1070 1523 1104; x_wconf 79' lang='grc' dir='ltr'>δ)</span> <span class='ocrx_word' id='word_1_194' title='bbox 1542 1071 1669 1095; x_wconf 79' lang='lat' dir='ltr'>maxime.</span> <span class='ocrx_word' id='word_1_195' title='bbox 1687 1084 1706 1089; x_wconf 82' lang='lat'>-</span> <span class='ocrx_word' id='word_1_196' title='bbox 1724 1071 1809 1104; x_wconf 81' lang='lat' dir='ltr'>magis</span> <span class='ocrx_word' id='word_1_197' title='bbox 1829 1071 1875 1095; x_wconf 82' lang='lat' dir='ltr'>Pa.</span> 
     </span>
    </p>
   </div>
   <div class='ocr_carea' id='block_1_9' title="bbox 1008 1139 1832 1174">
    <p class='ocr_par' dir='ltr' id='par_1_11' title="bbox 1008 1139 1832 1174">
     <span class='ocr_line' id='line_1_33' title="bbox 1008 1139 1832 1174; baseline -0.002 -1"><span class='ocrx_word' id='word_1_198' title='bbox 1008 1139 1339 1173; x_wconf 59' lang='lat' dir='ltr'>Commentariis</span> <span class='ocrx_word' id='word_1_199' title='bbox 1361 1140 1610 1174; x_wconf 70' lang='lat' dir='ltr'>Garamans</span> <span class='ocrx_word' id='word_1_200' title='bbox 1632 1139 1832 1174; x_wconf 69' lang='lat' dir='ltr'>Caietam</span> 
     </span>
    </p>
   </div>
   <div class='ocr_carea' id='block_1_10' title="bbox 277 1221 1395 1968">
    <p class='ocr_par' dir='ltr' id='par_1_12' title="bbox 277 1221 1395 1968">
     <span class='ocr_line' id='line_1_34' title="bbox 341 1221 1394 1293; baseline 0.001 -42"><span class='ocrx_word' id='word_1_201' title='bbox 341 1231 388 1293; x_wconf 73' lang='lat' dir='ltr'>IN</span> <span class='ocrx_word' id='word_1_202' title='bbox 411 1221 543 1252; x_wconf 78' lang='lat' dir='ltr'>arficulo</span> <span class='ocrx_word' id='word_1_203' title='bbox 566 1228 668 1258; x_wconf 82' lang='lat' dir='ltr'>sexto,</span> <span class='ocrx_word' id='word_1_204' title='bbox 692 1222 816 1253; x_wconf 81' lang='lat' dir='ltr'>adverte</span> <span class='ocrx_word' id='word_1_205' title='bbox 838 1222 941 1263; x_wconf 86' lang='lat' dir='ltr'>quod,</span> <span class='ocrx_word' id='word_1_206' title='bbox 966 1232 1040 1255; x_wconf 85' lang='lat' dir='ltr'>cum</span> <span class='ocrx_word' id='word_1_207' title='bbox 1067 1222 1179 1253; x_wconf 90' lang='lat' dir='ltr'>dicitur</span> <span class='ocrx_word' id='word_1_208' title='bbox 1202 1223 1290 1262; x_wconf 92' lang='lat' dir='ltr'>quod</span> <span class='ocrx_word' id='word_1_209' title='bbox 1311 1222 1394 1253; x_wconf 88' lang='lat' dir='ltr'>dele-</span> 
     </span>
     <span class='ocr_line' id='line_1_35' title="bbox 369 1265 1394 1307; baseline 0.001 -12"><span class='ocrx_word' id='word_1_210' title='bbox 369 1266 521 1296; x_wconf 83' lang='lat' dir='ltr'>ctationes</span> <span class='ocrx_word' id='word_1_211' title='bbox 540 1271 643 1297; x_wconf 80' lang='lat' dir='ltr'>tactus</span> <span class='ocrx_word' id='word_1_212' title='bbox 660 1270 735 1300; x_wconf 80' lang='lat' dir='ltr'>sunt</span> <span class='ocrx_word' id='word_1_213' title='bbox 757 1265 800 1296; x_wconf 89' lang='lat' dir='ltr'>ad</span> <span class='ocrx_word' id='word_1_214' title='bbox 836 1275 895 1296; x_wconf 84' lang='lat' dir='ltr'>uas</span> <span class='ocrx_word' id='word_1_215' title='bbox 917 1266 1109 1297; x_wconf 86' lang='lat' dir='ltr'>ordinantur</span> <span class='ocrx_word' id='word_1_216' title='bbox 1124 1267 1394 1307; x_wconf 80' lang='lat' dir='ltr'>concupiscentiae</span> 
     </span>
     <span class='ocr_line' id='line_1_36' title="bbox 338 1308 1392 1350; baseline 0 -11"><span class='ocrx_word' id='word_1_217' title='bbox 338 1309 515 1346; x_wconf 83' lang='lat' dir='ltr'>naturales,</span> <span class='ocrx_word' id='word_1_218' title='bbox 524 1315 629 1350; x_wconf 90' lang='lat' dir='ltr'>potest</span> <span class='ocrx_word' id='word_1_219' title='bbox 643 1308 802 1349; x_wconf 83' lang='lat' dir='ltr'>tripliciter</span> <span class='ocrx_word' id='word_1_220' title='bbox 816 1308 956 1348; x_wconf 83' lang='lat' dir='ltr'>1ntelligi.</span> <span class='ocrx_word' id='word_1_221' title='bbox 969 1309 1086 1347; x_wconf 89' lang='lat' dir='ltr'>Primo,</span> <span class='ocrx_word' id='word_1_222' title='bbox 1098 1319 1172 1339; x_wconf 89' lang='lat' dir='ltr'>cum</span> <span class='ocrx_word' id='word_1_223' title='bbox 1186 1309 1392 1349; x_wconf 85' lang='lat' dir='ltr'>praecisione:</span> 
     </span>
     <span class='ocr_line' id='line_1_37' title="bbox 338 1351 1394 1392; baseline 0 -9"><span class='ocrx_word' id='word_1_224' title='bbox 338 1359 374 1383; x_wconf 87' lang='lat' dir='ltr'>ut</span> <span class='ocrx_word' id='word_1_225' title='bbox 396 1351 513 1383; x_wconf 83' lang='lat' dir='ltr'>scilicet</span> <span class='ocrx_word' id='word_1_226' title='bbox 534 1353 574 1382; x_wconf 86' lang='lat' dir='ltr'>ad</span> <span class='ocrx_word' id='word_1_227' title='bbox 597 1351 680 1382; x_wconf 85' lang='lat' dir='ltr'>solas</span> <span class='ocrx_word' id='word_1_228' title='bbox 696 1351 916 1382; x_wconf 88' lang='lat' dir='ltr'>delectationes</span> <span class='ocrx_word' id='word_1_229' title='bbox 939 1362 1091 1382; x_wconf 87' lang='lat' dir='ltr'>sensuum</span> <span class='ocrx_word' id='word_1_230' title='bbox 1117 1352 1307 1392; x_wconf 80' lang='lat' dir='ltr'>inquantum</span> <span class='ocrx_word' id='word_1_231' title='bbox 1333 1353 1394 1383; x_wconf 90' lang='lat' dir='ltr'>uti-</span> 
     </span>
     <span class='ocr_line' id='line_1_38' title="bbox 337 1395 1394 1437; baseline -0.002 -10"><span class='ocrx_word' id='word_1_232' title='bbox 337 1397 392 1432; x_wconf 85' lang='lat' dir='ltr'>les,</span> <span class='ocrx_word' id='word_1_233' title='bbox 409 1405 491 1437; x_wconf 81' lang='lat' dir='ltr'>quae</span> <span class='ocrx_word' id='word_1_234' title='bbox 506 1395 703 1435; x_wconf 73' lang='lat' dir='ltr'>appellantur</span> <span class='ocrx_word' id='word_1_235' title='bbox 716 1395 750 1425; x_wconf 88' lang='lat' dir='ltr'>in</span> <span class='ocrx_word' id='word_1_236' title='bbox 765 1395 867 1425; x_wconf 84' lang='lat' dir='ltr'>littera</span> <span class='ocrx_word' id='word_1_237' title='bbox 885 1395 1106 1426; x_wconf 84' lang='lat' dir='ltr'>delectationes</span> <span class='ocrx_word' id='word_1_238' title='bbox 1121 1402 1231 1432; x_wconf 86' lang='lat' dir='ltr'>tactus,</span> <span class='ocrx_word' id='word_1_239' title='bbox 1249 1395 1394 1426; x_wconf 89' lang='lat' dir='ltr'>ordinen—</span> 
     </span>
     <span class='ocr_line' id='line_1_39' title="bbox 277 1438 1393 1478; baseline -0.002 -7"><span class='ocrx_word' id='word_1_240' title='bbox 277 1454 280 1455; x_wconf 45' lang='lat'><em>⁷</em></span> <span class='ocrx_word' id='word_1_241' title='bbox 337 1447 390 1471; x_wconf 80' lang='lat' dir='ltr'>tur</span> <span class='ocrx_word' id='word_1_242' title='bbox 398 1438 677 1478; x_wconf 66' lang='lat' dir='ltr'>&#39;concupiscentiae</span> <span class='ocrx_word' id='word_1_243' title='bbox 696 1438 861 1471; x_wconf 79' lang='lat' dir='ltr'>naturales.</span> <span class='ocrx_word' id='word_1_244' title='bbox 878 1439 920 1471; x_wconf 92' lang='lat' dir='ltr'>Et</span> <span class='ocrx_word' id='word_1_245' title='bbox 932 1439 1018 1470; x_wconf 87' lang='lat' dir='ltr'>hunc</span> <span class='ocrx_word' id='word_1_246' title='bbox 1037 1449 1165 1470; x_wconf 87' lang='lat' dir='ltr'>sensum</span> <span class='ocrx_word' id='word_1_247' title='bbox 1180 1440 1319 1469; x_wconf 76' lang='lat' dir='ltr'>insinuat</span> <span class='ocrx_word' id='word_1_248' title='bbox 1333 1440 1393 1469; x_wconf 90' lang='lat' dir='ltr'>dis-</span> 
     </span>
     <span class='ocr_line' id='line_1_40' title="bbox 337 1481 1395 1515; baseline 0 -2"><span class='ocrx_word' id='word_1_249' title='bbox 337 1482 447 1515; x_wconf 77' lang='lat' dir='ltr'>tinctio</span> <span class='ocrx_word' id='word_1_250' title='bbox 469 1481 583 1513; x_wconf 83' lang='lat' dir='ltr'>harum</span> <span class='ocrx_word' id='word_1_251' title='bbox 604 1482 848 1514; x_wconf 83' lang='lat' dir='ltr'>delectationum</span> <span class='ocrx_word' id='word_1_252' title='bbox 873 1489 981 1513; x_wconf 86' lang='lat' dir='ltr'>contra</span> <span class='ocrx_word' id='word_1_253' title='bbox 999 1483 1221 1514; x_wconf 81' lang='lat' dir='ltr'>delectationes</span> <span class='ocrx_word' id='word_1_254' title='bbox 1242 1493 1395 1514; x_wconf 84' lang='lat' dir='ltr'>sensuum</span> 
     </span>
     <span class='ocr_line' id='line_1_41' title="bbox 337 1525 1394 1567; baseline 0.002 -11"><span class='ocrx_word' id='word_1_255' title='bbox 337 1525 529 1567; x_wconf 76' lang='lat' dir='ltr'>inquantum</span> <span class='ocrx_word' id='word_1_256' title='bbox 544 1525 662 1557; x_wconf 85' lang='lat' dir='ltr'>faciunt</span> <span class='ocrx_word' id='word_1_257' title='bbox 678 1535 876 1565; x_wconf 85' lang='lat' dir='ltr'>cognoscere,</span> <span class='ocrx_word' id='word_1_258' title='bbox 892 1536 966 1557; x_wconf 86' lang='lat' dir='ltr'>cum</span> <span class='ocrx_word' id='word_1_259' title='bbox 979 1525 1050 1557; x_wconf 83' lang='lat' dir='ltr'>illae</span> <span class='ocrx_word' id='word_1_260' title='bbox 1066 1526 1128 1557; x_wconf 88' lang='lat' dir='ltr'>sint</span> <span class='ocrx_word' id='word_1_261' title='bbox 1142 1527 1306 1563; x_wconf 81' lang='lat' dir='ltr'>naturales,</span> <span class='ocrx_word' id='word_1_262' title='bbox 1318 1526 1394 1559; x_wconf 84' lang='lat' dir='ltr'>istae</span> 
     </span>
     <span class='ocr_line' id='line_1_42' title="bbox 338 1569 1395 1610; baseline 0 -10"><span class='ocrx_word' id='word_1_263' title='bbox 338 1578 420 1606; x_wconf 85' lang='lat' dir='ltr'>non,</span> <span class='ocrx_word' id='word_1_264' title='bbox 445 1576 476 1600; x_wconf 88' lang='lat' dir='ltr'>et</span> <span class='ocrx_word' id='word_1_265' title='bbox 497 1569 568 1600; x_wconf 90' lang='lat' dir='ltr'>ideo</span> <span class='ocrx_word' id='word_1_266' title='bbox 583 1569 654 1600; x_wconf 80' lang='lat' dir='ltr'>illae</span> <span class='ocrx_word' id='word_1_267' title='bbox 677 1569 827 1610; x_wconf 84' lang='lat' dir='ltr'>potiores.</span> <span class='ocrx_word' id='word_1_268' title='bbox 844 1587 863 1591; x_wconf 98' lang='lat'><em>-</em></span> <span class='ocrx_word' id='word_1_269' title='bbox 879 1569 940 1600; x_wconf 89' lang='lat' dir='ltr'>Sed</span> <span class='ocrx_word' id='word_1_270' title='bbox 959 1577 1068 1600; x_wconf 86' lang='lat' dir='ltr'>contra</span> <span class='ocrx_word' id='word_1_271' title='bbox 1090 1570 1175 1601; x_wconf 92' lang='lat' dir='ltr'>hunc</span> <span class='ocrx_word' id='word_1_272' title='bbox 1196 1580 1326 1600; x_wconf 90' lang='lat' dir='ltr'>sensum</span> <span class='ocrx_word' id='word_1_273' title='bbox 1342 1580 1395 1600; x_wconf 88' lang='lat' dir='ltr'>oc-</span> 
     </span>
     <span class='ocr_line' id='line_1_43' title="bbox 337 1612 1392 1654; baseline 0 -10"><span class='ocrx_word' id='word_1_274' title='bbox 337 1612 435 1645; x_wconf 83' lang='lat' dir='ltr'>currit</span> <span class='ocrx_word' id='word_1_275' title='bbox 445 1613 613 1648; x_wconf 75' lang='lat' dir='ltr'>auctoritas</span> <span class='ocrx_word' id='word_1_276' title='bbox 624 1613 801 1644; x_wconf 85' lang='lat' dir='ltr'>Aristotelis</span> <span class='ocrx_word' id='word_1_277' title='bbox 817 1613 848 1644; x_wconf 88' lang='lat' dir='ltr'>in</span> <span class='ocrx_word' id='word_1_278' title='bbox 865 1614 1060 1651; x_wconf 79' lang='lat' dir='ltr'>thetoric.‚</span> <span class='ocrx_word' id='word_1_279' title='bbox 1079 1623 1146 1654; x_wconf 84' lang='lat' dir='ltr'>cap.</span> <span class='ocrx_word' id='word_1_280' title='bbox 1160 1624 1214 1644; x_wconf 88' lang='lat' dir='ltr'>xm</span> <span class='ocrx_word' id='word_1_281' title='bbox 1225 1613 1252 1650; x_wconf 75' lang='lat'>*,</span> <span class='ocrx_word' id='word_1_282' title='bbox 1271 1623 1392 1654; x_wconf 89' lang='lat' dir='ltr'>ponens</span> 
     </span>
     <span class='ocr_line' id='line_1_44' title="bbox 337 1655 1395 1698; baseline 0 -10"><span class='ocrx_word' id='word_1_283' title='bbox 337 1657 608 1697; x_wconf 79' lang='lat' dir='ltr'>concupiscentias</span> <span class='ocrx_word' id='word_1_284' title='bbox 623 1663 654 1688; x_wconf 89' lang='lat' dir='ltr'>et</span> <span class='ocrx_word' id='word_1_285' title='bbox 672 1655 893 1688; x_wconf 76' lang='lat' dir='ltr'>delectationes</span> <span class='ocrx_word' id='word_1_286' title='bbox 912 1658 1068 1688; x_wconf 80' lang='lat' dir='ltr'>naturales</span> <span class='ocrx_word' id='word_1_287' title='bbox 1081 1668 1300 1698; x_wconf 85' lang='lat' dir='ltr'>quaecumque</span> <span class='ocrx_word' id='word_1_288' title='bbox 1319 1663 1395 1688; x_wconf 84' lang='lat' dir='ltr'>sunt</span> 
     </span>
     <span class='ocr_line' id='line_1_45' title="bbox 338 1702 1395 1743; baseline -0.001 -10"><span class='ocrx_word' id='word_1_289' title='bbox 338 1711 401 1736; x_wconf 84' lang='lat' dir='ltr'>non</span> <span class='ocrx_word' id='word_1_290' title='bbox 410 1711 476 1743; x_wconf 80' lang='lat' dir='ltr'>per</span> <span class='ocrx_word' id='word_1_291' title='bbox 489 1703 659 1733; x_wconf 83' lang='lat' dir='ltr'>aestimare</span> <span class='ocrx_word' id='word_1_292' title='bbox 677 1702 800 1742; x_wconf 82' lang='lat' dir='ltr'>aliquid</span> <span class='ocrx_word' id='word_1_293' title='bbox 807 1709 821 1739; x_wconf 90' lang='lat'>,·</span> <span class='ocrx_word' id='word_1_294' title='bbox 839 1709 869 1733; x_wconf 88' lang='lat' dir='ltr'>et</span> <span class='ocrx_word' id='word_1_295' title='bbox 883 1702 989 1733; x_wconf 82' lang='lat' dir='ltr'>subdit</span> <span class='ocrx_word' id='word_1_296' title='bbox 1007 1703 1095 1743; x_wconf 89' lang='lat' dir='ltr'>quod</span> <span class='ocrx_word' id='word_1_297' title='bbox 1115 1703 1196 1733; x_wconf 82' lang='lat' dir='ltr'>tales</span> <span class='ocrx_word' id='word_1_298' title='bbox 1213 1707 1289 1732; x_wconf 84' lang='lat' dir='ltr'>sunt</span> <span class='ocrx_word' id='word_1_299' title='bbox 1302 1711 1395 1742; x_wconf 84' lang='lat' dir='ltr'>quae-</span> 
     </span>
     <span class='ocr_line' id='line_1_46' title="bbox 337 1746 1394 1787; baseline -0.002 -10"><span class='ocrx_word' id='word_1_300' title='bbox 337 1755 471 1787; x_wconf 74' lang='lat' dir='ltr'>cumque</span> <span class='ocrx_word' id='word_1_301' title='bbox 497 1746 650 1777; x_wconf 84' lang='lat' dir='ltr'>dicuntur</span> <span class='ocrx_word' id='word_1_302' title='bbox 676 1755 745 1776; x_wconf 82' lang='lat' dir='ltr'>esse</span> <span class='ocrx_word' id='word_1_303' title='bbox 775 1751 914 1785; x_wconf 88' lang='lat' dir='ltr'>natura;</span> <span class='ocrx_word' id='word_1_304' title='bbox 935 1752 967 1776; x_wconf 88' lang='lat' dir='ltr'>et</span> <span class='ocrx_word' id='word_1_305' title='bbox 994 1746 1155 1786; x_wconf 88' lang='lat' dir='ltr'>subiungit</span> <span class='ocrx_word' id='word_1_306' title='bbox 1184 1746 1223 1777; x_wconf 92' lang='lat' dir='ltr'>de</span> <span class='ocrx_word' id='word_1_307' title='bbox 1253 1746 1394 1777; x_wconf 82' lang='lat' dir='ltr'>sensibus</span> 
     </span>
     <span class='ocr_line' id='line_1_47' title="bbox 312 1787 1394 1831; baseline 0.001 -12"><span class='ocrx_word' id='word_1_308' title='bbox 312 1816 314 1818; x_wconf 88' lang='lat'>.</span> <span class='ocrx_word' id='word_1_309' title='bbox 337 1787 496 1820; x_wconf 83' lang='lat' dir='ltr'>omnibus.</span> <span class='ocrx_word' id='word_1_310' title='bbox 520 1789 562 1820; x_wconf 91' lang='lat' dir='ltr'>Et</span> <span class='ocrx_word' id='word_1_311' title='bbox 589 1788 793 1821; x_wconf 84' lang='lat' dir='ltr'>confirmatur</span> <span class='ocrx_word' id='word_1_312' title='bbox 820 1789 955 1821; x_wconf 81' lang='lat' dir='ltr'>ratione:</span> <span class='ocrx_word' id='word_1_313' title='bbox 980 1789 1066 1831; x_wconf 85' lang='lat' dir='ltr'>quia·</span> <span class='ocrx_word' id='word_1_314' title='bbox 1081 1789 1212 1829; x_wconf 86' lang='lat' dir='ltr'>pulchra</span> <span class='ocrx_word' id='word_1_315' title='bbox 1241 1790 1394 1821; x_wconf 85' lang='lat' dir='ltr'>delectant</span> 
     </span>
     <span class='ocr_line' id='line_1_48' title="bbox 335 1833 1391 1871; baseline 0 -8"><span class='ocrx_word' id='word_1_316' title='bbox 335 1833 450 1871; x_wconf 78' lang='lat' dir='ltr'>visum,</span> <span class='ocrx_word' id='word_1_317' title='bbox 472 1840 503 1863; x_wconf 89' lang='lat' dir='ltr'>et</span> <span class='ocrx_word' id='word_1_318' title='bbox 525 1833 666 1864; x_wconf 89' lang='lat' dir='ltr'>similiter</span> <span class='ocrx_word' id='word_1_319' title='bbox 688 1843 798 1863; x_wconf 85' lang='lat' dir='ltr'>suaves</span> <span class='ocrx_word' id='word_1_320' title='bbox 823 1840 932 1864; x_wconf 90' lang='lat' dir='ltr'>cantus</span> <span class='ocrx_word' id='word_1_321' title='bbox 956 1833 1117 1870; x_wconf 87' lang='lat' dir='ltr'>auditum,</span> <span class='ocrx_word' id='word_1_322' title='bbox 1141 1840 1171 1864; x_wconf 93' lang='lat' dir='ltr'>et</span> <span class='ocrx_word' id='word_1_323' title='bbox 1194 1833 1288 1864; x_wconf 87' lang='lat' dir='ltr'>etiarn</span> <span class='ocrx_word' id='word_1_324' title='bbox 1312 1833 1391 1869; x_wconf 87' lang='lat' dir='ltr'>soni,</span> 
     </span>
     <span class='ocr_line' id='line_1_49' title="bbox 335 1876 1392 1918; baseline 0 -11"><span class='ocrx_word' id='word_1_325' title='bbox 335 1877 455 1918; x_wconf 76' lang='lat' dir='ltr'>absque</span> <span class='ocrx_word' id='word_1_326' title='bbox 478 1876 567 1907; x_wconf 86' lang='lat' dir='ltr'>omni</span> <span class='ocrx_word' id='word_1_327' title='bbox 589 1877 733 1913; x_wconf 84' lang='lat' dir='ltr'>utilitate,</span> <span class='ocrx_word' id='word_1_328' title='bbox 750 1883 781 1907; x_wconf 90' lang='lat' dir='ltr'>et</span> <span class='ocrx_word' id='word_1_329' title='bbox 803 1878 921 1918; x_wconf 83' lang='lat' dir='ltr'>absque</span> <span class='ocrx_word' id='word_1_330' title='bbox 945 1877 1189 1914; x_wconf 81' lang='lat' dir='ltr'>existimatione,</span> <span class='ocrx_word' id='word_1_331' title='bbox 1213 1877 1280 1908; x_wconf 88' lang='lat' dir='ltr'>sola</span> <span class='ocrx_word' id='word_1_332' title='bbox 1303 1884 1392 1908; x_wconf 87' lang='lat' dir='ltr'>natu-</span> 
     </span>
     <span class='ocr_line' id='line_1_50' title="bbox 335 1920 1071 1968; baseline 0 -17"><span class='ocrx_word' id='word_1_333' title='bbox 335 1920 392 1951; x_wconf 72' lang='lat' dir='ltr'>rati</span> <span class='ocrx_word' id='word_1_334' title='bbox 412 1920 644 1968; x_wconf 78' lang='lat' dir='ltr'>convenientia3</span> <span class='ocrx_word' id='word_1_335' title='bbox 664 1927 700 1951; x_wconf 89' lang='lat' dir='ltr'>ut</span> <span class='ocrx_word' id='word_1_336' title='bbox 722 1921 911 1961; x_wconf 80' lang='lat' dir='ltr'>experientia</span> <span class='ocrx_word' id='word_1_337' title='bbox 933 1927 1071 1952; x_wconf 83' lang='lat' dir='ltr'>testatur.</span> 
     </span>
    </p>
   </div>
   <div class='ocr_carea' id='block_1_11' title="bbox 120 1617 311 1646">
    <p class='ocr_par' dir='ltr' id='par_1_13' title="bbox 120 1617 311 1646">
     <span class='ocr_line' id='line_1_51' title="bbox 120 1617 311 1646; baseline -0.005 -6"><span class='ocrx_word' id='word_1_338' title='bbox 120 1617 174 1640; x_wconf 75' lang='lat' dir='ltr'>md.</span> <span class='ocrx_word' id='word_1_339' title='bbox 185 1622 235 1646; x_wconf 71' lang='lat' dir='ltr'>etp.</span> <span class='ocrx_word' id='word_1_340' title='bbox 244 1623 277 1644; x_wconf 77' lang='grc' dir='ltr'>ιι,</span> <span class='ocrx_word' id='word_1_341' title='bbox 286 1623 311 1639; x_wconf 85' lang='lat' dir='ltr'>n.</span> 
     </span>
    </p>
   </div>
   <div class='ocr_carea' id='block_1_12' title="bbox 1446 1221 2504 1960">
    <p class='ocr_par' dir='ltr' id='par_1_14' title="bbox 1447 1221 2502 1523">
     <span class='ocr_line' id='line_1_52' title="bbox 1501 1221 2498 1272; baseline -0.001 -19"><span class='ocrx_word' id='word_1_342' title='bbox 1501 1222 1647 1253; x_wconf 87' lang='lat' dir='ltr'>Secundo</span> <span class='ocrx_word' id='word_1_343' title='bbox 1670 1222 1765 1272; x_wconf 78' lang='lat' dir='ltr'>igitur</span> <span class='ocrx_word' id='word_1_344' title='bbox 1779 1228 1914 1262; x_wconf 84' lang='lat' dir='ltr'>possunt</span> <span class='ocrx_word' id='word_1_345' title='bbox 1928 1221 2059 1261; x_wconf 86' lang='lat' dir='ltr'>intelligi</span> <span class='ocrx_word' id='word_1_346' title='bbox 2076 1221 2250 1253; x_wconf 86' lang='lat' dir='ltr'>secundum</span> <span class='ocrx_word' id='word_1_347' title='bbox 2269 1221 2498 1253; x_wconf 83' lang='lat' dir='ltr'>excellentiam:</span> 
     </span>
     <span class='ocr_line' id='line_1_53' title="bbox 1447 1265 2500 1308; baseline -0.002 -11"><span class='ocrx_word' id='word_1_348' title='bbox 1447 1272 1482 1297; x_wconf 91' lang='lat' dir='ltr'>ut</span> <span class='ocrx_word' id='word_1_349' title='bbox 1505 1266 1620 1297; x_wconf 84' lang='lat' dir='ltr'>scilicet</span> <span class='ocrx_word' id='word_1_350' title='bbox 1642 1266 1681 1296; x_wconf 87' lang='lat' dir='ltr'>ad</span> <span class='ocrx_word' id='word_1_351' title='bbox 1695 1266 1812 1308; x_wconf 83' lang='lat' dir='ltr'>primas</span> <span class='ocrx_word' id='word_1_352' title='bbox 1836 1265 2057 1298; x_wconf 84' lang='lat' dir='ltr'>delectationes</span> <span class='ocrx_word' id='word_1_353' title='bbox 2073 1265 2207 1296; x_wconf 83' lang='lat' dir='ltr'>maxime</span> <span class='ocrx_word' id='word_1_354' title='bbox 2228 1265 2411 1296; x_wconf 88' lang='lat' dir='ltr'>ordinentur</span> <span class='ocrx_word' id='word_1_355' title='bbox 2425 1275 2500 1296; x_wconf 85' lang='lat' dir='ltr'>con-</span> 
     </span>
     <span class='ocr_line' id='line_1_54' title="bbox 1448 1309 2501 1351; baseline -0.001 -11"><span class='ocrx_word' id='word_1_356' title='bbox 1448 1309 1655 1351; x_wconf 90' lang='lat' dir='ltr'>cupiscentiae</span> <span class='ocrx_word' id='word_1_357' title='bbox 1679 1309 1843 1340; x_wconf 86' lang='lat' dir='ltr'>naturales.</span> <span class='ocrx_word' id='word_1_358' title='bbox 1865 1309 1907 1339; x_wconf 91' lang='lat' dir='ltr'>Et</span> <span class='ocrx_word' id='word_1_359' title='bbox 1929 1319 1966 1342; x_wconf 82' lang='lat' dir='ltr'>ex</span> <span class='ocrx_word' id='word_1_360' title='bbox 1987 1309 2049 1339; x_wconf 88' lang='lat' dir='ltr'>hoc</span> <span class='ocrx_word' id='word_1_361' title='bbox 2076 1309 2169 1339; x_wconf 85' lang='lat' dir='ltr'>habet</span> <span class='ocrx_word' id='word_1_362' title='bbox 2195 1309 2352 1339; x_wconf 89' lang='lat' dir='ltr'>intentum</span> <span class='ocrx_word' id='word_1_363' title='bbox 2381 1311 2501 1339; x_wconf 90' lang='lat' dir='ltr'>Auctor</span> 
     </span>
     <span class='ocr_line' id='line_1_55' title="bbox 1447 1350 2501 1394; baseline 0 -12"><span class='ocrx_word' id='word_1_364' title='bbox 1447 1363 1484 1382; x_wconf 85' lang='lat' dir='ltr'>ex</span> <span class='ocrx_word' id='word_1_365' title='bbox 1507 1353 1720 1383; x_wconf 86' lang='lat' dir='ltr'>naturalitate:</span> <span class='ocrx_word' id='word_1_366' title='bbox 1742 1350 1816 1394; x_wconf 88' lang='lat' dir='ltr'>quia</span> <span class='ocrx_word' id='word_1_367' title='bbox 1839 1363 1876 1383; x_wconf 83' lang='lat' dir='ltr'>ex</span> <span class='ocrx_word' id='word_1_368' title='bbox 1898 1353 1959 1383; x_wconf 93' lang='lat' dir='ltr'>hoc</span> <span class='ocrx_word' id='word_1_369' title='bbox 1982 1353 2070 1393; x_wconf 91' lang='lat' dir='ltr'>quod</span> <span class='ocrx_word' id='word_1_370' title='bbox 2093 1353 2232 1383; x_wconf 85' lang='lat' dir='ltr'>naturale</span> <span class='ocrx_word' id='word_1_371' title='bbox 2255 1358 2302 1383; x_wconf 88' lang='lat' dir='ltr'>est</span> <span class='ocrx_word' id='word_1_372' title='bbox 2323 1353 2501 1392; x_wconf 90' lang='lat' dir='ltr'>potentissi-</span> 
     </span>
     <span class='ocr_line' id='line_1_56' title="bbox 1447 1396 2502 1437; baseline 0 -11"><span class='ocrx_word' id='word_1_373' title='bbox 1447 1405 1538 1426; x_wconf 89' lang='lat' dir='ltr'>mum</span> <span class='ocrx_word' id='word_1_374' title='bbox 1556 1397 1589 1426; x_wconf 91' lang='lat' dir='ltr'>in</span> <span class='ocrx_word' id='word_1_375' title='bbox 1612 1406 1819 1437; x_wconf 85' lang='lat' dir='ltr'>unoquoque,</span> <span class='ocrx_word' id='word_1_376' title='bbox 1836 1397 1935 1436; x_wconf 87' lang='lat' dir='ltr'>magis</span> <span class='ocrx_word' id='word_1_377' title='bbox 1954 1396 2094 1427; x_wconf 85' lang='lat' dir='ltr'>naturale</span> <span class='ocrx_word' id='word_1_378' title='bbox 2115 1402 2163 1426; x_wconf 87' lang='lat' dir='ltr'>est</span> <span class='ocrx_word' id='word_1_379' title='bbox 2184 1396 2363 1436; x_wconf 85' lang='lat' dir='ltr'>potentius;</span> <span class='ocrx_word' id='word_1_380' title='bbox 2387 1406 2423 1427; x_wconf 85' lang='lat' dir='ltr'>ac</span> <span class='ocrx_word' id='word_1_381' title='bbox 2446 1405 2502 1436; x_wconf 90' lang='lat' dir='ltr'>per</span> 
     </span>
     <span class='ocr_line' id='line_1_57' title="bbox 1448 1439 2500 1480; baseline 0.002 -11"><span class='ocrx_word' id='word_1_382' title='bbox 1448 1439 1518 1475; x_wconf 88' lang='lat' dir='ltr'>hoc,</span> <span class='ocrx_word' id='word_1_383' title='bbox 1541 1440 1761 1471; x_wconf 84' lang='lat' dir='ltr'>delectationes</span> <span class='ocrx_word' id='word_1_384' title='bbox 1784 1441 1854 1472; x_wconf 82' lang='lat' dir='ltr'>illae</span> <span class='ocrx_word' id='word_1_385' title='bbox 1874 1441 1914 1471; x_wconf 87' lang='lat' dir='ltr'>ad</span> <span class='ocrx_word' id='word_1_386' title='bbox 1933 1451 2011 1480; x_wconf 87' lang='lat' dir='ltr'>quas</span> <span class='ocrx_word' id='word_1_387' title='bbox 2031 1440 2197 1480; x_wconf 86' lang='lat' dir='ltr'>praecipue</span> <span class='ocrx_word' id='word_1_388' title='bbox 2220 1440 2404 1471; x_wconf 83' lang='lat' dir='ltr'>ordinantur</span> <span class='ocrx_word' id='word_1_389' title='bbox 2427 1449 2500 1471; x_wconf 82' lang='lat' dir='ltr'>con-</span> 
     </span>
     <span class='ocr_line' id='line_1_58' title="bbox 1447 1483 2102 1523; baseline 0.003 -10"><span class='ocrx_word' id='word_1_390' title='bbox 1447 1483 1656 1523; x_wconf 84' lang='lat' dir='ltr'>cupiscentiae</span> <span class='ocrx_word' id='word_1_391' title='bbox 1678 1485 1844 1520; x_wconf 80' lang='lat' dir='ltr'>naturales,</span> <span class='ocrx_word' id='word_1_392' title='bbox 1862 1490 1935 1514; x_wconf 90' lang='lat' dir='ltr'>sunt</span> <span class='ocrx_word' id='word_1_393' title='bbox 1958 1484 2102 1515; x_wconf 87' lang='lat' dir='ltr'>maiores.</span> 
     </span>
    </p>

    <p class='ocr_par' dir='ltr' id='par_1_15' title="bbox 1446 1527 2504 1960">
     <span class='ocr_line' id='line_1_59' title="bbox 1501 1527 2499 1568; baseline 0.004 -12"><span class='ocrx_word' id='word_1_394' title='bbox 1501 1527 1608 1557; x_wconf 90' lang='lat' dir='ltr'>Potest</span> <span class='ocrx_word' id='word_1_395' title='bbox 1631 1527 1725 1557; x_wconf 89' lang='lat' dir='ltr'>etiam</span> <span class='ocrx_word' id='word_1_396' title='bbox 1743 1528 1834 1558; x_wconf 90' lang='lat' dir='ltr'>tertio</span> <span class='ocrx_word' id='word_1_397' title='bbox 1859 1527 1920 1559; x_wconf 86' lang='lat' dir='ltr'>dici</span> <span class='ocrx_word' id='word_1_398' title='bbox 1939 1528 2036 1568; x_wconf 75' lang='lat' dir='ltr'>quod,</span> <span class='ocrx_word' id='word_1_399' title='bbox 2051 1527 2124 1558; x_wconf 90' lang='lat' dir='ltr'>licet</span> <span class='ocrx_word' id='word_1_400' title='bbox 2139 1528 2249 1559; x_wconf 83' lang='lat' dir='ltr'>ambae</span> <span class='ocrx_word' id='word_1_401' title='bbox 2269 1527 2499 1563; x_wconf 83' lang='lat' dir='ltr'>delectationes,</span> 
     </span>
     <span class='ocr_line' id='line_1_60' title="bbox 1448 1570 2502 1610; baseline 0 -10"><span class='ocrx_word' id='word_1_402' title='bbox 1448 1570 1564 1600; x_wconf 88' lang='lat' dir='ltr'>scilicet</span> <span class='ocrx_word' id='word_1_403' title='bbox 1593 1577 1692 1600; x_wconf 86' lang='lat' dir='ltr'>tactus</span> <span class='ocrx_word' id='word_1_404' title='bbox 1716 1578 1746 1600; x_wconf 92' lang='lat' dir='ltr'>et</span> <span class='ocrx_word' id='word_1_405' title='bbox 1772 1571 1870 1606; x_wconf 88' lang='lat' dir='ltr'>visus,</span> <span class='ocrx_word' id='word_1_406' title='bbox 1894 1570 1956 1600; x_wconf 90' lang='lat' dir='ltr'>sint</span> <span class='ocrx_word' id='word_1_407' title='bbox 1985 1571 2160 1601; x_wconf 89' lang='lat' dir='ltr'>secundum</span> <span class='ocrx_word' id='word_1_408' title='bbox 2183 1581 2215 1601; x_wconf 90' lang='lat' dir='ltr'>se</span> <span class='ocrx_word' id='word_1_409' title='bbox 2239 1571 2403 1610; x_wconf 77' lang='lat' dir='ltr'>naturales,</span> <span class='ocrx_word' id='word_1_410' title='bbox 2427 1581 2502 1601; x_wconf 89' lang='lat' dir='ltr'>cum</span> 
     </span>
     <span class='ocr_line' id='line_1_61' title="bbox 1447 1614 2500 1654; baseline 0.002 -11"><span class='ocrx_word' id='word_1_411' title='bbox 1447 1614 1512 1644; x_wconf 90' lang='lat' dir='ltr'>suis</span> <span class='ocrx_word' id='word_1_412' title='bbox 1527 1614 1804 1654; x_wconf 90' lang='lat' dir='ltr'>concupiscentiis;</span> <span class='ocrx_word' id='word_1_413' title='bbox 1825 1621 2022 1654; x_wconf 81' lang='lat' dir='ltr'>comparatae</span> <span class='ocrx_word' id='word_1_414' title='bbox 2032 1621 2137 1644; x_wconf 88' lang='lat' dir='ltr'>tamen</span> <span class='ocrx_word' id='word_1_415' title='bbox 2151 1615 2191 1644; x_wconf 91' lang='lat' dir='ltr'>ad</span> <span class='ocrx_word' id='word_1_416' title='bbox 2205 1614 2349 1650; x_wconf 89' lang='lat' dir='ltr'>invicem,</span> <span class='ocrx_word' id='word_1_417' title='bbox 2367 1615 2500 1645; x_wconf 81' lang='lat' dir='ltr'>delecta-</span> 
     </span>
     <span class='ocr_line' id='line_1_62' title="bbox 1446 1657 2502 1694; baseline 0.001 -7"><span class='ocrx_word' id='word_1_418' title='bbox 1446 1657 1493 1688; x_wconf 89' lang='lat' dir='ltr'>tio</span> <span class='ocrx_word' id='word_1_419' title='bbox 1515 1657 1600 1687; x_wconf 87' lang='lat' dir='ltr'>visus</span> <span class='ocrx_word' id='word_1_420' title='bbox 1624 1657 1718 1687; x_wconf 85' lang='lat' dir='ltr'>habet</span> <span class='ocrx_word' id='word_1_421' title='bbox 1739 1658 1892 1688; x_wconf 87' lang='lat' dir='ltr'>rationem</span> <span class='ocrx_word' id='word_1_422' title='bbox 1917 1657 2069 1693; x_wconf 86' lang='lat' dir='ltr'>animalis,</span> <span class='ocrx_word' id='word_1_423' title='bbox 2086 1664 2116 1688; x_wconf 89' lang='lat' dir='ltr'>et</span> <span class='ocrx_word' id='word_1_424' title='bbox 2135 1658 2297 1688; x_wconf 88' lang='lat' dir='ltr'>delectatio</span> <span class='ocrx_word' id='word_1_425' title='bbox 2321 1664 2430 1694; x_wconf 85' lang='lat' dir='ltr'>tactus,</span> <span class='ocrx_word' id='word_1_426' title='bbox 2447 1668 2502 1688; x_wconf 85' lang='lat' dir='ltr'>na-</span> 
     </span>
     <span class='ocr_line' id='line_1_63' title="bbox 1447 1701 2502 1741; baseline 0.002 -9"><span class='ocrx_word' id='word_1_427' title='bbox 1447 1701 1571 1732; x_wconf 80' lang='lat' dir='ltr'>turalis:</span> <span class='ocrx_word' id='word_1_428' title='bbox 1592 1701 1666 1741; x_wconf 86' lang='lat' dir='ltr'>quia</span> <span class='ocrx_word' id='word_1_429' title='bbox 1681 1708 1781 1732; x_wconf 85' lang='lat' dir='ltr'>tactus</span> <span class='ocrx_word' id='word_1_430' title='bbox 1805 1702 2049 1732; x_wconf 84' lang='lat' dir='ltr'>fundamentum</span> <span class='ocrx_word' id='word_1_431' title='bbox 2068 1708 2114 1733; x_wconf 90' lang='lat' dir='ltr'>est</span> <span class='ocrx_word' id='word_1_432' title='bbox 2137 1708 2167 1733; x_wconf 88' lang='lat' dir='ltr'>et</span> <span class='ocrx_word' id='word_1_433' title='bbox 2181 1701 2390 1732; x_wconf 82' lang='lat' dir='ltr'>necessarium</span> <span class='ocrx_word' id='word_1_434' title='bbox 2413 1708 2502 1734; x_wconf 87' lang='lat' dir='ltr'>natu-</span> 
     </span>
     <span class='ocr_line' id='line_1_64' title="bbox 1448 1745 2504 1786; baseline 0.001 -12"><span class='ocrx_word' id='word_1_435' title='bbox 1448 1754 1508 1781; x_wconf 87' lang='lat' dir='ltr'>rae,</span> <span class='ocrx_word' id='word_1_436' title='bbox 1524 1745 1609 1774; x_wconf 89' lang='lat' dir='ltr'>visus</span> <span class='ocrx_word' id='word_1_437' title='bbox 1633 1752 1739 1775; x_wconf 89' lang='lat' dir='ltr'>autem</span> <span class='ocrx_word' id='word_1_438' title='bbox 1767 1745 1806 1775; x_wconf 88' lang='lat' dir='ltr'>ad</span> <span class='ocrx_word' id='word_1_439' title='bbox 1829 1746 1908 1775; x_wconf 90' lang='lat' dir='ltr'>bene</span> <span class='ocrx_word' id='word_1_440' title='bbox 1937 1755 2002 1774; x_wconf 90' lang='lat' dir='ltr'>esse</span> <span class='ocrx_word' id='word_1_441' title='bbox 2029 1745 2184 1784; x_wconf 90' lang='lat' dir='ltr'>posterius</span> <span class='ocrx_word' id='word_1_442' title='bbox 2208 1745 2341 1775; x_wconf 83' lang='lat' dir='ltr'>advenit.</span> <span class='ocrx_word' id='word_1_443' title='bbox 2366 1745 2407 1775; x_wconf 90' lang='lat' dir='ltr'>Et</span> <span class='ocrx_word' id='word_1_444' title='bbox 2429 1745 2504 1786; x_wconf 82' lang='lat' dir='ltr'>quia</span> 
     </span>
     <span class='ocr_line' id='line_1_65' title="bbox 1446 1788 2501 1829; baseline -0.003 -8"><span class='ocrx_word' id='word_1_445' title='bbox 1446 1789 1547 1821; x_wconf 84' lang='lat' dir='ltr'>littera</span> <span class='ocrx_word' id='word_1_446' title='bbox 1571 1789 1773 1829; x_wconf 88' lang='lat' dir='ltr'>comparabat</span> <span class='ocrx_word' id='word_1_447' title='bbox 1789 1788 2027 1821; x_wconf 79' lang='lat' dir='ltr'>delectationem</span> <span class='ocrx_word' id='word_1_448' title='bbox 2049 1789 2166 1819; x_wconf 88' lang='lat' dir='ltr'>horum</span> <span class='ocrx_word' id='word_1_449' title='bbox 2182 1789 2321 1821; x_wconf 88' lang='lat' dir='ltr'>duorum</span> <span class='ocrx_word' id='word_1_450' title='bbox 2336 1798 2501 1824; x_wconf 87' lang='lat' dir='ltr'>sensuum,</span> 
     </span>
     <span class='ocr_line' id='line_1_66' title="bbox 1447 1832 2504 1873; baseline 0.001 -11"><span class='ocrx_word' id='word_1_451' title='bbox 1447 1832 1520 1863; x_wconf 92' lang='lat' dir='ltr'>ideo</span> <span class='ocrx_word' id='word_1_452' title='bbox 1542 1832 1639 1868; x_wconf 89' lang='lat' dir='ltr'>illam,</span> <span class='ocrx_word' id='word_1_453' title='bbox 1657 1842 1739 1873; x_wconf 89' lang='lat' dir='ltr'>quae</span> <span class='ocrx_word' id='word_1_454' title='bbox 1762 1839 1862 1863; x_wconf 86' lang='lat' dir='ltr'>tactus</span> <span class='ocrx_word' id='word_1_455' title='bbox 1879 1839 1934 1868; x_wconf 88' lang='lat' dir='ltr'>est,</span> <span class='ocrx_word' id='word_1_456' title='bbox 1955 1832 2093 1863; x_wconf 83' lang='lat' dir='ltr'>distinxit</span> <span class='ocrx_word' id='word_1_457' title='bbox 2109 1838 2217 1863; x_wconf 88' lang='lat' dir='ltr'>contra</span> <span class='ocrx_word' id='word_1_458' title='bbox 2241 1832 2342 1868; x_wconf 78' lang='lat' dir='ltr'>istam,</span> <span class='ocrx_word' id='word_1_459' title='bbox 2359 1839 2394 1862; x_wconf 88' lang='lat' dir='ltr'>ut</span> <span class='ocrx_word' id='word_1_460' title='bbox 2416 1839 2504 1863; x_wconf 91' lang='lat' dir='ltr'>natu-</span> 
     </span>
     <span class='ocr_line' id='line_1_67' title="bbox 1446 1876 2503 1916; baseline 0 -10"><span class='ocrx_word' id='word_1_461' title='bbox 1446 1876 1545 1906; x_wconf 89' lang='lat' dir='ltr'>ralem</span> <span class='ocrx_word' id='word_1_462' title='bbox 1561 1883 1670 1907; x_wconf 90' lang='lat' dir='ltr'>contra</span> <span class='ocrx_word' id='word_1_463' title='bbox 1690 1876 1868 1907; x_wconf 83' lang='lat' dir='ltr'>animalem.</span> <span class='ocrx_word' id='word_1_464' title='bbox 1888 1877 1929 1906; x_wconf 91' lang='lat' dir='ltr'>Et</span> <span class='ocrx_word' id='word_1_465' title='bbox 1946 1876 2020 1906; x_wconf 91' lang='lat' dir='ltr'>huic</span> <span class='ocrx_word' id='word_1_466' title='bbox 2043 1876 2147 1906; x_wconf 90' lang='lat' dir='ltr'>sensui</span> <span class='ocrx_word' id='word_1_467' title='bbox 2164 1876 2269 1907; x_wconf 87' lang='lat' dir='ltr'>favent</span> <span class='ocrx_word' id='word_1_468' title='bbox 2292 1876 2503 1916; x_wconf 85' lang='lat' dir='ltr'>comparativa</span> 
     </span>
     <span class='ocr_line' id='line_1_68' title="bbox 1448 1920 2414 1960; baseline 0 -10"><span class='ocrx_word' id='word_1_469' title='bbox 1448 1920 1592 1950; x_wconf 89' lang='lat' dir='ltr'>adverbia</span> <span class='ocrx_word' id='word_1_470' title='bbox 1614 1920 1647 1950; x_wconf 88' lang='lat' dir='ltr'>in</span> <span class='ocrx_word' id='word_1_471' title='bbox 1670 1920 1877 1960; x_wconf 86' lang='lat' dir='ltr'>responsione</span> <span class='ocrx_word' id='word_1_472' title='bbox 1900 1920 1939 1950; x_wconf 87' lang='lat' dir='ltr'>ad</span> <span class='ocrx_word' id='word_1_473' title='bbox 1963 1920 2103 1960; x_wconf 88' lang='lat' dir='ltr'>primum</span> <span class='ocrx_word' id='word_1_474' title='bbox 2125 1920 2158 1950; x_wconf 91' lang='lat' dir='ltr'>in</span> <span class='ocrx_word' id='word_1_475' title='bbox 2181 1920 2280 1950; x_wconf 87' lang='lat' dir='ltr'>littera</span> <span class='ocrx_word' id='word_1_476' title='bbox 2303 1920 2414 1960; x_wconf 77' lang='lat' dir='ltr'>posita.</span> 
     </span>
    </p>
   </div>
   <div class='ocr_carea' id='block_1_13' title="bbox 864 2072 1976 2202">
    <p class='ocr_par' dir='ltr' id='par_1_16' title="bbox 864 2072 1976 2202">
     <span class='ocr_line' id='line_1_69' title="bbox 1115 2072 1726 2115; baseline -0.002 0"><span class='ocrx_word' id='word_1_477' title='bbox 1115 2073 1431 2115; x_wconf 88' lang='lat' dir='ltr'>ARTICULUS</span> <span class='ocrx_word' id='word_1_478' title='bbox 1461 2072 1726 2114; x_wconf 73' lang='lat' dir='ltr'>SEPTIMUS</span> 
     </span>
     <span class='ocr_line' id='line_1_70' title="bbox 864 2149 1976 2202; baseline -0.001 -7"><span class='ocrx_word' id='word_1_479' title='bbox 864 2165 1020 2196; x_wconf 84' lang='lat' dir='ltr'>UTRUM</span> <span class='ocrx_word' id='word_1_480' title='bbox 1042 2149 1207 2202; x_wconf 63' lang='lat' dir='ltr'>ALIQUA</span> <span class='ocrx_word' id='word_1_481' title='bbox 1229 2164 1508 2197; x_wconf 72' lang='lat' dir='ltr'>DELECTArlo</span> <span class='ocrx_word' id='word_1_482' title='bbox 1528 2165 1594 2196; x_wconf 85' lang='lat' dir='ltr'>SIT</span> <span class='ocrx_word' id='word_1_483' title='bbox 1617 2164 1708 2195; x_wconf 82' lang='lat' dir='ltr'>NON</span> <span class='ocrx_word' id='word_1_484' title='bbox 1731 2164 1976 2195; x_wconf 72' lang='lat' dir='ltr'>NATURAms</span> 
     </span>
    </p>
   </div>
   <div class='ocr_carea' id='block_1_14' title="bbox 349 2275 536 2442">
    <p class='ocr_par' dir='ltr' id='par_1_17' title="bbox 349 2275 536 2442">
     <span class='ocr_line' id='line_1_71' title="bbox 349 2275 536 2442; baseline 0 -83"><span class='ocrx_word' id='word_1_485' title='bbox 349 2275 536 2442; x_wconf 95' lang='lat' dir='ltr'>   </span> 
     </span>
    </p>
   </div>
   <div class='ocr_carea' id='block_1_15' title="bbox 0 2242 1396 3445">
    <p class='ocr_par' dir='ltr' id='par_1_18' title="bbox 0 2242 1396 3445">
     <span class='ocr_line' id='line_1_72' title="bbox 372 2242 1394 2306; baseline -0.003 -25"><span class='ocrx_word' id='word_1_486' title='bbox 372 2263 429 2293; x_wconf 58' lang='lat' dir='ltr'>s„</span> <span class='ocrx_word' id='word_1_487' title='bbox 451 2264 507 2291; x_wconf 48' lang='grc' dir='ltr'>Μ(</span> <span class='ocrx_word' id='word_1_488' title='bbox 486 2267 523 2306; x_wconf 34' lang='lat' dir='ltr'>s</span> <span class='ocrx_word' id='word_1_489' title='bbox 547 2255 570 2280; x_wconf 81' lang='lat' dir='ltr'>n</span> <span class='ocrx_word' id='word_1_490' title='bbox 590 2254 771 2280; x_wconf 66' lang='lat' dir='ltr'>summum</span> <span class='ocrx_word' id='word_1_491' title='bbox 789 2254 843 2283; x_wconf 72' lang='lat' dir='ltr'>stc</span> <span class='ocrx_word' id='word_1_492' title='bbox 862 2254 1100 2280; x_wconf 70' lang='lat' dir='ltr'>raonem-rua.</span> <span class='ocrx_word' id='word_1_493' title='bbox 1116 2243 1275 2280; x_wconf 90' lang='lat' dir='ltr'>Videtur</span> <span class='ocrx_word' id='word_1_494' title='bbox 1289 2242 1394 2291; x_wconf 92' lang='lat' dir='ltr'>quod</span> 
     </span>
     <span class='ocr_line' id='line_1_73' title="bbox 363 2277 1392 2388; baseline 0 -57"><span class='ocrx_word' id='word_1_495' title='bbox 363 2277 518 2388; x_wconf 40' lang='lat' dir='ltr'>&amp;Jssfo</span> <span class='ocrx_word' id='word_1_496' title='bbox 547 2296 649 2332; x_wconf 88' lang='lat' dir='ltr'>nulla</span> <span class='ocrx_word' id='word_1_497' title='bbox 664 2295 862 2332; x_wconf 90' lang='lat' dir='ltr'>delectatio</span> <span class='ocrx_word' id='word_1_498' title='bbox 878 2295 922 2331; x_wconf 93' lang='lat' dir='ltr'>sit</span> <span class='ocrx_word' id='word_1_499' title='bbox 935 2295 1165 2334; x_wconf 87' lang='lat' dir='ltr'>innaturalis.</span> <span class='ocrx_word' id='word_1_500' title='bbox 1185 2295 1392 2333; x_wconf 89' lang='lat' dir='ltr'>Delectatio</span> 
     </span>
     <span class='ocr_line' id='line_1_74' title="bbox 354 2341 1393 2427; baseline 0.001 -44"><span class='ocrx_word' id='word_1_501' title='bbox 354 2352 390 2394; x_wconf 57' lang='lat' dir='ltr'>&#39;y</span> <span class='ocrx_word' id='word_1_502' title='bbox 399 2388 401 2391; x_wconf 18' lang='lat'><em>7</em></span> <span class='ocrx_word' id='word_1_503' title='bbox 394 2365 474 2427; x_wconf 47' lang='grc' dir='ltr'>ἐν»</span> <span class='ocrx_word' id='word_1_504' title='bbox 489 2341 649 2384; x_wconf 92' lang='lat' dir='ltr'>enim</span> <span class='ocrx_word' id='word_1_505' title='bbox 677 2348 716 2384; x_wconf 91' lang='lat' dir='ltr'>in</span> <span class='ocrx_word' id='word_1_506' title='bbox 744 2347 941 2384; x_wconf 87' lang='lat' dir='ltr'>affectibus</span> <span class='ocrx_word' id='word_1_507' title='bbox 962 2348 1111 2384; x_wconf 90' lang='lat' dir='ltr'>animae</span> <span class='ocrx_word' id='word_1_508' title='bbox 1130 2347 1393 2407; x_wconf 77' lang='lat' dir='ltr'>proportiona-</span> 
     </span>
     <span class='ocr_line' id='line_1_75' title="bbox 343 2376 1394 2449; baseline 0.001 -14"><span class='ocrx_word' id='word_1_509' title='bbox 343 2412 352 2422; x_wconf 79' lang='lat'><strong><em>¹</em></strong></span> <span class='ocrx_word' id='word_1_510' title='bbox 369 2400 375 2409; x_wconf 95' lang='lat'><em>&#39;</em></span> <span class='ocrx_word' id='word_1_511' title='bbox 391 2422 403 2430; x_wconf 36' lang='grc' dir='ltr'>,κ</span> <span class='ocrx_word' id='word_1_512' title='bbox 394 2376 488 2434; x_wconf 57' lang='lat'>12⁹5)</span> <span class='ocrx_word' id='word_1_513' title='bbox 504 2393 536 2437; x_wconf 47' lang='grc' dir='ltr'>Χ</span> <span class='ocrx_word' id='word_1_514' title='bbox 546 2407 607 2436; x_wconf 88' lang='lat' dir='ltr'>tur</span> <span class='ocrx_word' id='word_1_515' title='bbox 635 2400 748 2448; x_wconf 90' lang='lat' dir='ltr'>quieti</span> <span class='ocrx_word' id='word_1_516' title='bbox 776 2400 813 2437; x_wconf 94' lang='lat' dir='ltr'>in</span> <span class='ocrx_word' id='word_1_517' title='bbox 843 2400 1077 2448; x_wconf 88' lang='lat' dir='ltr'>corporibus.</span> <span class='ocrx_word' id='word_1_518' title='bbox 1108 2400 1185 2437; x_wconf 89' lang='lat' dir='ltr'>Sed</span> <span class='ocrx_word' id='word_1_519' title='bbox 1208 2400 1394 2449; x_wconf 90' lang='lat' dir='ltr'>appetitus</span> 
     </span>
     <span class='ocr_line' id='line_1_76' title="bbox 337 2452 1393 2503; baseline 0.001 -15"><span class='ocrx_word' id='word_1_520' title='bbox 337 2452 506 2501; x_wconf 88' lang='lat' dir='ltr'>corporis</span> <span class='ocrx_word' id='word_1_521' title='bbox 534 2453 712 2490; x_wconf 89' lang='lat' dir='ltr'>naturalis</span> <span class='ocrx_word' id='word_1_522' title='bbox 739 2465 818 2493; x_wconf 86' lang='lat' dir='ltr'>non</span> <span class='ocrx_word' id='word_1_523' title='bbox 846 2452 1004 2503; x_wconf 90' lang='lat' dir='ltr'>quiescit</span> <span class='ocrx_word' id='word_1_524' title='bbox 1032 2452 1102 2492; x_wconf 89' lang='lat' dir='ltr'>nisi</span> <span class='ocrx_word' id='word_1_525' title='bbox 1128 2452 1167 2491; x_wconf 89' lang='lat' dir='ltr'>in</span> <span class='ocrx_word' id='word_1_526' title='bbox 1196 2454 1281 2491; x_wconf 92' lang='lat' dir='ltr'>loco</span> <span class='ocrx_word' id='word_1_527' title='bbox 1305 2465 1393 2490; x_wconf 90' lang='lat' dir='ltr'>con-</span> 
     </span>
     <span class='ocr_line' id='line_1_77' title="bbox 335 2505 1393 2554; baseline 0 -13"><span class='ocrx_word' id='word_1_528' title='bbox 335 2505 506 2542; x_wconf 89' lang='lat' dir='ltr'>naturali.</span> <span class='ocrx_word' id='word_1_529' title='bbox 536 2506 638 2553; x_wconf 89' lang='lat' dir='ltr'>Ergo</span> <span class='ocrx_word' id='word_1_530' title='bbox 667 2518 738 2542; x_wconf 90' lang='lat' dir='ltr'>nec</span> <span class='ocrx_word' id='word_1_531' title='bbox 761 2505 867 2553; x_wconf 92' lang='lat' dir='ltr'>quies</span> <span class='ocrx_word' id='word_1_532' title='bbox 887 2505 1073 2554; x_wconf 86' lang='lat' dir='ltr'>appetitus</span> <span class='ocrx_word' id='word_1_533' title='bbox 1093 2505 1274 2552; x_wconf 85' lang='lat' dir='ltr'>animalis,</span> <span class='ocrx_word' id='word_1_534' title='bbox 1294 2517 1393 2554; x_wconf 91' lang='lat' dir='ltr'>quae</span> 
     </span>
     <span class='ocr_line' id='line_1_78' title="bbox 337 2557 1394 2607; baseline 0 -13"><span class='ocrx_word' id='word_1_535' title='bbox 337 2565 393 2594; x_wconf 87' lang='lat' dir='ltr'>est</span> <span class='ocrx_word' id='word_1_536' title='bbox 420 2557 635 2605; x_wconf 71' lang='lat' dir='ltr'>delectatio,</span> <span class='ocrx_word' id='word_1_537' title='bbox 664 2565 789 2607; x_wconf 89' lang='lat' dir='ltr'>potest</span> <span class='ocrx_word' id='word_1_538' title='bbox 818 2570 899 2595; x_wconf 89' lang='lat' dir='ltr'>esse</span> <span class='ocrx_word' id='word_1_539' title='bbox 927 2558 997 2595; x_wconf 91' lang='lat' dir='ltr'>nisi</span> <span class='ocrx_word' id='word_1_540' title='bbox 1025 2558 1063 2594; x_wconf 92' lang='lat' dir='ltr'>in</span> <span class='ocrx_word' id='word_1_541' title='bbox 1091 2558 1218 2605; x_wconf 87' lang='lat' dir='ltr'>aliquo</span> <span class='ocrx_word' id='word_1_542' title='bbox 1255 2570 1394 2596; x_wconf 88' lang='lat' dir='ltr'>conna-</span> 
     </span>
     <span class='ocr_line' id='line_1_79' title="bbox 336 2608 1352 2659; baseline 0 -13"><span class='ocrx_word' id='word_1_543' title='bbox 336 2610 456 2646; x_wconf 90' lang='lat' dir='ltr'>turali.</span> <span class='ocrx_word' id='word_1_544' title='bbox 486 2611 600 2646; x_wconf 91' lang='lat' dir='ltr'>Nulla</span> <span class='ocrx_word' id='word_1_545' title='bbox 628 2622 717 2659; x_wconf 89' lang='lat' dir='ltr'>ergo</span> <span class='ocrx_word' id='word_1_546' title='bbox 747 2610 945 2647; x_wconf 86' lang='lat' dir='ltr'>delectatio</span> <span class='ocrx_word' id='word_1_547' title='bbox 975 2608 1135 2646; x_wconf 86' lang='lat' dir='ltr'>estnon</span> <span class='ocrx_word' id='word_1_548' title='bbox 1163 2610 1352 2648; x_wconf 90' lang='lat' dir='ltr'>naturalis.</span> 
     </span>
     <span class='ocr_line' id='line_1_80' title="bbox 392 2662 1391 2710; baseline 0 -12"><span class='ocrx_word' id='word_1_549' title='bbox 392 2673 427 2698; x_wconf 89' lang='lat'>2.</span> <span class='ocrx_word' id='word_1_550' title='bbox 452 2662 684 2709; x_wconf 68' lang='lat' dir='ltr'>PRAETEREA,</span> <span class='ocrx_word' id='word_1_551' title='bbox 711 2663 800 2699; x_wconf 93' lang='lat' dir='ltr'>illud</span> <span class='ocrx_word' id='word_1_552' title='bbox 830 2663 934 2710; x_wconf 91' lang='lat' dir='ltr'>quod</span> <span class='ocrx_word' id='word_1_553' title='bbox 963 2669 1018 2698; x_wconf 91' lang='lat' dir='ltr'>est</span> <span class='ocrx_word' id='word_1_554' title='bbox 1046 2669 1176 2698; x_wconf 90' lang='lat' dir='ltr'>contra</span> <span class='ocrx_word' id='word_1_555' title='bbox 1204 2670 1391 2709; x_wconf 86' lang='lat' dir='ltr'>naturam,</span> 
     </span>
     <span class='ocr_line' id='line_1_81' title="bbox 293 2714 1392 2760; baseline 0.002 -11"><span class='ocrx_word' id='word_1_556' title='bbox 293 2729 297 2733; x_wconf 60' lang='lat'>¹</span> <span class='ocrx_word' id='word_1_557' title='bbox 339 2721 395 2750; x_wconf 92' lang='lat' dir='ltr'>est</span> <span class='ocrx_word' id='word_1_558' title='bbox 407 2714 630 2751; x_wconf 89' lang='lat' dir='ltr'>violentum.</span> <span class='ocrx_word' id='word_1_559' title='bbox 648 2715 724 2751; x_wconf 90' lang='lat' dir='ltr'>Sed</span> <span class='ocrx_word' id='word_1_560' title='bbox 740 2726 851 2751; x_wconf 88' lang='lat' dir='ltr'>omne</span> <span class='ocrx_word' id='word_1_561' title='bbox 868 2714 1069 2751; x_wconf 84' lang='lat' dir='ltr'>violentum</span> <span class='ocrx_word' id='word_1_562' title='bbox 1089 2720 1143 2750; x_wconf 83' lang='lat' dir='ltr'>est</span> <span class='ocrx_word' id='word_1_563' title='bbox 1159 2715 1392 2760; x_wconf 84' lang='lat' dir='ltr'>contristans,</span> 
     </span>
     <span class='ocr_line' id='line_1_82' title="bbox 100 2765 1394 2822; baseline 0.002 -21"><span class='ocrx_word' id='word_1_564' title='bbox 100 2773 311 2822; x_wconf 54' lang='lat' dir='ltr'>jffihnlgctffin</span> <span class='ocrx_word' id='word_1_565' title='bbox 338 2773 380 2802; x_wconf 93' lang='lat' dir='ltr'>ut</span> <span class='ocrx_word' id='word_1_566' title='bbox 407 2765 542 2802; x_wconf 89' lang='lat' dir='ltr'>dicitur</span> <span class='ocrx_word' id='word_1_567' title='bbox 568 2766 606 2802; x_wconf 88' lang='lat' dir='ltr'>in</span> <span class='ocrx_word' id='word_1_568' title='bbox 633 2768 668 2803; x_wconf 93' lang='lat' dir='ltr'>V</span> <span class='ocrx_word' id='word_1_569' title='bbox 695 2768 910 2815; x_wconf 81' lang='lat' dir='ltr'>Metaphys.</span> <span class='ocrx_word' id='word_1_570' title='bbox 930 2766 950 2788; x_wconf 72' lang='lat'>’¹‘</span> <span class='ocrx_word' id='word_1_571' title='bbox 978 2768 1079 2813; x_wconf 88' lang='lat' dir='ltr'>Ergo</span> <span class='ocrx_word' id='word_1_572' title='bbox 1104 2766 1194 2802; x_wconf 91' lang='lat' dir='ltr'>nihil</span> <span class='ocrx_word' id='word_1_573' title='bbox 1214 2767 1319 2814; x_wconf 93' lang='lat' dir='ltr'>quod</span> <span class='ocrx_word' id='word_1_574' title='bbox 1339 2775 1394 2804; x_wconf 89' lang='lat' dir='ltr'>est</span> 
     </span>
     <span class='ocr_line' id='line_1_83' title="bbox 99 2815 1245 2867; baseline 0.002 -13"><span class='ocrx_word' id='word_1_575' title='bbox 99 2815 253 2854; x_wconf 68' lang='lat' dir='ltr'>mr-v2u-2&#39;·</span> <span class='ocrx_word' id='word_1_576' title='bbox 304 2815 310 2826; x_wconf 85' lang='lat'><em>&#39;</em></span> <span class='ocrx_word' id='word_1_577' title='bbox 339 2826 471 2855; x_wconf 88' lang='lat' dir='ltr'>contra</span> <span class='ocrx_word' id='word_1_578' title='bbox 499 2825 686 2866; x_wconf 86' lang='lat' dir='ltr'>naturam,</span> <span class='ocrx_word' id='word_1_579' title='bbox 714 2827 840 2867; x_wconf 90' lang='lat' dir='ltr'>potest</span> <span class='ocrx_word' id='word_1_580' title='bbox 867 2831 949 2855; x_wconf 93' lang='lat' dir='ltr'>esse</span> <span class='ocrx_word' id='word_1_581' title='bbox 970 2825 987 2840; x_wconf 81' lang='lat'>‘²</span> <span class='ocrx_word' id='word_1_582' title='bbox 1016 2819 1245 2856; x_wconf 91' lang='lat' dir='ltr'>delectabile.</span> 
     </span>
     <span class='ocr_line' id='line_1_84' title="bbox 197 2862 1391 2920; baseline 0.004 -14"><span class='ocrx_word' id='word_1_583' title='bbox 197 2862 214 2879; x_wconf 58' lang='grc' dir='ltr'><strong>α</strong></span> <span class='ocrx_word' id='word_1_584' title='bbox 394 2871 428 2907; x_wconf 87' lang='grc'>3.</span> <span class='ocrx_word' id='word_1_585' title='bbox 458 2871 689 2918; x_wconf 60' lang='grc' dir='ltr'>ΡΚΑΕΤΕΒΕΑ,</span> <span class='ocrx_word' id='word_1_586' title='bbox 720 2871 892 2908; x_wconf 88' lang='lat' dir='ltr'>constitui</span> <span class='ocrx_word' id='word_1_587' title='bbox 920 2871 957 2907; x_wconf 92' lang='lat' dir='ltr'>in</span> <span class='ocrx_word' id='word_1_588' title='bbox 984 2871 1179 2920; x_wconf 88' lang='lat' dir='ltr'>propriam</span> <span class='ocrx_word' id='word_1_589' title='bbox 1207 2879 1391 2919; x_wconf 82' lang='lat' dir='ltr'>naturam,</span> 
     </span>
     <span class='ocr_line' id='line_1_85' title="bbox 340 2923 1393 2973; baseline 0.002 -14"><span class='ocrx_word' id='word_1_590' title='bbox 340 2935 428 2959; x_wconf 91' lang='lat' dir='ltr'>cum</span> <span class='ocrx_word' id='word_1_591' title='bbox 457 2923 627 2969; x_wconf 90' lang='lat' dir='ltr'>sentitur,</span> <span class='ocrx_word' id='word_1_592' title='bbox 658 2931 786 2960; x_wconf 89' lang='lat' dir='ltr'>causat</span> <span class='ocrx_word' id='word_1_593' title='bbox 815 2924 1123 2969; x_wconf 89' lang='lat' dir='ltr'>delectationem;</span> <span class='ocrx_word' id='word_1_594' title='bbox 1152 2931 1192 2960; x_wconf 93' lang='lat' dir='ltr'>ut</span> <span class='ocrx_word' id='word_1_595' title='bbox 1218 2932 1321 2973; x_wconf 91' lang='lat' dir='ltr'>patet</span> <span class='ocrx_word' id='word_1_596' title='bbox 1349 2937 1393 2961; x_wconf 89' lang='lat' dir='ltr'>ex</span> 
     </span>
     <span class='ocr_line' id='line_1_86' title="bbox 340 2975 1394 3027; baseline 0.002 -15"><span class='ocrx_word' id='word_1_597' title='bbox 340 2975 560 3013; x_wconf 90' lang='lat' dir='ltr'>definitione</span> <span class='ocrx_word' id='word_1_598' title='bbox 592 2976 814 3027; x_wconf 88' lang='lat' dir='ltr'>Philosophi</span> <span class='ocrx_word' id='word_1_599' title='bbox 843 2988 957 3024; x_wconf 89' lang='lat' dir='ltr'>supra</span> <span class='ocrx_word' id='word_1_600' title='bbox 978 2975 999 2998; x_wconf 78' lang='lat'>&#39;¹‘</span> <span class='ocrx_word' id='word_1_601' title='bbox 1025 2976 1160 3024; x_wconf 90' lang='lat' dir='ltr'>posita.</span> <span class='ocrx_word' id='word_1_602' title='bbox 1195 2977 1272 3015; x_wconf 89' lang='lat' dir='ltr'>Sed</span> <span class='ocrx_word' id='word_1_603' title='bbox 1306 2989 1394 3015; x_wconf 86' lang='lat' dir='ltr'>con-</span> 
     </span>
     <span class='ocr_line' id='line_1_87' title="bbox 339 3027 1395 3078; baseline 0.002 -14"><span class='ocrx_word' id='word_1_604' title='bbox 339 3028 440 3066; x_wconf 90' lang='lat' dir='ltr'>stitui</span> <span class='ocrx_word' id='word_1_605' title='bbox 472 3027 512 3064; x_wconf 93' lang='lat' dir='ltr'>in</span> <span class='ocrx_word' id='word_1_606' title='bbox 543 3035 734 3076; x_wconf 81' lang='lat' dir='ltr'>naturam,</span> <span class='ocrx_word' id='word_1_607' title='bbox 762 3028 966 3077; x_wconf 91' lang='lat' dir='ltr'>unicuique</span> <span class='ocrx_word' id='word_1_608' title='bbox 1001 3036 1056 3065; x_wconf 92' lang='lat' dir='ltr'>est</span> <span class='ocrx_word' id='word_1_609' title='bbox 1089 3029 1277 3066; x_wconf 88' lang='lat' dir='ltr'>naturale:</span> <span class='ocrx_word' id='word_1_610' title='bbox 1307 3029 1395 3078; x_wconf 90' lang='lat' dir='ltr'>quia</span> 
     </span>
     <span class='ocr_line' id='line_1_88' title="bbox 339 3081 1394 3130; baseline 0.001 -13"><span class='ocrx_word' id='word_1_611' title='bbox 339 3088 466 3118; x_wconf 91' lang='lat' dir='ltr'>motus</span> <span class='ocrx_word' id='word_1_612' title='bbox 498 3082 676 3120; x_wconf 86' lang='lat' dir='ltr'>naturalis</span> <span class='ocrx_word' id='word_1_613' title='bbox 707 3089 765 3119; x_wconf 91' lang='lat' dir='ltr'>est</span> <span class='ocrx_word' id='word_1_614' title='bbox 796 3081 860 3130; x_wconf 88' lang='lat' dir='ltr'>qui</span> <span class='ocrx_word' id='word_1_615' title='bbox 888 3089 944 3118; x_wconf 86' lang='lat' dir='ltr'>est</span> <span class='ocrx_word' id='word_1_616' title='bbox 970 3081 1019 3118; x_wconf 84' lang='lat' dir='ltr'>ad</span> <span class='ocrx_word' id='word_1_617' title='bbox 1050 3081 1254 3118; x_wconf 88' lang='lat' dir='ltr'>terminum</span> <span class='ocrx_word' id='word_1_618' title='bbox 1287 3089 1394 3118; x_wconf 90' lang='lat' dir='ltr'>natu-</span> 
     </span>
     <span class='ocr_line' id='line_1_89' title="bbox 340 3134 1281 3180; baseline 0.001 -11"><span class='ocrx_word' id='word_1_619' title='bbox 340 3134 469 3170; x_wconf 89' lang='lat' dir='ltr'>ralem.</span> <span class='ocrx_word' id='word_1_620' title='bbox 499 3134 600 3180; x_wconf 87' lang='lat' dir='ltr'>Ergo</span> <span class='ocrx_word' id='word_1_621' title='bbox 629 3135 756 3171; x_wconf 88' lang='lat' dir='ltr'>omnis</span> <span class='ocrx_word' id='word_1_622' title='bbox 785 3134 981 3171; x_wconf 87' lang='lat' dir='ltr'>delectatio</span> <span class='ocrx_word' id='word_1_623' title='bbox 1011 3141 1066 3170; x_wconf 91' lang='lat' dir='ltr'>est</span> <span class='ocrx_word' id='word_1_624' title='bbox 1093 3134 1281 3171; x_wconf 87' lang='lat' dir='ltr'>naturalis.</span> 
     </span>
     <span class='ocr_line' id='line_1_90' title="bbox 0 3186 1392 3236; baseline 0.001 -14"><span class='ocrx_word' id='word_1_625' title='bbox 0 3189 15 3230; x_wconf 53' lang='grc' dir='ltr'>ᾖ·</span> <span class='ocrx_word' id='word_1_626' title='bbox 393 3187 468 3222; x_wconf 76' lang='lat' dir='ltr'>SED</span> <span class='ocrx_word' id='word_1_627' title='bbox 491 3197 638 3225; x_wconf 75' lang='lat' dir='ltr'>CONTRA</span> <span class='ocrx_word' id='word_1_628' title='bbox 657 3198 723 3228; x_wconf 77' lang='lat' dir='ltr'>EST</span> <span class='ocrx_word' id='word_1_629' title='bbox 749 3187 853 3236; x_wconf 91' lang='lat' dir='ltr'>quod</span> <span class='ocrx_word' id='word_1_630' title='bbox 873 3187 1127 3235; x_wconf 85' lang='lat' dir='ltr'>Philosophus</span> <span class='ocrx_word' id='word_1_631' title='bbox 1149 3186 1246 3233; x_wconf 82' lang='lat' dir='ltr'>dicit,</span> <span class='ocrx_word' id='word_1_632' title='bbox 1267 3187 1305 3223; x_wconf 91' lang='lat' dir='ltr'>in</span> <span class='ocrx_word' id='word_1_633' title='bbox 1323 3187 1392 3224; x_wconf 83' lang='lat' dir='ltr'>VH</span> 
     </span>
     <span class='ocr_line' id='line_1_91' title="bbox 102 3238 1394 3292; baseline 0.001 -17.852"><span class='ocrx_word' id='word_1_634' title='bbox 102 3243 130 3291; x_wconf 47' lang='lat' dir='ltr'>:a</span> <span class='ocrx_word' id='word_1_635' title='bbox 166 3275 190 3291; x_wconf 54' lang='lat' dir='ltr'><strong>w</strong></span> <span class='ocrx_word' id='word_1_636' title='bbox 218 3258 247 3291; x_wconf 57' lang='lat' dir='ltr'>u·</span> <span class='ocrx_word' id='word_1_637' title='bbox 299 3250 311 3285; x_wconf 69' lang='lat' dir='ltr'>j</span> <span class='ocrx_word' id='word_1_638' title='bbox 338 3239 456 3275; x_wconf 79' lang='lat' dir='ltr'>Ethic.</span> <span class='ocrx_word' id='word_1_639' title='bbox 477 3238 498 3260; x_wconf 74' lang='lat'>²¹⁸</span> <span class='ocrx_word' id='word_1_640' title='bbox 500 3239 634 3290; x_wconf 88' lang='lat' dir='ltr'>,quod</span> <span class='ocrx_word' id='word_1_641' title='bbox 661 3240 850 3288; x_wconf 89' lang='lat' dir='ltr'>quaedam</span> <span class='ocrx_word' id='word_1_642' title='bbox 877 3239 1142 3276; x_wconf 90' lang='lat' dir='ltr'>delectationes</span> <span class='ocrx_word' id='word_1_643' title='bbox 1166 3246 1252 3278; x_wconf 92' lang='lat' dir='ltr'>sunt</span> <span class='ocrx_word' id='word_1_644' title='bbox 1270 3239 1394 3292; x_wconf 81' lang='lat' dir='ltr'>aegri-</span> 
     </span>
     <span class='ocr_line' id='line_1_92' title="bbox 0 3275 954 3347; baseline 0.003 -20"><span class='ocrx_word' id='word_1_645' title='bbox 0 3301 14 3347; x_wconf 50' lang='grc' dir='ltr'>ᾗ</span> <span class='ocrx_word' id='word_1_646' title='bbox 102 3275 310 3323; x_wconf 57' lang='lat' dir='ltr'>Sffidfflsvsw·</span> <span class='ocrx_word' id='word_1_647' title='bbox 339 3291 520 3328; x_wconf 84' lang='lat' dir='ltr'>tudinales</span> <span class='ocrx_word' id='word_1_648' title='bbox 547 3299 584 3330; x_wconf 88' lang='lat' dir='ltr'>et</span> <span class='ocrx_word' id='word_1_649' title='bbox 609 3298 739 3331; x_wconf 83' lang='lat' dir='ltr'>contra</span> <span class='ocrx_word' id='word_1_650' title='bbox 767 3298 954 3330; x_wconf 85' lang='lat' dir='ltr'>naturam.</span> 
     </span>
     <span class='ocr_line' id='line_1_93' title="bbox 4 3343 1396 3393; baseline 0 -13"><span class='ocrx_word' id='word_1_651' title='bbox 4 3359 8 3365; x_wconf 94' lang='lat'>·</span> <span class='ocrx_word' id='word_1_652' title='bbox 393 3346 616 3383; x_wconf 65' lang='lat' dir='ltr'>Rsssponmso</span> <span class='ocrx_word' id='word_1_653' title='bbox 632 3357 814 3384; x_wconf 68' lang='lat' dir='ltr'>mci-:nuum</span> <span class='ocrx_word' id='word_1_654' title='bbox 833 3345 938 3393; x_wconf 91' lang='lat' dir='ltr'>quod</span> <span class='ocrx_word' id='word_1_655' title='bbox 953 3345 1120 3383; x_wconf 88' lang='lat' dir='ltr'>naturale</span> <span class='ocrx_word' id='word_1_656' title='bbox 1141 3343 1272 3381; x_wconf 88' lang='lat' dir='ltr'>dicitur</span> <span class='ocrx_word' id='word_1_657' title='bbox 1290 3344 1396 3392; x_wconf 92' lang='lat' dir='ltr'>quod</span> 
     </span>
     <span class='ocr_line' id='line_1_94' title="bbox 207 3397 1396 3445; baseline 0 -11"><span class='ocrx_word' id='word_1_658' title='bbox 207 3402 213 3412; x_wconf 92' lang='lat'>&#39;</span> <span class='ocrx_word' id='word_1_659' title='bbox 237 3427 243 3434; x_wconf 92' lang='lat'>.</span> <span class='ocrx_word' id='word_1_660' title='bbox 279 3397 312 3407; x_wconf 82' lang='lat'>&#39;&#39;</span> <span class='ocrx_word' id='word_1_661' title='bbox 341 3405 395 3434; x_wconf 91' lang='lat' dir='ltr'>est</span> <span class='ocrx_word' id='word_1_662' title='bbox 422 3400 632 3436; x_wconf 90' lang='lat' dir='ltr'>secundum</span> <span class='ocrx_word' id='word_1_663' title='bbox 660 3405 847 3445; x_wconf 85' lang='lat' dir='ltr'>naturam,</span> <span class='ocrx_word' id='word_1_664' title='bbox 875 3405 918 3434; x_wconf 91' lang='lat' dir='ltr'>ut</span> <span class='ocrx_word' id='word_1_665' title='bbox 945 3397 1078 3435; x_wconf 91' lang='lat' dir='ltr'>dicitur</span> <span class='ocrx_word' id='word_1_666' title='bbox 1104 3397 1142 3433; x_wconf 91' lang='lat' dir='ltr'>in</span> <span class='ocrx_word' id='word_1_667' title='bbox 1162 3397 1396 3444; x_wconf 51' lang='lat' dir='ltr'>11P1³ysicst</span> 
     </span>
    </p>
   </div>
   <div class='ocr_carea' id='block_1_16' title="bbox 0 2493 36 2542">
    <p class='ocr_par' dir='ltr' id='par_1_19' title="bbox 0 2493 36 2542">
     <span class='ocr_line' id='line_1_95' title="bbox 0 2493 36 2542; textangle 90"><span class='ocrx_word' id='word_1_668' title='bbox 0 2493 36 2542; x_wconf 54' lang='lat'>7„</span> 
     </span>
    </p>
   </div>
   <div class='ocr_carea' id='block_1_17' title="bbox 1446 2241 2505 3341">
    <p class='ocr_par' dir='ltr' id='par_1_20' title="bbox 1446 2241 2505 3341">
     <span class='ocr_line' id='line_1_96' title="bbox 1447 2241 2501 2292; baseline 0.002 -14"><span class='ocrx_word' id='word_1_669' title='bbox 1447 2243 1592 2281; x_wconf 89' lang='lat' dir='ltr'>Natura</span> <span class='ocrx_word' id='word_1_670' title='bbox 1621 2249 1748 2278; x_wconf 87' lang='lat' dir='ltr'>autem</span> <span class='ocrx_word' id='word_1_671' title='bbox 1777 2241 1815 2278; x_wconf 93' lang='lat' dir='ltr'>in</span> <span class='ocrx_word' id='word_1_672' title='bbox 1842 2242 1996 2281; x_wconf 86' lang='lat' dir='ltr'>homine</span> <span class='ocrx_word' id='word_1_673' title='bbox 2026 2241 2222 2292; x_wconf 90' lang='lat' dir='ltr'>dupliciter</span> <span class='ocrx_word' id='word_1_674' title='bbox 2241 2242 2340 2279; x_wconf 88' lang='lat' dir='ltr'>sumi</span> <span class='ocrx_word' id='word_1_675' title='bbox 2366 2250 2501 2291; x_wconf 88' lang='lat' dir='ltr'>potest.</span> 
     </span>
     <span class='ocr_line' id='line_1_97' title="bbox 1447 2294 2503 2344; baseline 0.005 -14"><span class='ocrx_word' id='word_1_676' title='bbox 1447 2294 1533 2331; x_wconf 93' lang='lat' dir='ltr'>Uno</span> <span class='ocrx_word' id='word_1_677' title='bbox 1554 2294 1685 2341; x_wconf 88' lang='lat' dir='ltr'>modo,</span> <span class='ocrx_word' id='word_1_678' title='bbox 1705 2302 1819 2343; x_wconf 90' lang='lat' dir='ltr'>prout</span> <span class='ocrx_word' id='word_1_679' title='bbox 1837 2294 2044 2334; x_wconf 85' lang='lat' dir='ltr'>intellectus</span> <span class='ocrx_word' id='word_1_680' title='bbox 2065 2302 2100 2330; x_wconf 90' lang='lat' dir='ltr'>et</span> <span class='ocrx_word' id='word_1_681' title='bbox 2118 2294 2212 2332; x_wconf 88' lang='lat' dir='ltr'>ratio</span> <span class='ocrx_word' id='word_1_682' title='bbox 2234 2303 2290 2331; x_wconf 91' lang='lat' dir='ltr'>est</span> <span class='ocrx_word' id='word_1_683' title='bbox 2307 2295 2503 2344; x_wconf 80' lang='lat' dir='ltr'>potissime</span> 
     </span>
     <span class='ocr_line' id='line_1_98' title="bbox 1447 2346 2504 2395; baseline 0.003 -12"><span class='ocrx_word' id='word_1_684' title='bbox 1447 2346 1611 2383; x_wconf 90' lang='lat' dir='ltr'>hominis</span> <span class='ocrx_word' id='word_1_685' title='bbox 1644 2354 1798 2393; x_wconf 88' lang='lat' dir='ltr'>natura,</span> <span class='ocrx_word' id='word_1_686' title='bbox 1828 2347 1917 2395; x_wconf 92' lang='lat' dir='ltr'>quia</span> <span class='ocrx_word' id='word_1_687' title='bbox 1949 2347 2159 2383; x_wconf 89' lang='lat' dir='ltr'>secundum</span> <span class='ocrx_word' id='word_1_688' title='bbox 2195 2359 2280 2383; x_wconf 86' lang='lat' dir='ltr'>earn</span> <span class='ocrx_word' id='word_1_689' title='bbox 2313 2348 2432 2385; x_wconf 90' lang='lat' dir='ltr'>homo</span> <span class='ocrx_word' id='word_1_690' title='bbox 2466 2348 2504 2386; x_wconf 89' lang='lat' dir='ltr'>in</span> 
     </span>
     <span class='ocr_line' id='line_1_99' title="bbox 1448 2399 2504 2448; baseline 0.001 -13"><span class='ocrx_word' id='word_1_691' title='bbox 1448 2399 1573 2448; x_wconf 87' lang='lat' dir='ltr'>specie</span> <span class='ocrx_word' id='word_1_692' title='bbox 1606 2399 1851 2436; x_wconf 89' lang='lat' dir='ltr'>constituitur.</span> <span class='ocrx_word' id='word_1_693' title='bbox 1873 2400 1922 2436; x_wconf 91' lang='lat' dir='ltr'>Et</span> <span class='ocrx_word' id='word_1_694' title='bbox 1949 2399 2158 2436; x_wconf 90' lang='lat' dir='ltr'>secundum</span> <span class='ocrx_word' id='word_1_695' title='bbox 2188 2400 2277 2446; x_wconf 85' lang='lat' dir='ltr'>hoc,</span> <span class='ocrx_word' id='word_1_696' title='bbox 2317 2400 2504 2437; x_wconf 89' lang='lat' dir='ltr'>naturales</span> 
     </span>
     <span class='ocr_line' id='line_1_100' title="bbox 1448 2451 2505 2501; baseline 0.001 -13"><span class='ocrx_word' id='word_1_697' title='bbox 1448 2451 1715 2491; x_wconf 88' lang='lat' dir='ltr'>delectationes</span> <span class='ocrx_word' id='word_1_698' title='bbox 1743 2452 1942 2489; x_wconf 90' lang='lat' dir='ltr'>hominum</span> <span class='ocrx_word' id='word_1_699' title='bbox 1971 2452 2042 2491; x_wconf 91' lang='lat' dir='ltr'>dici</span> <span class='ocrx_word' id='word_1_700' title='bbox 2068 2459 2228 2500; x_wconf 90' lang='lat' dir='ltr'>possunt</span> <span class='ocrx_word' id='word_1_701' title='bbox 2255 2465 2352 2501; x_wconf 92' lang='lat' dir='ltr'>quae</span> <span class='ocrx_word' id='word_1_702' title='bbox 2375 2451 2393 2482; x_wconf 67' lang='grc' dir='ltr'><strong>β</strong></span> <span class='ocrx_word' id='word_1_703' title='bbox 2419 2461 2505 2492; x_wconf 85' lang='lat' dir='ltr'>Sunt</span> 
     </span>
     <span class='ocr_line' id='line_1_101' title="bbox 1446 2503 2503 2553; baseline 0.002 -13"><span class='ocrx_word' id='word_1_704' title='bbox 1446 2503 1484 2540; x_wconf 94' lang='lat' dir='ltr'>in</span> <span class='ocrx_word' id='word_1_705' title='bbox 1506 2516 1551 2540; x_wconf 92' lang='lat' dir='ltr'>eo</span> <span class='ocrx_word' id='word_1_706' title='bbox 1573 2506 1675 2553; x_wconf 91' lang='lat' dir='ltr'>quod</span> <span class='ocrx_word' id='word_1_707' title='bbox 1695 2505 1875 2542; x_wconf 91' lang='lat' dir='ltr'>convenit</span> <span class='ocrx_word' id='word_1_708' title='bbox 1891 2505 2039 2543; x_wconf 84' lang='lat' dir='ltr'>homini</span> <span class='ocrx_word' id='word_1_709' title='bbox 2066 2505 2276 2543; x_wconf 88' lang='lat' dir='ltr'>secundum</span> <span class='ocrx_word' id='word_1_710' title='bbox 2297 2505 2503 2543; x_wconf 87' lang='lat' dir='ltr'>rationem:</span> 
     </span>
     <span class='ocr_line' id='line_1_102' title="bbox 1448 2553 2505 2606; baseline 0.001 -13"><span class='ocrx_word' id='word_1_711' title='bbox 1448 2556 1543 2593; x_wconf 86' lang='lat' dir='ltr'>sicut</span> <span class='ocrx_word' id='word_1_712' title='bbox 1571 2557 1747 2594; x_wconf 88' lang='lat' dir='ltr'>delectari</span> <span class='ocrx_word' id='word_1_713' title='bbox 1776 2557 1814 2593; x_wconf 91' lang='lat' dir='ltr'>in</span> <span class='ocrx_word' id='word_1_714' title='bbox 1844 2553 2163 2606; x_wconf 84' lang='lat' dir='ltr'>contemplati&#39;one</span> <span class='ocrx_word' id='word_1_715' title='bbox 2195 2557 2382 2605; x_wconf 83' lang='lat' dir='ltr'>veritatis,</span> <span class='ocrx_word' id='word_1_716' title='bbox 2413 2565 2449 2594; x_wconf 94' lang='lat' dir='ltr'>et</span> <span class='ocrx_word' id='word_1_717' title='bbox 2466 2558 2505 2598; x_wconf 88' lang='lat' dir='ltr'>in</span> 
     </span>
     <span class='ocr_line' id='line_1_103' title="bbox 1447 2609 2503 2656; baseline 0.002 -11"><span class='ocrx_word' id='word_1_718' title='bbox 1447 2609 1592 2646; x_wconf 87' lang='lat' dir='ltr'>actibus</span> <span class='ocrx_word' id='word_1_719' title='bbox 1619 2609 1820 2656; x_wconf 86' lang='lat' dir='ltr'>virtutum,</span> <span class='ocrx_word' id='word_1_720' title='bbox 1857 2618 1912 2646; x_wconf 87' lang='lat' dir='ltr'>est</span> <span class='ocrx_word' id='word_1_721' title='bbox 1943 2610 2109 2646; x_wconf 89' lang='lat' dir='ltr'>naturale</span> <span class='ocrx_word' id='word_1_722' title='bbox 2143 2609 2289 2647; x_wconf 89' lang='lat' dir='ltr'>homini</span> <span class='ocrx_word' id='word_1_723' title='bbox 2309 2615 2336 2646; x_wconf 69' lang='grc' dir='ltr'>Υ.</span> <span class='ocrx_word' id='word_1_724' title='bbox 2367 2631 2390 2637; x_wconf 97' lang='grc'>-</span> <span class='ocrx_word' id='word_1_725' title='bbox 2419 2610 2503 2650; x_wconf 86' lang='lat' dir='ltr'>Alio</span> 
     </span>
     <span class='ocr_line' id='line_1_104' title="bbox 1447 2661 2503 2710; baseline 0.002 -13"><span class='ocrx_word' id='word_1_726' title='bbox 1447 2661 1566 2698; x_wconf 91' lang='lat' dir='ltr'>modo</span> <span class='ocrx_word' id='word_1_727' title='bbox 1594 2669 1719 2710; x_wconf 88' lang='lat' dir='ltr'>potest</span> <span class='ocrx_word' id='word_1_728' title='bbox 1746 2662 1844 2698; x_wconf 91' lang='lat' dir='ltr'>sumi</span> <span class='ocrx_word' id='word_1_729' title='bbox 1872 2670 2005 2702; x_wconf 89' lang='lat' dir='ltr'>natura</span> <span class='ocrx_word' id='word_1_730' title='bbox 2037 2662 2075 2698; x_wconf 92' lang='lat' dir='ltr'>in</span> <span class='ocrx_word' id='word_1_731' title='bbox 2107 2661 2263 2698; x_wconf 92' lang='lat' dir='ltr'>homine</span> <span class='ocrx_word' id='word_1_732' title='bbox 2292 2663 2503 2699; x_wconf 89' lang='lat' dir='ltr'>secundum</span> 
     </span>
     <span class='ocr_line' id='line_1_105' title="bbox 1447 2712 2505 2763; baseline 0.002 -13"><span class='ocrx_word' id='word_1_733' title='bbox 1447 2714 1552 2761; x_wconf 90' lang='lat' dir='ltr'>quod</span> <span class='ocrx_word' id='word_1_734' title='bbox 1582 2714 1836 2751; x_wconf 89' lang='lat' dir='ltr'>condividitur</span> <span class='ocrx_word' id='word_1_735' title='bbox 1863 2714 2018 2751; x_wconf 87' lang='lat' dir='ltr'>rationi:</span> <span class='ocrx_word' id='word_1_736' title='bbox 2047 2714 2085 2751; x_wconf 92' lang='lat' dir='ltr'>id</span> <span class='ocrx_word' id='word_1_737' title='bbox 2114 2714 2253 2751; x_wconf 89' lang='lat' dir='ltr'>scilicet</span> <span class='ocrx_word' id='word_1_738' title='bbox 2276 2712 2290 2736; x_wconf 70' lang='grc' dir='ltr'><strong>δ</strong></span> <span class='ocrx_word' id='word_1_739' title='bbox 2318 2715 2421 2763; x_wconf 92' lang='lat' dir='ltr'>quod</span> <span class='ocrx_word' id='word_1_740' title='bbox 2451 2722 2505 2752; x_wconf 89' lang='lat' dir='ltr'>est</span> 
     </span>
     <span class='ocr_line' id='line_1_106' title="bbox 1448 2767 2503 2815; baseline 0.002 -13"><span class='ocrx_word' id='word_1_741' title='bbox 1448 2778 1653 2803; x_wconf 90' lang='lat' dir='ltr'>commune</span> <span class='ocrx_word' id='word_1_742' title='bbox 1681 2767 1825 2803; x_wconf 91' lang='lat' dir='ltr'>homini</span> <span class='ocrx_word' id='word_1_743' title='bbox 1845 2775 1882 2803; x_wconf 91' lang='lat' dir='ltr'>et</span> <span class='ocrx_word' id='word_1_744' title='bbox 1900 2767 1991 2813; x_wconf 83' lang='lat' dir='ltr'>aliis,</span> <span class='ocrx_word' id='word_1_745' title='bbox 2019 2767 2222 2815; x_wconf 89' lang='lat' dir='ltr'>praecipue</span> <span class='ocrx_word' id='word_1_746' title='bbox 2244 2768 2348 2815; x_wconf 92' lang='lat' dir='ltr'>quod</span> <span class='ocrx_word' id='word_1_747' title='bbox 2369 2768 2503 2804; x_wconf 91' lang='lat' dir='ltr'>rationi</span> 
     </span>
     <span class='ocr_line' id='line_1_107' title="bbox 1447 2819 2504 2868; baseline 0.001 -13"><span class='ocrx_word' id='word_1_748' title='bbox 1447 2831 1525 2855; x_wconf 92' lang='lat' dir='ltr'>non</span> <span class='ocrx_word' id='word_1_749' title='bbox 1546 2819 1685 2856; x_wconf 91' lang='lat' dir='ltr'>obedit.</span> <span class='ocrx_word' id='word_1_750' title='bbox 1715 2820 1764 2855; x_wconf 92' lang='lat' dir='ltr'>Et</span> <span class='ocrx_word' id='word_1_751' title='bbox 1792 2820 2001 2856; x_wconf 89' lang='lat' dir='ltr'>secundum</span> <span class='ocrx_word' id='word_1_752' title='bbox 2030 2820 2116 2867; x_wconf 86' lang='lat' dir='ltr'>hoc,</span> <span class='ocrx_word' id='word_1_753' title='bbox 2137 2832 2181 2856; x_wconf 88' lang='lat' dir='ltr'>ea</span> <span class='ocrx_word' id='word_1_754' title='bbox 2201 2832 2299 2868; x_wconf 91' lang='lat' dir='ltr'>quae</span> <span class='ocrx_word' id='word_1_755' title='bbox 2318 2821 2504 2868; x_wconf 88' lang='lat' dir='ltr'>pertinent</span> 
     </span>
     <span class='ocr_line' id='line_1_108' title="bbox 1447 2866 2503 2921; baseline 0 -12"><span class='ocrx_word' id='word_1_756' title='bbox 1447 2871 1496 2910; x_wconf 85' lang='lat' dir='ltr'>ad</span> <span class='ocrx_word' id='word_1_757' title='bbox 1515 2866 1846 2909; x_wconf 78' lang='lat' dir='ltr'>conservationem</span> <span class='ocrx_word' id='word_1_758' title='bbox 1873 2872 2053 2921; x_wconf 89' lang='lat' dir='ltr'>corporis,</span> <span class='ocrx_word' id='word_1_759' title='bbox 2082 2873 2144 2908; x_wconf 89' lang='lat' dir='ltr'>vel</span> <span class='ocrx_word' id='word_1_760' title='bbox 2172 2873 2382 2909; x_wconf 90' lang='lat' dir='ltr'>secundum</span> <span class='ocrx_word' id='word_1_761' title='bbox 2410 2873 2503 2909; x_wconf 91' lang='lat' dir='ltr'>indi-</span> 
     </span>
     <span class='ocr_line' id='line_1_109' title="bbox 1446 2924 2503 2973; baseline 0.002 -13"><span class='ocrx_word' id='word_1_762' title='bbox 1446 2924 1620 2971; x_wconf 86' lang='lat' dir='ltr'>viduum,</span> <span class='ocrx_word' id='word_1_763' title='bbox 1639 2932 1681 2960; x_wconf 92' lang='lat' dir='ltr'>ut</span> <span class='ocrx_word' id='word_1_764' title='bbox 1706 2924 1822 2972; x_wconf 82' lang='lat' dir='ltr'>cibus,</span> <span class='ocrx_word' id='word_1_765' title='bbox 1843 2933 1968 2973; x_wconf 87' lang='lat' dir='ltr'>potus,</span> <span class='ocrx_word' id='word_1_766' title='bbox 1988 2926 2115 2971; x_wconf 83' lang='lat' dir='ltr'>lectus,</span> <span class='ocrx_word' id='word_1_767' title='bbox 2137 2932 2173 2961; x_wconf 91' lang='lat' dir='ltr'>et</span> <span class='ocrx_word' id='word_1_768' title='bbox 2191 2925 2421 2973; x_wconf 87' lang='lat' dir='ltr'>huiusmodi,</span> <span class='ocrx_word' id='word_1_769' title='bbox 2441 2926 2503 2962; x_wconf 84' lang='lat' dir='ltr'>vel</span> 
     </span>
     <span class='ocr_line' id='line_1_110' title="bbox 1448 2977 2503 3025; baseline 0.001 -12"><span class='ocrx_word' id='word_1_770' title='bbox 1448 2977 1659 3015; x_wconf 90' lang='lat' dir='ltr'>secundum</span> <span class='ocrx_word' id='word_1_771' title='bbox 1689 2977 1874 3025; x_wconf 83' lang='lat' dir='ltr'>speciem,</span> <span class='ocrx_word' id='word_1_772' title='bbox 1904 2977 1998 3014; x_wconf 90' lang='lat' dir='ltr'>sicut</span> <span class='ocrx_word' id='word_1_773' title='bbox 2024 2989 2279 3015; x_wconf 86' lang='lat' dir='ltr'>venereorum</span> <span class='ocrx_word' id='word_1_774' title='bbox 2306 2990 2419 3025; x_wconf 83' lang='lat' dir='ltr'>usuS,</span> <span class='ocrx_word' id='word_1_775' title='bbox 2449 2978 2503 3019; x_wconf 89' lang='lat' dir='ltr'>di-</span> 
     </span>
     <span class='ocr_line' id='line_1_111' title="bbox 1449 3029 2267 3076; baseline 0 -10"><span class='ocrx_word' id='word_1_776' title='bbox 1449 3037 1583 3067; x_wconf 89' lang='lat' dir='ltr'>cuntur</span> <span class='ocrx_word' id='word_1_777' title='bbox 1608 3029 1755 3076; x_wconf 80' lang='lat' dir='ltr'>homini</span> <span class='ocrx_word' id='word_1_778' title='bbox 1784 3029 2016 3070; x_wconf 84' lang='lat' dir='ltr'>delectabilia</span> <span class='ocrx_word' id='word_1_779' title='bbox 2042 3030 2267 3067; x_wconf 89' lang='lat' dir='ltr'>naturaliter.</span> 
     </span>
     <span class='ocr_line' id='line_1_112' title="bbox 1502 3081 2504 3129; baseline 0.002 -11"><span class='ocrx_word' id='word_1_780' title='bbox 1502 3081 1723 3118; x_wconf 87' lang='lat' dir='ltr'>Secundum</span> <span class='ocrx_word' id='word_1_781' title='bbox 1752 3089 1928 3129; x_wconf 88' lang='lat' dir='ltr'>utrasque</span> <span class='ocrx_word' id='word_1_782' title='bbox 1957 3090 2086 3118; x_wconf 89' lang='lat' dir='ltr'>autem</span> <span class='ocrx_word' id='word_1_783' title='bbox 2114 3082 2395 3129; x_wconf 86' lang='lat' dir='ltr'>delectationes,</span> <span class='ocrx_word' id='word_1_784' title='bbox 2416 3095 2504 3121; x_wconf 90' lang='lat' dir='ltr'>con-</span> 
     </span>
     <span class='ocr_line' id='line_1_113' title="bbox 1448 3134 2504 3184; baseline 0.001 -14"><span class='ocrx_word' id='word_1_785' title='bbox 1448 3134 1551 3181; x_wconf 86' lang='lat' dir='ltr'>tingit</span> <span class='ocrx_word' id='word_1_786' title='bbox 1578 3134 1720 3182; x_wconf 90' lang='lat' dir='ltr'>aliquas</span> <span class='ocrx_word' id='word_1_787' title='bbox 1749 3145 1830 3170; x_wconf 89' lang='lat' dir='ltr'>esse</span> <span class='ocrx_word' id='word_1_788' title='bbox 1854 3134 2093 3181; x_wconf 85' lang='lat' dir='ltr'>innaturales,</span> <span class='ocrx_word' id='word_1_789' title='bbox 2115 3134 2330 3184; x_wconf 90' lang='lat' dir='ltr'>simpliciter</span> <span class='ocrx_word' id='word_1_790' title='bbox 2347 3136 2504 3183; x_wconf 92' lang='lat' dir='ltr'>loquen-</span> 
     </span>
     <span class='ocr_line' id='line_1_114' title="bbox 1450 3186 2505 3236; baseline 0.002 -14"><span class='ocrx_word' id='word_1_791' title='bbox 1450 3187 1499 3223; x_wconf 94' lang='lat' dir='ltr'>do</span> <span class='ocrx_word' id='word_1_792' title='bbox 1509 3215 1518 3233; x_wconf 94' lang='grc'>,</span> <span class='ocrx_word' id='word_1_793' title='bbox 1548 3186 1615 3222; x_wconf 91' lang='lat' dir='ltr'>sed</span> <span class='ocrx_word' id='word_1_794' title='bbox 1645 3188 1905 3224; x_wconf 91' lang='lat' dir='ltr'>connaturales</span> <span class='ocrx_word' id='word_1_795' title='bbox 1938 3187 2148 3225; x_wconf 90' lang='lat' dir='ltr'>secundum</span> <span class='ocrx_word' id='word_1_796' title='bbox 2177 3188 2279 3236; x_wconf 89' lang='lat' dir='ltr'>quid.</span> <span class='ocrx_word' id='word_1_797' title='bbox 2314 3187 2505 3235; x_wconf 88' lang='lat' dir='ltr'>Contingit</span> 
     </span>
     <span class='ocr_line' id='line_1_115' title="bbox 1450 3238 2503 3291; baseline 0.002 -14"><span class='ocrx_word' id='word_1_798' title='bbox 1450 3239 1551 3277; x_wconf 90' lang='lat' dir='ltr'>enim</span> <span class='ocrx_word' id='word_1_799' title='bbox 1580 3238 1618 3276; x_wconf 90' lang='lat' dir='ltr'>in</span> <span class='ocrx_word' id='word_1_800' title='bbox 1645 3239 1773 3288; x_wconf 83' lang='lat' dir='ltr'>aliquo</span> <span class='ocrx_word' id='word_1_801' title='bbox 1801 3239 1997 3279; x_wconf 90' lang='lat' dir='ltr'>individuo</span> <span class='ocrx_word' id='word_1_802' title='bbox 2021 3240 2212 3291; x_wconf 89' lang='lat' dir='ltr'>corrumpi</span> <span class='ocrx_word' id='word_1_803' title='bbox 2231 3240 2384 3289; x_wconf 88' lang='lat' dir='ltr'>aliquod</span> <span class='ocrx_word' id='word_1_804' title='bbox 2402 3240 2503 3288; x_wconf 88' lang='lat' dir='ltr'>prin-</span> 
     </span>
     <span class='ocr_line' id='line_1_116' title="bbox 1450 3291 2504 3341; baseline 0.002 -13"><span class='ocrx_word' id='word_1_805' title='bbox 1450 3291 1635 3340; x_wconf 89' lang='lat' dir='ltr'>cipiorum</span> <span class='ocrx_word' id='word_1_806' title='bbox 1665 3292 1889 3329; x_wconf 86' lang='lat' dir='ltr'>naturalium</span> <span class='ocrx_word' id='word_1_807' title='bbox 1918 3292 2076 3341; x_wconf 89' lang='lat' dir='ltr'>speciei;</span> <span class='ocrx_word' id='word_1_808' title='bbox 2107 3300 2143 3330; x_wconf 90' lang='lat' dir='ltr'>et</span> <span class='ocrx_word' id='word_1_809' title='bbox 2169 3292 2223 3330; x_wconf 92' lang='lat' dir='ltr'>sic</span> <span class='ocrx_word' id='word_1_810' title='bbox 2250 3293 2288 3330; x_wconf 93' lang='lat' dir='ltr'>id</span> <span class='ocrx_word' id='word_1_811' title='bbox 2317 3292 2421 3341; x_wconf 85' lang='lat' dir='ltr'>quod</span> <span class='ocrx_word' id='word_1_812' title='bbox 2450 3301 2504 3331; x_wconf 85' lang='lat' dir='ltr'>est</span> 
     </span>
    </p>
   </div>
   <div class='ocr_carea' id='block_1_18' title="bbox 1450 3345 2521 3394">
    <p class='ocr_par' dir='ltr' id='par_1_21' title="bbox 1450 3345 2521 3394">
     <span class='ocr_line' id='line_1_117' title="bbox 1450 3345 2521 3394; baseline 0.001 -13"><span class='ocrx_word' id='word_1_813' title='bbox 1450 3352 1580 3382; x_wconf 88' lang='lat' dir='ltr'>contra</span> <span class='ocrx_word' id='word_1_814' title='bbox 1608 3352 1781 3381; x_wconf 86' lang='lat' dir='ltr'>naturam</span> <span class='ocrx_word' id='word_1_815' title='bbox 1810 3345 1960 3393; x_wconf 84' lang='lat' dir='ltr'>speciei,</span> <span class='ocrx_word' id='word_1_816' title='bbox 1989 3346 2071 3382; x_wconf 88' lang='lat' dir='ltr'>fieri</span> <span class='ocrx_word' id='word_1_817' title='bbox 2099 3358 2167 3394; x_wconf 89' lang='lat' dir='ltr'>per</span> <span class='ocrx_word' id='word_1_818' title='bbox 2194 3345 2368 3382; x_wconf 83' lang='lat' dir='ltr'>accidens</span> <span class='ocrx_word' id='word_1_819' title='bbox 2396 3349 2521 3382; x_wconf 80' lang='lat' dir='ltr'>natu-&#39;</span> 
     </span>
    </p>
   </div>
   <div class='ocr_carea' id='block_1_19' title="bbox 1449 3397 2503 3447">
    <p class='ocr_par' dir='ltr' id='par_1_22' title="bbox 1449 3397 2503 3447">
     <span class='ocr_line' id='line_1_118' title="bbox 1449 3397 2503 3447; baseline 0 -13"><span class='ocrx_word' id='word_1_820' title='bbox 1449 3398 1525 3434; x_wconf 87' lang='lat' dir='ltr'>rale</span> <span class='ocrx_word' id='word_1_821' title='bbox 1552 3397 1640 3434; x_wconf 90' lang='lat' dir='ltr'>huic</span> <span class='ocrx_word' id='word_1_822' title='bbox 1671 3397 1889 3444; x_wconf 84' lang='lat' dir='ltr'>individu03</span> <span class='ocrx_word' id='word_1_823' title='bbox 1919 3398 2013 3435; x_wconf 87' lang='lat' dir='ltr'>sicut</span> <span class='ocrx_word' id='word_1_824' title='bbox 2039 3398 2127 3435; x_wconf 88' lang='lat' dir='ltr'>huic</span> <span class='ocrx_word' id='word_1_825' title='bbox 2154 3410 2274 3447; x_wconf 88' lang='lat' dir='ltr'>aquae</span> <span class='ocrx_word' id='word_1_826' title='bbox 2303 3398 2503 3434; x_wconf 82' lang='lat' dir='ltr'>calefactae</span> 
     </span>
    </p>
   </div>
   <div class='ocr_carea' id='block_1_20' title="bbox 1027 3476 1786 3480">
    <p class='ocr_par' dir='ltr' id='par_1_23' title="bbox 1027 3476 1786 3480">
     <span class='ocr_line' id='line_1_119' title="bbox 1027 3476 1786 3480; baseline 0 0"><span class='ocrx_word' id='word_1_827' title='bbox 1027 3476 1786 3480; x_wconf 95' lang='lat' dir='ltr'> </span> 
     </span>
    </p>
   </div>
   <div class='ocr_carea' id='block_1_21' title="bbox 393 3509 1424 3581">
    <p class='ocr_par' dir='ltr' id='par_1_24' title="bbox 393 3509 1424 3581">
     <span class='ocr_line' id='line_1_120' title="bbox 394 3509 1424 3573; baseline -0.003 -37"><span class='ocrx_word' id='word_1_828' title='bbox 394 3512 422 3544; x_wconf 78' lang='grc' dir='ltr'>α)</span> <span class='ocrx_word' id='word_1_829' title='bbox 437 3515 526 3544; x_wconf 77' lang='lat' dir='ltr'>potest</span> <span class='ocrx_word' id='word_1_830' title='bbox 544 3519 607 3536; x_wconf 83' lang='lat' dir='ltr'>esse.</span> <span class='ocrx_word' id='word_1_831' title='bbox 625 3526 642 3530; x_wconf 99' lang='lat'>-</span> <span class='ocrx_word' id='word_1_832' title='bbox 660 3515 699 3536; x_wconf 82' lang='lat' dir='ltr'>est</span> <span class='ocrx_word' id='word_1_833' title='bbox 718 3511 762 3535; x_wconf 83' lang='lat' dir='ltr'>Pa.</span> <span class='ocrx_word' id='word_1_834' title='bbox 1419 3509 1424 3573; x_wconf 77' lang='grc' dir='ltr'>Ι</span> 
     </span>
     <span class='ocr_line' id='line_1_121' title="bbox 393 3545 1289 3581; baseline -0.003 -9"><span class='ocrx_word' id='word_1_835' title='bbox 393 3545 420 3581; x_wconf 84' lang='grc' dir='ltr'>β)</span> <span class='ocrx_word' id='word_1_836' title='bbox 439 3554 514 3579; x_wconf 83' lang='lat' dir='ltr'>quae.</span> <span class='ocrx_word' id='word_1_837' title='bbox 531 3560 551 3566; x_wconf 89' lang='lat'>-</span> <span class='ocrx_word' id='word_1_838' title='bbox 568 3547 613 3579; x_wconf 86' lang='lat' dir='ltr'>qui</span> <span class='ocrx_word' id='word_1_839' title='bbox 631 3547 661 3577; x_wconf 86' lang='lat' dir='ltr'>K,</span> <span class='ocrx_word' id='word_1_840' title='bbox 681 3546 744 3578; x_wconf 79' lang='lat' dir='ltr'>quia</span> <span class='ocrx_word' id='word_1_841' title='bbox 763 3547 808 3570; x_wconf 82' lang='lat' dir='ltr'>Pa.</span> <span class='ocrx_word' id='word_1_842' title='bbox 826 3559 844 3564; x_wconf 93' lang='lat'>—</span> <span class='ocrx_word' id='word_1_843' title='bbox 863 3545 913 3570; x_wconf 85' lang='lat' dir='ltr'>Pro</span> <span class='ocrx_word' id='word_1_844' title='bbox 931 3545 1038 3574; x_wconf 83' lang='lat' dir='ltr'>homini,</span> <span class='ocrx_word' id='word_1_845' title='bbox 1058 3545 1082 3570; x_wconf 85' lang='lat' dir='ltr'>ei</span> <span class='ocrx_word' id='word_1_846' title='bbox 1101 3545 1200 3569; x_wconf 84' lang='lat' dir='ltr'>codices</span> <span class='ocrx_word' id='word_1_847' title='bbox 1220 3550 1244 3569; x_wconf 89' lang='lat' dir='ltr'>et</span> <span class='ocrx_word' id='word_1_848' title='bbox 1263 3552 1289 3569; x_wconf 85' lang='grc' dir='ltr'>α.</span> 
     </span>
    </p>
   </div>
   <div class='ocr_carea' id='block_1_22' title="bbox 1501 3510 2256 3577">
    <p class='ocr_par' dir='ltr' id='par_1_25' title="bbox 1501 3510 2256 3577">
     <span class='ocr_line' id='line_1_122' title="bbox 1501 3510 2015 3543; baseline 0.002 -9"><span class='ocrx_word' id='word_1_849' title='bbox 1501 3514 1527 3543; x_wconf 88' lang='grc' dir='ltr'>γ)</span> <span class='ocrx_word' id='word_1_850' title='bbox 1548 3510 1656 3534; x_wconf 80' lang='lat' dir='ltr'>homini.</span> <span class='ocrx_word' id='word_1_851' title='bbox 1674 3525 1693 3530; x_wconf 89' lang='lat'><em>-</em></span> <span class='ocrx_word' id='word_1_852' title='bbox 1712 3511 1772 3534; x_wconf 88' lang='lat' dir='ltr'>Om.</span> <span class='ocrx_word' id='word_1_853' title='bbox 1787 3511 1816 3540; x_wconf 82' lang='lat' dir='ltr'>E,</span> <span class='ocrx_word' id='word_1_854' title='bbox 1835 3511 1968 3535; x_wconf 80' lang='lat' dir='ltr'>hominum</span> <span class='ocrx_word' id='word_1_855' title='bbox 1988 3511 2015 3535; x_wconf 80' lang='lat' dir='ltr'>P.</span> 
     </span>
     <span class='ocr_line' id='line_1_123' title="bbox 1502 3544 2256 3577; baseline 0 -7"><span class='ocrx_word' id='word_1_856' title='bbox 1502 3544 1526 3577; x_wconf 81' lang='grc' dir='ltr'>δ)</span> <span class='ocrx_word' id='word_1_857' title='bbox 1548 3545 1575 3570; x_wconf 79' lang='lat' dir='ltr'>id</span> <span class='ocrx_word' id='word_1_858' title='bbox 1592 3545 1699 3570; x_wconf 79' lang='lat' dir='ltr'>scilicet.</span> <span class='ocrx_word' id='word_1_859' title='bbox 1717 3559 1735 3564; x_wconf 94' lang='lat'>—</span> <span class='ocrx_word' id='word_1_860' title='bbox 1754 3546 1821 3570; x_wconf 81' lang='lat' dir='ltr'>idest</span> <span class='ocrx_word' id='word_1_861' title='bbox 1838 3546 1981 3570; x_wconf 84' lang='lat' dir='ltr'>secundum</span> <span class='ocrx_word' id='word_1_862' title='bbox 2002 3546 2029 3574; x_wconf 85' lang='lat' dir='ltr'>F,</span> <span class='ocrx_word' id='word_1_863' title='bbox 2048 3546 2145 3570; x_wconf 78' lang='lat' dir='ltr'>scilicet</span> <span class='ocrx_word' id='word_1_864' title='bbox 2164 3546 2192 3570; x_wconf 81' lang='lat' dir='ltr'>id</span> <span class='ocrx_word' id='word_1_865' title='bbox 2211 3545 2256 3570; x_wconf 86' lang='grc' dir='ltr'>Ρα.</span> 
     </span>
    </p>
   </div>
   <div class='ocr_carea' id='block_1_23' title="bbox 2526 538 2735 591">
    <p class='ocr_par' dir='ltr' id='par_1_26' title="bbox 2526 538 2735 591">
     <span class='ocr_line' id='line_1_124' title="bbox 2526 538 2735 568; baseline 0.006 -9.11"><span class='ocrx_word' id='word_1_866' title='bbox 2526 538 2677 568; x_wconf 76' lang='lat' dir='ltr'>&#39;Metaphys.</span> <span class='ocrx_word' id='word_1_867' title='bbox 2690 538 2735 560; x_wconf 90' lang='lat' dir='ltr'>loc.</span> 
     </span>
     <span class='ocr_line' id='line_1_125' title="bbox 2526 568 2664 591; baseline 0.007 -6"><span class='ocrx_word' id='word_1_868' title='bbox 2526 570 2546 585; x_wconf 77' lang='lat' dir='ltr'>ci</span> <span class='ocrx_word' id='word_1_869' title='bbox 2541 568 2564 585; x_wconf 78' lang='lat' dir='ltr'>1.t</span> <span class='ocrx_word' id='word_1_870' title='bbox 2589 571 2664 591; x_wconf 75' lang='lat' dir='ltr'>nai-g.</span> 
     </span>
    </p>
   </div>
  </div>
 </body>
</html>
