2852 4152
99 816 112 828 ⁸
129 815 166 838 Cf.
186 821 225 843 qu.
246 819 309 842 xxxi,

99 841 187 864 lun-od.

96 1417 192 1441 'Vm
205 1424 233 1440 n.

34 1467 35 1470 ’
95 1460 275 1499 *Vm-96.⁷

962 262 1225 308 QUAEST1o
1255 264 1431 310 xxxm,
1461 264 1754 301 ARTICULUS
1784 266 1814 312 1⁷
1846 267 1876 301 11

2426 262 2495 298 231

813 441 1220 511 QUAESTIO
1258 443 2024 501 TRIGESIMATERTIA

914 558 996 597 DE
1030 559 1399 602 EFFECTIBUS
1432 563 1917 604 DELECTATIONIS

1119 664 1153 688 ΙΝ
1183 664 1353 694 QUATUOR
1380 666 1580 692 ARTICULOS
1606 668 1721 692 DIVlSA

420 769 527 794 EmnE
553 756 877 802 {considerandum
906 763 960 792 est
993 756 1041 793 de
1069 756 1265 794 effectibus
1294 758 1392 795 dele-

339 767 590 850 Dctationis
608 809 639 846 ²¹².

337 863 386 899 Et
414 862 510 899 circa
537 862 612 899 hoc
640 868 873 910 quaeruntur
900 868 1072 910 quatuor.

390 914 536 952 Primo:
564 922 692 951 utrum
722 914 979 951 delectationis
1007 914 1053 950 sit
1081 913 1247 951 dilatare.

1499 760 1692 848 Ξεὲιιηῗίοε
1717 768 1843 797 utrum
1865 761 2059 798 delectatio
2081 769 2208 799 causet
2226 762 2283 799 sui
2301 763 2411 810 sitim,
2431 764 2493 801 vel

1579 824 1631 847 εει
1661 824 1791 849 enum.

1500 864 1647 899 Tertio:
1664 872 1788 901 utrum
1801 866 1995 902 delectatio
2010 866 2191 915 impediat
2204 879 2316 904 usum
2330 868 2494 905 rationis.

1500 915 1661 961 Quarto:
1680 924 1807 953 utrum
1823 918 2016 955 delectatio
2032 919 2200 967 perficiat
2219 920 2491 968 operationem.

1144 1021 1457 1064 ARTICULUS
1488 1022 1691 1063 PRIMUS

991 1114 1146 1145 UTRUM
1169 1112 1515 1144 DELECTATIONIS
1538 1113 1604 1143 SIT
1626 1114 1844 1144 DILATARE

367 1221 437 1261 (545,va
453 1220 525 1265 ἕνα(
546 1218 569 1243 n
598 1217 734 1242 PRIMUM
763 1217 815 1241 Sic
843 1215 1081 1241 PROCEmTUR.
1110 1203 1268 1240 Videtur
1287 1201 1391 1250 quod

365 1246 528 1312 μΔῖξῖο
549 1258 714 1295 dilatatio
746 1270 825 1294 non
857 1257 902 1293 sit
931 1256 1087 1293 effeetus
1123 1255 1390 1292 delectationis.

357 1291 477 1355 3⁹¹⁷,
488 1292 518 1348 ζῆ
533 1305 723 1348 Dilatatio
740 1310 840 1346 enim
855 1309 1006 1347 videtur
1020 1309 1067 1346 ad
1083 1321 1257 1345 amorem
1272 1307 1392 1355 magis

360 1354 371 1364 .
396 1336 493 1391 ἐᾶθ’)
508 1352 755 1412 pertinere:
790 1362 1002 1399 secundum
1035 1361 1140 1409 quod
1170 1360 1257 1397 dicit
1288 1362 1392 1408 Apo-

337 1417 467 1463 stolus,
488 1416 522 1452 11
539 1414 592 1452 a‘d
612 1416 698 1451 Cor.
714 1414 799 1451 V1*:
833 1415 909 1451 Cor
927 1419 1095 1451 nostrum
1116 1413 1309 1450 dilatatum
1328 1418 1391 1449 est.

337 1468 448 1506 Unde
477 1475 514 1504 et
541 1468 588 1504 de
606 1474 810 1516 praecepto
839 1466 998 1503 caritatis
1020 1466 1059 1503 in
1082 1467 1234 1502 Psalmo
1254 1477 1360 1502 cxvui
1374 1464 1394 1487 '¹‘

338 1520 487 1559 dicitur:
517 1521 654 1558 Latum
682 1519 901 1556 mandatum
921 1525 1025 1556 tuum
1045 1519 1166 1555 nimis.
1197 1518 1273 1555 Sed
1294 1518 1393 1555 dele-

339 1573 449 1611 ctatio
470 1580 526 1610 est
544 1572 616 1610 alia
634 1571 761 1621 passio
781 1572 828 1608 ab
849 1584 992 1609 amore.
1014 1572 1116 1619 Ergo
1137 1571 1300 1608 dilatatio
1316 1584 1394 1608 non

339 1633 395 1664 est
421 1626 578 1663 effectus
605 1624 873 1662 delectationis.

393 1690 428 1716 2.
457 1679 698 1724 PRAETEREA,
729 1689 773 1714 ex
801 1678 876 1714 hoc
903 1676 1008 1725 quod
1036 1676 1176 1725 aliquid
1209 1677 1393 1723 dilatatur,

340 1731 498 1768 efficitur
529 1730 704 1779 capacius
737 1730 786 1767 ad
813 1729 1085 1778 recipiendum.
1121 1730 1198 1766 Sed
1230 1730 1393 1778 receptio

337 1784 501 1832 pertinet
529 1783 577 1821 ad
596 1783 839 1830 desiderium,
869 1782 972 1832 quod
992 1790 1047 1819 est
1066 1781 1119 1819 rei
1138 1783 1310 1820 nondum
1329 1784 1395 1819 ha-

338 1835 450 1873 bitae.
483 1837 585 1884 Ergo
615 1835 780 1873 dilatatio
809 1835 928 1883 magis
955 1835 1105 1872 videtur
1131 1835 1318 1883 pertinere
1346 1836 1395 1872 ad

339 1888 569 1926 desiderium
598 1901 713 1936 quam
743 1888 792 1925 ad
820 1888 1119 1925 delectationem.

395 1942 430 1978 3.
458 1941 696 1988 Flammam,
717 1941 930 1978 constrictio
954 1940 1159 1978 dilatationi
1179 1941 1393 1990 opponitur.

341 1993 419 2031 Sed
435 1993 647 2031 constrictio
662 1994 813 2031 videtur
827 1994 877 2031 ad
887 1994 1175 2031 delectationem
1190 1994 1393 2042 pertinere:

293 2058 304 2068 ·
341 2058 432 2083 nam
460 2046 550 2083 illud
579 2046 868 2094 constringimus
895 2046 1000 2094 quod
1028 2046 1186 2083 firmiter
1216 2047 1396 2083 volumus

101 3449 119 3462 ⁴
133 3449 181 3478 Qu.
194 3455 260 3477 xxm,
275 3454 316 3473 ιη.

97 3480 316 3505 .4;qu.m,m.2.

341 2098 516 2145 retinere3
546 2106 582 2135 et
608 2099 689 2136 talis
718 2106 774 2135 est
801 2099 949 2136 affectio
979 2099 1165 2147 appetitus
1194 2098 1290 2136 circa
1315 2111 1395 2136 rem

343 2151 603 2189 delectantem.
633 2152 735 2200 Ergo
756 2151 920 2189 dilatatio
940 2152 989 2189 ad
1010 2152 1298 2189 delectationem
1317 2165 1396 2189 non

342 2211 513 2253 pertinet.

397 2257 472 2294 SED
491 2268 637 2293 CONTRA
659 2269 725 2294 EST
753 2257 868 2305 quod,
889 2257 937 2294 ad
958 2257 1239 2305 expressionem
1259 2258 1395 2304 gaudii,

345 2309 478 2347 dicitur
496 2309 613 2346 Isaiae
629 2322 675 2346 Lx
689 2309 726 2346 *ε
754 2309 910 2356 Videbis,
930 2315 966 2346 et
982 2310 1128 2358 afflues,
1148 2315 1184 2345 et
1200 2310 1398 2346 mirabitur

343 2356 381 2399 et
395 2361 610 2398 dilatabitur
627 2367 828 2398 cortuum.
843 2383 867 2389 -
885 2363 969 2410 Ipsa
993 2362 1105 2398 etiam
1135 2361 1331 2398 delectatio
1353 2375 1397 2399 ex

345 2414 560 2452 dilatatione
588 2427 731 2451 nornen
759 2414 905 2463 accepit
931 2422 972 2451 ut
1000 2414 1136 2451 laetitia
1165 2414 1396 2462 nominetur,

310 2491 317 2498 ·
343 2467 437 2505 sicut
463 2479 577 2515 supra
595 2467 616 2488 *
644 2467 785 2504 dictum
814 2475 880 2504 est.

396 2521 621 2557 RESPONDEO
640 2531 824 2557 D1CENDUM
843 2520 950 2567 quod
967 2520 1122 2557 latitudo
1139 2528 1194 2557 est
1209 2520 1397 2568 quaedam

345 2572 531 2610 dimensio
560 2572 827 2620 magnitudinis
860 2573 1083 2621 corporalis:
1113 2573 1214 2610 unde
1243 2573 1280 2609 in
1309 2573 1399 2609 affe-

345 2625 532 2662 ctionibus
559 2625 710 2661 animae
743 2637 821 2661 non
853 2625 923 2661 nisi
956 2625 1167 2662 secundum
1200 2626 1398 2674 metapho-

344 2689 426 2714 ram
443 2677 586 2713 dicitur.
602 2677 778 2713 Dilatatio
793 2684 920 2713 autem
937 2677 1070 2714 dicitur
1083 2678 1189 2727 quasi
1209 2685 1335 2714 motus
1351 2678 1398 2715 ad

344 2729 590 2766 latitudinem.
624 2730 673 2765 Et
701 2729 882 2777 competit
915 2730 1151 2767 delectationi
1188 2731 1398 2767 secundum

1443 1214 1563 1238 unum
1592 1209 1647 1238 est
1674 1214 1719 1239 ex
1746 1210 1851 1250 parte
1880 1207 2178 1254 apprehensivae
2205 1211 2368 1258 virtutis,
2397 1223 2495 1259 quae

1445 1254 1693 1303 apprehendit
1725 1255 2028 1295 coniunctionem
2057 1261 2210 1298 alicuius
2238 1263 2329 1299 boni
2358 1276 2496 1301 conve-

1445 1306 1590 1343 nientis.
1617 1308 1675 1343 Ex
1693 1308 1765 1343 hac
1784 1316 1910 1345 autem
1931 1313 2231 1359 apprehensione
2250 1316 2496 1364 apprehendit

1445 1371 1486 1395 se
1515 1360 1633 1396 homo
1661 1360 1933 1407 perfectionem
1958 1365 2150 1411 quandam
2175 1367 2368 1416 adeptum,
2398 1381 2495 1417 quae

1445 1419 1501 1448 est
1529 1411 1726 1460 spiritualis
1753 1414 1988 1461 magnitudo:
2018 1425 2054 1453 et
2081 1420 2291 1456 secundum
2315 1422 2401 1467 hoc,
2422 1422 2498 1458 ani·

1446 1477 1532 1501 mus
1559 1464 1722 1501 hominis
1752 1466 1883 1504 dicitur
1912 1480 1980 1515 per
2008 1469 2293 1509 delectationem
2326 1474 2498 1521 magnifi-

1447 1516 1538 1564 cari,
1568 1529 1636 1553 seu
1665 1517 1818 1555 dilatari.
1838 1540 1862 1546 -
1881 1520 1995 1557 Aliud
2022 1530 2149 1559 autem
2170 1532 2224 1560 est
2245 1537 2289 1561 ex
2308 1534 2412 1573 parte
2432 1540 2498 1575 ap-

1446 1569 1622 1618 petitivae
1650 1570 1805 1618 virtutis,
1835 1584 1932 1619 quae
1961 1575 2113 1611 assentit
2141 1576 2193 1612 rei
2222 1577 2440 1626 delectabili,
2463 1587 2500 1616 et

1446 1622 1485 1659 in
1513 1635 1558 1659 ea
1585 1622 1758 1671 quiescit,
1788 1625 2077 1671 quodammodo
2106 1640 2146 1664 se
2174 1630 2360 1676 praebens
2389 1632 2423 1667 ei
2450 1632 2499 1669 ad

1448 1687 1533 1712 eam
1560 1675 1713 1712 interius
1743 1677 1977 1724 capiendam.
2008 1680 2056 1716 Et
2075 1679 2127 1716 sic
2148 1681 2318 1718 dilatatur
2343 1683 2499 1721 affectus

1447 1728 1611 1764 hominis
1638 1741 1707 1776 per
1735 1729 2038 1778 delectationem,
2068 1733 2176 1780 quasi
2203 1746 2244 1770 se
2271 1736 2422 1772 tradens
2451 1738 2499 1774 ad

1449 1781 1719 1818 continendum
1748 1782 1902 1819 interius
1931 1795 2012 1820 rem
2041 1785 2301 1824 delectantem.

1500 1835 1559 1870 An
1587 1846 1724 1871 PR1MUM
1752 1847 1849 1871 ERGO
1878 1847 2061 1874 DICENDUM
2089 1839 2193 1886 quod
2218 1839 2308 1876 nihil
2326 1841 2502 1888 prohibet

1447 1885 1485 1923 in
1503 1887 1562 1923 his
1590 1899 1687 1936 quae
1716 1887 1891 1924 dicuntur
1918 1891 2186 1938 metaphorice,
2207 1892 2309 1928 idem
2343 1893 2500 1930 diversis

1447 1939 1595 1976 attribui
1623 1940 1834 1976 secundum
1867 1940 2035 1978 diversas
2068 1943 2336 1982 similitudines.
2369 1947 2418 1982 Et
2444 1959 2500 1982 se-

1448 1992 1617 2028 cundum
1636 1993 1722 2039 hoc,
1744 1992 1908 2029 dilatatio
1929 1994 2088 2042 pertinet
2106 1996 2154 2032 ad
2169 2008 2341 2034 amorem
2357 1998 2499 2035 ratione

1449 2045 1646 2081 cuiusdam
1667 2045 1903 2092 extensionis,
1921 2046 2146 2094 inquantum
2166 2049 2322 2087 affectus
2341 2051 2500 2088 amantis

1448 2097 1497 2134 acl
1516 2097 1608 2134 alios
1628 2097 1848 2144 extenditur,
1878 2106 1918 2135 ut
1938 2107 2041 2136 curet
2068 2113 2146 2138 non
2171 2102 2295 2138 solum
2315 2115 2412 2150 quae
2432 2117 2500 2141 sua

1449 2158 1549 2197 sunt,
1579 2150 1647 2187 sed
1675 2163 1772 2198 quae
1801 2151 1973 2188 aliorum.
2007 2153 2066 2189 Ad
2095 2153 2379 2192 delectationem
2406 2169 2500 2193 vero

1448 2203 1608 2251 pertinet
1628 2203 1804 2249 dilatatio,
1821 2203 2044 2252 inquantum
2064 2206 2202 2254 aliquid
2222 2207 2259 2244 in
2279 2208 2402 2256 seipso
2422 2221 2501 2246 am-

1449 2255 1595 2304 pliatur,
1623 2263 1665 2291 ut
1692 2256 1800 2304 quasi
1829 2257 2002 2304 capacius
2030 2258 2218 2296 reddatur.

1502 2309 1562 2344 AD
1590 2319 1779 2344 SECUNDUM
1807 2320 1989 2346 DICENDUM
2018 2311 2122 2358 quod
2141 2311 2370 2349 desiderium
2390 2313 2503 2350 habet

1451 2360 1605 2409 quidem
1643 2360 1810 2409 aliquam
1847 2361 2130 2409 ampliationem
2165 2375 2210 2400 ex
2238 2364 2502 2412 imaginatione

1451 2413 1503 2449 rei
1532 2413 1782 2450 desideratae:
1817 2413 1883 2450 sed
1912 2415 2030 2451 multo
2065 2415 2184 2463 magis
2218 2429 2262 2453 ex
2293 2419 2503 2465 praesentia

1451 2466 1503 2503 rei
1522 2466 1598 2503 iam
1619 2465 1846 2502 delectantis.
1868 2466 1967 2512 Quia
1983 2468 2103 2515 magis
2121 2470 2277 2517 praebet
2295 2482 2335 2506 se
2355 2471 2503 2508 animus

1451 2519 1504 2556 rei
1533 2519 1608 2555 iam
1639 2519 1847 2566 delectanti,
1877 2531 1992 2567 quam
2018 2521 2069 2557 rei
2088 2534 2167 2563 non
2184 2522 2332 2559 habitae
2357 2524 2502 2561 deside-

1451 2580 1574 2609 ratae:
1605 2584 1692 2608 cum
1721 2572 1918 2608 delectatio
1946 2577 1992 2609 sit
2018 2573 2104 2610 finis
2133 2574 2317 2612 desiderii.

1504 2627 1562 2661 AD
1590 2636 1748 2661 TERTmM
1776 2636 1959 2662 D1CENDUM
1987 2626 2091 2674 quod
2118 2626 2176 2663 ille
2204 2628 2268 2675 qui
2289 2628 2502 2676 delectatur,

1453 2677 1670 2724 constringit
1697 2677 1853 2724 quidem
1882 2690 1963 2714 rem
1984 2680 2242 2726 delectantem,
2264 2681 2355 2717 dum
2381 2682 2413 2718 ei
2432 2682 2505 2718 for-

1452 2731 1536 2767 titer
1563 2730 1752 2766 inhaeret:
1782 2731 1848 2767 sed
1869 2743 1935 2767 cor
1957 2744 2069 2768 suum
2098 2733 2262 2781 ampliat,
2282 2741 2323 2770 ut
2341 2735 2504 2782 perfecte

346 2782 423 2819 duo
444 2794 541 2830 quae
561 2781 608 2818 ad
629 2782 916 2819 delectationem
942 2783 1190 2831 requiruntur.
1222 2784 1398 2830 Quorum
1424 2771 1427 2822 Ι
1454 2783 1663 2821 delectabili
1690 2783 1843 2820 fruatur.

1104 2944 1419 2986 ARTICULUS
1450 2945 1747 2987 SECUNDUS

783 3026 938 3057 UTRUM
962 3026 1239 3058 DELECTATIO
1264 3027 1433 3059 CAUSET
1456 3029 1522 3059 sm
1547 3029 1675 3075 Slrnvt,
1699 3029 1783 3059 VEL
1806 3029 2066 3059 DESIDERIUM

909 3105 943 3130 [v
962 3105 1044 3135 sent„
1063 3105 1123 3131 dist.
1140 3114 1206 3138 xux,
1227 3114 1271 3139 qu.
1289 3114 1326 3138 m,
1345 3113 1391 3132 art.
1408 3115 1430 3139 2,
1450 3108 1482 3132 ad
1503 3107 1532 3138 3;
1553 3108 1582 3132 In
1603 3108 1686 3136 Ioan„
1706 3115 1761 3140 cap.
1780 3115 1813 3139 w,
1833 3108 1891 3133 lect.
1910 3115 1938 3133 11.

378 3196 442 3238 ’,μή
466 3204 533 3243 Μ(
557 3193 580 3218 D
599 3193 787 3219 SECUNDUM
801 3194 854 3219 stc
869 3195 1107 3220 Paocenirun.
1123 3184 1281 3221 Videtur
1295 3185 1399 3233 quod

375 3224 754 3294 ῊὲἣάεΙεεῐεῐὶο
793 3247 871 3272 non
906 3244 1033 3273 causet
1073 3237 1300 3274 desiderium
1343 3238 1400 3274 sui

365 3290 478 3342 25:1¹.
499 3277 525 3334 ἢ
558 3286 686 3335 ipsius.
716 3288 853 3325 Omnis
874 3289 974 3325 enim
995 3298 1121 3327 motus
1150 3298 1280 3337 cessat,
1311 3303 1399 3328 cum

402 3314 466 3366 (³¹
478 3330 772 3388 pervenerit
803 3343 852 3378 ad
884 3342 1061 3389 quietem.
1097 3343 1172 3380 Sed
1202 3344 1398 3381 delectatio

344 3399 401 3428 est
427 3391 535 3439 quasi
563 3393 753 3440 quaedam
773 3394 880 3441 quies
909 3402 1035 3432 motus
1064 3396 1251 3443 desiderii,
1280 3404 1320 3433 ut
1339 3409 1399 3433 su-

342 3456 412 3492 pra
430 3443 451 3465 *
477 3444 620 3482 dictum
653 3453 719 3483 est.
755 3446 886 3484 Cessat
917 3459 1006 3495 ergo
1043 3456 1170 3485 motus
1204 3449 1397 3496 desiderii,

345 3508 432 3533 curn
451 3497 501 3534 ad
524 3498 813 3535 delectationem
840 3501 1066 3548 pervenerit.
1097 3502 1186 3539 Non
1215 3514 1304 3550 ergo
1333 3503 1398 3540 de-

344 3549 492 3587 lectatio
521 3558 649 3588 causat
677 3551 915 3589 desiderium.

1508 3198 1542 3222 2.
1576 3187 1811 3232 PRAETEREA,
1845 3185 2063 3234 oppositum
2097 3199 2175 3224 non
2209 3195 2264 3224 est
2298 3201 2412 3225 causa
2448 3190 2505 3226 sui

1453 3239 1628 3287 oppositi.
1659 3239 1736 3275 Sed
1764 3239 1959 3276 delectatio
1993 3240 2283 3288 quodammodo
2317 3242 2503 3279 desiderio

1453 3291 1669 3340 opponitur,
1695 3304 1739 3328 ex
1759 3299 1864 3340 parte
1893 3292 2046 3329 obiecti:
2077 3305 2166 3330 nam
2196 3293 2422 3330 desiderium
2450 3302 2505 3331 est

1453 3344 1543 3381 boni
1571 3357 1649 3381 non
1677 3344 1803 3392 habiti,
1833 3345 2030 3382 delectatio
2049 3357 2142 3382 vero
2172 3346 2261 3382 boni
2281 3346 2354 3382 iam
2374 3347 2501 3383 habiti.

1454 3398 1554 3445 Ergo
1583 3397 1779 3434 delectatio
1804 3410 1881 3434 non
1902 3405 2031 3434 causat
2050 3398 2277 3435 desiderium
2297 3399 2353 3434 sui
2374 3399 2501 3447 ipsius.

1507 3452 1540 3487 3.
1563 3452 1792 3496 PRAETEREA,
1810 3450 1998 3488 fastidium
2015 3451 2199 3488 desiderio
2216 3459 2408 3498 repugnat.
2426 3451 2503 3488 Sed

1453 3503 1650 3539 delectatio
1674 3504 1898 3552 plerumque
1918 3511 2046 3540 causat
2073 3503 2274 3542 fastidium.
2304 3504 2394 3540 Non
2414 3516 2502 3552 ergo

1451 3556 1537 3592 facit
1564 3555 1620 3592 sui
1650 3556 1887 3593 desiderium.
