<?xml version="1.0" encoding="UTF-8"?>
<!DOCTYPE html PUBLIC "-//W3C//DTD XHTML 1.0 Transitional//EN"
    "http://www.w3.org/TR/xhtml1/DTD/xhtml1-transitional.dtd">
<html xmlns="http://www.w3.org/1999/xhtml" xml:lang="en" lang="en">
 <head>
  <title>
</title>
<meta http-equiv="Content-Type" content="text/html;charset=utf-8" />
  <meta name='ocr-system' content='tesseract 3.04.00' />
  <meta name='ocr-capabilities' content='ocr_page ocr_carea ocr_par ocr_line ocrx_word'/>
</head>
<body>
  <div class='ocr_page' id='page_1' title='image "./operaomniaiussui06thom/operaomniaiussui06thom_0172.png"; bbox 0 0 2852 4152; ppageno 0'>
   <div class='ocr_carea' id='block_1_1' title="bbox 160 3142 368 3189">
    <p class='ocr_par' dir='ltr' id='par_1_1' title="bbox 160 3142 368 3189">
     <span class='ocr_line' id='line_1_1' title="bbox 160 3142 368 3168; baseline 0 -6"><span class='ocrx_word' id='word_1_1' title='bbox 160 3142 170 3153; x_wconf 72' lang='lat'><strong>¹*</strong></span> <span class='ocrx_word' id='word_1_2' title='bbox 184 3142 235 3163; x_wconf 85' lang='lat' dir='ltr'><strong>Art.</strong></span> <span class='ocrx_word' id='word_1_3' title='bbox 250 3147 272 3168; x_wconf 84' lang='lat'><strong>2,</strong></span> <span class='ocrx_word' id='word_1_4' title='bbox 288 3144 368 3162; x_wconf 84' lang='lat' dir='ltr'><strong>contra</strong></span> 
     </span>
     <span class='ocr_line' id='line_1_2' title="bbox 162 3168 269 3189; baseline 0 0"><span class='ocrx_word' id='word_1_5' title='bbox 162 3168 235 3189; x_wconf 87' lang='lat' dir='ltr'><strong>concl.</strong></span> <span class='ocrx_word' id='word_1_6' title='bbox 250 3174 269 3189; x_wconf 84' lang='lat'><strong>2.</strong></span> 
     </span>
    </p>
   </div>
   <div class='ocr_carea' id='block_1_2' title="bbox 161 3238 370 3287">
    <p class='ocr_par' dir='ltr' id='par_1_2' title="bbox 161 3238 370 3287">
     <span class='ocr_line' id='line_1_3' title="bbox 161 3238 370 3266; baseline -0.005 -6"><span class='ocrx_word' id='word_1_7' title='bbox 161 3238 370 3266; x_wconf 60' lang='lat' dir='ltr'><strong>&#39;Cf-ampraeced„</strong></span> 
     </span>
     <span class='ocr_line' id='line_1_4' title="bbox 161 3265 370 3287; baseline 0 -1"><span class='ocrx_word' id='word_1_8' title='bbox 161 3265 293 3286; x_wconf 87' lang='lat' dir='ltr'><strong>Comment.</strong></span> <span class='ocrx_word' id='word_1_9' title='bbox 307 3271 370 3287; x_wconf 80' lang='lat' dir='ltr'><strong>num.</strong></span> 
     </span>
    </p>
   </div>
   <div class='ocr_carea' id='block_1_3' title="bbox 160 3479 370 3529">
    <p class='ocr_par' dir='ltr' id='par_1_3' title="bbox 160 3479 370 3529">
     <span class='ocr_line' id='line_1_5' title="bbox 160 3479 370 3504; baseline -0.005 -2"><span class='ocrx_word' id='word_1_10' title='bbox 160 3482 250 3504; x_wconf 67' lang='lat' dir='ltr'><strong>*Ar-m:</strong></span> <span class='ocrx_word' id='word_1_11' title='bbox 262 3479 290 3501; x_wconf 80' lang='lat' dir='ltr'><strong>cs.</strong></span> <span class='ocrx_word' id='word_1_12' title='bbox 300 3479 370 3501; x_wconf 91' lang='lat' dir='ltr'><strong>Com-</strong></span> 
     </span>
     <span class='ocr_line' id='line_1_6' title="bbox 162 3511 348 3529; baseline -0.005 -1"><span class='ocrx_word' id='word_1_13' title='bbox 162 3511 232 3529; x_wconf 82' lang='lat' dir='ltr'><strong>mem.</strong></span> <span class='ocrx_word' id='word_1_14' title='bbox 246 3512 309 3528; x_wconf 88' lang='lat' dir='ltr'><strong>num.</strong></span> <span class='ocrx_word' id='word_1_15' title='bbox 318 3512 348 3527; x_wconf 79' lang='lat' dir='ltr'><strong>tv.</strong></span> 
     </span>
    </p>
   </div>
   <div class='ocr_carea' id='block_1_4' title="bbox 404 192 474 227">
    <p class='ocr_par' dir='ltr' id='par_1_4' title="bbox 404 192 474 227">
     <span class='ocr_line' id='line_1_7' title="bbox 404 192 474 227; baseline -0.014 0"><span class='ocrx_word' id='word_1_16' title='bbox 404 192 474 227; x_wconf 81' lang='lat'><strong>160</strong></span> 
     </span>
    </p>
   </div>
   <div class='ocr_carea' id='block_1_5' title="bbox 397 267 1461 1566">
    <p class='ocr_par' dir='ltr' id='par_1_5' title="bbox 397 267 1460 1364">
     <span class='ocr_line' id='line_1_8' title="bbox 398 267 1458 316; baseline -0.003 -11"><span class='ocrx_word' id='word_1_17' title='bbox 398 269 496 316; x_wconf 88' lang='lat' dir='ltr'><strong>finis,</strong></span> <span class='ocrx_word' id='word_1_18' title='bbox 526 276 615 305; x_wconf 93' lang='lat' dir='ltr'><strong>tunc</strong></span> <span class='ocrx_word' id='word_1_19' title='bbox 644 277 748 306; x_wconf 88' lang='lat' dir='ltr'><strong>actus</strong></span> <span class='ocrx_word' id='word_1_20' title='bbox 783 269 943 306; x_wconf 84' lang='lat' dir='ltr'>exterior</span> <span class='ocrx_word' id='word_1_21' title='bbox 961 267 974 290; x_wconf 65' lang='grc' dir='ltr'><em>δ</em></span> <span class='ocrx_word' id='word_1_22' title='bbox 1003 268 1092 305; x_wconf 91' lang='lat' dir='ltr'>nihil</span> <span class='ocrx_word' id='word_1_23' title='bbox 1122 268 1225 305; x_wconf 83' lang='lat' dir='ltr'>addit</span> <span class='ocrx_word' id='word_1_24' title='bbox 1244 268 1293 304; x_wconf 94' lang='lat' dir='ltr'><strong>ad</strong></span> <span class='ocrx_word' id='word_1_25' title='bbox 1313 267 1458 303; x_wconf 92' lang='lat' dir='ltr'><strong>bonita-</strong></span> 
     </span>
     <span class='ocr_line' id='line_1_9' title="bbox 399 319 1458 370; baseline -0.004 -12"><span class='ocrx_word' id='word_1_26' title='bbox 399 329 488 368; x_wconf 90' lang='lat' dir='ltr'><strong>tem,</strong></span> <span class='ocrx_word' id='word_1_27' title='bbox 520 322 589 358; x_wconf 91' lang='lat' dir='ltr'><strong>nisi</strong></span> <span class='ocrx_word' id='word_1_28' title='bbox 619 322 810 369; x_wconf 87' lang='lat' dir='ltr'><strong>contingat</strong></span> <span class='ocrx_word' id='word_1_29' title='bbox 837 322 959 370; x_wconf 87' lang='lat' dir='ltr'><strong>ipsam</strong></span> <span class='ocrx_word' id='word_1_30' title='bbox 987 323 1223 358; x_wconf 89' lang='lat' dir='ltr'><strong>voluntatem</strong></span> <span class='ocrx_word' id='word_1_31' title='bbox 1249 319 1458 356; x_wconf 91' lang='lat' dir='ltr'><strong>secundum</strong></span> 
     </span>
     <span class='ocr_line' id='line_1_10' title="bbox 400 371 1457 421; baseline -0.006 -9"><span class='ocrx_word' id='word_1_32' title='bbox 400 387 439 411; x_wconf 88' lang='lat' dir='ltr'><strong>se</strong></span> <span class='ocrx_word' id='word_1_33' title='bbox 468 375 550 411; x_wconf 91' lang='lat' dir='ltr'><strong>fieri</strong></span> <span class='ocrx_word' id='word_1_34' title='bbox 578 375 775 412; x_wconf 89' lang='lat' dir='ltr'><strong>meliorem</strong></span> <span class='ocrx_word' id='word_1_35' title='bbox 795 375 834 411; x_wconf 91' lang='lat' dir='ltr'><strong>in</strong></span> <span class='ocrx_word' id='word_1_36' title='bbox 853 375 979 421; x_wconf 91' lang='lat' dir='ltr'><strong>bonis,</strong></span> <span class='ocrx_word' id='word_1_37' title='bbox 1003 375 1064 411; x_wconf 82' lang='lat' dir='ltr'><strong>vel</strong></span> <span class='ocrx_word' id='word_1_38' title='bbox 1085 374 1255 421; x_wconf 90' lang='lat' dir='ltr'><strong>peiorem</strong></span> <span class='ocrx_word' id='word_1_39' title='bbox 1275 372 1313 408; x_wconf 91' lang='lat' dir='ltr'><strong>in</strong></span> <span class='ocrx_word' id='word_1_40' title='bbox 1338 371 1457 407; x_wconf 91' lang='lat' dir='ltr'><strong>malis.</strong></span> 
     </span>
     <span class='ocr_line' id='line_1_11' title="bbox 401 423 1457 476; baseline -0.006 -12"><span class='ocrx_word' id='word_1_41' title='bbox 401 427 517 473; x_wconf 89' lang='lat' dir='ltr'><strong>Quod</strong></span> <span class='ocrx_word' id='word_1_42' title='bbox 546 427 700 476; x_wconf 89' lang='lat' dir='ltr'><strong>quidem</strong></span> <span class='ocrx_word' id='word_1_43' title='bbox 720 428 869 464; x_wconf 88' lang='lat' dir='ltr'><strong>videtur</strong></span> <span class='ocrx_word' id='word_1_44' title='bbox 887 439 1000 476; x_wconf 90' lang='lat' dir='ltr'><strong>posse</strong></span> <span class='ocrx_word' id='word_1_45' title='bbox 1022 426 1234 472; x_wconf 88' lang='lat' dir='ltr'><strong>contingere</strong></span> <span class='ocrx_word' id='word_1_46' title='bbox 1258 423 1457 472; x_wconf 88' lang='lat' dir='ltr'>tripliciter.</span> 
     </span>
     <span class='ocr_line' id='line_1_12' title="bbox 400 475 1459 527; baseline -0.007 -10"><span class='ocrx_word' id='word_1_47' title='bbox 400 480 487 516; x_wconf 93' lang='lat' dir='ltr'><strong>Uno</strong></span> <span class='ocrx_word' id='word_1_48' title='bbox 517 481 647 527; x_wconf 91' lang='lat' dir='ltr'><strong>modo,</strong></span> <span class='ocrx_word' id='word_1_49' title='bbox 678 481 889 517; x_wconf 90' lang='lat' dir='ltr'><strong>secundum</strong></span> <span class='ocrx_word' id='word_1_50' title='bbox 910 490 1122 515; x_wconf 88' lang='lat' dir='ltr'><strong>numerum.</strong></span> <span class='ocrx_word' id='word_1_51' title='bbox 1153 478 1259 522; x_wconf 90' lang='lat' dir='ltr'><strong>Puta,</strong></span> <span class='ocrx_word' id='word_1_52' title='bbox 1282 488 1369 512; x_wconf 87' lang='lat' dir='ltr'><strong>cum</strong></span> <span class='ocrx_word' id='word_1_53' title='bbox 1395 475 1459 511; x_wconf 89' lang='lat' dir='ltr'><strong>ali-</strong></span> 
     </span>
     <span class='ocr_line' id='line_1_13' title="bbox 402 529 1459 581; baseline -0.006 -12"><span class='ocrx_word' id='word_1_54' title='bbox 402 532 485 580; x_wconf 92' lang='lat' dir='ltr'><strong>quis</strong></span> <span class='ocrx_word' id='word_1_55' title='bbox 512 533 594 569; x_wconf 86' lang='lat' dir='ltr'><strong>vult</strong></span> <span class='ocrx_word' id='word_1_56' title='bbox 622 532 762 581; x_wconf 90' lang='lat' dir='ltr'><strong>aliquid</strong></span> <span class='ocrx_word' id='word_1_57' title='bbox 791 533 913 568; x_wconf 82' lang='lat' dir='ltr'><strong>facere</strong></span> <span class='ocrx_word' id='word_1_58' title='bbox 943 532 1045 567; x_wconf 92' lang='lat' dir='ltr'><strong>bono</strong></span> <span class='ocrx_word' id='word_1_59' title='bbox 1075 530 1150 566; x_wconf 88' lang='lat' dir='ltr'><strong>fine</strong></span> <span class='ocrx_word' id='word_1_60' title='bbox 1179 529 1241 565; x_wconf 91' lang='lat' dir='ltr'><strong>vel</strong></span> <span class='ocrx_word' id='word_1_61' title='bbox 1270 529 1392 574; x_wconf 92' lang='lat' dir='ltr'><strong>malo,</strong></span> <span class='ocrx_word' id='word_1_62' title='bbox 1424 535 1459 563; x_wconf 90' lang='lat' dir='ltr'><strong>et</strong></span> 
     </span>
     <span class='ocr_line' id='line_1_14' title="bbox 400 581 1460 632; baseline -0.006 -11"><span class='ocrx_word' id='word_1_63' title='bbox 400 593 490 621; x_wconf 90' lang='lat' dir='ltr'><strong>tunc</strong></span> <span class='ocrx_word' id='word_1_64' title='bbox 519 585 674 632; x_wconf 91' lang='lat' dir='ltr'><strong>quidem</strong></span> <span class='ocrx_word' id='word_1_65' title='bbox 708 597 786 621; x_wconf 92' lang='lat' dir='ltr'><strong>non</strong></span> <span class='ocrx_word' id='word_1_66' title='bbox 814 584 918 629; x_wconf 87' lang='lat' dir='ltr'><strong>facit,</strong></span> <span class='ocrx_word' id='word_1_67' title='bbox 948 581 1196 631; x_wconf 88' lang='lat' dir='ltr'><strong>postmodum</strong></span> <span class='ocrx_word' id='word_1_68' title='bbox 1226 587 1352 617; x_wconf 93' lang='lat' dir='ltr'><strong>autem</strong></span> <span class='ocrx_word' id='word_1_69' title='bbox 1380 581 1460 616; x_wconf 92' lang='lat' dir='ltr'><strong>vult</strong></span> 
     </span>
     <span class='ocr_line' id='line_1_15' title="bbox 402 633 1459 685; baseline -0.006 -11"><span class='ocrx_word' id='word_1_70' title='bbox 402 644 438 674; x_wconf 93' lang='lat' dir='ltr'><strong>et</strong></span> <span class='ocrx_word' id='word_1_71' title='bbox 457 637 562 683; x_wconf 80' lang='lat' dir='ltr'><strong>facit3</strong></span> <span class='ocrx_word' id='word_1_72' title='bbox 593 637 803 685; x_wconf 85' lang='lat' dir='ltr'>duplicatur</span> <span class='ocrx_word' id='word_1_73' title='bbox 831 643 934 672; x_wconf 90' lang='lat' dir='ltr'><strong>actus</strong></span> <span class='ocrx_word' id='word_1_74' title='bbox 962 633 1176 680; x_wconf 88' lang='lat' dir='ltr'><strong>voluntatis,</strong></span> <span class='ocrx_word' id='word_1_75' title='bbox 1204 640 1239 669; x_wconf 91' lang='lat' dir='ltr'><strong>et</strong></span> <span class='ocrx_word' id='word_1_76' title='bbox 1258 633 1310 670; x_wconf 90' lang='lat' dir='ltr'><strong>sic</strong></span> <span class='ocrx_word' id='word_1_77' title='bbox 1330 633 1373 669; x_wconf 90' lang='lat' dir='ltr'><strong>fit</strong></span> <span class='ocrx_word' id='word_1_78' title='bbox 1392 633 1459 669; x_wconf 93' lang='lat' dir='ltr'><strong>du-</strong></span> 
     </span>
     <span class='ocr_line' id='line_1_16' title="bbox 400 686 1458 738; baseline -0.005 -12"><span class='ocrx_word' id='word_1_79' title='bbox 400 690 486 738; x_wconf 92' lang='lat' dir='ltr'><strong>plex</strong></span> <span class='ocrx_word' id='word_1_80' title='bbox 502 690 646 726; x_wconf 91' lang='lat' dir='ltr'><strong>bonum</strong></span> <span class='ocrx_word' id='word_1_81' title='bbox 661 690 722 726; x_wconf 89' lang='lat' dir='ltr'><strong>vel</strong></span> <span class='ocrx_word' id='word_1_82' title='bbox 739 689 874 736; x_wconf 85' lang='lat' dir='ltr'>duplex</span> <span class='ocrx_word' id='word_1_83' title='bbox 890 688 1079 723; x_wconf 90' lang='lat' dir='ltr'><strong>malum.-</strong></span> <span class='ocrx_word' id='word_1_84' title='bbox 1090 686 1174 722; x_wconf 93' lang='lat' dir='ltr'><strong>Alio</strong></span> <span class='ocrx_word' id='word_1_85' title='bbox 1192 686 1323 732; x_wconf 90' lang='lat' dir='ltr'><strong>modo,</strong></span> <span class='ocrx_word' id='word_1_86' title='bbox 1340 698 1458 733; x_wconf 90' lang='lat' dir='ltr'><strong>quan-</strong></span> 
     </span>
     <span class='ocr_line' id='line_1_17' title="bbox 401 738 1459 787; baseline -0.003 -10"><span class='ocrx_word' id='word_1_87' title='bbox 401 749 482 778; x_wconf 91' lang='lat' dir='ltr'><strong>tum</strong></span> <span class='ocrx_word' id='word_1_88' title='bbox 512 742 560 779; x_wconf 91' lang='lat' dir='ltr'><strong>ad</strong></span> <span class='ocrx_word' id='word_1_89' title='bbox 589 741 861 777; x_wconf 82' lang='lat' dir='ltr'><strong>extensionem.</strong></span> <span class='ocrx_word' id='word_1_90' title='bbox 890 741 997 786; x_wconf 91' lang='lat' dir='ltr'><strong>Puta,</strong></span> <span class='ocrx_word' id='word_1_91' title='bbox 1020 751 1108 775; x_wconf 91' lang='lat' dir='ltr'><strong>cum</strong></span> <span class='ocrx_word' id='word_1_92' title='bbox 1137 738 1269 787; x_wconf 90' lang='lat' dir='ltr'><strong>aliquis</strong></span> <span class='ocrx_word' id='word_1_93' title='bbox 1298 739 1379 775; x_wconf 87' lang='lat' dir='ltr'><strong>vult</strong></span> <span class='ocrx_word' id='word_1_94' title='bbox 1407 738 1459 774; x_wconf 81' lang='lat' dir='ltr'><strong>fa-</strong></span> 
     </span>
     <span class='ocr_line' id='line_1_18' title="bbox 402 789 1458 841; baseline -0.003 -11"><span class='ocrx_word' id='word_1_95' title='bbox 402 806 486 830; x_wconf 92' lang='lat' dir='ltr'><strong>cere</strong></span> <span class='ocrx_word' id='word_1_96' title='bbox 506 793 648 841; x_wconf 87' lang='lat' dir='ltr'><strong>aliquid</strong></span> <span class='ocrx_word' id='word_1_97' title='bbox 664 794 767 829; x_wconf 91' lang='lat' dir='ltr'><strong>bono</strong></span> <span class='ocrx_word' id='word_1_98' title='bbox 784 793 859 828; x_wconf 91' lang='lat' dir='ltr'><strong>fine</strong></span> <span class='ocrx_word' id='word_1_99' title='bbox 874 793 936 828; x_wconf 92' lang='lat' dir='ltr'><strong>vel</strong></span> <span class='ocrx_word' id='word_1_100' title='bbox 955 792 1070 839; x_wconf 90' lang='lat' dir='ltr'><strong>malo,</strong></span> <span class='ocrx_word' id='word_1_101' title='bbox 1087 798 1123 827; x_wconf 92' lang='lat' dir='ltr'><strong>et</strong></span> <span class='ocrx_word' id='word_1_102' title='bbox 1137 793 1292 840; x_wconf 77' lang='lat' dir='ltr'><strong>prepter</strong></span> <span class='ocrx_word' id='word_1_103' title='bbox 1306 789 1458 839; x_wconf 88' lang='lat' dir='ltr'>aliquod</span> 
     </span>
     <span class='ocr_line' id='line_1_19' title="bbox 400 843 1460 894; baseline -0.003 -12"><span class='ocrx_word' id='word_1_104' title='bbox 400 846 716 894; x_wconf 86' lang='lat' dir='ltr'><strong>impedimentum</strong></span> <span class='ocrx_word' id='word_1_105' title='bbox 757 845 923 891; x_wconf 90' lang='lat' dir='ltr'><strong>desistit;</strong></span> <span class='ocrx_word' id='word_1_106' title='bbox 962 843 1056 880; x_wconf 92' lang='lat' dir='ltr'><strong>alius</strong></span> <span class='ocrx_word' id='word_1_107' title='bbox 1098 851 1224 880; x_wconf 89' lang='lat' dir='ltr'><strong>autem</strong></span> <span class='ocrx_word' id='word_1_108' title='bbox 1267 843 1460 880; x_wconf 89' lang='lat' dir='ltr'><strong>continuat</strong></span> 
     </span>
     <span class='ocr_line' id='line_1_20' title="bbox 400 896 1459 945; baseline -0.002 -11"><span class='ocrx_word' id='word_1_109' title='bbox 400 905 549 935; x_wconf 91' lang='lat' dir='ltr'><strong>motum</strong></span> <span class='ocrx_word' id='word_1_110' title='bbox 567 897 770 934; x_wconf 88' lang='lat' dir='ltr'><strong>voluntatis</strong></span> <span class='ocrx_word' id='word_1_111' title='bbox 790 908 988 945; x_wconf 86' lang='lat' dir='ltr'><strong>quousque</strong></span> <span class='ocrx_word' id='word_1_112' title='bbox 1009 908 1123 945; x_wconf 91' lang='lat' dir='ltr'><strong>opere</strong></span> <span class='ocrx_word' id='word_1_113' title='bbox 1144 901 1155 917; x_wconf 79' lang='lat'>⁸</span> <span class='ocrx_word' id='word_1_114' title='bbox 1174 896 1360 944; x_wconf 81' lang='lat' dir='ltr'><strong>perficiat3</strong></span> <span class='ocrx_word' id='word_1_115' title='bbox 1380 908 1459 932; x_wconf 90' lang='lat' dir='ltr'><strong>ma-</strong></span> 
     </span>
     <span class='ocr_line' id='line_1_21' title="bbox 401 949 1460 997; baseline -0.001 -11"><span class='ocrx_word' id='word_1_116' title='bbox 401 950 578 986; x_wconf 87' lang='lat' dir='ltr'><strong>nifestum</strong></span> <span class='ocrx_word' id='word_1_117' title='bbox 612 957 667 986; x_wconf 90' lang='lat' dir='ltr'><strong>est</strong></span> <span class='ocrx_word' id='word_1_118' title='bbox 692 949 797 997; x_wconf 87' lang='lat' dir='ltr'><strong>quod</strong></span> <span class='ocrx_word' id='word_1_119' title='bbox 827 949 1049 986; x_wconf 89' lang='lat' dir='ltr'><strong>huiusmodi</strong></span> <span class='ocrx_word' id='word_1_120' title='bbox 1077 949 1253 985; x_wconf 89' lang='lat' dir='ltr'><strong>voluntas</strong></span> <span class='ocrx_word' id='word_1_121' title='bbox 1287 956 1342 984; x_wconf 90' lang='lat' dir='ltr'><strong>est</strong></span> <span class='ocrx_word' id='word_1_122' title='bbox 1380 949 1460 985; x_wconf 92' lang='lat' dir='ltr'><strong>diu-</strong></span> 
     </span>
     <span class='ocr_line' id='line_1_22' title="bbox 399 1001 1460 1048; baseline -0.002 -10"><span class='ocrx_word' id='word_1_123' title='bbox 399 1002 543 1038; x_wconf 90' lang='lat' dir='ltr'><strong>turnior</strong></span> <span class='ocrx_word' id='word_1_124' title='bbox 570 1002 608 1038; x_wconf 90' lang='lat' dir='ltr'><strong>in</strong></span> <span class='ocrx_word' id='word_1_125' title='bbox 637 1002 740 1038; x_wconf 93' lang='lat' dir='ltr'><strong>bono</strong></span> <span class='ocrx_word' id='word_1_126' title='bbox 768 1003 831 1039; x_wconf 90' lang='lat' dir='ltr'><strong>vel</strong></span> <span class='ocrx_word' id='word_1_127' title='bbox 859 1003 972 1048; x_wconf 86' lang='lat' dir='ltr'><strong>malo,</strong></span> <span class='ocrx_word' id='word_1_128' title='bbox 1003 1009 1040 1038; x_wconf 93' lang='lat' dir='ltr'><strong>et</strong></span> <span class='ocrx_word' id='word_1_129' title='bbox 1067 1002 1278 1038; x_wconf 91' lang='lat' dir='ltr'><strong>secundum</strong></span> <span class='ocrx_word' id='word_1_130' title='bbox 1302 1001 1377 1037; x_wconf 90' lang='lat' dir='ltr'><strong>hoc</strong></span> <span class='ocrx_word' id='word_1_131' title='bbox 1405 1008 1460 1037; x_wconf 92' lang='lat' dir='ltr'><strong>est</strong></span> 
     </span>
     <span class='ocr_line' id='line_1_23' title="bbox 397 1053 1457 1102; baseline -0.002 -12"><span class='ocrx_word' id='word_1_132' title='bbox 397 1054 506 1102; x_wconf 90' lang='lat' dir='ltr'><strong>peior</strong></span> <span class='ocrx_word' id='word_1_133' title='bbox 523 1055 585 1091; x_wconf 82' lang='lat' dir='ltr'><strong>vel</strong></span> <span class='ocrx_word' id='word_1_134' title='bbox 605 1055 748 1091; x_wconf 89' lang='lat' dir='ltr'><strong>melior.</strong></span> <span class='ocrx_word' id='word_1_135' title='bbox 765 1055 944 1102; x_wconf 87' lang='lat' dir='ltr'><strong>-Tertio,</strong></span> <span class='ocrx_word' id='word_1_136' title='bbox 961 1055 1172 1091; x_wconf 91' lang='lat' dir='ltr'><strong>secundum</strong></span> <span class='ocrx_word' id='word_1_137' title='bbox 1194 1053 1457 1090; x_wconf 86' lang='lat' dir='ltr'><strong>intensionem.</strong></span> 
     </span>
     <span class='ocr_line' id='line_1_24' title="bbox 400 1105 1459 1156; baseline -0.002 -13"><span class='ocrx_word' id='word_1_138' title='bbox 400 1108 495 1143; x_wconf 88' lang='lat' dir='ltr'><strong>Sunt</strong></span> <span class='ocrx_word' id='word_1_139' title='bbox 524 1107 624 1143; x_wconf 91' lang='lat' dir='ltr'><strong>enim</strong></span> <span class='ocrx_word' id='word_1_140' title='bbox 655 1107 810 1156; x_wconf 88' lang='lat' dir='ltr'><strong>quidam</strong></span> <span class='ocrx_word' id='word_1_141' title='bbox 839 1115 943 1144; x_wconf 89' lang='lat' dir='ltr'><strong>actus</strong></span> <span class='ocrx_word' id='word_1_142' title='bbox 973 1107 1172 1143; x_wconf 87' lang='lat' dir='ltr'><strong>exteriores</strong></span> <span class='ocrx_word' id='word_1_143' title='bbox 1201 1105 1274 1154; x_wconf 90' lang='lat' dir='ltr'><strong>qui,</strong></span> <span class='ocrx_word' id='word_1_144' title='bbox 1300 1105 1459 1152; x_wconf 90' lang='lat' dir='ltr'><strong>inquan-</strong></span> 
     </span>
     <span class='ocr_line' id='line_1_25' title="bbox 399 1157 1459 1208; baseline -0.002 -13"><span class='ocrx_word' id='word_1_145' title='bbox 399 1167 480 1196; x_wconf 88' lang='lat' dir='ltr'><strong>tum</strong></span> <span class='ocrx_word' id='word_1_146' title='bbox 509 1168 595 1196; x_wconf 93' lang='lat' dir='ltr'><strong>sunt</strong></span> <span class='ocrx_word' id='word_1_147' title='bbox 624 1160 863 1197; x_wconf 86' lang='lat' dir='ltr'><strong>delectabiles</strong></span> <span class='ocrx_word' id='word_1_148' title='bbox 891 1161 953 1197; x_wconf 81' lang='lat' dir='ltr'><strong>vel</strong></span> <span class='ocrx_word' id='word_1_149' title='bbox 981 1159 1156 1208; x_wconf 88' lang='lat' dir='ltr'><strong>poenosi,</strong></span> <span class='ocrx_word' id='word_1_150' title='bbox 1186 1158 1262 1194; x_wconf 89' lang='lat' dir='ltr'><strong>nati</strong></span> <span class='ocrx_word' id='word_1_151' title='bbox 1292 1164 1378 1194; x_wconf 90' lang='lat' dir='ltr'><strong>sunt</strong></span> <span class='ocrx_word' id='word_1_152' title='bbox 1405 1157 1459 1194; x_wconf 91' lang='lat' dir='ltr'><strong>in-</strong></span> 
     </span>
     <span class='ocr_line' id='line_1_26' title="bbox 398 1211 1459 1250; baseline -0.003 -1"><span class='ocrx_word' id='word_1_153' title='bbox 398 1212 554 1249; x_wconf 86' lang='lat' dir='ltr'><strong>tendere</strong></span> <span class='ocrx_word' id='word_1_154' title='bbox 578 1213 813 1250; x_wconf 80' lang='lat' dir='ltr'><strong>voluntatem</strong></span> <span class='ocrx_word' id='word_1_155' title='bbox 842 1213 903 1249; x_wconf 91' lang='lat' dir='ltr'><strong>vel</strong></span> <span class='ocrx_word' id='word_1_156' title='bbox 923 1212 1123 1248; x_wconf 89' lang='lat' dir='ltr'><strong>remittere.</strong></span> <span class='ocrx_word' id='word_1_157' title='bbox 1155 1211 1312 1247; x_wconf 86' lang='lat' dir='ltr'><strong>Constat</strong></span> <span class='ocrx_word' id='word_1_158' title='bbox 1331 1217 1459 1247; x_wconf 90' lang='lat' dir='ltr'><strong>autem</strong></span> 
     </span>
     <span class='ocr_line' id='line_1_27' title="bbox 399 1263 1458 1314; baseline -0.002 -13"><span class='ocrx_word' id='word_1_159' title='bbox 399 1265 504 1314; x_wconf 91' lang='lat' dir='ltr'><strong>quod</strong></span> <span class='ocrx_word' id='word_1_160' title='bbox 537 1273 678 1312; x_wconf 92' lang='lat' dir='ltr'><strong>quanto</strong></span> <span class='ocrx_word' id='word_1_161' title='bbox 707 1266 883 1302; x_wconf 90' lang='lat' dir='ltr'><strong>voluntas</strong></span> <span class='ocrx_word' id='word_1_162' title='bbox 907 1264 1090 1301; x_wconf 88' lang='lat' dir='ltr'><strong>intensius</strong></span> <span class='ocrx_word' id='word_1_163' title='bbox 1118 1263 1236 1300; x_wconf 91' lang='lat' dir='ltr'><strong>tendit</strong></span> <span class='ocrx_word' id='word_1_164' title='bbox 1254 1263 1293 1300; x_wconf 91' lang='lat' dir='ltr'><strong>in</strong></span> <span class='ocrx_word' id='word_1_165' title='bbox 1312 1263 1458 1300; x_wconf 92' lang='lat' dir='ltr'><strong>bonum</strong></span> 
     </span>
     <span class='ocr_line' id='line_1_28' title="bbox 398 1316 1259 1364; baseline -0.002 -10"><span class='ocrx_word' id='word_1_166' title='bbox 398 1318 459 1354; x_wconf 89' lang='lat' dir='ltr'><strong>vel</strong></span> <span class='ocrx_word' id='word_1_167' title='bbox 488 1318 645 1364; x_wconf 91' lang='lat' dir='ltr'><strong>malum,</strong></span> <span class='ocrx_word' id='word_1_168' title='bbox 674 1325 778 1354; x_wconf 90' lang='lat' dir='ltr'><strong>tanto</strong></span> <span class='ocrx_word' id='word_1_169' title='bbox 809 1324 864 1354; x_wconf 86' lang='lat' dir='ltr'><strong>est</strong></span> <span class='ocrx_word' id='word_1_170' title='bbox 889 1317 1024 1353; x_wconf 90' lang='lat' dir='ltr'><strong>melior</strong></span> <span class='ocrx_word' id='word_1_171' title='bbox 1050 1317 1113 1353; x_wconf 89' lang='lat' dir='ltr'><strong>vel</strong></span> <span class='ocrx_word' id='word_1_172' title='bbox 1141 1316 1259 1364; x_wconf 89' lang='lat' dir='ltr'><strong>peior.</strong></span> 
     </span>
    </p>

    <p class='ocr_par' dir='ltr' id='par_1_6' title="bbox 399 1368 1461 1566">
     <span class='ocr_line' id='line_1_29' title="bbox 454 1368 1460 1419; baseline -0.002 -13"><span class='ocrx_word' id='word_1_173' title='bbox 454 1370 492 1406; x_wconf 92' lang='lat' dir='ltr'><strong>Si</strong></span> <span class='ocrx_word' id='word_1_174' title='bbox 521 1378 647 1406; x_wconf 89' lang='lat' dir='ltr'><strong>autern</strong></span> <span class='ocrx_word' id='word_1_175' title='bbox 676 1370 880 1419; x_wconf 82' lang='lat' dir='ltr'><strong>loquamur</strong></span> <span class='ocrx_word' id='word_1_176' title='bbox 908 1370 956 1406; x_wconf 92' lang='lat' dir='ltr'><strong>de</strong></span> <span class='ocrx_word' id='word_1_177' title='bbox 984 1369 1150 1406; x_wconf 89' lang='lat' dir='ltr'><strong>bonitate</strong></span> <span class='ocrx_word' id='word_1_178' title='bbox 1176 1376 1280 1405; x_wconf 92' lang='lat' dir='ltr'><strong>actus</strong></span> <span class='ocrx_word' id='word_1_179' title='bbox 1305 1368 1460 1405; x_wconf 90' lang='lat' dir='ltr'><strong>exterio-</strong></span> 
     </span>
     <span class='ocr_line' id='line_1_30' title="bbox 400 1420 1459 1471; baseline -0.002 -12"><span class='ocrx_word' id='word_1_180' title='bbox 400 1422 448 1459; x_wconf 86' lang='lat' dir='ltr'><strong>ris</strong></span> <span class='ocrx_word' id='word_1_181' title='bbox 481 1434 598 1471; x_wconf 87' lang='lat' dir='ltr'><strong>quam</strong></span> <span class='ocrx_word' id='word_1_182' title='bbox 631 1423 746 1459; x_wconf 90' lang='lat' dir='ltr'><strong>habet</strong></span> <span class='ocrx_word' id='word_1_183' title='bbox 773 1422 985 1459; x_wconf 91' lang='lat' dir='ltr'><strong>secundum</strong></span> <span class='ocrx_word' id='word_1_184' title='bbox 1014 1421 1213 1459; x_wconf 86' lang='lat' dir='ltr'><strong>materiam</strong></span> <span class='ocrx_word' id='word_1_185' title='bbox 1247 1428 1283 1457; x_wconf 89' lang='lat' dir='ltr'><strong>et</strong></span> <span class='ocrx_word' id='word_1_186' title='bbox 1315 1420 1459 1458; x_wconf 90' lang='lat' dir='ltr'><strong>debitas</strong></span> 
     </span>
     <span class='ocr_line' id='line_1_31' title="bbox 399 1474 1461 1524; baseline -0.001 -13"><span class='ocrx_word' id='word_1_187' title='bbox 399 1474 709 1522; x_wconf 79' lang='lat' dir='ltr'><strong>circumstantias,</strong></span> <span class='ocrx_word' id='word_1_188' title='bbox 739 1475 791 1512; x_wconf 94' lang='lat' dir='ltr'><strong>sic</strong></span> <span class='ocrx_word' id='word_1_189' title='bbox 821 1482 1064 1524; x_wconf 87' lang='lat' dir='ltr'><strong>comparatur</strong></span> <span class='ocrx_word' id='word_1_190' title='bbox 1091 1474 1140 1511; x_wconf 91' lang='lat' dir='ltr'><strong>ad</strong></span> <span class='ocrx_word' id='word_1_191' title='bbox 1163 1475 1400 1511; x_wconf 90' lang='lat' dir='ltr'><strong>voluntatem</strong></span> <span class='ocrx_word' id='word_1_192' title='bbox 1419 1481 1461 1510; x_wconf 92' lang='lat' dir='ltr'><strong>ut</strong></span> 
     </span>
     <span class='ocr_line' id='line_1_32' title="bbox 399 1526 1459 1566; baseline -0.001 -2"><span class='ocrx_word' id='word_1_193' title='bbox 399 1527 580 1564; x_wconf 88' lang='lat' dir='ltr'><strong>terminus</strong></span> <span class='ocrx_word' id='word_1_194' title='bbox 610 1535 645 1564; x_wconf 88' lang='lat' dir='ltr'><strong>et</strong></span> <span class='ocrx_word' id='word_1_195' title='bbox 672 1529 770 1566; x_wconf 88' lang='lat' dir='ltr'><strong>finis.</strong></span> <span class='ocrx_word' id='word_1_196' title='bbox 800 1530 849 1565; x_wconf 91' lang='lat' dir='ltr'><strong>Et</strong></span> <span class='ocrx_word' id='word_1_197' title='bbox 876 1529 951 1565; x_wconf 87' lang='lat' dir='ltr'><strong>hoc</strong></span> <span class='ocrx_word' id='word_1_198' title='bbox 979 1527 1097 1565; x_wconf 92' lang='lat' dir='ltr'><strong>modo</strong></span> <span class='ocrx_word' id='word_1_199' title='bbox 1125 1527 1227 1564; x_wconf 87' lang='lat' dir='ltr'><strong>addit</strong></span> <span class='ocrx_word' id='word_1_200' title='bbox 1246 1527 1295 1563; x_wconf 90' lang='lat' dir='ltr'><strong>ad</strong></span> <span class='ocrx_word' id='word_1_201' title='bbox 1314 1526 1459 1563; x_wconf 89' lang='lat' dir='ltr'><strong>bonita-</strong></span> 
     </span>
    </p>
   </div>
   <div class='ocr_carea' id='block_1_6' title="bbox 1094 189 1882 237">
    <p class='ocr_par' dir='ltr' id='par_1_7' title="bbox 1094 189 1882 237">
     <span class='ocr_line' id='line_1_33' title="bbox 1094 189 1882 237; baseline -0.004 -10"><span class='ocrx_word' id='word_1_202' title='bbox 1094 190 1358 237; x_wconf 71' lang='lat' dir='ltr'><strong>QUAEsrio</strong></span> <span class='ocrx_word' id='word_1_203' title='bbox 1388 191 1477 236; x_wconf 86' lang='lat' dir='ltr'><strong>xx,</strong></span> <span class='ocrx_word' id='word_1_204' title='bbox 1507 189 1802 225; x_wconf 84' lang='lat' dir='ltr'><strong>ARTICULUS</strong></span> <span class='ocrx_word' id='word_1_205' title='bbox 1832 189 1882 224; x_wconf 90' lang='lat' dir='ltr'><strong>1v</strong></span> 
     </span>
    </p>
   </div>
   <div class='ocr_carea' id='block_1_7' title="bbox 1511 265 2574 1575">
    <p class='ocr_par' dir='ltr' id='par_1_8' title="bbox 1511 265 2572 883">
     <span class='ocr_line' id='line_1_34' title="bbox 1512 265 2572 317; baseline -0.001 -14"><span class='ocrx_word' id='word_1_206' title='bbox 1512 274 1589 303; x_wconf 91' lang='lat' dir='ltr'><strong>tem</strong></span> <span class='ocrx_word' id='word_1_207' title='bbox 1623 267 1685 304; x_wconf 84' lang='lat' dir='ltr'><strong>vel</strong></span> <span class='ocrx_word' id='word_1_208' title='bbox 1720 265 1901 302; x_wconf 91' lang='lat' dir='ltr'><strong>malitiam</strong></span> <span class='ocrx_word' id='word_1_209' title='bbox 1932 267 2155 304; x_wconf 87' lang='lat' dir='ltr'><strong>voluntatis:</strong></span> <span class='ocrx_word' id='word_1_210' title='bbox 2185 267 2273 317; x_wconf 86' lang='lat' dir='ltr'><strong>quia</strong></span> <span class='ocrx_word' id='word_1_211' title='bbox 2311 267 2435 304; x_wconf 90' lang='lat' dir='ltr'><strong>omnis</strong></span> <span class='ocrx_word' id='word_1_212' title='bbox 2472 266 2572 303; x_wconf 87' lang='lat' dir='ltr'><strong>incli-</strong></span> 
     </span>
     <span class='ocr_line' id='line_1_35' title="bbox 1513 319 2572 368; baseline 0 -13"><span class='ocrx_word' id='word_1_213' title='bbox 1513 319 1614 355; x_wconf 91' lang='lat' dir='ltr'><strong>natio</strong></span> <span class='ocrx_word' id='word_1_214' title='bbox 1651 320 1713 355; x_wconf 88' lang='lat' dir='ltr'><strong>vel</strong></span> <span class='ocrx_word' id='word_1_215' title='bbox 1741 326 1868 355; x_wconf 92' lang='lat' dir='ltr'><strong>motus</strong></span> <span class='ocrx_word' id='word_1_216' title='bbox 1904 319 2096 367; x_wconf 90' lang='lat' dir='ltr'><strong>perficitur</strong></span> <span class='ocrx_word' id='word_1_217' title='bbox 2128 319 2166 357; x_wconf 93' lang='lat' dir='ltr'><strong>in</strong></span> <span class='ocrx_word' id='word_1_218' title='bbox 2198 320 2272 356; x_wconf 90' lang='lat' dir='ltr'><strong>hoc</strong></span> <span class='ocrx_word' id='word_1_219' title='bbox 2301 320 2405 368; x_wconf 91' lang='lat' dir='ltr'><strong>quod</strong></span> <span class='ocrx_word' id='word_1_220' title='bbox 2440 332 2572 356; x_wconf 90' lang='lat' dir='ltr'><strong>conse-</strong></span> 
     </span>
     <span class='ocr_line' id='line_1_36' title="bbox 1513 371 2572 419; baseline 0.001 -12"><span class='ocrx_word' id='word_1_221' title='bbox 1513 371 1639 419; x_wconf 90' lang='lat' dir='ltr'><strong>quitur</strong></span> <span class='ocrx_word' id='word_1_222' title='bbox 1657 371 1789 417; x_wconf 91' lang='lat' dir='ltr'><strong>finem,</strong></span> <span class='ocrx_word' id='word_1_223' title='bbox 1808 371 1869 407; x_wconf 90' lang='lat' dir='ltr'><strong>vel</strong></span> <span class='ocrx_word' id='word_1_224' title='bbox 1889 371 2031 419; x_wconf 87' lang='lat' dir='ltr'><strong>attingit</strong></span> <span class='ocrx_word' id='word_1_225' title='bbox 2048 373 2266 410; x_wconf 89' lang='lat' dir='ltr'><strong>terminum.</strong></span> <span class='ocrx_word' id='word_1_226' title='bbox 2287 373 2398 410; x_wconf 92' lang='lat' dir='ltr'><strong>Unde</strong></span> <span class='ocrx_word' id='word_1_227' title='bbox 2418 385 2496 409; x_wconf 93' lang='lat' dir='ltr'><strong>non</strong></span> <span class='ocrx_word' id='word_1_228' title='bbox 2517 378 2572 408; x_wconf 93' lang='lat' dir='ltr'><strong>est</strong></span> 
     </span>
     <span class='ocr_line' id='line_1_37' title="bbox 1511 423 2571 474; baseline 0.002 -15"><span class='ocrx_word' id='word_1_229' title='bbox 1511 424 1678 471; x_wconf 90' lang='lat' dir='ltr'><strong>perfecta</strong></span> <span class='ocrx_word' id='word_1_230' title='bbox 1695 424 1885 469; x_wconf 90' lang='lat' dir='ltr'><strong>voluntas,</strong></span> <span class='ocrx_word' id='word_1_231' title='bbox 1906 423 1976 460; x_wconf 93' lang='lat' dir='ltr'><strong>nisi</strong></span> <span class='ocrx_word' id='word_1_232' title='bbox 1995 424 2042 461; x_wconf 91' lang='lat' dir='ltr'><strong>sit</strong></span> <span class='ocrx_word' id='word_1_233' title='bbox 2059 425 2140 462; x_wconf 89' lang='lat' dir='ltr'><strong>talis</strong></span> <span class='ocrx_word' id='word_1_234' title='bbox 2160 438 2270 474; x_wconf 92' lang='lat' dir='ltr'><strong>quae,</strong></span> <span class='ocrx_word' id='word_1_235' title='bbox 2292 425 2571 474; x_wconf 89' lang='lat' dir='ltr'><strong>opportunitate</strong></span> 
     </span>
     <span class='ocr_line' id='line_1_38' title="bbox 1514 475 2571 526; baseline 0.002 -16"><span class='ocrx_word' id='word_1_236' title='bbox 1514 475 1611 521; x_wconf 90' lang='lat' dir='ltr'><strong>data,</strong></span> <span class='ocrx_word' id='word_1_237' title='bbox 1633 483 1821 523; x_wconf 89' lang='lat' dir='ltr'><strong>operetur.</strong></span> <span class='ocrx_word' id='word_1_238' title='bbox 1839 475 1880 512; x_wconf 92' lang='lat' dir='ltr'><strong>Si</strong></span> <span class='ocrx_word' id='word_1_239' title='bbox 1897 488 1992 513; x_wconf 87' lang='lat' dir='ltr'><strong>vero</strong></span> <span class='ocrx_word' id='word_1_240' title='bbox 2006 477 2231 525; x_wconf 90' lang='lat' dir='ltr'><strong>possibilitas</strong></span> <span class='ocrx_word' id='word_1_241' title='bbox 2252 477 2357 526; x_wconf 87' lang='lat' dir='ltr'><strong>desit,</strong></span> <span class='ocrx_word' id='word_1_242' title='bbox 2377 478 2571 515; x_wconf 90' lang='lat' dir='ltr'><strong>voluntate</strong></span> 
     </span>
     <span class='ocr_line' id='line_1_39' title="bbox 1514 527 2570 579; baseline 0.004 -16"><span class='ocrx_word' id='word_1_243' title='bbox 1514 527 1693 564; x_wconf 88' lang='lat' dir='ltr'><strong>existente</strong></span> <span class='ocrx_word' id='word_1_244' title='bbox 1708 528 1884 576; x_wconf 85' lang='lat' dir='ltr'><strong>perfecta,</strong></span> <span class='ocrx_word' id='word_1_245' title='bbox 1897 536 1938 565; x_wconf 89' lang='lat' dir='ltr'><strong>ut</strong></span> <span class='ocrx_word' id='word_1_246' title='bbox 1957 538 2176 578; x_wconf 87' lang='lat' dir='ltr'><strong>operaretur</strong></span> <span class='ocrx_word' id='word_1_247' title='bbox 2192 531 2223 567; x_wconf 87' lang='lat' dir='ltr'><strong>si</strong></span> <span class='ocrx_word' id='word_1_248' title='bbox 2238 537 2384 579; x_wconf 90' lang='lat' dir='ltr'><strong>posset;</strong></span> <span class='ocrx_word' id='word_1_249' title='bbox 2402 530 2570 567; x_wconf 86' lang='lat' dir='ltr'><strong>defectus</strong></span> 
     </span>
     <span class='ocr_line' id='line_1_40' title="bbox 1512 579 2571 630; baseline 0.003 -15"><span class='ocrx_word' id='word_1_250' title='bbox 1512 579 1752 627; x_wconf 88' lang='lat' dir='ltr'><strong>perfectionis</strong></span> <span class='ocrx_word' id='word_1_251' title='bbox 1771 592 1874 629; x_wconf 81' lang='lat' dir='ltr'><strong>quae</strong></span> <span class='ocrx_word' id='word_1_252' title='bbox 1904 588 1958 618; x_wconf 89' lang='lat' dir='ltr'><strong>est</strong></span> <span class='ocrx_word' id='word_1_253' title='bbox 1978 595 2023 619; x_wconf 89' lang='lat' dir='ltr'><strong>ex</strong></span> <span class='ocrx_word' id='word_1_254' title='bbox 2043 590 2127 619; x_wconf 87' lang='lat' dir='ltr'><strong>actu</strong></span> <span class='ocrx_word' id='word_1_255' title='bbox 2147 582 2334 630; x_wconf 87' lang='lat' dir='ltr'><strong>exteriori,</strong></span> <span class='ocrx_word' id='word_1_256' title='bbox 2356 590 2412 619; x_wconf 90' lang='lat' dir='ltr'><strong>est</strong></span> <span class='ocrx_word' id='word_1_257' title='bbox 2430 581 2571 630; x_wconf 91' lang='lat' dir='ltr'><strong>simpli-</strong></span> 
     </span>
     <span class='ocr_line' id='line_1_41' title="bbox 1514 631 2571 683; baseline 0.002 -15"><span class='ocrx_word' id='word_1_258' title='bbox 1514 631 1604 668; x_wconf 88' lang='lat' dir='ltr'><strong>citer</strong></span> <span class='ocrx_word' id='word_1_259' title='bbox 1631 631 1939 670; x_wconf 90' lang='lat' dir='ltr'><strong>involuntarium.</strong></span> <span class='ocrx_word' id='word_1_260' title='bbox 1970 635 2270 672; x_wconf 91' lang='lat' dir='ltr'><strong>Involuntarium</strong></span> <span class='ocrx_word' id='word_1_261' title='bbox 2298 643 2442 683; x_wconf 87' lang='lat' dir='ltr'><strong>autem,</strong></span> <span class='ocrx_word' id='word_1_262' title='bbox 2477 634 2571 671; x_wconf 91' lang='lat' dir='ltr'><strong>sicut</strong></span> 
     </span>
     <span class='ocr_line' id='line_1_42' title="bbox 1513 687 2569 736; baseline 0.003 -16"><span class='ocrx_word' id='word_1_263' title='bbox 1513 697 1592 721; x_wconf 90' lang='lat' dir='ltr'><strong>non</strong></span> <span class='ocrx_word' id='word_1_264' title='bbox 1614 691 1781 721; x_wconf 90' lang='lat' dir='ltr'><strong>meretur</strong></span> <span class='ocrx_word' id='word_1_265' title='bbox 1806 697 1974 733; x_wconf 88' lang='lat' dir='ltr'><strong>poenam</strong></span> <span class='ocrx_word' id='word_1_266' title='bbox 2001 688 2064 724; x_wconf 88' lang='lat' dir='ltr'><strong>vel</strong></span> <span class='ocrx_word' id='word_1_267' title='bbox 2082 687 2295 736; x_wconf 90' lang='lat' dir='ltr'><strong>praemium</strong></span> <span class='ocrx_word' id='word_1_268' title='bbox 2315 688 2355 725; x_wconf 91' lang='lat' dir='ltr'><strong>in</strong></span> <span class='ocrx_word' id='word_1_269' title='bbox 2374 687 2569 736; x_wconf 89' lang='lat' dir='ltr'><strong>operando</strong></span> 
     </span>
     <span class='ocr_line' id='line_1_43' title="bbox 1513 738 2570 789; baseline 0.005 -16"><span class='ocrx_word' id='word_1_270' title='bbox 1513 738 1660 773; x_wconf 91' lang='lat' dir='ltr'><strong>bonum</strong></span> <span class='ocrx_word' id='word_1_271' title='bbox 1689 745 1754 773; x_wconf 91' lang='lat' dir='ltr'><strong>aut</strong></span> <span class='ocrx_word' id='word_1_272' title='bbox 1771 738 1927 785; x_wconf 88' lang='lat' dir='ltr'><strong>malum,</strong></span> <span class='ocrx_word' id='word_1_273' title='bbox 1956 738 2006 775; x_wconf 90' lang='lat' dir='ltr'><strong>ita</strong></span> <span class='ocrx_word' id='word_1_274' title='bbox 2025 751 2107 776; x_wconf 90' lang='lat' dir='ltr'><strong>non·</strong></span> <span class='ocrx_word' id='word_1_275' title='bbox 2122 740 2215 777; x_wconf 91' lang='lat' dir='ltr'><strong>tollit</strong></span> <span class='ocrx_word' id='word_1_276' title='bbox 2234 740 2375 789; x_wconf 89' lang='lat' dir='ltr'><strong>aliquid</strong></span> <span class='ocrx_word' id='word_1_277' title='bbox 2395 741 2441 777; x_wconf 92' lang='lat' dir='ltr'><strong>de</strong></span> <span class='ocrx_word' id='word_1_278' title='bbox 2461 752 2570 789; x_wconf 85' lang='lat' dir='ltr'><strong>prae-</strong></span> 
     </span>
     <span class='ocr_line' id='line_1_44' title="bbox 1513 790 2571 841; baseline 0.002 -15"><span class='ocrx_word' id='word_1_279' title='bbox 1513 790 1591 826; x_wconf 92' lang='lat' dir='ltr'><strong>mio</strong></span> <span class='ocrx_word' id='word_1_280' title='bbox 1620 790 1681 826; x_wconf 90' lang='lat' dir='ltr'><strong>vel</strong></span> <span class='ocrx_word' id='word_1_281' title='bbox 1711 791 1757 826; x_wconf 93' lang='lat' dir='ltr'><strong>de</strong></span> <span class='ocrx_word' id='word_1_282' title='bbox 1786 802 1923 838; x_wconf 92' lang='lat' dir='ltr'><strong>poena,</strong></span> <span class='ocrx_word' id='word_1_283' title='bbox 1953 790 1984 827; x_wconf 93' lang='lat' dir='ltr'><strong>si</strong></span> <span class='ocrx_word' id='word_1_284' title='bbox 2010 791 2130 828; x_wconf 90' lang='lat' dir='ltr'><strong>homo</strong></span> <span class='ocrx_word' id='word_1_285' title='bbox 2154 792 2403 830; x_wconf 86' lang='lat' dir='ltr'><strong>involuntarie</strong></span> <span class='ocrx_word' id='word_1_286' title='bbox 2430 792 2571 841; x_wconf 91' lang='lat' dir='ltr'><strong>simpli-</strong></span> 
     </span>
     <span class='ocr_line' id='line_1_45' title="bbox 1514 842 2569 883; baseline 0.004 -4"><span class='ocrx_word' id='word_1_287' title='bbox 1514 842 1605 879; x_wconf 90' lang='lat' dir='ltr'><strong>citer</strong></span> <span class='ocrx_word' id='word_1_288' title='bbox 1633 843 1782 879; x_wconf 90' lang='lat' dir='ltr'><strong>deficiat</strong></span> <span class='ocrx_word' id='word_1_289' title='bbox 1807 843 1856 879; x_wconf 89' lang='lat' dir='ltr'><strong>ad</strong></span> <span class='ocrx_word' id='word_1_290' title='bbox 1880 842 2094 880; x_wconf 90' lang='lat' dir='ltr'><strong>faciendum</strong></span> <span class='ocrx_word' id='word_1_291' title='bbox 2123 843 2268 882; x_wconf 91' lang='lat' dir='ltr'><strong>bonum</strong></span> <span class='ocrx_word' id='word_1_292' title='bbox 2286 846 2350 883; x_wconf 79' lang='lat' dir='ltr'><strong>vel</strong></span> <span class='ocrx_word' id='word_1_293' title='bbox 2374 846 2518 882; x_wconf 90' lang='lat' dir='ltr'><strong>malum</strong></span> <span class='ocrx_word' id='word_1_294' title='bbox 2538 845 2569 882; x_wconf 56' lang='grc' dir='ltr'><strong>*ἦ</strong></span> 
     </span>
    </p>

    <p class='ocr_par' dir='ltr' id='par_1_9' title="bbox 1513 894 2572 1101">
     <span class='ocr_line' id='line_1_46' title="bbox 1566 894 2571 946; baseline 0.004 -15"><span class='ocrx_word' id='word_1_295' title='bbox 1566 897 1624 932; x_wconf 81' lang='lat' dir='ltr'><strong>AD</strong></span> <span class='ocrx_word' id='word_1_296' title='bbox 1653 907 1789 932; x_wconf 84' lang='lat' dir='ltr'><strong>PRIMUM</strong></span> <span class='ocrx_word' id='word_1_297' title='bbox 1818 907 1915 932; x_wconf 85' lang='lat' dir='ltr'>ERGO</span> <span class='ocrx_word' id='word_1_298' title='bbox 1935 907 2119 932; x_wconf 83' lang='lat' dir='ltr'>DICENDUM</span> <span class='ocrx_word' id='word_1_299' title='bbox 2148 897 2252 944; x_wconf 91' lang='lat' dir='ltr'><strong>quod</strong></span> <span class='ocrx_word' id='word_1_300' title='bbox 2275 894 2571 946; x_wconf 87' lang='lat' dir='ltr'><strong>Chrysostomus</strong></span> 
     </span>
     <span class='ocr_line' id='line_1_47' title="bbox 1513 948 2572 996; baseline 0.004 -12"><span class='ocrx_word' id='word_1_301' title='bbox 1513 948 1693 995; x_wconf 88' lang='lat' dir='ltr'><strong>loquitur,</strong></span> <span class='ocrx_word' id='word_1_302' title='bbox 1725 948 1878 996; x_wconf 93' lang='lat' dir='ltr'><strong>quando</strong></span> <span class='ocrx_word' id='word_1_303' title='bbox 1906 949 2082 985; x_wconf 89' lang='lat' dir='ltr'><strong>voluntas</strong></span> <span class='ocrx_word' id='word_1_304' title='bbox 2118 948 2283 986; x_wconf 86' lang='lat' dir='ltr'><strong>hominis</strong></span> <span class='ocrx_word' id='word_1_305' title='bbox 2313 958 2368 987; x_wconf 88' lang='lat' dir='ltr'><strong>est</strong></span> <span class='ocrx_word' id='word_1_306' title='bbox 2395 963 2572 987; x_wconf 90' lang='lat' dir='ltr'><strong>consum-</strong></span> 
     </span>
     <span class='ocr_line' id='line_1_48' title="bbox 1514 1001 2572 1052; baseline 0.005 -16"><span class='ocrx_word' id='word_1_307' title='bbox 1514 1008 1631 1047; x_wconf 91' lang='lat' dir='ltr'><strong>mata,</strong></span> <span class='ocrx_word' id='word_1_308' title='bbox 1662 1008 1697 1036; x_wconf 92' lang='lat' dir='ltr'><strong>et</strong></span> <span class='ocrx_word' id='word_1_309' title='bbox 1725 1013 1803 1037; x_wconf 90' lang='lat' dir='ltr'><strong>non</strong></span> <span class='ocrx_word' id='word_1_310' title='bbox 1831 1008 1997 1037; x_wconf 89' lang='lat' dir='ltr'><strong>cessatur</strong></span> <span class='ocrx_word' id='word_1_311' title='bbox 2025 1001 2075 1037; x_wconf 90' lang='lat' dir='ltr'><strong>ab·</strong></span> <span class='ocrx_word' id='word_1_312' title='bbox 2107 1009 2193 1038; x_wconf 89' lang='lat' dir='ltr'><strong>actu</strong></span> <span class='ocrx_word' id='word_1_313' title='bbox 2225 1001 2294 1038; x_wconf 88' lang='lat' dir='ltr'><strong>nisi</strong></span> <span class='ocrx_word' id='word_1_314' title='bbox 2320 1011 2475 1052; x_wconf 88' lang='lat' dir='ltr'><strong>propter</strong></span> <span class='ocrx_word' id='word_1_315' title='bbox 2501 1003 2572 1040; x_wconf 93' lang='lat' dir='ltr'><strong>im-</strong></span> 
     </span>
     <span class='ocr_line' id='line_1_49' title="bbox 1513 1052 1922 1101; baseline 0.002 -13"><span class='ocrx_word' id='word_1_316' title='bbox 1513 1052 1721 1101; x_wconf 90' lang='lat' dir='ltr'><strong>potentiam</strong></span> <span class='ocrx_word' id='word_1_317' title='bbox 1750 1052 1922 1089; x_wconf 82' lang='lat' dir='ltr'><strong>faciendi.</strong></span> 
     </span>
    </p>

    <p class='ocr_par' dir='ltr' id='par_1_10' title="bbox 1513 1105 2574 1523">
     <span class='ocr_line' id='line_1_50' title="bbox 1566 1105 2572 1156; baseline 0.004 -15"><span class='ocrx_word' id='word_1_318' title='bbox 1566 1107 1624 1141; x_wconf 80' lang='lat' dir='ltr'><strong>An</strong></span> <span class='ocrx_word' id='word_1_319' title='bbox 1653 1117 1842 1142; x_wconf 78' lang='lat' dir='ltr'>SECUNDUM</span> <span class='ocrx_word' id='word_1_320' title='bbox 1870 1117 2053 1142; x_wconf 83' lang='lat' dir='ltr'><strong>mcENDUM</strong></span> <span class='ocrx_word' id='word_1_321' title='bbox 2082 1105 2186 1153; x_wconf 92' lang='lat' dir='ltr'><strong>quod</strong></span> <span class='ocrx_word' id='word_1_322' title='bbox 2206 1106 2299 1142; x_wconf 91' lang='lat' dir='ltr'><strong>ratio</strong></span> <span class='ocrx_word' id='word_1_323' title='bbox 2325 1106 2384 1144; x_wconf 91' lang='lat' dir='ltr'><strong>illa</strong></span> <span class='ocrx_word' id='word_1_324' title='bbox 2403 1107 2572 1156; x_wconf 90' lang='lat' dir='ltr'><strong>procedit</strong></span> 
     </span>
     <span class='ocr_line' id='line_1_51' title="bbox 1513 1157 2573 1207; baseline 0.005 -14"><span class='ocrx_word' id='word_1_325' title='bbox 1513 1158 1560 1194; x_wconf 89' lang='lat' dir='ltr'><strong>de</strong></span> <span class='ocrx_word' id='word_1_326' title='bbox 1588 1157 1755 1194; x_wconf 92' lang='lat' dir='ltr'><strong>bonitate</strong></span> <span class='ocrx_word' id='word_1_327' title='bbox 1776 1165 1880 1194; x_wconf 91' lang='lat' dir='ltr'><strong>actus</strong></span> <span class='ocrx_word' id='word_1_328' title='bbox 1910 1157 2099 1194; x_wconf 88' lang='lat' dir='ltr'><strong>exterioris</strong></span> <span class='ocrx_word' id='word_1_329' title='bbox 2127 1170 2242 1207; x_wconf 91' lang='lat' dir='ltr'><strong>quam</strong></span> <span class='ocrx_word' id='word_1_330' title='bbox 2261 1159 2376 1196; x_wconf 90' lang='lat' dir='ltr'><strong>habet</strong></span> <span class='ocrx_word' id='word_1_331' title='bbox 2394 1172 2416 1197; x_wconf 89' lang='lat' dir='ltr'><strong>a</strong></span> <span class='ocrx_word' id='word_1_332' title='bbox 2438 1161 2573 1198; x_wconf 89' lang='lat' dir='ltr'><strong>volun-</strong></span> 
     </span>
     <span class='ocr_line' id='line_1_52' title="bbox 1513 1209 2572 1262; baseline 0.003 -15"><span class='ocrx_word' id='word_1_333' title='bbox 1513 1217 1588 1247; x_wconf 91' lang='lat' dir='ltr'><strong>tate</strong></span> <span class='ocrx_word' id='word_1_334' title='bbox 1614 1209 1626 1235; x_wconf 68' lang='lat' dir='ltr'><strong>t</strong></span> <span class='ocrx_word' id='word_1_335' title='bbox 1658 1210 1756 1248; x_wconf 89' lang='lat' dir='ltr'><strong>finis.</strong></span> <span class='ocrx_word' id='word_1_336' title='bbox 1792 1209 1868 1248; x_wconf 89' lang='lat' dir='ltr'><strong>Sed</strong></span> <span class='ocrx_word' id='word_1_337' title='bbox 1901 1211 2050 1247; x_wconf 90' lang='lat' dir='ltr'><strong>bonitas</strong></span> <span class='ocrx_word' id='word_1_338' title='bbox 2087 1218 2192 1248; x_wconf 86' lang='lat' dir='ltr'><strong>actus</strong></span> <span class='ocrx_word' id='word_1_339' title='bbox 2226 1211 2419 1248; x_wconf 88' lang='lat' dir='ltr'><strong>exterioris</strong></span> <span class='ocrx_word' id='word_1_340' title='bbox 2455 1225 2572 1262; x_wconf 88' lang='lat' dir='ltr'><strong>quam</strong></span> 
     </span>
     <span class='ocr_line' id='line_1_53' title="bbox 1513 1263 2574 1311; baseline 0.003 -12"><span class='ocrx_word' id='word_1_341' title='bbox 1513 1263 1628 1300; x_wconf 90' lang='lat' dir='ltr'><strong>habet</strong></span> <span class='ocrx_word' id='word_1_342' title='bbox 1656 1275 1702 1299; x_wconf 92' lang='lat' dir='ltr'><strong>ex</strong></span> <span class='ocrx_word' id='word_1_343' title='bbox 1729 1263 1887 1300; x_wconf 89' lang='lat' dir='ltr'><strong>materia</strong></span> <span class='ocrx_word' id='word_1_344' title='bbox 1916 1271 1952 1300; x_wconf 93' lang='lat' dir='ltr'><strong>et</strong></span> <span class='ocrx_word' id='word_1_345' title='bbox 1979 1263 2278 1311; x_wconf 88' lang='lat' dir='ltr'><strong>circumstantiis,</strong></span> <span class='ocrx_word' id='word_1_346' title='bbox 2302 1272 2357 1301; x_wconf 91' lang='lat' dir='ltr'><strong>est</strong></span> <span class='ocrx_word' id='word_1_347' title='bbox 2375 1264 2447 1302; x_wconf 89' lang='lat' dir='ltr'><strong>alia</strong></span> <span class='ocrx_word' id='word_1_348' title='bbox 2466 1277 2488 1302; x_wconf 89' lang='lat' dir='ltr'><strong>a</strong></span> <span class='ocrx_word' id='word_1_349' title='bbox 2506 1266 2574 1303; x_wconf 90' lang='lat' dir='ltr'><strong>bo-</strong></span> 
     </span>
     <span class='ocr_line' id='line_1_54' title="bbox 1513 1314 2573 1364; baseline 0.003 -12"><span class='ocrx_word' id='word_1_350' title='bbox 1513 1316 1627 1353; x_wconf 89' lang='lat' dir='ltr'><strong>nitate</strong></span> <span class='ocrx_word' id='word_1_351' title='bbox 1658 1316 1863 1353; x_wconf 88' lang='lat' dir='ltr'><strong>voluntatis</strong></span> <span class='ocrx_word' id='word_1_352' title='bbox 1897 1328 1995 1364; x_wconf 91' lang='lat' dir='ltr'><strong>quae</strong></span> <span class='ocrx_word' id='word_1_353' title='bbox 2034 1324 2089 1353; x_wconf 91' lang='lat' dir='ltr'><strong>est</strong></span> <span class='ocrx_word' id='word_1_354' title='bbox 2123 1314 2168 1353; x_wconf 85' lang='lat' dir='ltr'><strong>ex</strong></span> <span class='ocrx_word' id='word_1_355' title='bbox 2199 1317 2299 1354; x_wconf 91' lang='lat' dir='ltr'><strong>fine:</strong></span> <span class='ocrx_word' id='word_1_356' title='bbox 2333 1329 2412 1354; x_wconf 91' lang='lat' dir='ltr'><strong>non</strong></span> <span class='ocrx_word' id='word_1_357' title='bbox 2444 1326 2573 1355; x_wconf 88' lang='lat' dir='ltr'><strong>autern</strong></span> 
     </span>
     <span class='ocr_line' id='line_1_55' title="bbox 1513 1369 2572 1420; baseline 0.003 -15"><span class='ocrx_word' id='word_1_358' title='bbox 1513 1369 1584 1405; x_wconf 91' lang='lat' dir='ltr'><strong>alia</strong></span> <span class='ocrx_word' id='word_1_359' title='bbox 1612 1381 1634 1405; x_wconf 91' lang='lat' dir='ltr'><strong>a</strong></span> <span class='ocrx_word' id='word_1_360' title='bbox 1667 1369 1833 1405; x_wconf 90' lang='lat' dir='ltr'><strong>bonitate</strong></span> <span class='ocrx_word' id='word_1_361' title='bbox 1866 1369 2070 1406; x_wconf 88' lang='lat' dir='ltr'><strong>voluntatis</strong></span> <span class='ocrx_word' id='word_1_362' title='bbox 2106 1381 2223 1417; x_wconf 92' lang='lat' dir='ltr'><strong>quam</strong></span> <span class='ocrx_word' id='word_1_363' title='bbox 2260 1371 2375 1409; x_wconf 85' lang='lat' dir='ltr'><strong>habet</strong></span> <span class='ocrx_word' id='word_1_364' title='bbox 2408 1383 2452 1408; x_wconf 88' lang='lat' dir='ltr'><strong>ex</strong></span> <span class='ocrx_word' id='word_1_365' title='bbox 2488 1371 2572 1420; x_wconf 89' lang='lat' dir='ltr'><strong>ipso</strong></span> 
     </span>
     <span class='ocr_line' id='line_1_56' title="bbox 1513 1421 2572 1472; baseline 0.005 -15"><span class='ocrx_word' id='word_1_366' title='bbox 1513 1429 1598 1458; x_wconf 88' lang='lat' dir='ltr'><strong>actu</strong></span> <span class='ocrx_word' id='word_1_367' title='bbox 1630 1421 1767 1468; x_wconf 89' lang='lat' dir='ltr'><strong>volito,</strong></span> <span class='ocrx_word' id='word_1_368' title='bbox 1797 1422 1864 1458; x_wconf 92' lang='lat' dir='ltr'><strong>sed</strong></span> <span class='ocrx_word' id='word_1_369' title='bbox 1900 1429 2142 1470; x_wconf 87' lang='lat' dir='ltr'><strong>comparatur</strong></span> <span class='ocrx_word' id='word_1_370' title='bbox 2174 1422 2222 1459; x_wconf 92' lang='lat' dir='ltr'><strong>ad</strong></span> <span class='ocrx_word' id='word_1_371' title='bbox 2250 1423 2373 1472; x_wconf 83' lang='lat' dir='ltr'><strong>ipsam</strong></span> <span class='ocrx_word' id='word_1_372' title='bbox 2405 1431 2447 1461; x_wconf 92' lang='lat' dir='ltr'><strong>ut</strong></span> <span class='ocrx_word' id='word_1_373' title='bbox 2478 1424 2572 1462; x_wconf 91' lang='lat' dir='ltr'><strong>ratio</strong></span> 
     </span>
     <span class='ocr_line' id='line_1_57' title="bbox 1514 1473 2381 1523; baseline 0.003 -13"><span class='ocrx_word' id='word_1_374' title='bbox 1514 1482 1551 1511; x_wconf 91' lang='lat' dir='ltr'><strong>et</strong></span> <span class='ocrx_word' id='word_1_375' title='bbox 1579 1486 1692 1511; x_wconf 89' lang='lat' dir='ltr'><strong>causa</strong></span> <span class='ocrx_word' id='word_1_376' title='bbox 1721 1474 1812 1521; x_wconf 91' lang='lat' dir='ltr'><strong>eius,</strong></span> <span class='ocrx_word' id='word_1_377' title='bbox 1841 1473 1936 1510; x_wconf 91' lang='lat' dir='ltr'><strong>sicut</strong></span> <span class='ocrx_word' id='word_1_378' title='bbox 1963 1475 2115 1523; x_wconf 78' lang='lat' dir='ltr'><strong>supra*</strong></span> <span class='ocrx_word' id='word_1_379' title='bbox 2143 1475 2285 1512; x_wconf 86' lang='lat' dir='ltr'><strong>dictum</strong></span> <span class='ocrx_word' id='word_1_380' title='bbox 2315 1483 2381 1513; x_wconf 90' lang='lat' dir='ltr'><strong>est.</strong></span> 
     </span>
    </p>

    <p class='ocr_par' dir='ltr' id='par_1_11' title="bbox 1567 1526 2518 1575">
     <span class='ocr_line' id='line_1_58' title="bbox 1567 1526 2518 1575; baseline 0.004 -13"><span class='ocrx_word' id='word_1_381' title='bbox 1567 1528 1616 1563; x_wconf 92' lang='lat' dir='ltr'><strong>Et</strong></span> <span class='ocrx_word' id='word_1_382' title='bbox 1642 1539 1710 1575; x_wconf 92' lang='lat' dir='ltr'><strong>per</strong></span> <span class='ocrx_word' id='word_1_383' title='bbox 1736 1527 1811 1563; x_wconf 93' lang='lat' dir='ltr'><strong>hoc</strong></span> <span class='ocrx_word' id='word_1_384' title='bbox 1840 1526 1952 1563; x_wconf 90' lang='lat' dir='ltr'><strong>etiam</strong></span> <span class='ocrx_word' id='word_1_385' title='bbox 1981 1534 2084 1575; x_wconf 90' lang='lat' dir='ltr'><strong>patet</strong></span> <span class='ocrx_word' id='word_1_386' title='bbox 2111 1528 2249 1564; x_wconf 92' lang='lat' dir='ltr'><strong>solutio</strong></span> <span class='ocrx_word' id='word_1_387' title='bbox 2278 1528 2327 1565; x_wconf 88' lang='lat' dir='ltr'><strong>ad</strong></span> <span class='ocrx_word' id='word_1_388' title='bbox 2355 1529 2518 1566; x_wconf 90' lang='lat' dir='ltr'><strong>tertium.</strong></span> 
     </span>
    </p>
   </div>
   <div class='ocr_carea' id='block_1_8' title="bbox 1090 1606 1885 1610">
    <p class='ocr_par' dir='ltr' id='par_1_12' title="bbox 1090 1606 1885 1610">
     <span class='ocr_line' id='line_1_59' title="bbox 1090 1606 1885 1610; baseline 0 0"><span class='ocrx_word' id='word_1_389' title='bbox 1090 1606 1885 1610; x_wconf 95' lang='lat' dir='ltr'><strong> </strong></span> 
     </span>
    </p>
   </div>
   <div class='ocr_carea' id='block_1_9' title="bbox 452 1641 1004 1708">
    <p class='ocr_par' dir='ltr' id='par_1_13' title="bbox 452 1641 1004 1708">
     <span class='ocr_line' id='line_1_60' title="bbox 452 1641 1004 1673; baseline -0.002 -7"><span class='ocrx_word' id='word_1_390' title='bbox 452 1641 477 1673; x_wconf 80' lang='grc' dir='ltr'><strong>ὃ)</strong></span> <span class='ocrx_word' id='word_1_391' title='bbox 497 1641 626 1666; x_wconf 78' lang='lat' dir='ltr'><strong>exterior.</strong></span> <span class='ocrx_word' id='word_1_392' title='bbox 643 1654 661 1660; x_wconf 91' lang='lat'>—</span> <span class='ocrx_word' id='word_1_393' title='bbox 680 1641 741 1665; x_wconf 88' lang='lat' dir='ltr'><strong>Om.</strong></span> <span class='ocrx_word' id='word_1_394' title='bbox 760 1641 1004 1673; x_wconf 78' lang='lat' dir='ltr'><strong>ACDEFGHILpB.</strong></span> 
     </span>
     <span class='ocr_line' id='line_1_61' title="bbox 453 1676 750 1708; baseline -0.003 -7"><span class='ocrx_word' id='word_1_395' title='bbox 453 1678 474 1708; x_wconf 88' lang='grc' dir='ltr'><strong>ε)</strong></span> <span class='ocrx_word' id='word_1_396' title='bbox 494 1683 580 1708; x_wconf 82' lang='lat' dir='ltr'><strong>opere.</strong></span> <span class='ocrx_word' id='word_1_397' title='bbox 598 1690 617 1695; x_wconf 95' lang='lat'>-</span> <span class='ocrx_word' id='word_1_398' title='bbox 635 1683 701 1708; x_wconf 76' lang='lat' dir='ltr'><strong>opus</strong></span> <span class='ocrx_word' id='word_1_399' title='bbox 721 1676 750 1700; x_wconf 87' lang='lat' dir='ltr'><strong>P.</strong></span> 
     </span>
    </p>
   </div>
   <div class='ocr_carea' id='block_1_10' title="bbox 1564 1640 2017 1672">
    <p class='ocr_par' dir='ltr' id='par_1_14' title="bbox 1564 1640 2017 1672">
     <span class='ocr_line' id='line_1_62' title="bbox 1564 1640 2017 1672; baseline 0 -8"><span class='ocrx_word' id='word_1_400' title='bbox 1564 1640 1588 1672; x_wconf 90' lang='grc' dir='ltr'><strong>ζ)</strong></span> <span class='ocrx_word' id='word_1_401' title='bbox 1609 1641 1753 1664; x_wconf 81' lang='lat' dir='ltr'><strong>voluntate.</strong></span> <span class='ocrx_word' id='word_1_402' title='bbox 1771 1653 1790 1658; x_wconf 99' lang='lat'>-</span> <span class='ocrx_word' id='word_1_403' title='bbox 1808 1640 1927 1664; x_wconf 82' lang='lat' dir='ltr'><strong>bonitate</strong></span> <span class='ocrx_word' id='word_1_404' title='bbox 1946 1640 2017 1664; x_wconf 86' lang='lat' dir='ltr'><strong>PKa.</strong></span> 
     </span>
    </p>
   </div>
   <div class='ocr_carea' id='block_1_11' title="bbox 1065 1743 1890 1778">
    <p class='ocr_par' dir='ltr' id='par_1_15' title="bbox 1065 1743 1890 1778">
     <span class='ocr_line' id='line_1_63' title="bbox 1065 1743 1890 1778; baseline -0.001 0"><span class='ocrx_word' id='word_1_405' title='bbox 1065 1745 1396 1778; x_wconf 73' lang='lat' dir='ltr'><strong>commentaria.</strong></span> <span class='ocrx_word' id='word_1_406' title='bbox 1419 1743 1668 1776; x_wconf 73' lang='lat' dir='ltr'><strong>Cardjnalis</strong></span> <span class='ocrx_word' id='word_1_407' title='bbox 1691 1745 1890 1777; x_wconf 75' lang='lat' dir='ltr'><strong>Caietam</strong></span> 
     </span>
    </p>
   </div>
   <div class='ocr_carea' id='block_1_12' title="bbox 396 1825 1462 3534">
    <p class='ocr_par' dir='ltr' id='par_1_16' title="bbox 398 1825 1462 1943">
     <span class='ocr_line' id='line_1_64' title="bbox 429 1825 1462 1866; baseline -0.002 -10"><span class='ocrx_word' id='word_1_408' title='bbox 429 1836 449 1855; x_wconf 83' lang='lat' dir='ltr'>N</span> <span class='ocrx_word' id='word_1_409' title='bbox 473 1826 564 1856; x_wconf 89' lang='lat' dir='ltr'><strong>titulo</strong></span> <span class='ocrx_word' id='word_1_410' title='bbox 581 1825 702 1856; x_wconf 88' lang='lat' dir='ltr'><strong>articuli</strong></span> <span class='ocrx_word' id='word_1_411' title='bbox 719 1825 821 1865; x_wconf 88' lang='lat' dir='ltr'><strong>quarti</strong></span> <span class='ocrx_word' id='word_1_412' title='bbox 846 1825 987 1855; x_wconf 88' lang='lat' dir='ltr'><strong>eiusdem</strong></span> <span class='ocrx_word' id='word_1_413' title='bbox 1008 1825 1210 1866; x_wconf 85' lang='lat' dir='ltr'><strong>quaestionis,</strong></span> <span class='ocrx_word' id='word_1_414' title='bbox 1232 1825 1356 1855; x_wconf 89' lang='lat' dir='ltr'><strong>adverte</strong></span> <span class='ocrx_word' id='word_1_415' title='bbox 1373 1825 1462 1864; x_wconf 93' lang='lat' dir='ltr'><strong>quod</strong></span> 
     </span>
     <span class='ocr_line' id='line_1_65' title="bbox 403 1838 1460 1909; baseline 0 -11"><span class='ocrx_word' id='word_1_416' title='bbox 403 1838 479 1899; x_wconf 83' lang='lat' dir='ltr'><strong>Ihic</strong></span> <span class='ocrx_word' id='word_1_417' title='bbox 503 1869 616 1900; x_wconf 88' lang='lat' dir='ltr'><strong>directe</strong></span> <span class='ocrx_word' id='word_1_418' title='bbox 640 1869 800 1909; x_wconf 88' lang='lat' dir='ltr'><strong>quaeritur</strong></span> <span class='ocrx_word' id='word_1_419' title='bbox 823 1869 861 1898; x_wconf 89' lang='lat' dir='ltr'><strong>de</strong></span> <span class='ocrx_word' id='word_1_420' title='bbox 885 1876 955 1900; x_wconf 85' lang='lat' dir='ltr'><strong>actu</strong></span> <span class='ocrx_word' id='word_1_421' title='bbox 980 1869 1137 1905; x_wconf 85' lang='lat' dir='ltr'><strong>exteriori,</strong></span> <span class='ocrx_word' id='word_1_422' title='bbox 1165 1874 1199 1899; x_wconf 88' lang='lat' dir='ltr'><strong>ut</strong></span> <span class='ocrx_word' id='word_1_423' title='bbox 1226 1874 1272 1899; x_wconf 85' lang='lat' dir='ltr'><strong>est</strong></span> <span class='ocrx_word' id='word_1_424' title='bbox 1295 1870 1327 1898; x_wconf 91' lang='lat' dir='ltr'><strong>in</strong></span> <span class='ocrx_word' id='word_1_425' title='bbox 1351 1878 1460 1898; x_wconf 86' lang='lat' dir='ltr'><strong>rerum</strong></span> 
     </span>
     <span class='ocr_line' id='line_1_66' title="bbox 398 1918 527 1943; baseline -0.008 0"><span class='ocrx_word' id='word_1_426' title='bbox 398 1918 527 1943; x_wconf 89' lang='lat' dir='ltr'><strong>natura.</strong></span> 
     </span>
    </p>

    <p class='ocr_par' dir='ltr' id='par_1_17' title="bbox 397 1955 1461 2435">
     <span class='ocr_line' id='line_1_67' title="bbox 452 1955 1461 1996; baseline -0.002 -9"><span class='ocrx_word' id='word_1_427' title='bbox 452 1958 487 1987; x_wconf 92' lang='lat' dir='ltr'><strong>In</strong></span> <span class='ocrx_word' id='word_1_428' title='bbox 512 1957 642 1987; x_wconf 89' lang='lat' dir='ltr'><strong>articulo</strong></span> <span class='ocrx_word' id='word_1_429' title='bbox 659 1963 772 1996; x_wconf 86' lang='lat' dir='ltr'><strong>quarto</strong></span> <span class='ocrx_word' id='word_1_430' title='bbox 790 1956 932 1986; x_wconf 89' lang='lat' dir='ltr'><strong>eiusdem</strong></span> <span class='ocrx_word' id='word_1_431' title='bbox 948 1956 1118 1996; x_wconf 87' lang='lat' dir='ltr'><strong>vigesimae</strong></span> <span class='ocrx_word' id='word_1_432' title='bbox 1142 1955 1345 1996; x_wconf 89' lang='lat' dir='ltr'><strong>quaestionis,</strong></span> <span class='ocrx_word' id='word_1_433' title='bbox 1364 1955 1461 1996; x_wconf 90' lang='lat' dir='ltr'><strong>tripli-</strong></span> 
     </span>
     <span class='ocr_line' id='line_1_68' title="bbox 399 1999 1460 2040; baseline -0.002 -9"><span class='ocrx_word' id='word_1_434' title='bbox 399 2002 473 2032; x_wconf 89' lang='lat' dir='ltr'><strong>citer</strong></span> <span class='ocrx_word' id='word_1_435' title='bbox 488 2001 656 2031; x_wconf 82' lang='lat' dir='ltr'><strong>dubitatur.</strong></span> <span class='ocrx_word' id='word_1_436' title='bbox 670 2000 787 2036; x_wconf 87' lang='lat' dir='ltr'><strong>Primo,</strong></span> <span class='ocrx_word' id='word_1_437' title='bbox 797 2000 875 2030; x_wconf 86' lang='lat' dir='ltr'><strong>circa</strong></span> <span class='ocrx_word' id='word_1_438' title='bbox 890 2000 1030 2040; x_wconf 91' lang='lat' dir='ltr'><strong>primum</strong></span> <span class='ocrx_word' id='word_1_439' title='bbox 1043 2000 1232 2036; x_wconf 88' lang='lat' dir='ltr'><strong>membrum,</strong></span> <span class='ocrx_word' id='word_1_440' title='bbox 1245 1999 1361 2029; x_wconf 88' lang='lat' dir='ltr'><strong>scilicet</strong></span> <span class='ocrx_word' id='word_1_441' title='bbox 1372 1999 1460 2039; x_wconf 93' lang='lat' dir='ltr'><strong>quod</strong></span> 
     </span>
     <span class='ocr_line' id='line_1_69' title="bbox 399 2043 1459 2084; baseline -0.002 -9"><span class='ocrx_word' id='word_1_442' title='bbox 399 2052 485 2075; x_wconf 88' lang='lat' dir='ltr'><strong>actus</strong></span> <span class='ocrx_word' id='word_1_443' title='bbox 503 2045 634 2075; x_wconf 86' lang='lat' dir='ltr'><strong>exterior</strong></span> <span class='ocrx_word' id='word_1_444' title='bbox 657 2044 736 2074; x_wconf 89' lang='lat' dir='ltr'><strong>nihil</strong></span> <span class='ocrx_word' id='word_1_445' title='bbox 759 2044 852 2074; x_wconf 85' lang='lat' dir='ltr'><strong>addat</strong></span> <span class='ocrx_word' id='word_1_446' title='bbox 870 2044 1019 2074; x_wconf 83' lang='lat' dir='ltr'><strong>bonitatis</strong></span> <span class='ocrx_word' id='word_1_447' title='bbox 1035 2054 1130 2084; x_wconf 90' lang='lat' dir='ltr'><strong>supra</strong></span> <span class='ocrx_word' id='word_1_448' title='bbox 1145 2051 1251 2074; x_wconf 88' lang='lat' dir='ltr'><strong>actum</strong></span> <span class='ocrx_word' id='word_1_449' title='bbox 1267 2043 1459 2080; x_wconf 87' lang='lat' dir='ltr'><strong>interiorem,</strong></span> 
     </span>
     <span class='ocr_line' id='line_1_70' title="bbox 399 2087 1461 2129; baseline -0.002 -10"><span class='ocrx_word' id='word_1_450' title='bbox 399 2089 506 2129; x_wconf 90' lang='lat' dir='ltr'><strong>quoad</strong></span> <span class='ocrx_word' id='word_1_451' title='bbox 516 2089 691 2119; x_wconf 88' lang='lat' dir='ltr'><strong>bonitatem</strong></span> <span class='ocrx_word' id='word_1_452' title='bbox 706 2097 787 2128; x_wconf 88' lang='lat' dir='ltr'><strong>quae</strong></span> <span class='ocrx_word' id='word_1_453' title='bbox 801 2095 846 2118; x_wconf 90' lang='lat' dir='ltr'><strong>est</strong></span> <span class='ocrx_word' id='word_1_454' title='bbox 859 2098 895 2118; x_wconf 89' lang='lat' dir='ltr'><strong>ex</strong></span> <span class='ocrx_word' id='word_1_455' title='bbox 909 2088 980 2118; x_wconf 89' lang='lat' dir='ltr'><strong>fine.</strong></span> <span class='ocrx_word' id='word_1_456' title='bbox 999 2088 1163 2118; x_wconf 89' lang='lat' dir='ltr'><strong>Manifeste</strong></span> <span class='ocrx_word' id='word_1_457' title='bbox 1177 2088 1262 2117; x_wconf 90' lang='lat' dir='ltr'><strong>enirn</strong></span> <span class='ocrx_word' id='word_1_458' title='bbox 1277 2087 1461 2118; x_wconf 89' lang='lat' dir='ltr'><strong>contradicit</strong></span> 
     </span>
     <span class='ocr_line' id='line_1_71' title="bbox 397 2131 1460 2172; baseline -0.002 -9"><span class='ocrx_word' id='word_1_459' title='bbox 397 2133 528 2168; x_wconf 86' lang='lat' dir='ltr'><strong>veritati,</strong></span> <span class='ocrx_word' id='word_1_460' title='bbox 545 2139 574 2162; x_wconf 92' lang='lat' dir='ltr'><strong>et</strong></span> <span class='ocrx_word' id='word_1_461' title='bbox 590 2132 729 2162; x_wconf 89' lang='lat' dir='ltr'><strong>secundo</strong></span> <span class='ocrx_word' id='word_1_462' title='bbox 746 2133 901 2162; x_wconf 90' lang='lat' dir='ltr'><strong>membro.</strong></span> <span class='ocrx_word' id='word_1_463' title='bbox 921 2132 1084 2168; x_wconf 89' lang='lat' dir='ltr'><strong>Quoniam</strong></span> <span class='ocrx_word' id='word_1_464' title='bbox 1104 2132 1128 2161; x_wconf 90' lang='lat' dir='ltr'><strong>si</strong></span> <span class='ocrx_word' id='word_1_465' title='bbox 1143 2131 1214 2172; x_wconf 91' lang='lat' dir='ltr'><strong>quis</strong></span> <span class='ocrx_word' id='word_1_466' title='bbox 1230 2131 1377 2162; x_wconf 86' lang='lat' dir='ltr'><strong>fornicari</strong></span> <span class='ocrx_word' id='word_1_467' title='bbox 1392 2132 1460 2162; x_wconf 89' lang='lat' dir='ltr'><strong>vult</strong></span> 
     </span>
     <span class='ocr_line' id='line_1_72' title="bbox 399 2175 1459 2215; baseline -0.001 -8"><span class='ocrx_word' id='word_1_468' title='bbox 399 2183 435 2207; x_wconf 90' lang='lat' dir='ltr'><strong>ut</strong></span> <span class='ocrx_word' id='word_1_469' title='bbox 450 2176 579 2212; x_wconf 82' lang='lat' dir='ltr'><strong>furetur,</strong></span> <span class='ocrx_word' id='word_1_470' title='bbox 597 2183 627 2206; x_wconf 87' lang='lat' dir='ltr'><strong>et</strong></span> <span class='ocrx_word' id='word_1_471' title='bbox 651 2176 762 2206; x_wconf 89' lang='lat' dir='ltr'><strong>deinde</strong></span> <span class='ocrx_word' id='word_1_472' title='bbox 779 2186 834 2215; x_wconf 92' lang='lat' dir='ltr'><strong>per</strong></span> <span class='ocrx_word' id='word_1_473' title='bbox 857 2176 1098 2206; x_wconf 84' lang='lat' dir='ltr'><strong>fornicationem</strong></span> <span class='ocrx_word' id='word_1_474' title='bbox 1117 2175 1259 2215; x_wconf 89' lang='lat' dir='ltr'><strong>pervenit</strong></span> <span class='ocrx_word' id='word_1_475' title='bbox 1282 2176 1321 2205; x_wconf 89' lang='lat' dir='ltr'><strong>ad</strong></span> <span class='ocrx_word' id='word_1_476' title='bbox 1338 2175 1459 2206; x_wconf 86' lang='lat' dir='ltr'><strong>furtum</strong></span> 
     </span>
     <span class='ocr_line' id='line_1_73' title="bbox 399 2219 1458 2260; baseline -0.001 -10"><span class='ocrx_word' id='word_1_477' title='bbox 399 2220 575 2256; x_wconf 89' lang='lat' dir='ltr'><strong>intentum;</strong></span> <span class='ocrx_word' id='word_1_478' title='bbox 598 2226 719 2250; x_wconf 89' lang='lat' dir='ltr'><strong>certum</strong></span> <span class='ocrx_word' id='word_1_479' title='bbox 734 2226 780 2249; x_wconf 90' lang='lat' dir='ltr'><strong>est</strong></span> <span class='ocrx_word' id='word_1_480' title='bbox 796 2220 894 2260; x_wconf 91' lang='lat' dir='ltr'><strong>quod,</strong></span> <span class='ocrx_word' id='word_1_481' title='bbox 912 2219 991 2249; x_wconf 89' lang='lat' dir='ltr'><strong>sicut</strong></span> <span class='ocrx_word' id='word_1_482' title='bbox 1007 2220 1064 2250; x_wconf 91' lang='lat' dir='ltr'><strong>iste</strong></span> <span class='ocrx_word' id='word_1_483' title='bbox 1081 2220 1169 2259; x_wconf 90' lang='lat' dir='ltr'><strong>peior</strong></span> <span class='ocrx_word' id='word_1_484' title='bbox 1185 2226 1230 2249; x_wconf 89' lang='lat' dir='ltr'><strong>est</strong></span> <span class='ocrx_word' id='word_1_485' title='bbox 1246 2219 1346 2249; x_wconf 80' lang='lat' dir='ltr'><strong>factus</strong></span> <span class='ocrx_word' id='word_1_486' title='bbox 1362 2219 1458 2249; x_wconf 91' lang='lat' dir='ltr'><strong>forni-</strong></span> 
     </span>
     <span class='ocr_line' id='line_1_74' title="bbox 401 2262 1457 2303; baseline 0 -9"><span class='ocrx_word' id='word_1_487' title='bbox 401 2264 512 2299; x_wconf 81' lang='lat' dir='ltr'><strong>cando,</strong></span> <span class='ocrx_word' id='word_1_488' title='bbox 529 2264 571 2294; x_wconf 90' lang='lat' dir='ltr'><strong>ita</strong></span> <span class='ocrx_word' id='word_1_489' title='bbox 590 2263 680 2303; x_wconf 90' lang='lat' dir='ltr'><strong>peior</strong></span> <span class='ocrx_word' id='word_1_490' title='bbox 696 2263 795 2293; x_wconf 87' lang='lat' dir='ltr'><strong>factus</strong></span> <span class='ocrx_word' id='word_1_491' title='bbox 812 2270 858 2293; x_wconf 88' lang='lat' dir='ltr'><strong>est</strong></span> <span class='ocrx_word' id='word_1_492' title='bbox 873 2262 1018 2294; x_wconf 88' lang='lat' dir='ltr'><strong>furando.</strong></span> <span class='ocrx_word' id='word_1_493' title='bbox 1037 2263 1172 2293; x_wconf 89' lang='lat' dir='ltr'><strong>Furtum</strong></span> <span class='ocrx_word' id='word_1_494' title='bbox 1189 2270 1295 2293; x_wconf 88' lang='lat' dir='ltr'><strong>autem</strong></span> <span class='ocrx_word' id='word_1_495' title='bbox 1311 2270 1357 2293; x_wconf 92' lang='lat' dir='ltr'><strong>est</strong></span> <span class='ocrx_word' id='word_1_496' title='bbox 1371 2270 1457 2294; x_wconf 82' lang='lat' dir='ltr'><strong>actus</strong></span> 
     </span>
     <span class='ocr_line' id='line_1_75' title="bbox 401 2306 1459 2338; baseline 0 -1"><span class='ocrx_word' id='word_1_497' title='bbox 401 2308 545 2338; x_wconf 88' lang='lat' dir='ltr'><strong>exterior:</strong></span> <span class='ocrx_word' id='word_1_498' title='bbox 571 2314 600 2337; x_wconf 91' lang='lat' dir='ltr'><strong>et</strong></span> <span class='ocrx_word' id='word_1_499' title='bbox 617 2314 703 2337; x_wconf 89' lang='lat' dir='ltr'><strong>actus</strong></span> <span class='ocrx_word' id='word_1_500' title='bbox 723 2307 851 2337; x_wconf 90' lang='lat' dir='ltr'><strong>interior</strong></span> <span class='ocrx_word' id='word_1_501' title='bbox 866 2307 1038 2337; x_wconf 84' lang='lat' dir='ltr'><strong>voluntatis</strong></span> <span class='ocrx_word' id='word_1_502' title='bbox 1055 2314 1101 2337; x_wconf 89' lang='lat' dir='ltr'><strong>est</strong></span> <span class='ocrx_word' id='word_1_503' title='bbox 1117 2317 1152 2337; x_wconf 87' lang='lat' dir='ltr'><strong>ex</strong></span> <span class='ocrx_word' id='word_1_504' title='bbox 1168 2317 1206 2337; x_wconf 93' lang='lat' dir='ltr'><strong>eo</strong></span> <span class='ocrx_word' id='word_1_505' title='bbox 1222 2306 1324 2337; x_wconf 84' lang='lat' dir='ltr'><strong>malus</strong></span> <span class='ocrx_word' id='word_1_506' title='bbox 1340 2307 1459 2337; x_wconf 86' lang='lat' dir='ltr'><strong>malitia</strong></span> 
     </span>
     <span class='ocr_line' id='line_1_76' title="bbox 400 2350 1456 2392; baseline 0 -11"><span class='ocrx_word' id='word_1_507' title='bbox 400 2362 481 2392; x_wconf 90' lang='lat' dir='ltr'><strong>quae</strong></span> <span class='ocrx_word' id='word_1_508' title='bbox 505 2358 551 2381; x_wconf 90' lang='lat' dir='ltr'><strong>est</strong></span> <span class='ocrx_word' id='word_1_509' title='bbox 574 2361 610 2381; x_wconf 89' lang='lat' dir='ltr'><strong>ex</strong></span> <span class='ocrx_word' id='word_1_510' title='bbox 629 2351 701 2381; x_wconf 90' lang='lat' dir='ltr'><strong>fine.</strong></span> <span class='ocrx_word' id='word_1_511' title='bbox 723 2351 823 2390; x_wconf 82' lang='lat' dir='ltr'><strong>Ergo,</strong></span> <span class='ocrx_word' id='word_1_512' title='bbox 848 2351 955 2391; x_wconf 90' lang='lat' dir='ltr'><strong>quoad</strong></span> <span class='ocrx_word' id='word_1_513' title='bbox 978 2351 1132 2381; x_wconf 89' lang='lat' dir='ltr'><strong>malitiam</strong></span> <span class='ocrx_word' id='word_1_514' title='bbox 1152 2361 1233 2391; x_wconf 89' lang='lat' dir='ltr'><strong>quae</strong></span> <span class='ocrx_word' id='word_1_515' title='bbox 1258 2357 1304 2381; x_wconf 87' lang='lat' dir='ltr'><strong>est</strong></span> <span class='ocrx_word' id='word_1_516' title='bbox 1326 2361 1362 2381; x_wconf 92' lang='lat' dir='ltr'><strong>ex</strong></span> <span class='ocrx_word' id='word_1_517' title='bbox 1385 2350 1456 2388; x_wconf 90' lang='lat' dir='ltr'><strong>fine,</strong></span> 
     </span>
     <span class='ocr_line' id='line_1_77' title="bbox 400 2395 1457 2435; baseline 0 -10"><span class='ocrx_word' id='word_1_518' title='bbox 400 2402 486 2426; x_wconf 90' lang='lat' dir='ltr'><strong>actus</strong></span> <span class='ocrx_word' id='word_1_519' title='bbox 500 2395 632 2425; x_wconf 87' lang='lat' dir='ltr'><strong>exterior</strong></span> <span class='ocrx_word' id='word_1_520' title='bbox 644 2395 729 2425; x_wconf 89' lang='lat' dir='ltr'><strong>addit</strong></span> <span class='ocrx_word' id='word_1_521' title='bbox 741 2395 773 2424; x_wconf 92' lang='lat' dir='ltr'><strong>in</strong></span> <span class='ocrx_word' id='word_1_522' title='bbox 786 2395 904 2425; x_wconf 86' lang='lat' dir='ltr'><strong>malitia</strong></span> <span class='ocrx_word' id='word_1_523' title='bbox 920 2405 1015 2435; x_wconf 89' lang='lat' dir='ltr'><strong>supra</strong></span> <span class='ocrx_word' id='word_1_524' title='bbox 1027 2395 1179 2425; x_wconf 89' lang='lat' dir='ltr'><strong>malitiam</strong></span> <span class='ocrx_word' id='word_1_525' title='bbox 1192 2401 1279 2425; x_wconf 87' lang='lat' dir='ltr'><strong>actus</strong></span> <span class='ocrx_word' id='word_1_526' title='bbox 1291 2395 1457 2426; x_wconf 90' lang='lat' dir='ltr'><strong>interioris.</strong></span> 
     </span>
    </p>

    <p class='ocr_par' dir='ltr' id='par_1_18' title="bbox 397 2438 1458 2689">
     <span class='ocr_line' id='line_1_78' title="bbox 454 2438 1457 2470; baseline 0.001 -1"><span class='ocrx_word' id='word_1_527' title='bbox 454 2439 635 2469; x_wconf 88' lang='lat' dir='ltr'><strong>Secundum</strong></span> <span class='ocrx_word' id='word_1_528' title='bbox 659 2438 793 2469; x_wconf 89' lang='lat' dir='ltr'><strong>dubium</strong></span> <span class='ocrx_word' id='word_1_529' title='bbox 822 2445 867 2469; x_wconf 89' lang='lat' dir='ltr'><strong>est</strong></span> <span class='ocrx_word' id='word_1_530' title='bbox 890 2439 969 2469; x_wconf 90' lang='lat' dir='ltr'><strong>circa</strong></span> <span class='ocrx_word' id='word_1_531' title='bbox 997 2439 1173 2469; x_wconf 88' lang='lat' dir='ltr'><strong>secundum</strong></span> <span class='ocrx_word' id='word_1_532' title='bbox 1195 2439 1392 2469; x_wconf 87' lang='lat' dir='ltr'><strong>membrum:</strong></span> <span class='ocrx_word' id='word_1_533' title='bbox 1418 2450 1457 2470; x_wconf 88' lang='lat' dir='ltr'><strong>an</strong></span> 
     </span>
     <span class='ocr_line' id='line_1_79' title="bbox 397 2483 1457 2523; baseline 0.002 -11"><span class='ocrx_word' id='word_1_534' title='bbox 397 2483 558 2518; x_wconf 89' lang='lat' dir='ltr'><strong>voluntas,</strong></span> <span class='ocrx_word' id='word_1_535' title='bbox 583 2489 739 2522; x_wconf 85' lang='lat' dir='ltr'><strong>quantum</strong></span> <span class='ocrx_word' id='word_1_536' title='bbox 763 2492 799 2512; x_wconf 89' lang='lat' dir='ltr'><strong>ex</strong></span> <span class='ocrx_word' id='word_1_537' title='bbox 814 2493 846 2512; x_wconf 93' lang='lat' dir='ltr'><strong>se</strong></span> <span class='ocrx_word' id='word_1_538' title='bbox 866 2489 921 2519; x_wconf 88' lang='lat' dir='ltr'><strong>est,</strong></span> <span class='ocrx_word' id='word_1_539' title='bbox 938 2489 1054 2522; x_wconf 85' lang='lat' dir='ltr'><strong>parata,</strong></span> <span class='ocrx_word' id='word_1_540' title='bbox 1078 2484 1132 2513; x_wconf 91' lang='lat' dir='ltr'><strong>sed</strong></span> <span class='ocrx_word' id='word_1_541' title='bbox 1149 2490 1278 2523; x_wconf 88' lang='lat' dir='ltr'><strong>propter</strong></span> <span class='ocrx_word' id='word_1_542' title='bbox 1299 2483 1457 2523; x_wconf 86' lang='lat' dir='ltr'><strong>impoten-</strong></span> 
     </span>
     <span class='ocr_line' id='line_1_80' title="bbox 398 2526 1458 2567; baseline 0.002 -11"><span class='ocrx_word' id='word_1_543' title='bbox 398 2526 474 2556; x_wconf 89' lang='lat' dir='ltr'><strong>tiam</strong></span> <span class='ocrx_word' id='word_1_544' title='bbox 498 2536 620 2556; x_wconf 88' lang='lat' dir='ltr'><strong>cessans</strong></span> <span class='ocrx_word' id='word_1_545' title='bbox 640 2527 678 2556; x_wconf 87' lang='lat' dir='ltr'><strong>ab</strong></span> <span class='ocrx_word' id='word_1_546' title='bbox 702 2536 807 2566; x_wconf 90' lang='lat' dir='ltr'><strong>opere,</strong></span> <span class='ocrx_word' id='word_1_547' title='bbox 825 2527 863 2557; x_wconf 88' lang='lat' dir='ltr'><strong>sit</strong></span> <span class='ocrx_word' id='word_1_548' title='bbox 886 2526 1022 2566; x_wconf 87' lang='lat' dir='ltr'><strong>perfecta</strong></span> <span class='ocrx_word' id='word_1_549' title='bbox 1041 2537 1076 2557; x_wconf 89' lang='lat' dir='ltr'><strong>ac</strong></span> <span class='ocrx_word' id='word_1_550' title='bbox 1100 2527 1125 2557; x_wconf 87' lang='lat' dir='ltr'><strong>si</strong></span> <span class='ocrx_word' id='word_1_551' title='bbox 1149 2534 1340 2567; x_wconf 90' lang='lat' dir='ltr'><strong>operaretur.</strong></span> <span class='ocrx_word' id='word_1_552' title='bbox 1357 2528 1398 2558; x_wconf 91' lang='lat' dir='ltr'><strong>Et</strong></span> <span class='ocrx_word' id='word_1_553' title='bbox 1412 2535 1458 2559; x_wconf 90' lang='lat' dir='ltr'><strong>est</strong></span> 
     </span>
     <span class='ocr_line' id='line_1_81' title="bbox 398 2570 1457 2611; baseline 0.001 -11"><span class='ocrx_word' id='word_1_554' title='bbox 398 2570 477 2600; x_wconf 85' lang='lat' dir='ltr'><strong>ratio</strong></span> <span class='ocrx_word' id='word_1_555' title='bbox 502 2570 598 2606; x_wconf 91' lang='lat' dir='ltr'><strong>dubii,</strong></span> <span class='ocrx_word' id='word_1_556' title='bbox 616 2570 690 2610; x_wconf 89' lang='lat' dir='ltr'><strong>quia</strong></span> <span class='ocrx_word' id='word_1_557' title='bbox 712 2572 834 2600; x_wconf 91' lang='lat' dir='ltr'><strong>Auctor</strong></span> <span class='ocrx_word' id='word_1_558' title='bbox 856 2577 949 2601; x_wconf 89' lang='lat' dir='ltr'><strong>vocat</strong></span> <span class='ocrx_word' id='word_1_559' title='bbox 972 2580 1042 2600; x_wconf 86' lang='lat' dir='ltr'><strong>earn</strong></span> <span class='ocrx_word' id='word_1_560' title='bbox 1061 2570 1232 2611; x_wconf 87' lang='lat' dir='ltr'><strong>perfectam</strong></span> <span class='ocrx_word' id='word_1_561' title='bbox 1256 2578 1286 2601; x_wconf 92' lang='lat' dir='ltr'><strong>et</strong></span> <span class='ocrx_word' id='word_1_562' title='bbox 1309 2581 1457 2602; x_wconf 90' lang='lat' dir='ltr'><strong>consum-</strong></span> 
     </span>
     <span class='ocr_line' id='line_1_82' title="bbox 397 2614 1457 2656; baseline 0.001 -11"><span class='ocrx_word' id='word_1_563' title='bbox 397 2621 533 2645; x_wconf 85' lang='lat' dir='ltr'><strong>matam:</strong></span> <span class='ocrx_word' id='word_1_564' title='bbox 555 2621 585 2644; x_wconf 88' lang='lat' dir='ltr'><strong>et</strong></span> <span class='ocrx_word' id='word_1_565' title='bbox 607 2624 714 2644; x_wconf 90' lang='lat' dir='ltr'><strong>rursus</strong></span> <span class='ocrx_word' id='word_1_566' title='bbox 737 2614 828 2654; x_wconf 90' lang='lat' dir='ltr'><strong>ponit</strong></span> <span class='ocrx_word' id='word_1_567' title='bbox 850 2614 883 2644; x_wconf 91' lang='lat' dir='ltr'><strong>in</strong></span> <span class='ocrx_word' id='word_1_568' title='bbox 907 2624 943 2644; x_wconf 86' lang='lat' dir='ltr'><strong>ea</strong></span> <span class='ocrx_word' id='word_1_569' title='bbox 966 2614 1125 2645; x_wconf 85' lang='lat' dir='ltr'><strong>defectum</strong></span> <span class='ocrx_word' id='word_1_570' title='bbox 1147 2614 1347 2655; x_wconf 91' lang='lat' dir='ltr'><strong>perfectionis</strong></span> <span class='ocrx_word' id='word_1_571' title='bbox 1375 2626 1457 2656; x_wconf 88' lang='lat' dir='ltr'><strong>quae</strong></span> 
     </span>
     <span class='ocr_line' id='line_1_83' title="bbox 398 2665 772 2689; baseline 0.003 -1"><span class='ocrx_word' id='word_1_572' title='bbox 398 2665 444 2688; x_wconf 89' lang='lat' dir='ltr'><strong>est</strong></span> <span class='ocrx_word' id='word_1_573' title='bbox 468 2668 504 2688; x_wconf 91' lang='lat' dir='ltr'><strong>ex</strong></span> <span class='ocrx_word' id='word_1_574' title='bbox 526 2665 597 2689; x_wconf 90' lang='lat' dir='ltr'><strong>actu</strong></span> <span class='ocrx_word' id='word_1_575' title='bbox 621 2665 772 2689; x_wconf 75' lang='lat' dir='ltr'><strong>exteriori.</strong></span> 
     </span>
    </p>

    <p class='ocr_par' dir='ltr' id='par_1_19' title="bbox 396 2702 1457 3050">
     <span class='ocr_line' id='line_1_84' title="bbox 454 2702 1457 2743; baseline 0.002 -11"><span class='ocrx_word' id='word_1_576' title='bbox 454 2702 600 2732; x_wconf 91' lang='lat' dir='ltr'><strong>Tertium</strong></span> <span class='ocrx_word' id='word_1_577' title='bbox 633 2702 767 2732; x_wconf 89' lang='lat' dir='ltr'><strong>dubium</strong></span> <span class='ocrx_word' id='word_1_578' title='bbox 796 2708 842 2732; x_wconf 89' lang='lat' dir='ltr'><strong>est</strong></span> <span class='ocrx_word' id='word_1_579' title='bbox 861 2702 941 2732; x_wconf 88' lang='lat' dir='ltr'><strong>circa</strong></span> <span class='ocrx_word' id='word_1_580' title='bbox 963 2702 1043 2732; x_wconf 92' lang='lat' dir='ltr'><strong>illud</strong></span> <span class='ocrx_word' id='word_1_581' title='bbox 1070 2703 1159 2743; x_wconf 91' lang='lat' dir='ltr'><strong>quod</strong></span> <span class='ocrx_word' id='word_1_582' title='bbox 1188 2702 1316 2739; x_wconf 84' lang='lat' dir='ltr'><strong>dicitur,</strong></span> <span class='ocrx_word' id='word_1_583' title='bbox 1341 2703 1457 2735; x_wconf 91' lang='lat' dir='ltr'><strong>scilicet</strong></span> 
     </span>
     <span class='ocr_line' id='line_1_85' title="bbox 398 2746 1456 2788; baseline 0.002 -12"><span class='ocrx_word' id='word_1_584' title='bbox 398 2746 486 2786; x_wconf 93' lang='lat' dir='ltr'><strong>quod</strong></span> <span class='ocrx_word' id='word_1_585' title='bbox 503 2746 733 2777; x_wconf 85' lang='lat' dir='ltr'><strong>involuntarius</strong></span> <span class='ocrx_word' id='word_1_586' title='bbox 749 2746 888 2776; x_wconf 91' lang='lat' dir='ltr'><strong>defectus</strong></span> <span class='ocrx_word' id='word_1_587' title='bbox 901 2756 918 2776; x_wconf 89' lang='lat' dir='ltr'><strong>a</strong></span> <span class='ocrx_word' id='word_1_588' title='bbox 934 2746 1088 2783; x_wconf 85' lang='lat' dir='ltr'><strong>faciendo,</strong></span> <span class='ocrx_word' id='word_1_589' title='bbox 1101 2757 1167 2777; x_wconf 88' lang='lat' dir='ltr'><strong>non</strong></span> <span class='ocrx_word' id='word_1_590' title='bbox 1183 2746 1266 2777; x_wconf 91' lang='lat' dir='ltr'><strong>tollit</strong></span> <span class='ocrx_word' id='word_1_591' title='bbox 1282 2747 1402 2788; x_wconf 89' lang='lat' dir='ltr'><strong>aliquid</strong></span> <span class='ocrx_word' id='word_1_592' title='bbox 1418 2748 1456 2778; x_wconf 93' lang='lat' dir='ltr'><strong>de</strong></span> 
     </span>
     <span class='ocr_line' id='line_1_86' title="bbox 397 2789 1456 2832; baseline 0.002 -12"><span class='ocrx_word' id='word_1_593' title='bbox 397 2789 538 2830; x_wconf 88' lang='lat' dir='ltr'><strong>praemio</strong></span> <span class='ocrx_word' id='word_1_594' title='bbox 558 2790 608 2820; x_wconf 89' lang='lat' dir='ltr'><strong>vel</strong></span> <span class='ocrx_word' id='word_1_595' title='bbox 627 2800 739 2830; x_wconf 85' lang='lat' dir='ltr'><strong>poena.</strong></span> <span class='ocrx_word' id='word_1_596' title='bbox 770 2790 841 2820; x_wconf 92' lang='lat' dir='ltr'><strong>Hoc</strong></span> <span class='ocrx_word' id='word_1_597' title='bbox 857 2790 942 2820; x_wconf 90' lang='lat' dir='ltr'><strong>enim</strong></span> <span class='ocrx_word' id='word_1_598' title='bbox 962 2797 1046 2830; x_wconf 88' lang='lat' dir='ltr'><strong>patet</strong></span> <span class='ocrx_word' id='word_1_599' title='bbox 1066 2801 1131 2821; x_wconf 87' lang='lat' dir='ltr'><strong>esse</strong></span> <span class='ocrx_word' id='word_1_600' title='bbox 1148 2790 1272 2826; x_wconf 84' lang='lat' dir='ltr'><strong>falsum,</strong></span> <span class='ocrx_word' id='word_1_601' title='bbox 1290 2797 1354 2821; x_wconf 88' lang='lat' dir='ltr'><strong>tam</strong></span> <span class='ocrx_word' id='word_1_602' title='bbox 1371 2792 1456 2832; x_wconf 86' lang='lat' dir='ltr'><strong>apud</strong></span> 
     </span>
     <span class='ocr_line' id='line_1_87' title="bbox 398 2833 1457 2875; baseline 0.002 -11"><span class='ocrx_word' id='word_1_603' title='bbox 398 2833 550 2870; x_wconf 89' lang='lat' dir='ltr'><strong>divinum,</strong></span> <span class='ocrx_word' id='word_1_604' title='bbox 567 2844 664 2874; x_wconf 86' lang='lat' dir='ltr'><strong>quarn</strong></span> <span class='ocrx_word' id='word_1_605' title='bbox 679 2834 764 2874; x_wconf 86' lang='lat' dir='ltr'><strong>apud</strong></span> <span class='ocrx_word' id='word_1_606' title='bbox 779 2834 958 2864; x_wconf 89' lang='lat' dir='ltr'><strong>humanum</strong></span> <span class='ocrx_word' id='word_1_607' title='bbox 974 2834 1138 2864; x_wconf 89' lang='lat' dir='ltr'><strong>iudicium.</strong></span> <span class='ocrx_word' id='word_1_608' title='bbox 1154 2835 1273 2875; x_wconf 91' lang='lat' dir='ltr'><strong>Martyr</strong></span> <span class='ocrx_word' id='word_1_609' title='bbox 1288 2834 1373 2865; x_wconf 88' lang='lat' dir='ltr'><strong>enim</strong></span> <span class='ocrx_word' id='word_1_610' title='bbox 1389 2836 1457 2866; x_wconf 88' lang='lat' dir='ltr'><strong>sola</strong></span> 
     </span>
     <span class='ocr_line' id='line_1_88' title="bbox 396 2878 1455 2920; baseline 0.001 -12"><span class='ocrx_word' id='word_1_611' title='bbox 396 2878 559 2908; x_wconf 86' lang='lat' dir='ltr'><strong>voluntate</strong></span> <span class='ocrx_word' id='word_1_612' title='bbox 583 2878 756 2914; x_wconf 89' lang='lat' dir='ltr'><strong>sitibunda,</strong></span> <span class='ocrx_word' id='word_1_613' title='bbox 781 2884 910 2918; x_wconf 91' lang='lat' dir='ltr'><strong>propter</strong></span> <span class='ocrx_word' id='word_1_614' title='bbox 933 2878 1092 2909; x_wconf 89' lang='lat' dir='ltr'><strong>defectum</strong></span> <span class='ocrx_word' id='word_1_615' title='bbox 1116 2878 1273 2908; x_wconf 86' lang='lat' dir='ltr'><strong>exterioris</strong></span> <span class='ocrx_word' id='word_1_616' title='bbox 1297 2879 1455 2920; x_wconf 88' lang='lat' dir='ltr'><strong>martyrii,</strong></span> 
     </span>
     <span class='ocr_line' id='line_1_89' title="bbox 398 2922 1457 2963; baseline 0.002 -12"><span class='ocrx_word' id='word_1_617' title='bbox 398 2922 498 2961; x_wconf 88' lang='lat' dir='ltr'><strong>perdit</strong></span> <span class='ocrx_word' id='word_1_618' title='bbox 522 2922 640 2962; x_wconf 90' lang='lat' dir='ltr'><strong>aliquid</strong></span> <span class='ocrx_word' id='word_1_619' title='bbox 664 2923 701 2952; x_wconf 91' lang='lat' dir='ltr'><strong>de</strong></span> <span class='ocrx_word' id='word_1_620' title='bbox 718 2922 876 2962; x_wconf 87' lang='lat' dir='ltr'><strong>praemio:</strong></span> <span class='ocrx_word' id='word_1_621' title='bbox 901 2922 975 2963; x_wconf 88' lang='lat' dir='ltr'><strong>quia</strong></span> <span class='ocrx_word' id='word_1_622' title='bbox 994 2929 1077 2953; x_wconf 86' lang='lat' dir='ltr'><strong>caret</strong></span> <span class='ocrx_word' id='word_1_623' title='bbox 1099 2922 1236 2952; x_wconf 87' lang='lat' dir='ltr'><strong>aureola.</strong></span> <span class='ocrx_word' id='word_1_624' title='bbox 1260 2922 1302 2953; x_wconf 93' lang='lat' dir='ltr'><strong>Et</strong></span> <span class='ocrx_word' id='word_1_625' title='bbox 1316 2923 1457 2954; x_wconf 88' lang='lat' dir='ltr'><strong>similiter</strong></span> 
     </span>
     <span class='ocr_line' id='line_1_90' title="bbox 398 2965 1456 3006; baseline 0.002 -11"><span class='ocrx_word' id='word_1_626' title='bbox 398 2965 453 3006; x_wconf 91' lang='lat' dir='ltr'><strong>qui</strong></span> <span class='ocrx_word' id='word_1_627' title='bbox 470 2966 611 2996; x_wconf 89' lang='lat' dir='ltr'><strong>similiter</strong></span> <span class='ocrx_word' id='word_1_628' title='bbox 625 2966 728 2996; x_wconf 88' lang='lat' dir='ltr'><strong>voluit</strong></span> <span class='ocrx_word' id='word_1_629' title='bbox 743 2973 904 3005; x_wconf 91' lang='lat' dir='ltr'><strong>percutere</strong></span> <span class='ocrx_word' id='word_1_630' title='bbox 921 2966 1078 3003; x_wconf 90' lang='lat' dir='ltr'><strong>clericum,</strong></span> <span class='ocrx_word' id='word_1_631' title='bbox 1100 2973 1182 2997; x_wconf 89' lang='lat' dir='ltr'><strong>caret</strong></span> <span class='ocrx_word' id='word_1_632' title='bbox 1205 2976 1309 3006; x_wconf 88' lang='lat' dir='ltr'><strong>poena</strong></span> <span class='ocrx_word' id='word_1_633' title='bbox 1331 2977 1456 2998; x_wconf 87' lang='lat' dir='ltr'><strong>excom-</strong></span> 
     </span>
     <span class='ocr_line' id='line_1_91' title="bbox 399 3010 1432 3050; baseline 0.002 -11"><span class='ocrx_word' id='word_1_634' title='bbox 399 3010 639 3040; x_wconf 84' lang='lat' dir='ltr'><strong>municationis:</strong></span> <span class='ocrx_word' id='word_1_635' title='bbox 665 3017 694 3040; x_wconf 92' lang='lat' dir='ltr'><strong>et</strong></span> <span class='ocrx_word' id='word_1_636' title='bbox 717 3010 772 3050; x_wconf 91' lang='lat' dir='ltr'><strong>qui</strong></span> <span class='ocrx_word' id='word_1_637' title='bbox 792 3010 894 3040; x_wconf 90' lang='lat' dir='ltr'><strong>voluit</strong></span> <span class='ocrx_word' id='word_1_638' title='bbox 910 3011 1061 3047; x_wconf 88' lang='lat' dir='ltr'><strong>occidere,</strong></span> <span class='ocrx_word' id='word_1_639' title='bbox 1083 3017 1164 3041; x_wconf 89' lang='lat' dir='ltr'><strong>caret</strong></span> <span class='ocrx_word' id='word_1_640' title='bbox 1187 3020 1290 3050; x_wconf 85' lang='lat' dir='ltr'><strong>poena</strong></span> <span class='ocrx_word' id='word_1_641' title='bbox 1313 3011 1432 3042; x_wconf 89' lang='lat' dir='ltr'><strong>mortis.</strong></span> 
     </span>
    </p>

    <p class='ocr_par' dir='ltr' id='par_1_20' title="bbox 396 3054 1457 3224">
     <span class='ocr_line' id='line_1_92' title="bbox 454 3054 1456 3091; baseline 0.003 -9"><span class='ocrx_word' id='word_1_642' title='bbox 454 3054 575 3090; x_wconf 85' lang='lat' dir='ltr'><strong>Quarto</strong></span> <span class='ocrx_word' id='word_1_643' title='bbox 600 3054 672 3083; x_wconf 90' lang='lat' dir='ltr'><strong>loco</strong></span> <span class='ocrx_word' id='word_1_644' title='bbox 704 3061 806 3084; x_wconf 89' lang='lat' dir='ltr'><strong>essent</strong></span> <span class='ocrx_word' id='word_1_645' title='bbox 829 3054 922 3090; x_wconf 90' lang='lat' dir='ltr'><strong>forte,</strong></span> <span class='ocrx_word' id='word_1_646' title='bbox 948 3054 1073 3085; x_wconf 90' lang='lat' dir='ltr'><strong>alterius</strong></span> <span class='ocrx_word' id='word_1_647' title='bbox 1097 3054 1232 3091; x_wconf 89' lang='lat' dir='ltr'><strong>iudicio,</strong></span> <span class='ocrx_word' id='word_1_648' title='bbox 1256 3055 1456 3086; x_wconf 87' lang='lat' dir='ltr'><strong>adducendae</strong></span> 
     </span>
     <span class='ocr_line' id='line_1_93' title="bbox 398 3097 1457 3138; baseline 0.004 -12"><span class='ocrx_word' id='word_1_649' title='bbox 398 3097 589 3127; x_wconf 91' lang='lat' dir='ltr'><strong>obiectiones</strong></span> <span class='ocrx_word' id='word_1_650' title='bbox 611 3097 753 3127; x_wconf 87' lang='lat' dir='ltr'><strong>recitatae</strong></span> <span class='ocrx_word' id='word_1_651' title='bbox 777 3108 794 3127; x_wconf 88' lang='lat' dir='ltr'><strong>a</strong></span> <span class='ocrx_word' id='word_1_652' title='bbox 818 3097 976 3138; x_wconf 85' lang='lat' dir='ltr'><strong>Capreolo</strong></span> <span class='ocrx_word' id='word_1_653' title='bbox 991 3099 1023 3128; x_wconf 91' lang='lat' dir='ltr'><strong>in</strong></span> <span class='ocrx_word' id='word_1_654' title='bbox 1046 3109 1108 3129; x_wconf 77' lang='lat' dir='ltr'><strong>xm</strong></span> <span class='ocrx_word' id='word_1_655' title='bbox 1125 3098 1324 3130; x_wconf 83' lang='lat' dir='ltr'><strong>distinctione</strong></span> <span class='ocrx_word' id='word_1_656' title='bbox 1340 3099 1457 3130; x_wconf 90' lang='lat' dir='ltr'><strong>Secun-</strong></span> 
     </span>
     <span class='ocr_line' id='line_1_94' title="bbox 398 3141 1457 3183; baseline 0.004 -13"><span class='ocrx_word' id='word_1_657' title='bbox 398 3141 429 3170; x_wconf 90' lang='lat' dir='ltr'><strong>di</strong></span> <span class='ocrx_word' id='word_1_658' title='bbox 441 3141 468 3171; x_wconf 89' lang='lat'><strong>*.</strong></span> <span class='ocrx_word' id='word_1_659' title='bbox 482 3141 543 3171; x_wconf 89' lang='lat' dir='ltr'><strong>Sed</strong></span> <span class='ocrx_word' id='word_1_660' title='bbox 558 3141 721 3181; x_wconf 85' lang='lat' dir='ltr'><strong>quoniam,</strong></span> <span class='ocrx_word' id='word_1_661' title='bbox 738 3141 849 3172; x_wconf 87' lang='lat' dir='ltr'><strong>solutis</strong></span> <span class='ocrx_word' id='word_1_662' title='bbox 866 3142 923 3178; x_wconf 90' lang='lat' dir='ltr'><strong>his,</strong></span> <span class='ocrx_word' id='word_1_663' title='bbox 937 3143 1098 3183; x_wconf 86' lang='lat' dir='ltr'><strong>apparebit</strong></span> <span class='ocrx_word' id='word_1_664' title='bbox 1114 3149 1167 3174; x_wconf 92' lang='lat' dir='ltr'><strong>aut</strong></span> <span class='ocrx_word' id='word_1_665' title='bbox 1183 3142 1310 3179; x_wconf 91' lang='lat' dir='ltr'><strong>solutio,</strong></span> <span class='ocrx_word' id='word_1_666' title='bbox 1326 3150 1381 3174; x_wconf 87' lang='lat' dir='ltr'><strong>aut</strong></span> <span class='ocrx_word' id='word_1_667' title='bbox 1398 3143 1457 3174; x_wconf 90' lang='lat' dir='ltr'><strong>im-</strong></span> 
     </span>
     <span class='ocr_line' id='line_1_95' title="bbox 396 3185 874 3224; baseline 0.002 -9"><span class='ocrx_word' id='word_1_668' title='bbox 396 3185 584 3224; x_wconf 87' lang='lat' dir='ltr'><strong>pertinentia</strong></span> <span class='ocrx_word' id='word_1_669' title='bbox 607 3195 724 3221; x_wconf 89' lang='lat' dir='ltr'><strong>earum,</strong></span> <span class='ocrx_word' id='word_1_670' title='bbox 750 3186 874 3216; x_wconf 89' lang='lat' dir='ltr'><strong>omitto.</strong></span> 
     </span>
    </p>

    <p class='ocr_par' dir='ltr' id='par_1_21' title="bbox 397 3229 1457 3534">
     <span class='ocr_line' id='line_1_96' title="bbox 454 3229 1457 3271; baseline 0.003 -13"><span class='ocrx_word' id='word_1_671' title='bbox 454 3229 490 3258; x_wconf 91' lang='lat'><strong>11.</strong></span> <span class='ocrx_word' id='word_1_672' title='bbox 505 3229 556 3259; x_wconf 88' lang='lat' dir='ltr'><strong>Ad</strong></span> <span class='ocrx_word' id='word_1_673' title='bbox 579 3229 768 3260; x_wconf 88' lang='lat' dir='ltr'><strong>evidentiam</strong></span> <span class='ocrx_word' id='word_1_674' title='bbox 791 3229 916 3266; x_wconf 89' lang='lat' dir='ltr'><strong>horum,</strong></span> <span class='ocrx_word' id='word_1_675' title='bbox 934 3230 1064 3260; x_wconf 92' lang='lat' dir='ltr'><strong>recolito</strong></span> <span class='ocrx_word' id='word_1_676' title='bbox 1088 3231 1192 3270; x_wconf 91' lang='lat' dir='ltr'><strong>primo</strong></span> <span class='ocrx_word' id='word_1_677' title='bbox 1215 3230 1233 3250; x_wconf 88' lang='grc'><strong>*</strong></span> <span class='ocrx_word' id='word_1_678' title='bbox 1255 3231 1353 3271; x_wconf 90' lang='lat' dir='ltr'><strong>quod,</strong></span> <span class='ocrx_word' id='word_1_679' title='bbox 1377 3230 1457 3262; x_wconf 89' lang='lat' dir='ltr'><strong>sicut</strong></span> 
     </span>
     <span class='ocr_line' id='line_1_97' title="bbox 397 3273 1456 3314; baseline 0.002 -11"><span class='ocrx_word' id='word_1_680' title='bbox 397 3283 511 3303; x_wconf 87' lang='lat' dir='ltr'><strong>sanum</strong></span> <span class='ocrx_word' id='word_1_681' title='bbox 534 3273 566 3303; x_wconf 92' lang='lat' dir='ltr'><strong>in</strong></span> <span class='ocrx_word' id='word_1_682' title='bbox 583 3273 672 3303; x_wconf 87' lang='lat' dir='ltr'><strong>urina</strong></span> <span class='ocrx_word' id='word_1_683' title='bbox 688 3283 754 3303; x_wconf 90' lang='lat' dir='ltr'><strong>non</strong></span> <span class='ocrx_word' id='word_1_684' title='bbox 771 3273 856 3303; x_wconf 87' lang='lat' dir='ltr'><strong>addit</strong></span> <span class='ocrx_word' id='word_1_685' title='bbox 879 3273 997 3314; x_wconf 85' lang='lat' dir='ltr'><strong>aliquid</strong></span> <span class='ocrx_word' id='word_1_686' title='bbox 1021 3274 1158 3305; x_wconf 82' lang='lat' dir='ltr'><strong>sanitatis</strong></span> <span class='ocrx_word' id='word_1_687' title='bbox 1174 3285 1269 3314; x_wconf 84' lang='lat' dir='ltr'><strong>supra</strong></span> <span class='ocrx_word' id='word_1_688' title='bbox 1292 3275 1456 3305; x_wconf 81' lang='lat' dir='ltr'><strong>sanitatem</strong></span> 
     </span>
     <span class='ocr_line' id='line_1_98' title="bbox 397 3316 1456 3355; baseline 0.002 -8"><span class='ocrx_word' id='word_1_689' title='bbox 397 3317 557 3353; x_wconf 89' lang='lat' dir='ltr'><strong>animalis,</strong></span> <span class='ocrx_word' id='word_1_690' title='bbox 581 3317 624 3348; x_wconf 91' lang='lat' dir='ltr'><strong>ita</strong></span> <span class='ocrx_word' id='word_1_691' title='bbox 647 3318 771 3348; x_wconf 89' lang='lat' dir='ltr'><strong>bonum</strong></span> <span class='ocrx_word' id='word_1_692' title='bbox 795 3327 831 3347; x_wconf 83' lang='lat' dir='ltr'><strong>ex</strong></span> <span class='ocrx_word' id='word_1_693' title='bbox 854 3316 915 3348; x_wconf 91' lang='lat' dir='ltr'><strong>fine</strong></span> <span class='ocrx_word' id='word_1_694' title='bbox 938 3318 971 3347; x_wconf 91' lang='lat' dir='ltr'><strong>in</strong></span> <span class='ocrx_word' id='word_1_695' title='bbox 995 3325 1065 3348; x_wconf 87' lang='lat' dir='ltr'><strong>actu</strong></span> <span class='ocrx_word' id='word_1_696' title='bbox 1089 3319 1242 3355; x_wconf 85' lang='lat' dir='ltr'><strong>exteriori,</strong></span> <span class='ocrx_word' id='word_1_697' title='bbox 1263 3318 1341 3349; x_wconf 90' lang='lat' dir='ltr'><strong>nihil</strong></span> <span class='ocrx_word' id='word_1_698' title='bbox 1364 3319 1456 3349; x_wconf 91' lang='lat' dir='ltr'><strong>boni-</strong></span> 
     </span>
     <span class='ocr_line' id='line_1_99' title="bbox 397 3361 1456 3401; baseline 0.003 -11"><span class='ocrx_word' id='word_1_699' title='bbox 397 3361 467 3391; x_wconf 90' lang='lat' dir='ltr'><strong>tatis</strong></span> <span class='ocrx_word' id='word_1_700' title='bbox 491 3361 578 3391; x_wconf 86' lang='lat' dir='ltr'><strong>addit</strong></span> <span class='ocrx_word' id='word_1_701' title='bbox 605 3371 700 3401; x_wconf 85' lang='lat' dir='ltr'><strong>supra</strong></span> <span class='ocrx_word' id='word_1_702' title='bbox 722 3361 846 3391; x_wconf 85' lang='lat' dir='ltr'><strong>bonum</strong></span> <span class='ocrx_word' id='word_1_703' title='bbox 870 3368 975 3391; x_wconf 88' lang='lat' dir='ltr'><strong>actum</strong></span> <span class='ocrx_word' id='word_1_704' title='bbox 1007 3362 1188 3392; x_wconf 87' lang='lat' dir='ltr'><strong>interiorem</strong></span> <span class='ocrx_word' id='word_1_705' title='bbox 1210 3362 1391 3393; x_wconf 86' lang='lat' dir='ltr'><strong>voluntatis.</strong></span> <span class='ocrx_word' id='word_1_706' title='bbox 1416 3363 1456 3393; x_wconf 92' lang='lat' dir='ltr'><strong>Et</strong></span> 
     </span>
     <span class='ocr_line' id='line_1_100' title="bbox 397 3405 1455 3446; baseline 0.003 -12"><span class='ocrx_word' id='word_1_707' title='bbox 397 3405 475 3435; x_wconf 87' lang='lat' dir='ltr'><strong>ratio</strong></span> <span class='ocrx_word' id='word_1_708' title='bbox 500 3405 669 3445; x_wconf 89' lang='lat' dir='ltr'><strong>utrobique</strong></span> <span class='ocrx_word' id='word_1_709' title='bbox 693 3412 740 3436; x_wconf 89' lang='lat' dir='ltr'><strong>est</strong></span> <span class='ocrx_word' id='word_1_710' title='bbox 762 3406 885 3435; x_wconf 89' lang='lat' dir='ltr'><strong>eadem:</strong></span> <span class='ocrx_word' id='word_1_711' title='bbox 910 3405 984 3446; x_wconf 89' lang='lat' dir='ltr'><strong>quia</strong></span> <span class='ocrx_word' id='word_1_712' title='bbox 1009 3406 1281 3437; x_wconf 85' lang='lat' dir='ltr'><strong>denominativum</strong></span> <span class='ocrx_word' id='word_1_713' title='bbox 1308 3406 1455 3437; x_wconf 87' lang='lat' dir='ltr'><strong>extrinse-</strong></span> 
     </span>
     <span class='ocr_line' id='line_1_101' title="bbox 398 3445 1454 3490; baseline 0.002 -12"><span class='ocrx_word' id='word_1_714' title='bbox 398 3458 471 3478; x_wconf 92' lang='lat' dir='ltr'><strong>cum</strong></span> <span class='ocrx_word' id='word_1_715' title='bbox 502 3445 579 3479; x_wconf 87' lang='lat' dir='ltr'><strong>nihil</strong></span> <span class='ocrx_word' id='word_1_716' title='bbox 613 3450 734 3479; x_wconf 90' lang='lat' dir='ltr'><strong>formae</strong></span> <span class='ocrx_word' id='word_1_717' title='bbox 766 3449 852 3480; x_wconf 87' lang='lat' dir='ltr'><strong>addit</strong></span> <span class='ocrx_word' id='word_1_718' title='bbox 879 3459 973 3490; x_wconf 88' lang='lat' dir='ltr'><strong>supra</strong></span> <span class='ocrx_word' id='word_1_719' title='bbox 1008 3450 1280 3481; x_wconf 85' lang='lat' dir='ltr'><strong>denominativum</strong></span> <span class='ocrx_word' id='word_1_720' title='bbox 1313 3450 1454 3481; x_wconf 87' lang='lat' dir='ltr'><strong>formale.</strong></span> 
     </span>
     <span class='ocr_line' id='line_1_102' title="bbox 397 3492 1454 3534; baseline 0.002 -12"><span class='ocrx_word' id='word_1_721' title='bbox 397 3492 489 3523; x_wconf 88' lang='lat' dir='ltr'><strong>Unde</strong></span> <span class='ocrx_word' id='word_1_722' title='bbox 514 3503 549 3523; x_wconf 92' lang='lat' dir='ltr'><strong>ex</strong></span> <span class='ocrx_word' id='word_1_723' title='bbox 572 3493 634 3523; x_wconf 91' lang='lat' dir='ltr'><strong>hoc</strong></span> <span class='ocrx_word' id='word_1_724' title='bbox 658 3493 746 3534; x_wconf 91' lang='lat' dir='ltr'><strong>quod</strong></span> <span class='ocrx_word' id='word_1_725' title='bbox 769 3495 891 3523; x_wconf 86' lang='lat' dir='ltr'><strong>Auctor</strong></span> <span class='ocrx_word' id='word_1_726' title='bbox 913 3493 1019 3533; x_wconf 92' lang='lat' dir='ltr'><strong>posuit</strong></span> <span class='ocrx_word' id='word_1_727' title='bbox 1040 3493 1057 3512; x_wconf 91' lang='lat'>*</span> <span class='ocrx_word' id='word_1_728' title='bbox 1076 3495 1163 3534; x_wconf 91' lang='lat' dir='ltr'><strong>quod</strong></span> <span class='ocrx_word' id='word_1_729' title='bbox 1187 3494 1311 3525; x_wconf 89' lang='lat' dir='ltr'><strong>bonitas</strong></span> <span class='ocrx_word' id='word_1_730' title='bbox 1335 3504 1371 3525; x_wconf 92' lang='lat' dir='ltr'><strong>ex</strong></span> <span class='ocrx_word' id='word_1_731' title='bbox 1393 3494 1454 3524; x_wconf 91' lang='lat' dir='ltr'><strong>fine</strong></span> 
     </span>
    </p>
   </div>
   <div class='ocr_carea' id='block_1_13' title="bbox 1514 1824 2575 1998">
    <p class='ocr_par' dir='ltr' id='par_1_22' title="bbox 1514 1824 2575 1998">
     <span class='ocr_line' id='line_1_103' title="bbox 1516 1824 2575 1866; baseline 0.001 -11"><span class='ocrx_word' id='word_1_732' title='bbox 1516 1831 1562 1855; x_wconf 89' lang='lat' dir='ltr'><strong>est</strong></span> <span class='ocrx_word' id='word_1_733' title='bbox 1584 1824 1756 1856; x_wconf 86' lang='lat' dir='ltr'><strong>formaliter</strong></span> <span class='ocrx_word' id='word_1_734' title='bbox 1778 1825 1811 1855; x_wconf 92' lang='lat' dir='ltr'><strong>in</strong></span> <span class='ocrx_word' id='word_1_735' title='bbox 1835 1826 1904 1856; x_wconf 90' lang='lat' dir='ltr'><strong>solo</strong></span> <span class='ocrx_word' id='word_1_736' title='bbox 1929 1831 2000 1856; x_wconf 81' lang='lat' dir='ltr'><strong>actu</strong></span> <span class='ocrx_word' id='word_1_737' title='bbox 2023 1825 2172 1862; x_wconf 89' lang='lat' dir='ltr'><strong>interiori,</strong></span> <span class='ocrx_word' id='word_1_738' title='bbox 2197 1832 2324 1866; x_wconf 91' lang='lat' dir='ltr'><strong>oportet</strong></span> <span class='ocrx_word' id='word_1_739' title='bbox 2347 1831 2575 1866; x_wconf 88' lang='lat' dir='ltr'><strong>consequenter</strong></span> 
     </span>
     <span class='ocr_line' id='line_1_104' title="bbox 1515 1868 2574 1910; baseline 0.002 -12"><span class='ocrx_word' id='word_1_740' title='bbox 1515 1868 1616 1899; x_wconf 88' lang='lat' dir='ltr'><strong>dicere</strong></span> <span class='ocrx_word' id='word_1_741' title='bbox 1632 1870 1720 1910; x_wconf 92' lang='lat' dir='ltr'><strong>quod</strong></span> <span class='ocrx_word' id='word_1_742' title='bbox 1742 1876 1829 1900; x_wconf 91' lang='lat' dir='ltr'><strong>actus</strong></span> <span class='ocrx_word' id='word_1_743' title='bbox 1850 1869 1983 1900; x_wconf 85' lang='lat' dir='ltr'><strong>exterior</strong></span> <span class='ocrx_word' id='word_1_744' title='bbox 1997 1869 2076 1900; x_wconf 90' lang='lat' dir='ltr'><strong>nihil</strong></span> <span class='ocrx_word' id='word_1_745' title='bbox 2098 1870 2246 1900; x_wconf 89' lang='lat' dir='ltr'><strong>bonitatis</strong></span> <span class='ocrx_word' id='word_1_746' title='bbox 2267 1869 2351 1900; x_wconf 82' lang='lat' dir='ltr'><strong>illius</strong></span> <span class='ocrx_word' id='word_1_747' title='bbox 2367 1869 2467 1900; x_wconf 89' lang='lat' dir='ltr'><strong>addit:</strong></span> <span class='ocrx_word' id='word_1_748' title='bbox 2493 1879 2574 1910; x_wconf 91' lang='lat' dir='ltr'><strong>quo-</strong></span> 
     </span>
     <span class='ocr_line' id='line_1_105' title="bbox 1515 1912 2574 1955; baseline 0.002 -13"><span class='ocrx_word' id='word_1_749' title='bbox 1515 1912 1600 1942; x_wconf 88' lang='lat' dir='ltr'><strong>niam</strong></span> <span class='ocrx_word' id='word_1_750' title='bbox 1624 1913 1677 1953; x_wconf 78' lang='lat' dir='ltr'><strong>tali</strong></span> <span class='ocrx_word' id='word_1_751' title='bbox 1701 1913 1839 1944; x_wconf 89' lang='lat' dir='ltr'><strong>bonitate</strong></span> <span class='ocrx_word' id='word_1_752' title='bbox 1867 1915 1972 1944; x_wconf 90' lang='lat' dir='ltr'><strong>bonus</strong></span> <span class='ocrx_word' id='word_1_753' title='bbox 1996 1921 2042 1944; x_wconf 89' lang='lat' dir='ltr'><strong>est</strong></span> <span class='ocrx_word' id='word_1_754' title='bbox 2074 1914 2163 1955; x_wconf 89' lang='lat' dir='ltr'><strong>quasi</strong></span> <span class='ocrx_word' id='word_1_755' title='bbox 2197 1914 2367 1945; x_wconf 80' lang='lat' dir='ltr'><strong>extrinseca</strong></span> <span class='ocrx_word' id='word_1_756' title='bbox 2390 1913 2574 1945; x_wconf 84' lang='lat' dir='ltr'><strong>denomina-</strong></span> 
     </span>
     <span class='ocr_line' id='line_1_106' title="bbox 1514 1955 2574 1998; baseline 0.002 -12"><span class='ocrx_word' id='word_1_757' title='bbox 1514 1956 1610 1987; x_wconf 89' lang='lat' dir='ltr'><strong>tione.</strong></span> <span class='ocrx_word' id='word_1_758' title='bbox 1628 1955 1669 1987; x_wconf 86' lang='lat' dir='ltr'><strong>Et</strong></span> <span class='ocrx_word' id='word_1_759' title='bbox 1688 1957 1771 1997; x_wconf 89' lang='lat' dir='ltr'><strong>quia,</strong></span> <span class='ocrx_word' id='word_1_760' title='bbox 1788 1958 1817 1988; x_wconf 82' lang='lat' dir='ltr'><strong>si</strong></span> <span class='ocrx_word' id='word_1_761' title='bbox 1839 1957 2016 1998; x_wconf 87' lang='lat' dir='ltr'><strong>affirmatio</strong></span> <span class='ocrx_word' id='word_1_762' title='bbox 2033 1963 2079 1988; x_wconf 83' lang='lat' dir='ltr'><strong>est</strong></span> <span class='ocrx_word' id='word_1_763' title='bbox 2098 1967 2195 1988; x_wconf 85' lang='lat' dir='ltr'><strong>causa</strong></span> <span class='ocrx_word' id='word_1_764' title='bbox 2219 1957 2457 1998; x_wconf 84' lang='lat' dir='ltr'><strong>affirmationis,</strong></span> <span class='ocrx_word' id='word_1_765' title='bbox 2475 1967 2574 1998; x_wconf 77' lang='lat' dir='ltr'><strong>nega—</strong></span> 
     </span>
    </p>
   </div>
   <div class='ocr_carea' id='block_1_14' title="bbox 1514 2000 2814 2083">
    <p class='ocr_par' dir='ltr' id='par_1_23' title="bbox 1514 2000 2814 2083">
     <span class='ocr_line' id='line_1_107' title="bbox 1514 2000 2814 2056; baseline 0 -27"><span class='ocrx_word' id='word_1_766' title='bbox 1514 2000 1556 2029; x_wconf 89' lang='lat' dir='ltr'><strong>tio</strong></span> <span class='ocrx_word' id='word_1_767' title='bbox 1580 2002 1641 2030; x_wconf 88' lang='lat' dir='ltr'><strong>erit</strong></span> <span class='ocrx_word' id='word_1_768' title='bbox 1664 2010 1761 2031; x_wconf 83' lang='lat' dir='ltr'><strong>causa</strong></span> <span class='ocrx_word' id='word_1_769' title='bbox 1781 2002 1970 2042; x_wconf 81' lang='lat' dir='ltr'><strong>negationis,</strong></span> <span class='ocrx_word' id='word_1_770' title='bbox 1999 2006 2029 2031; x_wconf 85' lang='lat' dir='ltr'><strong>et</strong></span> <span class='ocrx_word' id='word_1_771' title='bbox 2045 2011 2062 2031; x_wconf 88' lang='lat' dir='ltr'><strong>e</strong></span> <span class='ocrx_word' id='word_1_772' title='bbox 2077 2011 2228 2032; x_wconf 81' lang='lat' dir='ltr'><strong>converso</strong></span> <span class='ocrx_word' id='word_1_773' title='bbox 2243 2001 2277 2037; x_wconf 48' lang='grc' dir='ltr'><strong>’ἢ</strong></span> <span class='ocrx_word' id='word_1_774' title='bbox 2301 2001 2374 2032; x_wconf 91' lang='lat' dir='ltr'><strong>ideo</strong></span> <span class='ocrx_word' id='word_1_775' title='bbox 2399 2001 2575 2032; x_wconf 87' lang='lat' dir='ltr'><strong>secundum</strong></span> <span class='ocrx_word' id='word_1_776' title='bbox 2600 2007 2814 2056; x_wconf 45' lang='grc' dir='ltr'><strong>ῖίῗτῐιῐιοὲὶΡωικῐεᾶ,</strong></span> 
     </span>
     <span class='ocr_line' id='line_1_108' title="bbox 2600 2049 2810 2083; baseline 0.005 -1"><span class='ocrx_word' id='word_1_777' title='bbox 2600 2049 2701 2083; x_wconf 55' lang='grc' dir='ltr'><strong>εμὲ-’5.</strong></span> <span class='ocrx_word' id='word_1_778' title='bbox 2738 2050 2744 2055; x_wconf 80' lang='grc'><strong>“</strong></span> <span class='ocrx_word' id='word_1_779' title='bbox 2804 2050 2810 2061; x_wconf 93' lang='grc'><strong><em>’</em></strong></span> 
     </span>
    </p>
   </div>
   <div class='ocr_carea' id='block_1_15' title="bbox 1514 2088 2663 2130">
    <p class='ocr_par' dir='ltr' id='par_1_24' title="bbox 1514 2088 2663 2130">
     <span class='ocr_line' id='line_1_109' title="bbox 1514 2088 2663 2130; baseline 0.002 -12"><span class='ocrx_word' id='word_1_780' title='bbox 1514 2088 1657 2118; x_wconf 88' lang='lat' dir='ltr'><strong>exteriori</strong></span> <span class='ocrx_word' id='word_1_781' title='bbox 1680 2089 1796 2124; x_wconf 92' lang='lat' dir='ltr'><strong>volito,</strong></span> <span class='ocrx_word' id='word_1_782' title='bbox 1820 2095 1906 2119; x_wconf 86' lang='lat' dir='ltr'><strong>actus</strong></span> <span class='ocrx_word' id='word_1_783' title='bbox 1931 2089 2063 2119; x_wconf 89' lang='lat' dir='ltr'><strong>exterior</strong></span> <span class='ocrx_word' id='word_1_784' title='bbox 2085 2089 2119 2119; x_wconf 93' lang='lat' dir='ltr'><strong>in</strong></span> <span class='ocrx_word' id='word_1_785' title='bbox 2149 2099 2255 2119; x_wconf 87' lang='lat' dir='ltr'><strong>rerum</strong></span> <span class='ocrx_word' id='word_1_786' title='bbox 2278 2095 2405 2126; x_wconf 87' lang='lat' dir='ltr'><strong>natura,</strong></span> <span class='ocrx_word' id='word_1_787' title='bbox 2431 2089 2505 2130; x_wconf 87' lang='lat' dir='ltr'><strong>quia</strong></span> <span class='ocrx_word' id='word_1_788' title='bbox 2529 2096 2575 2120; x_wconf 91' lang='lat' dir='ltr'><strong>est</strong></span> <span class='ocrx_word' id='word_1_789' title='bbox 2600 2092 2663 2108; x_wconf 57' lang='lat'><em>¹¹¹*-</em></span> 
     </span>
    </p>
   </div>
   <div class='ocr_carea' id='block_1_16' title="bbox 1513 2044 2574 2085">
    <p class='ocr_par' dir='ltr' id='par_1_25' title="bbox 1513 2044 2574 2085">
     <span class='ocr_line' id='line_1_110' title="bbox 1513 2044 2574 2085; baseline 0.003 -12"><span class='ocrx_word' id='word_1_790' title='bbox 1513 2044 1687 2074; x_wconf 87' lang='lat' dir='ltr'><strong>bonitatem</strong></span> <span class='ocrx_word' id='word_1_791' title='bbox 1716 2055 1814 2085; x_wconf 87' lang='lat' dir='ltr'><strong>quam</strong></span> <span class='ocrx_word' id='word_1_792' title='bbox 1841 2045 1935 2075; x_wconf 90' lang='lat' dir='ltr'><strong>habet</strong></span> <span class='ocrx_word' id='word_1_793' title='bbox 1962 2051 2050 2075; x_wconf 90' lang='lat' dir='ltr'><strong>actus</strong></span> <span class='ocrx_word' id='word_1_794' title='bbox 2080 2045 2209 2075; x_wconf 90' lang='lat' dir='ltr'><strong>interior</strong></span> <span class='ocrx_word' id='word_1_795' title='bbox 2236 2045 2408 2075; x_wconf 88' lang='lat' dir='ltr'><strong>voluntatis</strong></span> <span class='ocrx_word' id='word_1_796' title='bbox 2438 2055 2475 2076; x_wconf 87' lang='lat' dir='ltr'><strong>ex</strong></span> <span class='ocrx_word' id='word_1_797' title='bbox 2503 2051 2574 2076; x_wconf 87' lang='lat' dir='ltr'><strong>actu</strong></span> 
     </span>
    </p>
   </div>
   <div class='ocr_carea' id='block_1_17' title="bbox 1508 2131 2575 3526">
    <p class='ocr_par' dir='ltr' id='par_1_26' title="bbox 1511 2131 2575 2436">
     <span class='ocr_line' id='line_1_111' title="bbox 1513 2131 2575 2169; baseline 0.002 -7"><span class='ocrx_word' id='word_1_798' title='bbox 1513 2131 1686 2163; x_wconf 86' lang='lat' dir='ltr'><strong>formaliter</strong></span> <span class='ocrx_word' id='word_1_799' title='bbox 1701 2133 1805 2163; x_wconf 91' lang='lat' dir='ltr'><strong>bonus</strong></span> <span class='ocrx_word' id='word_1_800' title='bbox 1821 2133 1874 2163; x_wconf 90' lang='lat' dir='ltr'><strong>tali</strong></span> <span class='ocrx_word' id='word_1_801' title='bbox 1897 2133 2046 2169; x_wconf 89' lang='lat' dir='ltr'><strong>bonitate,</strong></span> <span class='ocrx_word' id='word_1_802' title='bbox 2063 2132 2149 2163; x_wconf 87' lang='lat' dir='ltr'><strong>addit</strong></span> <span class='ocrx_word' id='word_1_803' title='bbox 2172 2133 2211 2163; x_wconf 88' lang='lat' dir='ltr'><strong>ad</strong></span> <span class='ocrx_word' id='word_1_804' title='bbox 2227 2133 2402 2163; x_wconf 85' lang='lat' dir='ltr'><strong>bonitatem</strong></span> <span class='ocrx_word' id='word_1_805' title='bbox 2425 2140 2512 2164; x_wconf 88' lang='lat' dir='ltr'><strong>actus</strong></span> <span class='ocrx_word' id='word_1_806' title='bbox 2527 2133 2575 2164; x_wconf 85' lang='lat' dir='ltr'><strong>in-</strong></span> 
     </span>
     <span class='ocr_line' id='line_1_112' title="bbox 1512 2176 2573 2218; baseline 0.003 -13"><span class='ocrx_word' id='word_1_807' title='bbox 1512 2176 1634 2206; x_wconf 92' lang='lat' dir='ltr'><strong>terioris</strong></span> <span class='ocrx_word' id='word_1_808' title='bbox 1658 2186 1724 2206; x_wconf 90' lang='lat' dir='ltr'><strong>non</strong></span> <span class='ocrx_word' id='word_1_809' title='bbox 1747 2176 1841 2206; x_wconf 87' lang='lat' dir='ltr'><strong>aliam</strong></span> <span class='ocrx_word' id='word_1_810' title='bbox 1865 2177 2048 2214; x_wconf 86' lang='lat' dir='ltr'><strong>bonitatem,</strong></span> <span class='ocrx_word' id='word_1_811' title='bbox 2067 2184 2121 2208; x_wconf 92' lang='lat' dir='ltr'><strong>aut</strong></span> <span class='ocrx_word' id='word_1_812' title='bbox 2137 2177 2236 2207; x_wconf 88' lang='lat' dir='ltr'><strong>alium</strong></span> <span class='ocrx_word' id='word_1_813' title='bbox 2259 2177 2407 2208; x_wconf 85' lang='lat' dir='ltr'><strong>bonitatis</strong></span> <span class='ocrx_word' id='word_1_814' title='bbox 2423 2178 2573 2218; x_wconf 82' lang='lat' dir='ltr'><strong>gradum;</strong></span> 
     </span>
     <span class='ocr_line' id='line_1_113' title="bbox 1512 2220 2574 2261; baseline 0.002 -12"><span class='ocrx_word' id='word_1_815' title='bbox 1512 2220 1567 2249; x_wconf 91' lang='lat' dir='ltr'><strong>sed</strong></span> <span class='ocrx_word' id='word_1_816' title='bbox 1589 2220 1691 2260; x_wconf 86' lang='lat' dir='ltr'><strong>ipsam</strong></span> <span class='ocrx_word' id='word_1_817' title='bbox 1708 2221 1840 2250; x_wconf 85' lang='lat' dir='ltr'><strong>eandem</strong></span> <span class='ocrx_word' id='word_1_818' title='bbox 1863 2221 2038 2251; x_wconf 84' lang='lat' dir='ltr'><strong>bonitatem</strong></span> <span class='ocrx_word' id='word_1_819' title='bbox 2054 2221 2187 2261; x_wconf 87' lang='lat' dir='ltr'><strong>apponit</strong></span> <span class='ocrx_word' id='word_1_820' title='bbox 2209 2221 2242 2251; x_wconf 90' lang='lat' dir='ltr'><strong>in</strong></span> <span class='ocrx_word' id='word_1_821' title='bbox 2265 2231 2325 2251; x_wconf 93' lang='lat' dir='ltr'><strong>suo</strong></span> <span class='ocrx_word' id='word_1_822' title='bbox 2346 2221 2574 2261; x_wconf 88' lang='lat' dir='ltr'><strong>perfectissimo</strong></span> 
     </span>
     <span class='ocr_line' id='line_1_114' title="bbox 1512 2264 2573 2304; baseline 0.002 -12"><span class='ocrx_word' id='word_1_823' title='bbox 1512 2264 1634 2293; x_wconf 90' lang='lat' dir='ltr'><strong>essendi</strong></span> <span class='ocrx_word' id='word_1_824' title='bbox 1656 2264 1765 2300; x_wconf 87' lang='lat' dir='ltr'><strong>modo,</strong></span> <span class='ocrx_word' id='word_1_825' title='bbox 1783 2264 1900 2295; x_wconf 89' lang='lat' dir='ltr'><strong>scilicet</strong></span> <span class='ocrx_word' id='word_1_826' title='bbox 1918 2265 2105 2301; x_wconf 87' lang='lat' dir='ltr'><strong>formaliter;</strong></span> <span class='ocrx_word' id='word_1_827' title='bbox 2124 2274 2159 2295; x_wconf 86' lang='lat' dir='ltr'><strong>ac</strong></span> <span class='ocrx_word' id='word_1_828' title='bbox 2182 2274 2238 2304; x_wconf 92' lang='lat' dir='ltr'><strong>per</strong></span> <span class='ocrx_word' id='word_1_829' title='bbox 2255 2264 2317 2294; x_wconf 93' lang='lat' dir='ltr'><strong>hoc</strong></span> <span class='ocrx_word' id='word_1_830' title='bbox 2332 2264 2487 2301; x_wconf 86' lang='lat' dir='ltr'><strong>terminat,</strong></span> <span class='ocrx_word' id='word_1_831' title='bbox 2504 2274 2573 2304; x_wconf 92' lang='lat' dir='ltr'><strong>per-</strong></span> 
     </span>
     <span class='ocr_line' id='line_1_115' title="bbox 1511 2306 2574 2348; baseline 0.001 -11"><span class='ocrx_word' id='word_1_832' title='bbox 1511 2306 1575 2338; x_wconf 86' lang='lat' dir='ltr'><strong>ficit</strong></span> <span class='ocrx_word' id='word_1_833' title='bbox 1597 2314 1627 2338; x_wconf 92' lang='lat' dir='ltr'><strong>et</strong></span> <span class='ocrx_word' id='word_1_834' title='bbox 1650 2314 1851 2338; x_wconf 90' lang='lat' dir='ltr'><strong>consummat</strong></span> <span class='ocrx_word' id='word_1_835' title='bbox 1874 2315 2001 2338; x_wconf 88' lang='lat' dir='ltr'><strong>motum</strong></span> <span class='ocrx_word' id='word_1_836' title='bbox 2023 2308 2195 2338; x_wconf 86' lang='lat' dir='ltr'><strong>voluntatis</strong></span> <span class='ocrx_word' id='word_1_837' title='bbox 2213 2308 2246 2338; x_wconf 91' lang='lat' dir='ltr'><strong>in</strong></span> <span class='ocrx_word' id='word_1_838' title='bbox 2262 2308 2378 2348; x_wconf 89' lang='lat' dir='ltr'><strong>ipsum,</strong></span> <span class='ocrx_word' id='word_1_839' title='bbox 2395 2318 2432 2338; x_wconf 89' lang='lat' dir='ltr'><strong>ex</strong></span> <span class='ocrx_word' id='word_1_840' title='bbox 2445 2308 2574 2348; x_wconf 87' lang='lat' dir='ltr'><strong>propria</strong></span> 
     </span>
     <span class='ocr_line' id='line_1_116' title="bbox 1511 2350 2572 2392; baseline 0.002 -12"><span class='ocrx_word' id='word_1_841' title='bbox 1511 2350 1623 2387; x_wconf 86' lang='lat' dir='ltr'><strong>forma,</strong></span> <span class='ocrx_word' id='word_1_842' title='bbox 1643 2361 1740 2392; x_wconf 85' lang='lat' dir='ltr'><strong>quam</strong></span> <span class='ocrx_word' id='word_1_843' title='bbox 1760 2351 1793 2381; x_wconf 93' lang='lat' dir='ltr'><strong>in</strong></span> <span class='ocrx_word' id='word_1_844' title='bbox 1808 2362 1840 2382; x_wconf 89' lang='lat' dir='ltr'><strong>se</strong></span> <span class='ocrx_word' id='word_1_845' title='bbox 1864 2358 1895 2382; x_wconf 91' lang='lat' dir='ltr'><strong>et</strong></span> <span class='ocrx_word' id='word_1_846' title='bbox 1917 2362 1953 2382; x_wconf 91' lang='lat' dir='ltr'><strong>ex</strong></span> <span class='ocrx_word' id='word_1_847' title='bbox 1977 2362 2009 2382; x_wconf 90' lang='lat' dir='ltr'><strong>se</strong></span> <span class='ocrx_word' id='word_1_848' title='bbox 2026 2351 2128 2383; x_wconf 90' lang='lat' dir='ltr'><strong>habet.</strong></span> <span class='ocrx_word' id='word_1_849' title='bbox 2147 2351 2239 2382; x_wconf 91' lang='lat' dir='ltr'><strong>Unde</strong></span> <span class='ocrx_word' id='word_1_850' title='bbox 2262 2352 2376 2382; x_wconf 88' lang='lat' dir='ltr'><strong>melior</strong></span> <span class='ocrx_word' id='word_1_851' title='bbox 2399 2358 2445 2383; x_wconf 88' lang='lat' dir='ltr'><strong>est</strong></span> <span class='ocrx_word' id='word_1_852' title='bbox 2461 2352 2572 2382; x_wconf 86' lang='lat' dir='ltr'><strong>volens</strong></span> 
     </span>
     <span class='ocr_line' id='line_1_117' title="bbox 1512 2394 2570 2436; baseline 0.001 -11"><span class='ocrx_word' id='word_1_853' title='bbox 1512 2400 1542 2425; x_wconf 89' lang='lat' dir='ltr'><strong>et</strong></span> <span class='ocrx_word' id='word_1_854' title='bbox 1557 2394 1672 2425; x_wconf 88' lang='lat' dir='ltr'><strong>faciens</strong></span> <span class='ocrx_word' id='word_1_855' title='bbox 1688 2401 1794 2426; x_wconf 90' lang='lat' dir='ltr'><strong>actum</strong></span> <span class='ocrx_word' id='word_1_856' title='bbox 1810 2396 1942 2432; x_wconf 86' lang='lat' dir='ltr'><strong>bonum,</strong></span> <span class='ocrx_word' id='word_1_857' title='bbox 1960 2405 2058 2436; x_wconf 90' lang='lat' dir='ltr'><strong>quarn</strong></span> <span class='ocrx_word' id='word_1_858' title='bbox 2073 2396 2184 2426; x_wconf 89' lang='lat' dir='ltr'><strong>volens</strong></span> <span class='ocrx_word' id='word_1_859' title='bbox 2199 2395 2299 2426; x_wconf 83' lang='lat' dir='ltr'><strong>facere</strong></span> <span class='ocrx_word' id='word_1_860' title='bbox 2315 2402 2346 2426; x_wconf 91' lang='lat' dir='ltr'><strong>et</strong></span> <span class='ocrx_word' id='word_1_861' title='bbox 2361 2406 2427 2426; x_wconf 91' lang='lat' dir='ltr'><strong>non</strong></span> <span class='ocrx_word' id='word_1_862' title='bbox 2443 2395 2570 2427; x_wconf 85' lang='lat' dir='ltr'><strong>faciens.</strong></span> 
     </span>
    </p>

    <p class='ocr_par' dir='ltr' id='par_1_27' title="bbox 1510 2438 2571 2696">
     <span class='ocr_line' id='line_1_118' title="bbox 1564 2438 2571 2480; baseline 0.001 -11"><span class='ocrx_word' id='word_1_863' title='bbox 1564 2439 1709 2470; x_wconf 91' lang='lat' dir='ltr'><strong>Recolito</strong></span> <span class='ocrx_word' id='word_1_864' title='bbox 1733 2440 1872 2470; x_wconf 90' lang='lat' dir='ltr'><strong>secundo</strong></span> <span class='ocrx_word' id='word_1_865' title='bbox 1888 2438 1916 2475; x_wconf 48' lang='grc' dir='ltr'><strong>θ,</strong></span> <span class='ocrx_word' id='word_1_866' title='bbox 1934 2440 2022 2480; x_wconf 91' lang='lat' dir='ltr'><strong>quod</strong></span> <span class='ocrx_word' id='word_1_867' title='bbox 2046 2440 2187 2470; x_wconf 85' lang='lat' dir='ltr'><strong>doctrina</strong></span> <span class='ocrx_word' id='word_1_868' title='bbox 2201 2439 2286 2478; x_wconf 46' lang='lat' dir='ltr'><strong>,haec</strong></span> <span class='ocrx_word' id='word_1_869' title='bbox 2310 2440 2347 2470; x_wconf 92' lang='lat' dir='ltr'><strong>de</strong></span> <span class='ocrx_word' id='word_1_870' title='bbox 2371 2439 2511 2471; x_wconf 84' lang='lat' dir='ltr'><strong>bonitate</strong></span> <span class='ocrx_word' id='word_1_871' title='bbox 2535 2450 2571 2470; x_wconf 86' lang='lat' dir='ltr'><strong>ex</strong></span> 
     </span>
     <span class='ocr_line' id='line_1_119' title="bbox 1510 2482 2570 2524; baseline 0.001 -11"><span class='ocrx_word' id='word_1_872' title='bbox 1510 2482 1572 2513; x_wconf 90' lang='lat' dir='ltr'><strong>fine</strong></span> <span class='ocrx_word' id='word_1_873' title='bbox 1592 2490 1622 2513; x_wconf 91' lang='lat' dir='ltr'><strong>et</strong></span> <span class='ocrx_word' id='word_1_874' title='bbox 1644 2490 1725 2520; x_wconf 85' lang='lat' dir='ltr'><strong>actu,</strong></span> <span class='ocrx_word' id='word_1_875' title='bbox 1746 2483 1928 2523; x_wconf 88' lang='lat' dir='ltr'><strong>intelligitur</strong></span> <span class='ocrx_word' id='word_1_876' title='bbox 1948 2483 2130 2520; x_wconf 87' lang='lat' dir='ltr'><strong>formaliter,</strong></span> <span class='ocrx_word' id='word_1_877' title='bbox 2146 2483 2226 2514; x_wconf 86' lang='lat' dir='ltr'><strong>idest</strong></span> <span class='ocrx_word' id='word_1_878' title='bbox 2247 2483 2439 2524; x_wconf 84' lang='lat' dir='ltr'><strong>inquantum</strong></span> <span class='ocrx_word' id='word_1_879' title='bbox 2461 2483 2570 2515; x_wconf 89' lang='lat' dir='ltr'><strong>huius-</strong></span> 
     </span>
     <span class='ocr_line' id='line_1_120' title="bbox 1511 2527 2569 2568; baseline 0.003 -12"><span class='ocrx_word' id='word_1_880' title='bbox 1511 2527 1609 2558; x_wconf 89' lang='lat' dir='ltr'><strong>modi.</strong></span> <span class='ocrx_word' id='word_1_881' title='bbox 1631 2527 1672 2557; x_wconf 82' lang='lat' dir='ltr'><strong>Et</strong></span> <span class='ocrx_word' id='word_1_882' title='bbox 1694 2527 1813 2557; x_wconf 91' lang='lat' dir='ltr'><strong>videbis</strong></span> <span class='ocrx_word' id='word_1_883' title='bbox 1837 2527 1934 2568; x_wconf 93' lang='lat' dir='ltr'><strong>quod,</strong></span> <span class='ocrx_word' id='word_1_884' title='bbox 1959 2527 2088 2568; x_wconf 85' lang='lat' dir='ltr'><strong>quando</strong></span> <span class='ocrx_word' id='word_1_885' title='bbox 2112 2534 2199 2558; x_wconf 79' lang='lat' dir='ltr'><strong>actus</strong></span> <span class='ocrx_word' id='word_1_886' title='bbox 2223 2534 2254 2558; x_wconf 87' lang='lat' dir='ltr'><strong>et</strong></span> <span class='ocrx_word' id='word_1_887' title='bbox 2276 2527 2347 2558; x_wconf 90' lang='lat' dir='ltr'><strong>finis</strong></span> <span class='ocrx_word' id='word_1_888' title='bbox 2370 2527 2569 2564; x_wconf 84' lang='lat' dir='ltr'><strong>coincidunt,</strong></span> 
     </span>
     <span class='ocr_line' id='line_1_121' title="bbox 1510 2571 2570 2611; baseline 0.002 -10"><span class='ocrx_word' id='word_1_889' title='bbox 1510 2577 1586 2601; x_wconf 90' lang='lat' dir='ltr'><strong>tunc</strong></span> <span class='ocrx_word' id='word_1_890' title='bbox 1609 2577 1696 2601; x_wconf 87' lang='lat' dir='ltr'><strong>actus</strong></span> <span class='ocrx_word' id='word_1_891' title='bbox 1720 2571 1852 2601; x_wconf 88' lang='lat' dir='ltr'><strong>exterior</strong></span> <span class='ocrx_word' id='word_1_892' title='bbox 1875 2571 1959 2601; x_wconf 87' lang='lat' dir='ltr'><strong>addit</strong></span> <span class='ocrx_word' id='word_1_893' title='bbox 1974 2577 2004 2602; x_wconf 91' lang='lat' dir='ltr'><strong>et</strong></span> <span class='ocrx_word' id='word_1_894' title='bbox 2022 2581 2088 2601; x_wconf 90' lang='lat' dir='ltr'><strong>non</strong></span> <span class='ocrx_word' id='word_1_895' title='bbox 2105 2571 2191 2602; x_wconf 85' lang='lat' dir='ltr'><strong>addit</strong></span> <span class='ocrx_word' id='word_1_896' title='bbox 2209 2581 2304 2611; x_wconf 87' lang='lat' dir='ltr'><strong>supra</strong></span> <span class='ocrx_word' id='word_1_897' title='bbox 2323 2577 2430 2602; x_wconf 86' lang='lat' dir='ltr'><strong>actum</strong></span> <span class='ocrx_word' id='word_1_898' title='bbox 2443 2571 2570 2604; x_wconf 84' lang='lat' dir='ltr'><strong>interio-</strong></span> 
     </span>
     <span class='ocr_line' id='line_1_122' title="bbox 1510 2614 2571 2655; baseline 0.002 -11"><span class='ocrx_word' id='word_1_899' title='bbox 1510 2625 1577 2645; x_wconf 88' lang='lat' dir='ltr'><strong>rem</strong></span> <span class='ocrx_word' id='word_1_900' title='bbox 1592 2614 1625 2644; x_wconf 90' lang='lat' dir='ltr'><strong>in</strong></span> <span class='ocrx_word' id='word_1_901' title='bbox 1639 2614 1778 2645; x_wconf 86' lang='lat' dir='ltr'><strong>bonitate</strong></span> <span class='ocrx_word' id='word_1_902' title='bbox 1803 2621 1833 2645; x_wconf 94' lang='lat' dir='ltr'><strong>et</strong></span> <span class='ocrx_word' id='word_1_903' title='bbox 1855 2614 1987 2645; x_wconf 82' lang='lat' dir='ltr'><strong>malitia:</strong></span> <span class='ocrx_word' id='word_1_904' title='bbox 2013 2615 2087 2655; x_wconf 87' lang='lat' dir='ltr'><strong>quia</strong></span> <span class='ocrx_word' id='word_1_905' title='bbox 2110 2614 2302 2655; x_wconf 87' lang='lat' dir='ltr'><strong>inquantum</strong></span> <span class='ocrx_word' id='word_1_906' title='bbox 2324 2615 2429 2647; x_wconf 91' lang='lat' dir='ltr'><strong>bonus</strong></span> <span class='ocrx_word' id='word_1_907' title='bbox 2452 2625 2489 2646; x_wconf 82' lang='lat' dir='ltr'><strong>ex</strong></span> <span class='ocrx_word' id='word_1_908' title='bbox 2507 2614 2571 2647; x_wconf 83' lang='lat' dir='ltr'><strong>fine</strong></span> 
     </span>
     <span class='ocr_line' id='line_1_123' title="bbox 1510 2658 2569 2696; baseline 0.001 -7"><span class='ocrx_word' id='word_1_909' title='bbox 1510 2666 1546 2689; x_wconf 92' lang='lat' dir='ltr'><strong>ut</strong></span> <span class='ocrx_word' id='word_1_910' title='bbox 1569 2659 1621 2695; x_wconf 90' lang='lat' dir='ltr'><strong>sic,</strong></span> <span class='ocrx_word' id='word_1_911' title='bbox 1637 2668 1703 2689; x_wconf 93' lang='lat' dir='ltr'><strong>non</strong></span> <span class='ocrx_word' id='word_1_912' title='bbox 1727 2658 1825 2695; x_wconf 85' lang='lat' dir='ltr'><strong>addit;</strong></span> <span class='ocrx_word' id='word_1_913' title='bbox 1850 2665 1886 2689; x_wconf 89' lang='lat' dir='ltr'><strong>ut</strong></span> <span class='ocrx_word' id='word_1_914' title='bbox 1902 2665 2007 2689; x_wconf 83' lang='lat' dir='ltr'><strong>autem</strong></span> <span class='ocrx_word' id='word_1_915' title='bbox 2031 2659 2135 2689; x_wconf 90' lang='lat' dir='ltr'><strong>bonus</strong></span> <span class='ocrx_word' id='word_1_916' title='bbox 2159 2659 2335 2689; x_wconf 91' lang='lat' dir='ltr'><strong>secundum</strong></span> <span class='ocrx_word' id='word_1_917' title='bbox 2351 2669 2393 2696; x_wconf 88' lang='lat' dir='ltr'><strong>se,</strong></span> <span class='ocrx_word' id='word_1_918' title='bbox 2414 2659 2457 2690; x_wconf 91' lang='lat' dir='ltr'><strong>sic</strong></span> <span class='ocrx_word' id='word_1_919' title='bbox 2474 2659 2569 2691; x_wconf 81' lang='lat' dir='ltr'><strong>addit.</strong></span> 
     </span>
    </p>

    <p class='ocr_par' dir='ltr' id='par_1_28' title="bbox 1508 2702 2572 3526">
     <span class='ocr_line' id='line_1_124' title="bbox 1565 2702 2572 2745; baseline 0.001 -12"><span class='ocrx_word' id='word_1_920' title='bbox 1565 2703 1616 2734; x_wconf 93' lang='lat' dir='ltr'><strong>III.</strong></span> <span class='ocrx_word' id='word_1_921' title='bbox 1633 2703 1675 2733; x_wconf 90' lang='lat' dir='ltr'><strong>Et</strong></span> <span class='ocrx_word' id='word_1_922' title='bbox 1688 2703 1864 2733; x_wconf 86' lang='lat' dir='ltr'><strong>secundum</strong></span> <span class='ocrx_word' id='word_1_923' title='bbox 1882 2702 1954 2739; x_wconf 91' lang='lat' dir='ltr'><strong>hoc,</strong></span> <span class='ocrx_word' id='word_1_924' title='bbox 1971 2703 2011 2732; x_wconf 88' lang='lat' dir='ltr'><strong>ad</strong></span> <span class='ocrx_word' id='word_1_925' title='bbox 2025 2702 2167 2743; x_wconf 86' lang='lat' dir='ltr'><strong>primurn</strong></span> <span class='ocrx_word' id='word_1_926' title='bbox 2181 2702 2342 2733; x_wconf 90' lang='lat' dir='ltr'><strong>dubium*</strong></span> <span class='ocrx_word' id='word_1_927' title='bbox 2354 2703 2467 2734; x_wconf 87' lang='lat' dir='ltr'><strong>dicitur</strong></span> <span class='ocrx_word' id='word_1_928' title='bbox 2482 2704 2572 2745; x_wconf 87' lang='lat' dir='ltr'><strong>quod</strong></span> 
     </span>
     <span class='ocr_line' id='line_1_125' title="bbox 1509 2746 2571 2788; baseline 0.003 -12"><span class='ocrx_word' id='word_1_929' title='bbox 1509 2746 1561 2777; x_wconf 90' lang='lat' dir='ltr'><strong>ille</strong></span> <span class='ocrx_word' id='word_1_930' title='bbox 1585 2747 1720 2777; x_wconf 87' lang='lat' dir='ltr'><strong>furando</strong></span> <span class='ocrx_word' id='word_1_931' title='bbox 1743 2746 1779 2777; x_wconf 89' lang='lat' dir='ltr'><strong>fit</strong></span> <span class='ocrx_word' id='word_1_932' title='bbox 1800 2747 1913 2787; x_wconf 90' lang='lat' dir='ltr'><strong>procul</strong></span> <span class='ocrx_word' id='word_1_933' title='bbox 1936 2746 2034 2777; x_wconf 92' lang='lat' dir='ltr'><strong>dubio</strong></span> <span class='ocrx_word' id='word_1_934' title='bbox 2057 2747 2163 2787; x_wconf 88' lang='lat' dir='ltr'><strong>peior,</strong></span> <span class='ocrx_word' id='word_1_935' title='bbox 2187 2757 2254 2778; x_wconf 92' lang='lat' dir='ltr'><strong>non</strong></span> <span class='ocrx_word' id='word_1_936' title='bbox 2277 2747 2352 2788; x_wconf 76' lang='lat' dir='ltr'><strong>quia</strong></span> <span class='ocrx_word' id='word_1_937' title='bbox 2374 2747 2510 2779; x_wconf 75' lang='lat' dir='ltr'><strong>malitiae</strong></span> <span class='ocrx_word' id='word_1_938' title='bbox 2533 2757 2571 2780; x_wconf 80' lang='lat' dir='ltr'><strong>ex</strong></span> 
     </span>
     <span class='ocr_line' id='line_1_126' title="bbox 1509 2790 2571 2834; baseline 0.003 -13"><span class='ocrx_word' id='word_1_939' title='bbox 1509 2790 1571 2821; x_wconf 90' lang='lat' dir='ltr'><strong>fine</strong></span> <span class='ocrx_word' id='word_1_940' title='bbox 1594 2790 1627 2821; x_wconf 91' lang='lat' dir='ltr'><strong>in</strong></span> <span class='ocrx_word' id='word_1_941' title='bbox 1650 2791 1822 2826; x_wconf 84' lang='lat' dir='ltr'><strong>voluntate,</strong></span> <span class='ocrx_word' id='word_1_942' title='bbox 1848 2797 1935 2822; x_wconf 90' lang='lat' dir='ltr'><strong>actus</strong></span> <span class='ocrx_word' id='word_1_943' title='bbox 1959 2791 2100 2827; x_wconf 87' lang='lat' dir='ltr'><strong>exterior,</strong></span> <span class='ocrx_word' id='word_1_944' title='bbox 2124 2798 2161 2822; x_wconf 92' lang='lat' dir='ltr'><strong>ut</strong></span> <span class='ocrx_word' id='word_1_945' title='bbox 2183 2791 2286 2822; x_wconf 84' lang='lat' dir='ltr'><strong>malus</strong></span> <span class='ocrx_word' id='word_1_946' title='bbox 2310 2801 2347 2822; x_wconf 82' lang='lat' dir='ltr'><strong>ex</strong></span> <span class='ocrx_word' id='word_1_947' title='bbox 2368 2791 2431 2829; x_wconf 85' lang='lat' dir='ltr'><strong>illa,</strong></span> <span class='ocrx_word' id='word_1_948' title='bbox 2451 2791 2571 2834; x_wconf 81' lang='lat' dir='ltr'><strong>aliquid</strong></span> 
     </span>
     <span class='ocr_line' id='line_1_127' title="bbox 1510 2834 2570 2875; baseline 0.003 -11"><span class='ocrx_word' id='word_1_949' title='bbox 1510 2835 1616 2865; x_wconf 87' lang='lat' dir='ltr'><strong>addat:</strong></span> <span class='ocrx_word' id='word_1_950' title='bbox 1642 2835 1697 2864; x_wconf 90' lang='lat' dir='ltr'><strong>sed</strong></span> <span class='ocrx_word' id='word_1_951' title='bbox 1720 2834 1794 2875; x_wconf 86' lang='lat' dir='ltr'><strong>quia</strong></span> <span class='ocrx_word' id='word_1_952' title='bbox 1817 2834 1862 2864; x_wconf 91' lang='lat' dir='ltr'><strong>illi</strong></span> <span class='ocrx_word' id='word_1_953' title='bbox 1885 2834 1987 2865; x_wconf 85' lang='lat' dir='ltr'><strong>malae</strong></span> <span class='ocrx_word' id='word_1_954' title='bbox 2006 2835 2163 2866; x_wconf 87' lang='lat' dir='ltr'><strong>voluntati</strong></span> <span class='ocrx_word' id='word_1_955' title='bbox 2186 2835 2312 2867; x_wconf 84' lang='lat' dir='ltr'><strong>additur</strong></span> <span class='ocrx_word' id='word_1_956' title='bbox 2327 2842 2414 2866; x_wconf 90' lang='lat' dir='ltr'><strong>actus</strong></span> <span class='ocrx_word' id='word_1_957' title='bbox 2438 2835 2570 2869; x_wconf 83' lang='lat' dir='ltr'><strong>exterior</strong></span> 
     </span>
     <span class='ocr_line' id='line_1_128' title="bbox 1509 2878 2570 2911; baseline 0.003 -3"><span class='ocrx_word' id='word_1_958' title='bbox 1509 2879 1685 2909; x_wconf 88' lang='lat' dir='ltr'><strong>secundum</strong></span> <span class='ocrx_word' id='word_1_959' title='bbox 1715 2889 1747 2909; x_wconf 89' lang='lat' dir='ltr'><strong>se</strong></span> <span class='ocrx_word' id='word_1_960' title='bbox 1782 2878 1884 2909; x_wconf 85' lang='lat' dir='ltr'><strong>malus</strong></span> <span class='ocrx_word' id='word_1_961' title='bbox 1915 2878 2098 2910; x_wconf 86' lang='lat' dir='ltr'><strong>formaliter.</strong></span> <span class='ocrx_word' id='word_1_962' title='bbox 2122 2879 2337 2910; x_wconf 82' lang='lat' dir='ltr'><strong>Veruntamen</strong></span> <span class='ocrx_word' id='word_1_963' title='bbox 2367 2880 2491 2911; x_wconf 83' lang='lat' dir='ltr'><strong>adverte</strong></span> <span class='ocrx_word' id='word_1_964' title='bbox 2518 2879 2570 2911; x_wconf 78' lang='lat' dir='ltr'><strong>hic</strong></span> 
     </span>
     <span class='ocr_line' id='line_1_129' title="bbox 1509 2922 2569 2964; baseline 0.003 -12"><span class='ocrx_word' id='word_1_965' title='bbox 1509 2923 1598 2963; x_wconf 94' lang='lat' dir='ltr'><strong>quod</strong></span> <span class='ocrx_word' id='word_1_966' title='bbox 1625 2922 1712 2953; x_wconf 84' lang='lat' dir='ltr'><strong>aliud</strong></span> <span class='ocrx_word' id='word_1_967' title='bbox 1740 2929 1786 2953; x_wconf 90' lang='lat' dir='ltr'><strong>est</strong></span> <span class='ocrx_word' id='word_1_968' title='bbox 1809 2922 1909 2953; x_wconf 89' lang='lat' dir='ltr'><strong>dicere</strong></span> <span class='ocrx_word' id='word_1_969' title='bbox 1937 2923 2026 2964; x_wconf 91' lang='lat' dir='ltr'><strong>quod</strong></span> <span class='ocrx_word' id='word_1_970' title='bbox 2056 2929 2143 2954; x_wconf 84' lang='lat' dir='ltr'><strong>actus</strong></span> <span class='ocrx_word' id='word_1_971' title='bbox 2166 2923 2299 2954; x_wconf 88' lang='lat' dir='ltr'><strong>exterior</strong></span> <span class='ocrx_word' id='word_1_972' title='bbox 2327 2933 2394 2954; x_wconf 88' lang='lat' dir='ltr'><strong>non</strong></span> <span class='ocrx_word' id='word_1_973' title='bbox 2424 2923 2511 2955; x_wconf 80' lang='lat' dir='ltr'><strong>addit</strong></span> <span class='ocrx_word' id='word_1_974' title='bbox 2535 2923 2569 2955; x_wconf 59' lang='grc' dir='ltr'><strong>ἰὴ</strong></span> 
     </span>
     <span class='ocr_line' id='line_1_130' title="bbox 1509 2966 2567 3004; baseline 0.002 -7"><span class='ocrx_word' id='word_1_975' title='bbox 1509 2966 1648 2997; x_wconf 84' lang='lat' dir='ltr'><strong>bonitate</strong></span> <span class='ocrx_word' id='word_1_976' title='bbox 1672 2973 1703 2997; x_wconf 92' lang='lat' dir='ltr'><strong>et</strong></span> <span class='ocrx_word' id='word_1_977' title='bbox 1725 2967 1844 2997; x_wconf 87' lang='lat' dir='ltr'><strong>malitia</strong></span> <span class='ocrx_word' id='word_1_978' title='bbox 1867 2977 1903 2997; x_wconf 89' lang='lat' dir='ltr'><strong>ex</strong></span> <span class='ocrx_word' id='word_1_979' title='bbox 1925 2966 1987 2998; x_wconf 89' lang='lat' dir='ltr'><strong>fine</strong></span> <span class='ocrx_word' id='word_1_980' title='bbox 2003 2967 2086 3004; x_wconf 84' lang='lat' dir='ltr'><strong>actui</strong></span> <span class='ocrx_word' id='word_1_981' title='bbox 2108 2967 2267 2998; x_wconf 87' lang='lat' dir='ltr'><strong>interiori:</strong></span> <span class='ocrx_word' id='word_1_982' title='bbox 2292 2974 2323 2998; x_wconf 88' lang='lat' dir='ltr'><strong>et</strong></span> <span class='ocrx_word' id='word_1_983' title='bbox 2341 2967 2428 2998; x_wconf 83' lang='lat' dir='ltr'><strong>aliud</strong></span> <span class='ocrx_word' id='word_1_984' title='bbox 2451 2975 2498 3000; x_wconf 83' lang='lat' dir='ltr'><strong>est</strong></span> <span class='ocrx_word' id='word_1_985' title='bbox 2520 2967 2567 2999; x_wconf 64' lang='grc' dir='ltr'><strong>δίο·</strong></span> 
     </span>
     <span class='ocr_line' id='line_1_131' title="bbox 1511 3010 2568 3051; baseline 0.003 -10"><span class='ocrx_word' id='word_1_986' title='bbox 1511 3021 1578 3041; x_wconf 91' lang='lat' dir='ltr'><strong>cere</strong></span> <span class='ocrx_word' id='word_1_987' title='bbox 1605 3011 1694 3051; x_wconf 92' lang='lat' dir='ltr'><strong>quod</strong></span> <span class='ocrx_word' id='word_1_988' title='bbox 1716 3010 1787 3041; x_wconf 90' lang='lat' dir='ltr'><strong>finis</strong></span> <span class='ocrx_word' id='word_1_989' title='bbox 1811 3018 2001 3042; x_wconf 87' lang='lat' dir='ltr'><strong>consecutus</strong></span> <span class='ocrx_word' id='word_1_990' title='bbox 2032 3021 2099 3042; x_wconf 90' lang='lat' dir='ltr'><strong>non</strong></span> <span class='ocrx_word' id='word_1_991' title='bbox 2122 3011 2208 3043; x_wconf 84' lang='lat' dir='ltr'><strong>addit</strong></span> <span class='ocrx_word' id='word_1_992' title='bbox 2230 3011 2263 3042; x_wconf 90' lang='lat' dir='ltr'><strong>in</strong></span> <span class='ocrx_word' id='word_1_993' title='bbox 2287 3011 2426 3043; x_wconf 78' lang='lat' dir='ltr'><strong>bonitate</strong></span> <span class='ocrx_word' id='word_1_994' title='bbox 2449 3019 2480 3044; x_wconf 86' lang='lat' dir='ltr'><strong>et</strong></span> <span class='ocrx_word' id='word_1_995' title='bbox 2502 3021 2568 3045; x_wconf 74' lang='lat' dir='ltr'><strong>ma·</strong></span> 
     </span>
     <span class='ocr_line' id='line_1_132' title="bbox 1509 3055 2570 3087; baseline 0.003 -3"><span class='ocrx_word' id='word_1_996' title='bbox 1509 3055 1575 3086; x_wconf 88' lang='lat' dir='ltr'><strong>litia</strong></span> <span class='ocrx_word' id='word_1_997' title='bbox 1597 3055 1753 3085; x_wconf 88' lang='lat' dir='ltr'><strong>voluntati</strong></span> <span class='ocrx_word' id='word_1_998' title='bbox 1775 3055 1877 3086; x_wconf 86' lang='lat' dir='ltr'><strong>bonae</strong></span> <span class='ocrx_word' id='word_1_999' title='bbox 1905 3055 1955 3085; x_wconf 93' lang='lat' dir='ltr'><strong>vel</strong></span> <span class='ocrx_word' id='word_1_1000' title='bbox 1977 3055 2078 3086; x_wconf 85' lang='lat' dir='ltr'><strong>malae</strong></span> <span class='ocrx_word' id='word_1_1001' title='bbox 2094 3065 2130 3086; x_wconf 82' lang='lat' dir='ltr'><strong>ex</strong></span> <span class='ocrx_word' id='word_1_1002' title='bbox 2153 3055 2225 3086; x_wconf 86' lang='lat' dir='ltr'><strong>fine.</strong></span> <span class='ocrx_word' id='word_1_1003' title='bbox 2241 3055 2386 3087; x_wconf 87' lang='lat' dir='ltr'><strong>Primum</strong></span> <span class='ocrx_word' id='word_1_1004' title='bbox 2409 3056 2493 3087; x_wconf 87' lang='lat' dir='ltr'><strong>enim</strong></span> <span class='ocrx_word' id='word_1_1005' title='bbox 2514 3056 2570 3087; x_wconf 88' lang='lat' dir='ltr'><strong>do-</strong></span> 
     </span>
     <span class='ocr_line' id='line_1_133' title="bbox 1510 3098 2568 3141; baseline 0.002 -12"><span class='ocrx_word' id='word_1_1006' title='bbox 1510 3109 1618 3129; x_wconf 89' lang='lat' dir='ltr'><strong>cemur</strong></span> <span class='ocrx_word' id='word_1_1007' title='bbox 1634 3099 1666 3129; x_wconf 90' lang='lat' dir='ltr'><strong>in</strong></span> <span class='ocrx_word' id='word_1_1008' title='bbox 1685 3099 1795 3136; x_wconf 86' lang='lat' dir='ltr'><strong>littera,</strong></span> <span class='ocrx_word' id='word_1_1009' title='bbox 1813 3099 1988 3130; x_wconf 89' lang='lat' dir='ltr'><strong>secundum</strong></span> <span class='ocrx_word' id='word_1_1010' title='bbox 2012 3105 2119 3130; x_wconf 85' lang='lat' dir='ltr'><strong>autem</strong></span> <span class='ocrx_word' id='word_1_1011' title='bbox 2138 3098 2283 3130; x_wconf 88' lang='lat' dir='ltr'><strong>minime:</strong></span> <span class='ocrx_word' id='word_1_1012' title='bbox 2309 3099 2387 3141; x_wconf 90' lang='lat' dir='ltr'><strong>quin</strong></span> <span class='ocrx_word' id='word_1_1013' title='bbox 2409 3099 2516 3140; x_wconf 83' lang='lat' dir='ltr'><strong>potius</strong></span> <span class='ocrx_word' id='word_1_1014' title='bbox 2531 3109 2568 3130; x_wconf 85' lang='lat' dir='ltr'><strong>ex</strong></span> 
     </span>
     <span class='ocr_line' id='line_1_134' title="bbox 1509 3143 2566 3184; baseline 0 -11"><span class='ocrx_word' id='word_1_1015' title='bbox 1509 3143 1610 3173; x_wconf 89' lang='lat' dir='ltr'><strong>littera</strong></span> <span class='ocrx_word' id='word_1_1016' title='bbox 1625 3143 1758 3173; x_wconf 87' lang='lat' dir='ltr'><strong>habetur</strong></span> <span class='ocrx_word' id='word_1_1017' title='bbox 1777 3143 1963 3184; x_wconf 90' lang='lat' dir='ltr'><strong>oppositum</strong></span> <span class='ocrx_word' id='word_1_1018' title='bbox 1979 3143 2074 3174; x_wconf 88' lang='lat' dir='ltr'><strong>huius</strong></span> <span class='ocrx_word' id='word_1_1019' title='bbox 2090 3143 2228 3180; x_wconf 89' lang='lat' dir='ltr'><strong>secundi,</strong></span> <span class='ocrx_word' id='word_1_1020' title='bbox 2246 3143 2279 3174; x_wconf 89' lang='lat' dir='ltr'><strong>in</strong></span> <span class='ocrx_word' id='word_1_1021' title='bbox 2295 3143 2415 3174; x_wconf 85' lang='lat' dir='ltr'><strong>ratione</strong></span> <span class='ocrx_word' id='word_1_1022' title='bbox 2437 3143 2566 3177; x_wconf 81' lang='lat' dir='ltr'><strong>secundi</strong></span> 
     </span>
     <span class='ocr_line' id='line_1_135' title="bbox 1510 3186 2568 3229; baseline 0.002 -13"><span class='ocrx_word' id='word_1_1023' title='bbox 1510 3187 1653 3223; x_wconf 91' lang='lat' dir='ltr'><strong>membri,</strong></span> <span class='ocrx_word' id='word_1_1024' title='bbox 1671 3187 1726 3217; x_wconf 94' lang='lat' dir='ltr'><strong>ubi</strong></span> <span class='ocrx_word' id='word_1_1025' title='bbox 1745 3186 1858 3218; x_wconf 91' lang='lat' dir='ltr'><strong>dicitur</strong></span> <span class='ocrx_word' id='word_1_1026' title='bbox 1876 3187 1964 3227; x_wconf 89' lang='lat' dir='ltr'><strong>quod</strong></span> <span class='ocrx_word' id='word_1_1027' title='bbox 1980 3188 2143 3218; x_wconf 85' lang='lat' dir='ltr'><strong>inclinatio</strong></span> <span class='ocrx_word' id='word_1_1028' title='bbox 2160 3188 2332 3229; x_wconf 76' lang='lat' dir='ltr'><strong>perficitur</strong></span> <span class='ocrx_word' id='word_1_1029' title='bbox 2354 3189 2387 3218; x_wconf 87' lang='lat' dir='ltr'><strong>in</strong></span> <span class='ocrx_word' id='word_1_1030' title='bbox 2404 3187 2463 3218; x_wconf 77' lang='lat' dir='ltr'><strong>h&#39;oc</strong></span> <span class='ocrx_word' id='word_1_1031' title='bbox 2483 3186 2568 3228; x_wconf 79' lang='lat' dir='ltr'><strong>quod</strong></span> 
     </span>
     <span class='ocr_line' id='line_1_136' title="bbox 1510 3230 2568 3272; baseline 0 -11"><span class='ocrx_word' id='word_1_1032' title='bbox 1510 3232 1714 3272; x_wconf 82' lang='lat' dir='ltr'><strong>consequitur</strong></span> <span class='ocrx_word' id='word_1_1033' title='bbox 1721 3231 1836 3272; x_wconf 85' lang='lat' dir='ltr'><strong>finem.</strong></span> <span class='ocrx_word' id='word_1_1034' title='bbox 1849 3248 1870 3254; x_wconf 91' lang='lat'>—</span> <span class='ocrx_word' id='word_1_1035' title='bbox 1884 3231 1926 3262; x_wconf 94' lang='lat' dir='ltr'><strong>Et</strong></span> <span class='ocrx_word' id='word_1_1036' title='bbox 1941 3238 2046 3271; x_wconf 89' lang='lat' dir='ltr'><strong>potest</strong></span> <span class='ocrx_word' id='word_1_1037' title='bbox 2060 3231 2248 3263; x_wconf 87' lang='lat' dir='ltr'><strong>confirmari.</strong></span> <span class='ocrx_word' id='word_1_1038' title='bbox 2265 3231 2351 3269; x_wconf 82' lang='lat' dir='ltr'><strong>Quia</strong></span> <span class='ocrx_word' id='word_1_1039' title='bbox 2363 3230 2434 3262; x_wconf 85' lang='lat' dir='ltr'><strong>finis</strong></span> <span class='ocrx_word' id='word_1_1040' title='bbox 2450 3237 2568 3271; x_wconf 71' lang='lat' dir='ltr'><strong>est&#39;per</strong></span> 
     </span>
     <span class='ocr_line' id='line_1_137' title="bbox 1510 3275 2567 3315; baseline 0 -10"><span class='ocrx_word' id='word_1_1041' title='bbox 1510 3285 1542 3305; x_wconf 90' lang='lat' dir='ltr'><strong>se</strong></span> <span class='ocrx_word' id='word_1_1042' title='bbox 1565 3275 1670 3315; x_wconf 91' lang='lat' dir='ltr'><strong>primo</strong></span> <span class='ocrx_word' id='word_1_1043' title='bbox 1693 3275 1807 3306; x_wconf 82' lang='lat' dir='ltr'><strong>bonus.</strong></span> <span class='ocrx_word' id='word_1_1044' title='bbox 1822 3275 1863 3306; x_wconf 93' lang='lat' dir='ltr'><strong>Et</strong></span> <span class='ocrx_word' id='word_1_1045' title='bbox 1878 3281 2044 3315; x_wconf 86' lang='lat' dir='ltr'><strong>propterea</strong></span> <span class='ocrx_word' id='word_1_1046' title='bbox 2067 3275 2092 3306; x_wconf 90' lang='lat' dir='ltr'><strong>si</strong></span> <span class='ocrx_word' id='word_1_1047' title='bbox 2116 3282 2204 3306; x_wconf 83' lang='lat' dir='ltr'><strong>actus</strong></span> <span class='ocrx_word' id='word_1_1048' title='bbox 2219 3275 2360 3311; x_wconf 86' lang='lat' dir='ltr'><strong>exterior,</strong></span> <span class='ocrx_word' id='word_1_1049' title='bbox 2375 3275 2567 3315; x_wconf 79' lang='lat' dir='ltr'><strong>inquantum</strong></span> 
     </span>
     <span class='ocr_line' id='line_1_138' title="bbox 1510 3317 2566 3361; baseline 0 -12"><span class='ocrx_word' id='word_1_1050' title='bbox 1510 3329 1566 3359; x_wconf 91' lang='lat' dir='ltr'><strong>per</strong></span> <span class='ocrx_word' id='word_1_1051' title='bbox 1581 3329 1613 3349; x_wconf 90' lang='lat' dir='ltr'><strong>se</strong></span> <span class='ocrx_word' id='word_1_1052' title='bbox 1637 3320 1750 3356; x_wconf 89' lang='lat' dir='ltr'><strong>bonus,</strong></span> <span class='ocrx_word' id='word_1_1053' title='bbox 1768 3319 1854 3351; x_wconf 89' lang='lat' dir='ltr'><strong>addit</strong></span> <span class='ocrx_word' id='word_1_1054' title='bbox 1869 3319 1901 3349; x_wconf 89' lang='lat' dir='ltr'><strong>in</strong></span> <span class='ocrx_word' id='word_1_1055' title='bbox 1918 3319 2074 3356; x_wconf 85' lang='lat' dir='ltr'><strong>bonitate;</strong></span> <span class='ocrx_word' id='word_1_1056' title='bbox 2092 3326 2219 3360; x_wconf 88' lang='lat' dir='ltr'><strong>oportet</strong></span> <span class='ocrx_word' id='word_1_1057' title='bbox 2234 3319 2323 3361; x_wconf 88' lang='lat' dir='ltr'><strong>quod</strong></span> <span class='ocrx_word' id='word_1_1058' title='bbox 2337 3318 2418 3355; x_wconf 84' lang='lat' dir='ltr'><strong>finis,</strong></span> <span class='ocrx_word' id='word_1_1059' title='bbox 2433 3317 2566 3359; x_wconf 86' lang='lat' dir='ltr'><strong>inquan-</strong></span> 
     </span>
     <span class='ocr_line' id='line_1_139' title="bbox 1509 3359 2566 3403; baseline -0.001 -10"><span class='ocrx_word' id='word_1_1060' title='bbox 1509 3369 1580 3393; x_wconf 91' lang='lat' dir='ltr'><strong>tum</strong></span> <span class='ocrx_word' id='word_1_1061' title='bbox 1603 3369 1658 3403; x_wconf 63' lang='lat' dir='ltr'><strong>p⁴er</strong></span> <span class='ocrx_word' id='word_1_1062' title='bbox 1681 3373 1713 3393; x_wconf 90' lang='lat' dir='ltr'><strong>se</strong></span> <span class='ocrx_word' id='word_1_1063' title='bbox 1732 3362 1835 3403; x_wconf 89' lang='lat' dir='ltr'><strong>primo</strong></span> <span class='ocrx_word' id='word_1_1064' title='bbox 1859 3363 1973 3399; x_wconf 90' lang='lat' dir='ltr'><strong>bonus,</strong></span> <span class='ocrx_word' id='word_1_1065' title='bbox 1991 3363 2084 3394; x_wconf 89' lang='lat' dir='ltr'><strong>addat</strong></span> <span class='ocrx_word' id='word_1_1066' title='bbox 2103 3364 2197 3394; x_wconf 86' lang='lat' dir='ltr'><strong>etiam</strong></span> <span class='ocrx_word' id='word_1_1067' title='bbox 2219 3364 2252 3394; x_wconf 88' lang='lat' dir='ltr'><strong>in</strong></span> <span class='ocrx_word' id='word_1_1068' title='bbox 2275 3362 2423 3394; x_wconf 83' lang='lat' dir='ltr'><strong>bonitate.</strong></span> <span class='ocrx_word' id='word_1_1069' title='bbox 2441 3359 2482 3392; x_wconf 89' lang='lat' dir='ltr'><strong>Et</strong></span> <span class='ocrx_word' id='word_1_1070' title='bbox 2503 3362 2566 3393; x_wconf 91' lang='lat' dir='ltr'><strong>hoc</strong></span> 
     </span>
     <span class='ocr_line' id='line_1_140' title="bbox 1511 3406 2566 3448; baseline -0.002 -11"><span class='ocrx_word' id='word_1_1071' title='bbox 1511 3413 1557 3437; x_wconf 89' lang='lat' dir='ltr'><strong>est</strong></span> <span class='ocrx_word' id='word_1_1072' title='bbox 1578 3417 1689 3437; x_wconf 91' lang='lat' dir='ltr'><strong>verum</strong></span> <span class='ocrx_word' id='word_1_1073' title='bbox 1712 3407 1830 3448; x_wconf 87' lang='lat' dir='ltr'><strong>absque</strong></span> <span class='ocrx_word' id='word_1_1074' title='bbox 1854 3406 1962 3437; x_wconf 91' lang='lat' dir='ltr'><strong>dubio.</strong></span> <span class='ocrx_word' id='word_1_1075' title='bbox 1981 3407 2072 3438; x_wconf 91' lang='lat' dir='ltr'><strong>Unde</strong></span> <span class='ocrx_word' id='word_1_1076' title='bbox 2097 3418 2171 3438; x_wconf 88' lang='lat' dir='ltr'><strong>cum</strong></span> <span class='ocrx_word' id='word_1_1077' title='bbox 2194 3407 2314 3438; x_wconf 88' lang='lat' dir='ltr'><strong>furtum</strong></span> <span class='ocrx_word' id='word_1_1078' title='bbox 2337 3406 2449 3436; x_wconf 84' lang='lat' dir='ltr'><strong>habeat</strong></span> <span class='ocrx_word' id='word_1_1079' title='bbox 2471 3406 2566 3436; x_wconf 87' lang='lat' dir='ltr'><strong>ratio-</strong></span> 
     </span>
     <span class='ocr_line' id='line_1_141' title="bbox 1509 3450 2566 3487; baseline 0 -7"><span class='ocrx_word' id='word_1_1080' title='bbox 1509 3461 1583 3481; x_wconf 90' lang='lat' dir='ltr'><strong>nem</strong></span> <span class='ocrx_word' id='word_1_1081' title='bbox 1605 3450 1686 3487; x_wconf 88' lang='lat' dir='ltr'><strong>finis,</strong></span> <span class='ocrx_word' id='word_1_1082' title='bbox 1703 3451 1770 3481; x_wconf 91' lang='lat' dir='ltr'><strong>eius</strong></span> <span class='ocrx_word' id='word_1_1083' title='bbox 1794 3451 1987 3487; x_wconf 88' lang='lat' dir='ltr'><strong>consecutio,</strong></span> <span class='ocrx_word' id='word_1_1084' title='bbox 2005 3452 2100 3482; x_wconf 89' lang='lat' dir='ltr'><strong>etiam</strong></span> <span class='ocrx_word' id='word_1_1085' title='bbox 2123 3452 2149 3482; x_wconf 92' lang='lat' dir='ltr'><strong>si</strong></span> <span class='ocrx_word' id='word_1_1086' title='bbox 2171 3461 2238 3482; x_wconf 89' lang='lat' dir='ltr'><strong>non</strong></span> <span class='ocrx_word' id='word_1_1087' title='bbox 2257 3457 2336 3483; x_wconf 85' lang='lat' dir='ltr'><strong>esset</strong></span> <span class='ocrx_word' id='word_1_1088' title='bbox 2359 3457 2456 3487; x_wconf 87' lang='lat' dir='ltr'><strong>actus,</strong></span> <span class='ocrx_word' id='word_1_1089' title='bbox 2473 3450 2566 3480; x_wconf 89' lang='lat' dir='ltr'><strong>adde-</strong></span> 
     </span>
     <span class='ocr_line' id='line_1_142' title="bbox 1508 3495 1991 3526; baseline 0.002 -1"><span class='ocrx_word' id='word_1_1090' title='bbox 1508 3501 1554 3525; x_wconf 93' lang='lat' dir='ltr'><strong>ret</strong></span> <span class='ocrx_word' id='word_1_1091' title='bbox 1576 3495 1609 3525; x_wconf 92' lang='lat' dir='ltr'><strong>in</strong></span> <span class='ocrx_word' id='word_1_1092' title='bbox 1633 3495 1772 3525; x_wconf 84' lang='lat' dir='ltr'><strong>bonitate</strong></span> <span class='ocrx_word' id='word_1_1093' title='bbox 1788 3495 1838 3525; x_wconf 90' lang='lat' dir='ltr'><strong>vel</strong></span> <span class='ocrx_word' id='word_1_1094' title='bbox 1862 3495 1991 3526; x_wconf 85' lang='lat' dir='ltr'><strong>malitia.</strong></span> 
     </span>
    </p>
   </div>
   <div class='ocr_carea' id='block_1_18' title="bbox 2598 848 2770 875">
    <p class='ocr_par' dir='ltr' id='par_1_29' title="bbox 2598 848 2770 875">
     <span class='ocr_line' id='line_1_143' title="bbox 2598 848 2770 875; baseline 0 -6"><span class='ocrx_word' id='word_1_1095' title='bbox 2598 848 2608 859; x_wconf 69' lang='lat'><strong>⁴*</strong></span> <span class='ocrx_word' id='word_1_1096' title='bbox 2615 848 2643 869; x_wconf 85' lang='lat' dir='ltr'><strong>D.</strong></span> <span class='ocrx_word' id='word_1_1097' title='bbox 2650 853 2697 875; x_wconf 86' lang='lat'><strong>791,</strong></span> <span class='ocrx_word' id='word_1_1098' title='bbox 2711 852 2770 869; x_wconf 85' lang='lat'><strong>1202.</strong></span> 
     </span>
    </p>
   </div>
   <div class='ocr_carea' id='block_1_19' title="bbox 2745 2061 2814 2082">
    <p class='ocr_par' dir='ltr' id='par_1_30' title="bbox 2745 2061 2814 2082">
     <span class='ocr_line' id='line_1_144' title="bbox 2745 2061 2814 2082; baseline 0 0"><span class='ocrx_word' id='word_1_1099' title='bbox 2745 2076 2751 2082; x_wconf 93' lang='lat'><strong>.</strong></span> <span class='ocrx_word' id='word_1_1100' title='bbox 2759 2061 2814 2082; x_wconf 81' lang='lat' dir='ltr'><strong>lect.</strong></span> 
     </span>
    </p>
   </div>
   <div class='ocr_carea' id='block_1_20' title="bbox 2598 2443 2811 2493">
    <p class='ocr_par' dir='ltr' id='par_1_31' title="bbox 2598 2443 2811 2493">
     <span class='ocr_line' id='line_1_145' title="bbox 2598 2443 2811 2471; baseline 0 -5"><span class='ocrx_word' id='word_1_1101' title='bbox 2598 2445 2607 2455; x_wconf 86' lang='grc'><em>·</em></span> <span class='ocrx_word' id='word_1_1102' title='bbox 2617 2444 2653 2466; x_wconf 84' lang='lat' dir='ltr'><strong>cf.</strong></span> <span class='ocrx_word' id='word_1_1103' title='bbox 2661 2447 2704 2466; x_wconf 87' lang='lat' dir='ltr'><strong>art.</strong></span> <span class='ocrx_word' id='word_1_1104' title='bbox 2711 2450 2732 2471; x_wconf 82' lang='lat'><strong>2,</strong></span> <span class='ocrx_word' id='word_1_1105' title='bbox 2741 2443 2811 2466; x_wconf 91' lang='lat' dir='ltr'><strong>Com-</strong></span> 
     </span>
     <span class='ocr_line' id='line_1_146' title="bbox 2598 2474 2794 2493; baseline -0.005 -1"><span class='ocrx_word' id='word_1_1106' title='bbox 2598 2474 2669 2493; x_wconf 84' lang='lat' dir='ltr'><strong>ment.</strong></span> <span class='ocrx_word' id='word_1_1107' title='bbox 2684 2476 2749 2493; x_wconf 87' lang='lat' dir='ltr'><strong>num.</strong></span> <span class='ocrx_word' id='word_1_1108' title='bbox 2760 2476 2794 2492; x_wconf 81' lang='lat' dir='ltr'><strong>rx.</strong></span> 
     </span>
    </p>
   </div>
   <div class='ocr_carea' id='block_1_21' title="bbox 2596 2707 2771 2729">
    <p class='ocr_par' dir='ltr' id='par_1_32' title="bbox 2596 2707 2771 2729">
     <span class='ocr_line' id='line_1_147' title="bbox 2596 2707 2771 2729; baseline -0.006 0"><span class='ocrx_word' id='word_1_1109' title='bbox 2596 2708 2606 2717; x_wconf 86' lang='grc'>·</span> <span class='ocrx_word' id='word_1_1110' title='bbox 2621 2707 2658 2729; x_wconf 81' lang='lat' dir='ltr'><strong>Cf.</strong></span> <span class='ocrx_word' id='word_1_1111' title='bbox 2674 2712 2738 2729; x_wconf 78' lang='lat' dir='ltr'><strong>nuru.</strong></span> <span class='ocrx_word' id='word_1_1112' title='bbox 2753 2713 2771 2729; x_wconf 74' lang='lat'><strong>1.</strong></span> 
     </span>
    </p>
   </div>
  </div>
 </body>
</html>
