2852 4152
0 205 15 458 n—-v-v—-v-p-»J
0 157 5 190 *-
0 127 4 143 .-
0 71 4 104 ⁷...
0 12 2 14 <

0 574 9 606 P.

77 1285 154 1361 {1⁵8⁵ss
159 1286 243 1335 ¹3:⁰31
259 1316 281 1334 ct

80 2125 92 2136 '¹
98 2123 175 2147 S.Th.
183 2124 236 2147 lect.
243 2130 290 2146 xvi.

972 258 1234 304 QUAESTlO
1265 258 1424 305 XXXV,
1452 257 1745 294 ARTICULUS
1773 257 1823 294 Vl

2403 253 2478 299 245

1121 391 1434 433 ARTICULUS
1463 391 1669 433 SEXTUS

582 484 737 515 UTRUM
759 484 889 515 MAG1s
913 485 978 515 SIT
1002 483 1220 515 FUGIENDA
1243 483 1478 519 TRIST1T1A‚
1503 483 1628 520 QUAM
1651 483 1929 514 DELECTATIO
1952 482 2208 513 APPETENDA

623 561 656 586 11·
670 561 721 592 11··,
740 569 784 594 qu.
798 568 915 592 cxxxviii,
935 567 980 586 art.
997 570 1005 586 1
1015 570 1022 593 ;
1042 562 1072 586 111
1086 562 1167 591 Sent„
1187 561 1245 585 dist.
1257 567 1332 590 xxvn,
1351 568 1396 593 qu.
1409 568 1426 590 ι,
1446 565 1491 585 nrt.
1507 560 1530 592 3,
1545 561 1577 585 ad
1592 560 1621 591 33
1641 561 1683 591 lv,
1700 551 1761 586 iiiut.
1774 568 1840 592 mx,
1860 569 1903 594 qu.
1917 569 1954 592 ιιι,
1973 567 2020 586 art.
2037 561 2059 591 3,
2078 562 2124 593 qu·
2141 560 2164 585 3.

351 667 410 701 χει
431 672 503 702 „61
528 661 551 686 D
578 661 717 686 SEXTUM
746 661 798 685 stc
822 661 1060 686 PROCEDITUR.
1079 649 1238 685 Videtur
1265 649 1370 696 quod

342 681 504 760 ῖςζῗᾼῖξῇ
527 701 645 749 magis
673 701 718 737 sit
745 701 922 748 fugienda
949 701 1102 749 tristitia,
1132 713 1246 749 quam
1272 701 1370 738 dele-

334 739 453 811 ,fssq
464 741 638 796 'f‘ctatio
677 754 900 801 appetenda.
934 754 1032 790 Dicit
1064 754 1163 790 enim
1196 753 1370 801 Augusti-

372 784 610 853 42'⁷⁴‘31e‘2‘Nnus7
636 806 675 842 in
693 807 789 842 libro
819 807 1014 855 Octoginta
1038 806 1150 842 trium
1175 804 1367 847 Quaest.*:

317 864 371 896 est
396 859 462 907 qui
486 870 560 895 non
590 859 713 908 magis
741 858 906 895 dolorem
930 860 1069 908 fugiat,
1090 870 1202 907 quam
1223 863 1373 907 appetat

315 911 553 959 voluptatem.
588 911 682 947 Illud
719 918 846 947 autem
884 911 922 948 in
955 923 1031 960 quo
1066 916 1082 932 α
1120 910 1371 947 communiter

315 964 441 1000 Nemo
470 963 600 1000 omnia
628 963 876 1010 consentiunt,
903 963 1053 1000 videtur
1081 975 1163 999 esse
1191 963 1370 999 naturale.

316 1016 418 1063 Ergo
440 1017 607 1052 naturale
629 1024 684 1052 est
704 1024 739 1052 et
758 1016 990 1053 conveniens
1009 1015 1114 1063 quod
1128 1016 1211 1063 plus
1230 1015 1372 1052 tristitia

315 1068 488 1116 fugiatur,
518 1081 634 1116 quam
664 1068 859 1105 delectatio
885 1075 1093 1117 appetatur.

370 1133 406 1158 2.
436 1122 676 1168 PRAETEREA,
706 1121 802 1158 actio
836 1120 1010 1158 contrarii
1042 1120 1128 1157 facit
1156 1119 1205 1156 ad
1231 1119 1370 1156 veloci-

317 1181 431 1210 tatem
461 1181 498 1211 et
523 1174 774 1211 intensionem
810 1181 956 1210 motus:
987 1184 1087 1221 aqua
1116 1172 1215 1208 enirn
1249 1172 1370 1209 calida

317 1227 422 1263 citius
450 1232 486 1263 et
500 1227 644 1274 fortius
672 1226 903 1275 congelatur,
923 1233 964 1262 ut
984 1225 1070 1262 dicit
1097 1225 1369 1272 Philosophus,

245 1292 288 1312 ¹1¹,
316 1278 354 1315 in
381 1279 475 1315 libro
503 1280 663 1316 Meteor.
683 1278 704 1300 *
733 1278 809 1314 Sed
838 1278 925 1325 fuga
952 1277 1116 1314 tristitiae
1144 1283 1199 1313 est
1218 1289 1263 1312 ex
1283 1289 1371 1312 con-

245 1319 257 1334 e
282 1329 288 1334 ”
316 1331 500 1368 trarietate
517 1330 785 1367 contristantis:
807 1330 992 1378 appetitus
1011 1336 1138 1365 autem
1159 1328 1371 1365 delectatio-

315 1383 373 1420 nis
401 1396 480 1420 non
508 1390 563 1419 est
591 1395 635 1419 ex
663 1382 786 1430 aliqua
815 1381 1073 1418 contrarietate
1102 1379 1133 1426 β,
1159 1381 1224 1416 sed
1252 1380 1371 1427 magis

314 1436 485 1485 procedit
514 1447 558 1470 ex
579 1434 843 1470 convenientia
871 1433 1099 1469 delectantis.
1119 1433 1221 1479 Ergo
1250 1432 1372 1469 maior

316 1495 372 1524 est
390 1488 477 1534 fuga
495 1486 660 1523 tristitiae
681 1498 796 1534 quam
817 1485 1003 1533 appetitus
1023 1483 1290 1521 delectationis.

371 1540 404 1576 3.
435 1540 667 1585 PRAETEREA,
696 1545 838 1586 quanto
868 1537 1000 1585 aliquis
1029 1537 1240 1573 secundum
1261 1537 1372 1572 ratio-

315 1603 405 1629 nem
434 1591 575 1628 fortiori
603 1590 770 1640 passioni
800 1597 993 1638 repugnat,
1023 1596 1125 1625 tanto
1151 1588 1373 1625 laudabilior

317 1651 374 1681 est
401 1651 438 1681 et
464 1643 690 1682 virtuosior:
719 1643 808 1691 quia
835 1643 952 1679 virtus
980 1648 1033 1678 est
1051 1642 1151 1678 circa
1171 1641 1322 1689 difficile
1339 1647 1374 1677 et

237 1747 245 1754 .
281 1721 289 1727 -
317 1698 468 1742 bonum,
489 1704 529 1733 ut
558 1696 691 1733 dicitur
708 1696 746 1732 in
767 1697 798 1732 ll
817 1695 936 1731 Ethic.
957 1694 977 1716 ’¹‘
1001 1694 1076 1742 Sed
1097 1693 1211 1740 fortis,
1234 1694 1296 1742 qui
1317 1706 1372 1730 re-

317 1749 410 1787 sistit
428 1749 548 1786 motui
566 1761 642 1797 quo
662 1748 799 1795 fugitur
819 1747 940 1794 dolor,
962 1754 1016 1783 est
1034 1746 1238 1783 virtuosior
1257 1758 1371 1794 quam

316 1809 559 1851 temperatus,
580 1801 645 1849 qui
669 1800 802 1837 resistit
830 1799 950 1836 motui
970 1812 1047 1848 quo
1068 1798 1255 1847 appetitur
1274 1799 1373 1836 dele-

283 1882 290 1889 .
318 1854 450 1892 ctatio:
480 1853 567 1891 dicit
598 1853 698 1891 enim
728 1853 994 1900 Philosophus,
1014 1852 1052 1889 in
1081 1853 1112 1888 11
1132 1852 1320 1888 Rhetoric.
1340 1851 1371 1898 *,

318 1907 422 1956 quod
435 1908 556 1954 fortes
574 1911 609 1942 et
627 1906 714 1942 iusti
730 1905 898 1942 maxime
914 1905 1159 1941 honorantur.
1187 1905 1288 1952 Ergo
1308 1916 1374 1940 ve-

317 1959 529 1997 hementior
561 1966 618 1995 est
644 1965 771 1995 motus
800 1969 876 2006 quo
906 1957 1042 2004 fugitur
1067 1956 1225 2004 tristitia,
1256 1969 1371 2004 quam

318 2008 446 2049 motus
474 2024 550 2061 quo
580 2010 766 2060 appetitur
794 2009 1002 2047 delectatio.

372 2065 446 2102 SED
475 2076 630 2109 CONTRA,
659 2063 806 2099 bonum
835 2069 890 2098 est
917 2061 1047 2098 fortius
1071 2073 1186 2110 quarn
1207 2062 1372 2098 malum:

317 2125 359 2154 ut
387 2125 488 2166 patet
515 2129 583 2166 per
611 2115 851 2163 Dionysium,
881 2127 916 2151 1v
945 2126 1026 2162 cap.
1047 2115 1092 2150 de
1110 2114 1196 2150 Div.
1216 2114 1332 2151 Nom.
1354 2113 1374 2135 '¹‘

320 2171 396 2207 Sed
413 2169 609 2206 delectatio
630 2175 686 2204 est
699 2167 908 2216 appetibilis
923 2174 1077 2214 propter
1091 2167 1247 2212 bonum,
1268 2167 1374 2214 quod

320 2231 376 2260 est
403 2222 483 2259 eius
512 2221 724 2258 obiectum:
753 2220 840 2267 fuga
869 2226 996 2256 autem
1024 2218 1188 2255 tristitiae
1214 2226 1268 2254 est
1286 2230 1373 2266 pro-

318 2283 402 2324 pter
429 2275 585 2311 malum.
623 2274 724 2320 Ergo
759 2272 890 2308 fortior
918 2279 974 2308 est
1000 2271 1186 2320 appetitus
1215 2271 1374 2307 delecta-

317 2328 431 2365 tionis
459 2339 576 2376 quam
604 2326 691 2372 fuga
718 2324 893 2361 tristitiae.

372 2381 597 2417 stpomno
612 2389 795 2415 chENDUM
811 2376 928 2424 quod,
946 2387 1014 2423 per
1029 2387 1069 2411 se
1089 2374 1294 2423 loquendo,
1311 2387 1375 2423 ap-

319 2432 457 2483 petitus
485 2429 742 2469 delectationis
771 2436 826 2465 est
852 2428 984 2465 fortior
1012 2440 1128 2475 quam
1157 2428 1244 2474 suga
1269 2426 1376 2463 tristi-

320 2486 404 2524 tiae.
435 2484 553 2521 Cuius
581 2482 673 2520 ratio
704 2490 769 2528 est,
799 2480 887 2530 quia
916 2493 1029 2517 causa
1049 2480 1302 2516 delectationis
1323 2487 1378 2516 est

320 2540 468 2578 bonum
489 2535 737 2573 conveniens:
763 2546 876 2570 causa
900 2541 1027 2569 autern
1048 2532 1187 2569 doloris
1216 2532 1296 2569 sive
1316 2532 1377 2568 tri-

322 2591 440 2629 stitiae
475 2597 530 2626 est
561 2587 713 2635 aliquod
747 2587 892 2623 malum
926 2597 1151 2633 repugnans,
1187 2584 1377 2631 Contingit

322 2651 450 2680 autem
487 2640 641 2689 aliquod
673 2639 819 2675 bonum
858 2649 940 2673 esse
976 2637 1205 2673 conveniens
1234 2637 1376 2684 absque

323 2694 429 2732 omni
458 2692 708 2730 dissonantia:
738 2702 816 2726 non
836 2697 962 2726 autem
981 2696 1104 2737 potest
1124 2701 1204 2724 esse
1225 2688 1378 2735 aliquod

323 2747 468 2784 malum
486 2744 659 2790 totaliter,
679 2743 823 2790 absque
843 2741 949 2778 omni
973 2740 1248 2787 convenientia,
1269 2753 1379 2789 repu-

324 2811 455 2848 gnans.
483 2797 595 2835 Unde
620 2795 816 2832 delectatio
835 2801 959 2842 potest
979 2805 1060 2830 esse
1080 2793 1222 2840 integra
1242 2801 1277 2829 et
1294 2805 1379 2842 per-

325 2853 438 2889 fecta:
468 2849 611 2887 tristitia
639 2855 766 2884 autem
795 2854 850 2883 est
877 2858 1029 2894 semper
1057 2846 1267 2882 secundum
1297 2858 1380 2894 par-

325 2913 414 2942 tem.
444 2902 555 2940 Unde
584 2900 799 2938 naturaliter
834 2899 956 2935 maior
985 2906 1039 2935 est
1066 2898 1252 2946 appetitus
1281 2898 1380 2935 dele-

327 2956 497 2995 ctationis
529 2966 645 3004 quam
678 2953 765 3000 fuga
793 2951 969 2988 tristitiae.
998 2971 1021 2978 —
1054 2951 1138 2987 Alia
1165 2963 1257 2987 vero
1286 2950 1379 2987 ratio

328 3017 394 3056 est,
416 3007 504 3056 quia
523 3008 682 3052 bonurn,
702 3004 806 3054 quod
831 3011 886 3040 est
904 3003 1095 3040 obiectum
1114 3002 1379 3048 delectationis,

327 3069 482 3112 propter
510 3059 677 3108 seipsum
705 3057 909 3106 appetitur:
940 3056 1083 3092 malum
1112 3063 1251 3101 autem,
1277 3055 1381 3103 quod

330 3122 384 3151 est
412 3113 604 3151 obiectum
631 3110 807 3156 tristitiae,
838 3117 892 3146 est
918 3108 1139 3155 fugiendum
1158 3108 1381 3156 inquantum

330 3175 386 3204 est
412 3165 571 3215 privatio
600 3163 702 3200 boni.
721 3161 851 3208 .Quod
879 3169 1006 3198 autem
1027 3168 1081 3197 est
1098 3172 1166 3208 per
1185 3172 1236 3207 se,
1257 3160 1381 3208 potius

331 3227 387 3257 est
413 3219 476 3255 illo
506 3217 612 3266 quod
640 3223 695 3252 est
722 3227 790 3264 per
817 3214 917 3251 aliud
943 3218 970 3250 Υ.
999 3234 1023 3241 -
1053 3213 1169 3249 Cuius
1197 3213 1308 3249 etiam
1338 3212 1383 3249 si-

330 3284 447 3320 gnum
462 3277 617 3320 apparet
636 3269 674 3305 in
694 3267 859 3305 motibus
878 3266 1119 3303 naturalibus.
1140 3266 1242 3302 Nam
1259 3265 1383 3302 omnis

331 3332 458 3362 motus
487 3321 663 3360 naturalis
690 3320 871 3357 intensior
900 3327 954 3356 est
972 3319 1010 3355 in
1029 3319 1117 3365 fine,
1139 3331 1226 3355 curn
1247 3330 1383 3366 appro-

331 3377 489 3427 pinquat
509 3376 557 3412 ad
571 3373 774 3411 terminum
795 3385 884 3409 suae
904 3379 1058 3408 naturae
1079 3370 1382 3418 convenientem,

1424 660 1539 696 quam
1568 648 1607 684 in
1633 647 1834 696 principio,
1865 660 1951 684 cum
1979 647 2119 685 recedit
2146 659 2167 683 a
2195 646 2356 683 termino
2385 659 2475 683 suae

1424 707 1579 736 naturae
1598 712 1676 736 non
1697 700 1953 737 convenienti:
1980 700 2088 748 quasi
2107 707 2240 736 natura
2259 699 2378 746 magis
2397 706 2476 735 ten-

1425 753 1488 789 dat
1514 752 1553 788 in
1580 752 1619 789 id
1647 753 1750 800 quod
1781 760 1835 789 est
1853 753 1921 789 sibi
1942 753 2186 799 conveniens,
2217 763 2332 799 quam
2362 751 2476 798 fugiat

1424 804 1462 841 id
1490 805 1593 852 quod
1627 811 1682 841 est
1714 805 1783 841 sibi
1818 817 2042 853 repugnans.
2077 804 2187 842 Unde
2223 811 2259 840 et
2286 803 2474 839 inclinatio

1425 856 1649 905 appetitivae
1669 857 1827 904 virtutis,
1843 869 1910 906 per
1929 870 1968 893 se
1988 858 2192 905 loquendo,
2212 856 2476 893 vehementius

1424 909 1541 946 tendit
1568 909 1606 945 in
1635 909 1934 956 delectationem,
1964 922 2080 957 quarn
2108 910 2224 956 fugiat
2251 907 2447 945 tristitiam.

1478 961 1555 998 Sed
1581 973 1650 1009 per
1675 962 1851 998 accidens
1880 962 2057 1009 contingit
2084 962 2188 1009 quod
2211 961 2394 997 tristitiam
2413 959 2477 996 ali-

1424 1014 1508 1061 quis
1527 1014 1646 1060 magis
1675 1014 1776 1061 fugit,
1797 1026 1913 1062 quam
1939 1014 2226 1051 delectationem
2247 1019 2408 1062 appetat.
2429 1013 2478 1048 Et

1424 1067 1498 1102 hoc
1520 1066 1718 1114 tripliciter.
1739 1065 1869 1103 Primo
1889 1066 2056 1115 quidem,
2078 1078 2122 1102 ex
2141 1073 2246 1115 parte
2266 1065 2476 1114 apprehen-

1425 1117 1551 1155 sionis.
1583 1118 1699 1165 Quia,
1727 1126 1768 1155 ut
1795 1119 2025 1166 Augustinus
2054 1118 2152 1166 dicit,
2182 1119 2217 1154 X
2245 1118 2290 1154 de
2320 1119 2357 1154 T
2352 1118 2423 1154 rin.
2443 1116 2475 1164 *‚
2504 1123 2514 1133 ·

1424 1183 1535 1208 amor
1562 1171 1684 1220 magis
1711 1172 1876 1217 sentitur,
1905 1183 1990 1207 cum
2010 1183 2094 1208 eum
2110 1171 2237 1219 prodit
2260 1170 2475 1219 indigentia.

1425 1224 1482 1259 Ex
1511 1223 1713 1271 indigentia
1736 1231 1862 1260 autem
1883 1224 1996 1259 amati
2015 1223 2186 1272 procedit
2204 1222 2357 1269 tristitia,
2378 1234 2476 1270 quae

1427 1283 1481 1312 est
1509 1288 1554 1312 ex
1581 1275 1786 1312 amissione
1813 1276 1968 1313 alicuius
1997 1276 2087 1312 boni
2116 1275 2242 1321 amati,
2270 1276 2332 1311 vel
2359 1285 2403 1310 ex
2422 1274 2476 1310 in-

1426 1340 1537 1364 cursu
1575 1327 1730 1364 alicuius
1766 1328 1856 1364 mali
1894 1328 2080 1366 contrarii.
2114 1327 2322 1364 Delectatio
2351 1333 2476 1362 autem

1426 1392 1503 1416 non
1531 1380 1644 1415 habet
1672 1380 1912 1427 indigentiam
1941 1381 2030 1417 boni
2060 1380 2188 1426 amati,
2223 1381 2290 1416 sed
2323 1378 2479 1426 quiescit

1426 1432 1464 1468 in
1502 1444 1547 1468 eo
1579 1432 1656 1467 iarn
1692 1432 1843 1480 adepto.
1873 1433 1972 1469 Cum
2006 1433 2115 1480 igitur
2149 1444 2257 1468 amor
2291 1431 2336 1467 sit
2364 1443 2478 1467 causa

1427 1483 1683 1520 delectationis
1721 1492 1757 1520 et
1792 1484 1977 1531 tristitiae,
2006 1492 2109 1521 tanto
2142 1483 2155 1505 δ
2189 1484 2308 1531 magis
2341 1483 2479 1530 fugitur

1425 1536 1575 1582 tristitia,
1605 1543 1746 1583 quanto
1776 1537 1895 1584 magis
1923 1537 2078 1573 sentitur
2106 1548 2214 1572 amor
2243 1548 2285 1572 ex
2307 1548 2352 1572 eo
2373 1535 2478 1583 quod

1427 1588 1673 1624 contrariatur
1701 1588 1834 1624 amori.
1864 1609 1887 1615 -
1909 1589 2106 1635 Secundo,
2137 1600 2181 1624 ex
2209 1596 2313 1636 parte
2343 1600 2478 1624 causae

1427 1640 1686 1686 contristantis,
1715 1641 1776 1676 vel
1806 1640 1977 1677 dolorem
2006 1640 2209 1687 inferentis,
2240 1652 2336 1688 quae
2369 1652 2478 1688 repu-

1427 1700 1515 1740 gnat
1542 1693 1645 1728 bono
1679 1692 1798 1739 magis
1827 1700 1954 1729 amato
1989 1705 2104 1740 quam
2133 1692 2179 1728 sit
2210 1692 2355 1728 bonum
2388 1692 2478 1728 illud

1427 1745 1465 1782 in
1492 1757 1568 1793 quo
1598 1744 1841 1781 delectamur.
1875 1745 1997 1792 Magis
2026 1744 2126 1781 enim
2156 1756 2328 1780 amamus
2357 1744 2479 1780 consi-

1427 1797 1600 1834 stentiam
1621 1796 1789 1846 corporis
1808 1797 2031 1843 naturalem,
2052 1809 2168 1845 quam
2190 1796 2477 1833 delectationem

1428 1849 1512 1887 cibi.
1542 1850 1590 1886 Et
1617 1849 1703 1886 ideo
1732 1849 1867 1886 timore
1897 1849 2036 1886 doloris
2062 1849 2126 1896 qui
2149 1849 2325 1897 provenit
2348 1860 2394 1884 ex
2411 1848 2480 1884 fla-

1427 1902 1530 1950 gellis
1557 1902 1619 1938 vel
1648 1901 1725 1938 aliis
1753 1901 1982 1948 huiusmodi,
2003 1914 2101 1949 quae
2122 1901 2394 1938 contrariantur
2412 1900 2479 1936 bo-

1427 1967 1497 1991 nae
1527 1954 1789 1991 consistentiae
1815 1954 1994 2002 corporis,
2025 1952 2246 1990 dimittimus
2266 1952 2479 1990 delectatio-

1427 2019 1516 2044 nem
1537 2007 1709 2043 ciborum
1722 2006 1784 2042 vel
1803 2006 1963 2042 aliorum
1982 2006 2213 2043 huiusmodi.
2229 2027 2253 2033 -
2269 2006 2413 2052 Tertio,
2435 2017 2480 2041 ex

1428 2066 1532 2108 parte
1553 2058 1728 2095 effectus:
1758 2058 1979 2107 inquantum
2000 2058 2137 2095 scilicet
2161 2058 2302 2095 tristitia
2323 2057 2481 2106 impedit

1429 2124 1506 2148 non
1534 2123 1650 2147 unam
1678 2118 1824 2147 tantum
1853 2110 2153 2157 delectationem,
2183 2111 2250 2147 sed
2279 2123 2424 2147 omnes.

1480 2165 1538 2200 AD
1566 2175 1702 2200 PRIMUM
1729 2174 1826 2199 ERGO
1846 2175 2029 2199 DtCENDuM
2048 2164 2151 2210 quod
2171 2163 2260 2199 illud
2279 2163 2383 2211 quod
2403 2164 2480 2198 Au-

1427 2216 1595 2263 gustinus
1614 2215 1712 2262 dicit,
1733 2215 1836 2263 quod
1855 2215 1962 2252 dolor
1980 2216 2267 2265 magisfugitur
2285 2227 2399 2263 quam
2416 2226 2480 2251 νο-

1428 2269 1547 2316 luptas
1574 2273 1780 2315 appetatur,
1802 2275 1856 2303 est
1882 2279 2017 2304 verum
2044 2280 2114 2315 per
2132 2267 2318 2314 accidens,
2340 2275 2376 2303 et
2403 2279 2482 2303 non

1428 2333 1496 2369 per
1520 2333 1572 2357 se.
1594 2321 1642 2356 Et
1661 2320 1735 2356 hoc
1753 2327 1856 2368 patet
1876 2331 1920 2355 ex
1949 2331 1995 2356 eo
2015 2319 2118 2368 quod
2141 2319 2282 2356 subdit:
2308 2319 2482 2361 Quando-

1429 2373 1575 2421 quidem
1604 2377 1616 2392 ε
1643 2372 1811 2409 videmus
1838 2372 1948 2408 etiam
1978 2372 2266 2408 immanissimas
2292 2372 2424 2408 bestias
2457 2383 2482 2408 a

1428 2425 1606 2462 maximis
1623 2425 1870 2472 voluptatibus
1884 2425 2085 2460 absterreri
2102 2425 2274 2461 dolorum
2289 2430 2400 2471 metu,
2417 2423 2483 2471 qui

1430 2477 1674 2514 contrariatur
1700 2476 1813 2524 vitae,
1834 2489 1932 2524 quae
1960 2476 2123 2513 maxime
2152 2484 2310 2513 amatur.

1482 2531 1540 2566 AD
1569 2541 1757 2566 SECUNDUM
1785 2541 1968 2566 chENDUM
1987 2529 2101 2577 quod,
2114 2529 2218 2565 aliter
2242 2536 2296 2566 est
2314 2528 2352 2564 in
2375 2535 2483 2564 motu

1431 2582 1496 2630 qui
1529 2589 1584 2618 est
1615 2581 1662 2617 ab
1695 2581 1881 2617 interiori:
1915 2589 1951 2617 et
1984 2581 2088 2617 aliter
2114 2581 2153 2617 in
2190 2588 2297 2617 motu
2331 2581 2395 2629 qui
2430 2587 2484 2616 est

1431 2635 1478 2670 ab
1508 2632 1692 2670 exteriori.
1727 2634 1856 2669 Motus
1893 2633 1993 2669 enim
2026 2633 2090 2681 qui
2128 2641 2183 2670 est
2216 2634 2264 2670 ab
2297 2632 2482 2679 interiori,

1431 2685 1550 2733 magis
1578 2685 1695 2722 tendit
1725 2685 1763 2721 in
1795 2685 1833 2721 id
1866 2686 1970 2733 quod
1999 2693 2054 2721 est
2089 2685 2338 2733 conveniens,
2367 2697 2484 2733 quam

1432 2738 1582 2775 recedat
1609 2750 1631 2774 a
1651 2737 1856 2774 contrario:
1887 2737 1981 2774 sicut
2008 2750 2122 2786 supra
2140 2738 2160 2759 ’¹⁶
2188 2738 2330 2775 dictum
2359 2745 2414 2774 est
2437 2738 2484 2774 de

1432 2798 1540 2827 motu
1568 2790 1738 2826 naturali.
1769 2789 1846 2826 Sed
1874 2797 2000 2827 motus
2029 2790 2093 2838 qui
2122 2798 2177 2827 est
2196 2790 2243 2827 ab
2264 2790 2484 2837 extrinseco,

1432 2842 1636 2880 intenditur
1654 2854 1699 2878 ex
1727 2842 1809 2890 ipsa
1837 2842 2113 2879 contrarietate:
2136 2843 2223 2891 quia
2241 2843 2485 2892 unumquod-

1434 2907 1507 2945 que
1538 2908 1606 2932 suo
1635 2894 1753 2931 modo
1782 2894 1908 2931 nititur
1935 2895 1984 2932 ad
2011 2895 2260 2932 resistendum
2285 2895 2486 2943 contrario,

1435 2949 1528 2985 sicut
1556 2948 1604 2984 ad
1633 2947 1960 2984 conservationem
1989 2947 2045 2984 sui
2073 2947 2199 2996 ipsius.
2228 2948 2340 2985 Unde
2359 2955 2487 2984 motus

1433 3001 1622 3038 violentus
1650 3000 1852 3036 intenditur
1878 3000 1916 3036 in
1943 2999 2140 3048 principio,
2162 3007 2198 3036 et
2225 3000 2423 3037 remittitur
2450 3000 2488 3036 in

1435 3054 1562 3090 fine.-
1578 3054 1707 3089 Motus
1734 3059 1860 3088 autem
1890 3052 2114 3100 appetitivae
2133 3052 2248 3100 partis
2277 3060 2331 3089 est
2358 3053 2406 3089 ab
2434 3052 2488 3089 in-

1435 3105 1613 3143 trinseco:
1644 3117 1731 3142 cum
1761 3105 1806 3141 sit
1833 3105 1880 3141 ab
1909 3105 2035 3144 anima
2059 3105 2106 3142 ad
2126 3117 2196 3142 res.
2226 3106 2275 3142 Et
2302 3105 2401 3152 ideo,
2421 3117 2490 3154 per

1437 3171 1476 3195 se
1504 3158 1708 3206 loquendo,
1738 3157 1856 3204 magis
1877 3157 2063 3206 appetitur
2082 3157 2278 3194 delectatio
2299 3170 2415 3206 quam
2434 3157 2490 3194 fu-

1437 3211 1557 3259 giatur
1583 3210 1736 3247 tristitia.
1768 3209 1845 3246 Sed
1868 3217 1995 3246 motus
2014 3209 2214 3248 sensitivae
2233 3210 2348 3259 partis
2369 3218 2423 3246 est
2441 3210 2489 3246 ab

1438 3263 1622 3309 exteriori,
1652 3262 1759 3311 quasi
1778 3275 1800 3299 a
1819 3262 1931 3298 rebus
1960 3261 2008 3299 ad
2036 3261 2216 3299 animam.
2241 3262 2351 3300 Unde
2370 3261 2489 3308 magis

1439 3316 1593 3353 sentitur
1620 3315 1725 3364 quod
1754 3322 1809 3351 est
1831 3314 1951 3362 magis
1971 3315 2211 3352 contrarium.
2241 3316 2289 3352 Et
2308 3315 2360 3350 sic
2379 3314 2490 3350 etiam

1438 3382 1506 3418 per
1534 3367 1719 3415 accidens,
1750 3366 1970 3416 inquantum
1991 3380 2123 3404 sensus
2143 3367 2340 3416 requiritur
2359 3367 2407 3403 ad
2427 3366 2491 3403 de-

385 3490 412 3522 α)
432 3497 492 3522 quo.
509 3502 528 3507 -
546 3488 616 3520 quod
635 3487 743 3511 codices.

386 3524 410 3557 β)
429 3524 627 3549 contrarietate.
644 3535 662 3541 -
679 3521 861 3546 contristantis
879 3521 974 3545 addunt
992 3520 1038 3544 Pa.

384 3560 412 3593 γ)
431 3559 514 3584 aliud.
532 3573 549 3577 -—
567 3557 687 3583 accidens
707 3557 752 3581 Pa.

1492 3481 1516 3513 ὃ)
1536 3484 1620 3505 tanto.
1638 3494 1656 3499 —
1675 3481 1700 3504 in
1720 3483 1796 3505 tanto
1815 3480 2069 3512 PABCEFGHleD
2088 3485 2113 3503 et
2131 3473 2156 3504 a.

1491 3516 1512 3548 ε)
1534 3515 1760 3547 Quandoquidem.
1778 3528 1796 3534 -
1811 3515 1974 3547 Quandoque
1992 3515 2096 3547 quidem
2115 3514 2206 3538 PIKsD
2220 3519 2245 3539 et
2258 3521 2282 3538 a.
2295 3528 2314 3533 -
2328 3514 2378 3539 Pno
2391 3515 2493 3540 abster-

1440 3552 1502 3579 reri,
1522 3551 1649 3575 abstineri
1667 3549 1784 3584 L(p13?)‚
1803 3550 1935 3574 abstinere
1954 3550 2021 3574 PFa.

2512 2749 2523 2760 ⁸
2536 2749 2561 2771 ln
2577 2754 2681 2776 corpore.
