2846 4146
132 836 143 846 ⁸
158 835 216 863 Cap.
229 841 260 862 vr,
275 841 298 856 n.

133 867 184 888 cap.
191 867 232 883 vu.
243 872 253 878 -

132 887 185 910 lect.
195 893 235 914 vn,
247 893 297 914 vin,
312 893 344 908 ix.

264 861 288 883 s.
296 840 342 882 τ’ἑῗ

1042 234 1306 281 QUAESTIO
1338 233 1478 280 LXIV‚-
1506 234 1799 271 ARTICULUS
1829 235 1879 270 lV

368 313 428 344 nisi
451 322 517 343 uno
541 312 650 348 modo,
675 311 790 342 scilicet
813 322 869 351 per
892 312 1059 343 defectum.
1077 313 1216 350 Quilibet
1240 313 1324 343 enim
1347 313 1427 343 iniu-

368 357 483 388 stitiam
503 355 628 392 faciens,
644 355 743 385 violat
764 356 984 396 aequalitatem
1009 357 1084 397 quia
1107 356 1242 387 declinat
1264 357 1296 387 in
1320 357 1426 387 minus

368 400 465 437 alteri,
485 399 535 430 cui
559 399 689 430 debetur
709 401 849 439 aequale.
870 400 901 430 Si
917 400 1001 430 enim
1021 401 1188 431 declinaret
1202 400 1235 430 in
1250 401 1353 431 maius
1371 401 1425 437 illi,

368 454 434 475 non
461 450 540 474 esset
565 442 725 478 iniustitia,
750 451 786 473 ut
811 450 896 484 patet
926 444 960 475 in
985 444 1211 477 commutativa
1234 444 1368 477 iustitia:
1398 451 1428 476 et

369 488 463 519 etiam
486 487 518 518 in
542 486 746 519 distributiva.
773 486 805 516 in
828 497 891 527 qua
915 488 940 518 si
964 488 1034 528 quis
1058 487 1160 518 maius
1176 498 1274 528 quam
1293 498 1427 528 persona

370 539 526 562 mereatur
540 530 602 566 det,
625 530 697 560 ideo
713 530 810 560 violat
826 531 1056 571 aequalitatem,
1075 532 1149 572 quia
1165 533 1299 564 alterum
1314 532 1428 563 minuit

370 575 421 606 hic
444 584 597 605 excessus.

425 619 462 649 11.
487 618 537 648 Ad
560 618 622 648 hoc
645 617 758 647 dicitur
777 618 864 657 quod
884 619 1027 649 medium
1044 619 1178 649 iustitiae
1194 619 1347 659 contingit
1361 620 1428 650 vio-

369 662 426 692 lari
448 668 584 702 utroque
606 661 715 697 modo,
740 661 856 691 scilicet
871 672 927 701 per
947 672 1108 693 excessum
1130 670 1160 693 et
1183 663 1350 694 defectum.
1374 663 1428 694 Di-

368 705 545 736 versimode
568 711 675 735 tamen
698 705 851 745 contingit
874 706 935 736 hoc
959 706 1038 736 circa
1062 707 1205 737 medium
1228 707 1373 743 iustitiae,
1398 714 1427 737 et

370 749 501 782 aliarum
531 748 695 779 virtutum.
724 749 807 778 Nam
835 756 972 780 extrema
994 749 1090 780 medii
1114 750 1246 780 aliarum
1276 751 1428 782 virtutum

370 791 566 823 constituunt
589 791 709 822 diversa
730 792 814 828 vitia,
838 792 918 823 inter
936 803 1017 834 quae
1041 794 1144 824 media
1167 801 1213 825 est
1234 794 1333 825 virtus
1349 794 1426 834 ipsa,

369 842 405 867 ut
427 842 513 876 patet
534 835 567 865 in
587 835 729 866 11Ethic.
742 835 772 866 *z
798 843 828 866 et
851 843 1016 876 propterea
1038 837 1100 867 alio
1120 837 1198 868 vitio
1223 845 1370 877 peccatur
1382 848 1428 868 se-

370 879 512 910 cundum
540 888 716 916 excessum,
741 886 771 910 et
794 880 856 910 alio
880 887 1027 920 peccatur
1057 881 1233 911 secundum
1257 881 1427 912 defectum.

368 923 515 955 Extrema
538 929 645 954 autem
668 923 764 954 medii
786 923 922 954 iustitiae
938 934 1003 954 non
1028 924 1225 955 constituunt
1247 925 1368 956 diversa
1383 925 1427 955 vi-

368 966 426 997 tia:
452 973 482 997 et
498 974 663 1007 propterea
679 977 745 997 uno
762 973 792 997 et
806 967 919 998 eodem
933 967 1010 998 vitio
1029 975 1176 1007 peccatur
1195 978 1252 1009 per
1266 979 1428 999 excessum

370 1017 400 1041 et
423 1010 590 1041 defectum.
615 1011 656 1041 Et
678 1021 744 1041 non
767 1011 874 1041 solum
898 1021 963 1042 uno
986 1011 1079 1049 vitio,
1105 1012 1160 1042 sed
1184 1022 1249 1042 uno
1274 1019 1345 1044 actu
1370 1023 1428 1043 nu-

369 1063 468 1090 mero,
493 1060 528 1084 ut
550 1061 636 1094 patet
654 1054 687 1084 in
710 1054 810 1085 furto:
836 1055 931 1085 simul
947 1055 1032 1085 enim
1046 1055 1143 1087 violat
1166 1055 1308 1087 medium
1323 1057 1428 1087 minus

369 1097 466 1134 alteri,
491 1104 521 1128 et
544 1098 616 1138 plus
640 1098 698 1128 sibi
721 1098 877 1129 faciendo.
902 1099 942 1129 Et
957 1099 1059 1129 simile
1075 1106 1121 1130 est
1143 1099 1175 1129 in
1200 1100 1429 1131 distributionis

369 1141 552 1172 violatione:
575 1141 670 1172 simul
693 1141 779 1172 enim
801 1142 907 1173 minus
931 1142 995 1179 uni,
1014 1150 1044 1173 et
1066 1144 1138 1183 plus
1162 1144 1248 1174 alteri
1271 1144 1427 1176 tribuitur.

423 1186 490 1216 Nec
514 1186 617 1216 obstat
639 1185 664 1215 si
683 1185 876 1226 quandoque
896 1186 1003 1217 solum
1025 1186 1131 1217 minus
1146 1187 1289 1218 videatur
1304 1187 1370 1218 fieri
1386 1188 1429 1218 al-

370 1229 441 1265 teri,
466 1236 496 1259 et
511 1228 590 1259 nulli
605 1229 692 1268 plus;
718 1235 753 1259 ut
766 1229 799 1259 in
814 1229 967 1260 incendiis
986 1236 1016 1260 et
1031 1230 1226 1261 huiusmodi.
1251 1232 1323 1262 Hoc
1343 1231 1428 1262 enim

370 1272 508 1303 ostendit
534 1273 622 1313 quod
652 1272 796 1303 medium
825 1273 961 1304 iustitiae
988 1273 1200 1314 principaliter
1228 1274 1365 1305 violatur
1396 1275 1428 1305 in

370 1315 485 1346 minus.
510 1315 551 1346 Et
573 1325 644 1346 vere
667 1315 711 1346 sic
734 1323 798 1346 est:
822 1317 907 1356 quia,
924 1327 998 1347 cum
1021 1318 1151 1358 aequale
1170 1318 1209 1348 sit
1224 1318 1264 1348 ad
1283 1319 1427 1355 alterum,

369 1369 426 1399 per
448 1359 554 1389 minus
576 1359 621 1388 illi
644 1359 758 1390 directe
781 1360 926 1390 violatur.
952 1360 1013 1390 Sed
1036 1367 1142 1391 tamen
1166 1371 1290 1401 semper
1313 1373 1428 1392 conco-

370 1402 498 1443 mitatur
520 1402 592 1442 plus
620 1402 727 1438 alicui,
753 1403 804 1433 vel
830 1403 863 1433 in
886 1413 918 1433 re
940 1404 990 1433 vel
1012 1404 1045 1434 in
1069 1411 1232 1445 potestate.
1257 1423 1278 1428 -
1302 1405 1356 1436 Sat
1383 1413 1429 1437 est

335 1456 338 1458 ·
359 1444 444 1486 ἐῖξὸ
457 1445 577 1476 litterae
589 1445 687 1487 quod,
705 1445 900 1487 ubicumque
916 1453 962 1477 est
974 1447 1072 1478 virtus
1089 1448 1120 1478 in
1137 1449 1254 1485 medio,
1275 1449 1429 1489 contingit

369 1495 400 1520 et
421 1499 478 1529 per
499 1498 661 1520 excessum
684 1496 715 1520 et
737 1499 793 1530 per
815 1489 975 1521 defectum
1000 1500 1144 1531 peccare:
1169 1492 1234 1522 sive
1252 1492 1348 1524 simul
1363 1493 1428 1524 sive

368 1533 546 1574 separatim,
569 1532 634 1565 sive
657 1543 724 1564 uno
749 1533 814 1564 sive
836 1534 980 1576 pluribus
1002 1534 1095 1571 vitiis,
1119 1545 1186 1566 non
1210 1544 1257 1567 est
1280 1546 1382 1568 curae.

426 1577 478 1608 111.
501 1577 537 1609 In
554 1577 668 1611 eodem
683 1584 795 1618 quarto
819 1578 950 1611 articulo
970 1578 1105 1610 dubium
1119 1579 1225 1621 primo
1241 1580 1377 1611 occurrit
1392 1591 1428 1612 ex

315 1655 319 1659 .
368 1619 474 1658 Scuto,
490 1620 524 1651 in
539 1621 580 1651 111
596 1621 695 1659 Sent.‚
712 1621 783 1652 dist.
800 1631 886 1658 xxw,
910 1622 1043 1654 docente
1060 1623 1149 1664 quod
1171 1630 1277 1664 potest
1297 1625 1428 1655 concedi

369 1665 458 1705 quod
478 1664 578 1695 virtus
601 1665 780 1705 theologica
803 1672 849 1696 est
871 1666 998 1707 proprie
1013 1666 1047 1697 in
1065 1667 1182 1704 medio,
1203 1677 1268 1698 non
1288 1678 1325 1699 ex
1341 1675 1428 1708 parte

368 1707 492 1745 obiecti,
515 1708 570 1739 sed
589 1715 696 1741 actus:
721 1709 764 1740 ita
786 1710 884 1750 quod,
904 1709 977 1741 licet
992 1721 1058 1750 non
1073 1711 1175 1751 possit
1187 1712 1314 1742 tendere
1332 1712 1365 1742 in
1381 1712 1429 1742 ni-

2455 250 2531 286 417

1480 312 1540 342 mis
1563 322 1674 342 verum
1697 319 1752 342 aut
1774 313 1907 348 bonum,
1929 314 2004 353 quia
2027 314 2127 344 tendit
2142 314 2174 344 in
2190 314 2349 345 infinitum
2365 316 2534 352 obiectum,

1480 363 1585 397 potest
1607 363 1714 387 tamen
1737 356 1830 386 nimis
1854 357 1980 387 tendere
2002 357 2035 386 in
2059 357 2149 393 illud;
2175 365 2205 388 et
2228 358 2270 388 sic
2293 359 2390 389 virtus
2413 360 2535 390 theolo-

1480 400 1547 440 gica
1571 400 1752 431 moderatur
1773 407 1889 437 actum,
1914 407 1949 431 ut
1972 400 2077 430 medio
2102 401 2200 430 modo
2223 403 2339 432 tendat.
2364 403 2404 433 Et
2428 413 2536 433 conse-

1480 450 1613 485 quenter
1634 443 1712 474 fides
1736 451 1782 478 est
1810 444 1914 475 media
1936 443 2016 475 inter
2038 444 2211 480 levitatem,
2236 445 2321 475 iuxta
2344 446 2438 483 illud,
2474 447 2538 483 Qui

1480 489 1540 519 cito
1564 488 1680 525 credit,
1706 488 1784 518 levis
1807 493 1853 518 est
1875 488 1971 518 corde
1985 487 2019 524 *‚
2046 494 2075 518 et
2098 487 2301 527 pertinaciam
2321 489 2466 520 violantis
2490 500 2535 520 ra-

1480 532 1614 568 tionem;
1640 538 1670 562 et
1693 542 1763 572 spes
1786 531 1867 562 inter
1890 531 2181 571 praesumptionem
2205 539 2234 562 et
2258 532 2518 571 desperationem.

1538 575 1682 606 Dubium
1705 575 1844 606 secundo
1869 575 2004 606 occurrit
2026 575 2200 615 specialiter
2219 576 2258 605 de
2273 576 2378 605 medio
2395 584 2537 616 respectu

1480 618 1565 650 fidei.
1593 619 1726 650 ’Videtur
1753 619 1839 650 enim
1861 619 1950 660 quod
1978 619 2154 649 secundum
2184 629 2216 649 se
2241 619 2354 649 habeat
2376 621 2536 650 medium:

1480 663 1556 703 quia
1567 663 1727 694 obiectum
1744 673 1849 699 suum,
1863 663 1950 703 quod
1963 670 2009 693 est
2023 662 2100 703 quid
2117 663 2329 703 complexum,
2343 670 2419 703 puta
2432 664 2536 694 Deum

1481 716 1548 737 esse
1571 708 1709 744 trinum,
1734 714 1765 738 et
1787 707 1987 743 huiusmodi,
2012 707 2106 737 habet
2128 713 2274 743 extrema,
2287 707 2411 737 *scilicet
2432 708 2536 737 Deum

1480 760 1542 781 non
1567 760 1634 782 esse
1656 752 1789 788 trinum,
1814 758 1844 782 et
1865 751 1970 781 Deum
1995 760 2062 782 esse
2085 752 2204 782 trinum
2223 751 2432 782 essentialiter
2438 761 2453 789 ,·
2477 751 2538 781 hoc

1481 794 1566 824 enim
1589 801 1635 825 est
1657 794 1864 835 superfluum,
1887 794 1967 825 illud
1991 794 2196 825 diminutum.

1538 838 1588 868 IV.
1606 839 1657 868 Ad
1676 839 1816 879 primum
1838 839 1956 869 horum
1975 839 2096 875 dicitur,
2112 838 2228 879 primo,
2247 838 2335 879 quod
2353 838 2470 878 positio
2486 838 2539 869 illa

1481 881 1603 912 Scotica
1632 890 1678 913 est
1702 889 1809 913 contra
1833 883 1943 913 divum
1966 882 2144 918 Thomam,
2169 889 2199 913 et
2220 882 2393 913 veritatem.
2419 882 2539 913 Contra

1481 925 1591 955 divum
1614 926 1744 967 quidem
1767 927 1939 963 Thomam,
1964 937 2106 967 expresse
2126 926 2281 957 dicentem
2304 926 2354 956 hic
2378 926 2416 957 de
2438 927 2538 957 modo

1481 975 1577 1005 actm,
1602 970 1691 1010 quod
1714 980 1779 1000 non
1799 977 1904 1010 potest
1922 980 1988 1000 esse
2013 970 2202 1001 excessivus:
2227 970 2344 1005 scilicet
2366 971 2454 1011 quod
2473 980 2538 1001 non

1481 1019 1586 1053 potest
1609 1014 1680 1054 quis
1703 1013 1797 1044 nimis
1821 1014 1954 1050 credere,
1972 1014 2066 1044 nimis
2082 1024 2214 1055 sperare,
2231 1015 2326 1045 nimis
2343 1025 2458 1051 amare,
2475 1021 2540 1045 ten-

1482 1057 1585 1087 dendo
1602 1058 1634 1087 in
1651 1058 1766 1088 Deum.
1792 1058 1912 1088 Contra
1926 1058 2088 1089 veritatem
2107 1069 2192 1094 vero,
2217 1058 2292 1099 quia
2314 1066 2436 1089 constat
2451 1059 2540 1099 quod

1481 1111 1547 1131 non
1563 1108 1667 1142 potest
1686 1101 1772 1132 Deus
1792 1102 1889 1132 amari
1904 1101 2008 1139 nimis,
2026 1102 2068 1133 ita
2085 1103 2173 1143 quod
2189 1109 2276 1133 actus
2293 1102 2419 1132 amandi
2434 1103 2539 1133 Deum

1480 1145 1523 1176 ita
1539 1145 1732 1176 excessivus:
1752 1145 1853 1176 immo
1869 1146 1986 1176 modus
2002 1146 2129 1176 amandi
2143 1147 2259 1183 Deum,
2277 1147 2453 1177 secundum
2467 1147 2540 1177 Ber-

1481 1189 1615 1219 nardum
1631 1187 1656 1225 *,
1682 1196 1728 1219 est
1749 1190 1817 1220 sine
1839 1190 1931 1220 modo
1954 1200 2075 1221 amare.
2091 1208 2112 1213 -
2127 1190 2192 1221 Nec
2211 1197 2257 1221 est
2270 1201 2381 1221 verurn
2397 1191 2486 1231 quod
2501 1191 2539 1221 de

1480 1232 1542 1263 fide
1566 1232 1688 1263 dicitur.
1713 1233 1876 1270 Quoniam
1899 1233 1971 1264 licet
1986 1235 2041 1274 qui
2063 1235 2124 1265 cito
2142 1234 2253 1272 credit,
2275 1235 2352 1265 levis
2366 1236 2408 1265 sit
2425 1235 2521 1265 corde
2527 1242 2540 1272 ;

1481 1287 1547 1307 non
1566 1283 1672 1307 tamen
1689 1277 1744 1317 qui
1760 1277 1821 1307 cito
1838 1277 1934 1308 credit
1948 1278 2029 1316 Deo,
2045 1278 2121 1308 levis
2137 1285 2183 1308 est
2198 1278 2301 1309 corde.
2318 1278 2538 1318 Praesumptio

1481 1330 1621 1362 quoque,
1642 1327 1678 1351 ut
1692 1327 1778 1361 patet
1797 1321 1829 1351 in
1845 1322 2051 1361 responsione
2067 1322 2107 1352 ad
2122 1322 2260 1358 tertium,
2277 1332 2342 1352 non
2367 1329 2413 1353 est
2426 1322 2539 1353 vitium

1481 1364 1556 1404 quia
1575 1364 1668 1394 nimis
1693 1371 1795 1404 speret
1817 1365 1850 1394 in
1873 1365 1994 1395 Deum:
2019 1366 2073 1396 sed
2097 1366 2171 1406 quia
2195 1373 2298 1406 sperat
2313 1367 2437 1396 bonum
2453 1376 2539 1396 exce-

1482 1408 1558 1438 dens
1573 1408 1734 1448 propriam
1758 1408 1984 1440 conditionem.
2002 1427 2022 1432 -
2039 1410 2132 1440 Unde
2155 1410 2317 1440 concessio
2333 1410 2392 1441 ista
2406 1420 2472 1440 non
2488 1420 2539 1440 so-

1479 1451 1550 1481 lum
1565 1458 1601 1481 ut
1617 1451 1703 1487 falsa,
1721 1452 1775 1482 sed
1791 1459 1827 1482 ut
1842 1452 1934 1489 mala,
1951 1459 2062 1494 utpote
2076 1464 2199 1494 ponens
2215 1455 2351 1484 modum
2365 1454 2539 1486 dilectionis

1480 1495 1549 1531 Dei,
1574 1495 1687 1534 procul
1709 1495 1882 1527 abiiciatur.

1536 1539 1587 1569 Ad
1603 1539 1779 1570 secundum
1801 1547 1908 1570 autem
1931 1540 2044 1571 dicitur
2059 1542 2148 1581 quod
2162 1541 2240 1572 fides
2255 1542 2431 1572 secundum
2445 1552 2478 1572 se
2494 1549 2540 1572 est

1481 1582 1520 1612 de
1542 1582 1622 1618 Deo,
1647 1582 1737 1613 cuius
1761 1593 1826 1613 non
1850 1590 1924 1614 sunt
1947 1591 2093 1615 extrema.
2117 1585 2164 1615 Ex
2183 1592 2269 1625 parte
2293 1592 2400 1616 autem
2422 1586 2539 1622 nostri,

1482 1632 1528 1656 est
1551 1626 1589 1656 de
1612 1626 1682 1656 Deo
1706 1637 1762 1666 per
1785 1627 1921 1657 modurn
1944 1629 2185 1668 compositionis
2209 1636 2240 1660 et
2263 1629 2434 1666 divisionis,
2454 1637 2490 1660 ut
2507 1630 2540 1660 in

1482 1669 1519 1699 11·
1548 1669 1596 1699 11··
1611 1669 1639 1714 *Ι
1653 1670 1774 1701 dicitur.
1800 1671 1841 1701 Et
1855 1678 2021 1711 propterea
2037 1682 2074 1702 ex
2088 1680 2174 1712 parte
2190 1673 2290 1704 nostri
2306 1680 2352 1703 est
2366 1673 2398 1703 in
2416 1674 2539 1710 medio;

1482 1719 1512 1744 et
1534 1723 1600 1743 non
1625 1714 1801 1744 secundum
1824 1724 1866 1745 se.

511 3590 619 3614 Summe
639 3589 738 3632 Tuam„
759 3590 790 3614 D.
802 3589 915 3614 'summe
934 3590 966 3614 Τ.
986 3590 1023 3614 111.

2366 3598 2395 3622 53

2563 496 2575 507 ⁸
2584 495 2657 517 Eccli.
2665 502 2715 524 cap.
2722 503 2774 524 xix,

2564 528 2624 544 vers,
2638 530 2662 549 4.

2569 1199 2578 1208 ·
2598 1198 2633 1219 De
2651 1197 2779 1226 Diligendo

2567 1224 2626 1252 Deo,
2642 1231 2691 1252 cap.
2708 1231 2724 1246 1.

2567 1683 2576 1693 ·
2594 1682 2641 1709 Qu.
2656 1689 2672 1710 ι,
2687 1685 2729 1704 art.
2744 1688 2765 1710 3.
