2852 4152
134 307 145 318 ⁸
160 306 211 327 Art.
228 303 345 332 praeced.,

134 333 162 354 ad
176 338 196 360 3.

139 1757 147 1765 ·
162 1755 229 1776 Vers.
243 1763 266 1782 4.

142 2235 150 2243 ·
167 2233 223 2260 Cap.
239 2238 269 2260 iv,
284 2238 307 2253 n.
324 2237 351 2260 3¹·

140 2549 151 2559 ⁸
166 2548 215 2570 Art.
230 2553 246 2569 ι.

142 2652 247 2701 al‘Eglsn
267 2651 351 2678 CCXI,

144 3283 267 3333 ΣΡᾹᾸΫΞῖ

375 218 448 265 296

377 297 536 334 totaliter
563 296 668 333 audit
695 296 892 344 imperium
927 295 1097 340 rationis,
1126 302 1167 330 ut
1195 305 1309 341 supra
1331 292 1351 314 ³⁶
1379 292 1432 328 di-

376 357 478 386 ctum
508 356 572 385 est.

428 404 485 438 An
514 413 703 438 SECUNDUM
732 412 914 438 DicENDUM
935 398 1065 447 quod
1058 410 1138 447 ipsa
1158 397 1250 433 ratio
1272 395 1432 454 pertinet

1041 215 1307 262 QUAESTIO
1337 214 1474 259 XLVI,
1505 212 1797 249 ARTICULUS
1826 212 1877 248 VI

1487 299 1542 328 est
1557 303 1643 327 cum
1662 290 1819 336 ratione,
1837 290 2003 338 sequitur
2021 291 2127 340 quod
2146 290 2359 328 secundum
2379 290 2543 338 aliquem

1487 344 1646 380 modum
1675 343 1721 379 sit
1748 342 1894 378 homini
1922 343 2113 380 naturalis.

1539 397 1597 431 An
1625 406 1783 431 TER‘rmM
1812 405 1996 432 DICENDUM
2025 396 2129 444 q'uod
2163 396 2256 432 ratio
2286 396 2346 432 illa
2373 395 2545 444 procedit

375 454 423 492 ad
453 461 625 491 naturam
654 453 829 490 hominis.
859 452 971 489 Unde
997 463 1039 487 ex
1058 452 1132 488 hoc
1152 450 1233 497 ipso
1255 447 1386 496 quod
1378 460 1432 484 1ra
1487 447 1533 484 de
1561 447 1615 484 ira
1644 455 1679 483 et
1709 446 2024 495 concupiscentia,
2054 460 2099 485 ex
2126 456 2232 497 parte
2261 448 2410 485 obiecti.

1044 544 1375 578 Commenta-aria
1397 543 1646 575 Oardjnalis
1669 542 1868 575 Caietam

405 649 425 669 N
449 638 580 670 articulo
609 637 736 678 quinto,
767 635 889 666 omissis
913 634 1003 664 tertio
1033 639 1063 662 et
1086 639 1214 672 quarto,
1245 631 1277 660 in
1301 639 1431 670 respon-

378 650 494 713 Isione
511 682 550 712 ad
567 681 717 722 primum,
735 679 867 710 dubium
884 677 1076 708 novitiorum
1093 674 1241 706 occurrit:
1257 684 1323 715 quo
1339 680 1432 714 pacto

374 728 457 757 ratio
480 726 570 756 sedat
586 727 680 763 iram,
698 726 883 763 inquantum
901 723 1003 751 iratus
1027 730 1088 749 non
1110 720 1251 749 totaliter
1269 718 1358 749 audit
1377 719 1432 748 im-

369 772 496 810 perium
522 770 664 799 rationis.
691 766 888 817 Oppositum
908 774 1045 804 namque
1062 769 1205 813 apparet:
1231 763 1309 792 dum
1336 761 1432 792 iratus

375 823 439 844 non
471 813 619 843 obediens
648 811 776 845 rationi,
807 809 905 848 magis
936 807 1152 847 prosequitur;
1182 813 1218 837 ut
1245 806 1433 846 experientia

375 864 513 889 testatur.

428 901 464 930 11.
482 900 530 930 Ad
554 899 615 929 hoc
632 897 752 932 dicitur,
770 896 874 936 primo
894 895 1091 935 explanando
1108 893 1295 925 sententiam
1313 896 1432 924 Aucto-

374 945 430 980 ris;
452 943 564 973 deinde
586 942 688 972 verba.
706 940 842 970 Intendit
856 941 977 970 Auctor
999 938 1099 979 quod,
1115 938 1189 979 quia
1211 938 1290 968 ratio
1315 937 1432 977 duplici

374 995 444 1018 actu
467 987 597 1016 refertur
620 986 659 1015 ad
681 985 770 1020 iram,
786 983 901 1014 scilicet
924 982 1027 1013 nuntii
1050 989 1080 1013 et
1103 981 1276 1022 praecepti;
1298 988 1327 1011 et
1351 991 1432 1011 nun—

373 1032 503 1062 tiantem
526 1029 654 1069 quidem
679 1038 802 1068 semper
825 1038 857 1057 se
882 1027 1004 1057 exhibet
1024 1026 1114 1062 ratio,
1132 1025 1206 1066 quia
1228 1025 1330 1065 ipsam
1353 1025 1432 1054 iram

374 1074 497 1114 respicit
528 1072 704 1103 nuntiando
733 1081 860 1102 causam
891 1070 1062 1106 vindictae;
1087 1069 1330 1110 praecipientem
1357 1078 1432 1098 vero

374 1128 438 1148 non
462 1127 586 1157 semper
600 1126 631 1146 se
656 1116 788 1152 exhibet,
809 1115 883 1156 quia
902 1114 1130 1145 moderamen'
1122 1123 1184 1144 irae
1208 1112 1431 1152 praecipiendo

374 1162 495 1198 faceret,
512 1161 600 1202 quod
624 1170 689 1190 non
717 1169 842 1200 semper
865 1159 989 1190 accidit:
1013 1158 1128 1188 idcirco
1156 1157 1234 1187 ratio
1266 1163 1313 1187 est
1340 1166 1433 1187 causa

373 1206 445 1242 irae,
456 1205 646 1246 inquantum
662 1204 799 1239 nuntiat;
818 1210 848 1234 et
860 1210 906 1234 est
917 1212 1011 1233 causa
1023 1201 1285 1237 mansuetudinis,
1296 1200 1432 1250 inquan-

374 1257 443 1280 tum
460 1248 609 1289 praecipit
624 1248 832 1278 moderando.
849 1247 888 1278 Et
912 1246 986 1288 quia
1002 1245 1146 1276 nuntiare
1169 1244 1344 1275 necessario
1361 1254 1433 1274 con-

1487 622 1582 660 currit
1604 629 1643 659 ad
1666 629 1745 659 iram
1769 635 1799 660 et
1821 639 1954 671 semper,
1981 631 2157 673 praecipere
2181 639 2287 663 autem
2311 641 2393 669 non;
2417 632 2489 662 ideo
2513 632 2546 663 in

1487 683 1619 713 corpore
1643 672 1773 710 articuli,
1791 683 1828 703 ex
1851 673 1894 704 1v
1915 674 2018 706 Ethic.
2039 675 2169 713 dictum,
2194 677 2282 717 quod
2306 677 2478 707 humanius
2500 681 2547 708 est

1483 719 1600 758 punire
1624 727 1718 758 quam
1739 723 1938 748 mansuetum
1963 728 2044 756 esse,
2067 729 2103 749 ex
2126 720 2184 750 hac
2207 721 2310 751 radice
2333 720 2518 751 verificatur.

1538 761 1640 792 Verba
1664 768 1770 791 autem
1799 761 1917 791 litterae
1946 742 2145 802 accipienda
2155 770 2229 795 sunt
2253 764 2477 804 specificative:
2503 765 2545 795 ita

1486 806 1575 845 quod
1597 806 1630 846 ly
1653 806 1841 846 inquantum
1875 806 1979 836 iratus
2003 816 2064 836 non
2094 808 2235 838 totaliter
2257 809 2348 839 audit
2377 810 2544 849 imperium

1486 850 1631 887 rationis,
1649 849 1835 880 determinat
1851 849 2067 880 conditionem
2090 851 2266 881 secundum
2285 862 2383 892 quam
2405 852 2451 882 ira
2473 853 2546 883 sub-

1485 893 1637 924 trahibilis
1660 899 1706 924 est
1728 893 1863 933 imperio
1886 893 2026 924 rationis.
2044 894 2128 930 Quia
2152 894 2237 925 enim
2260 896 2408 936 opposita
2430 896 2548 927 habent

1485 936 1551 967 fieri
1576 937 1655 968 circa
1677 937 1780 973 idem,
1803 938 1979 968 secundum
2003 938 2134 968 eandem
2168 939 2385 970 conditionem
2406 940 2452 970 ira
2475 947 2548 971 nata

1486 985 1532 1011 est
1555 981 1680 1011 obedire
1709 987 1739 1011 et
1762 990 1827 1010 non
1852 981 1996 1017 obedire,
2021 982 2225 1012 moderamen
2249 983 2406 1024 suscipere
2428 991 2458 1015 et
2481 994 2547 1014 non

1486 1025 1644 1064 suscipere
1667 1024 1749 1054 sub
1741 1024 1875 1064 imperio
1899 1025 2037 1056 rationis.
2063 1027 2109 1055 Ac
2131 1025 2156 1055 si
2180 1025 2306 1058 dixisset
2327 1027 2438 1067 quod'
2430 1038 2484 1064 ira,
2501 1028 2547 1058 in-

1486 1074 1642 1108 quantum
1665 1068 1773 1098 subest
1803 1067 1917 1098 rationi
1940 1068 2115 1106 nuntianti,
2137 1076 2184 1100 est
2211 1070 2250 1100 ab
2281 1079 2332 1100 ea:
2356 1070 2548 1113 inquantum

1485 1121 1560 1142 vero
1584 1113 1691 1142 subest
1713 1111 1827 1142 rationi
1850 1112 2036 1149 moderanti,
2058 1113 2184 1144 sedatur
2199 1114 2237 1143 ab
2261 1122 2310 1151 ea;
2330 1114 2385 1149 ita
2393 1115 2487 1155 quod
2500 1124 2548 1148 ra—

1486 1156 1531 1187 tio
1555 1166 1592 1186 ex
1614 1156 1670 1186 illo
1695 1162 1766 1186 actu
1790 1156 1877 1187 sedat
1900 1156 1992 1193 iram,
2017 1156 2073 1197 qui
2095 1163 2200 1197 potest
2222 1157 2325 1189 audiri
2348 1164 2378 1191 et
2401 1164 2482 1202 11ᾱῂ
2488 1168 2548 1198 uu

1487 1200 1545 1230 diri
1567 1201 1605 1230 ab
1630 1200 1720 1236 irato,
1735 1200 1777 1230 ob
1802 1200 1892 1231 cuius
1916 1210 1981 1232 non
2005 1201 2204 1232 auditionem
2227 1201 2340 1233 dicitur
2361 1201 2465 1238 iratus
2479 1205 2549 1235 non

1486 1243 1623 1275 totaliter
1646 1243 1754 1274 audire
1776 1242 1947 1285 imperium
1970 1243 2109 1276 rationis.

1187 1388 1501 1431 ARTICULUS
1532 1388 1739 1431 SEXTUS

1022 1479 1178 1510 UTRUM
1201 1479 1273 1508 IRA
1296 1478 1362 1508 sn*
1387 1477 1580 1509 GRAVIOR
1603 1477 1728 1514 QUAM
1751 1477 1893 1508 omuM

1091 1551 1123 1576 11*
1139 1547 1192 1582 11··‚'
1204 1559 1248 1584 qu.
1262 1558 1347 1580 etv-111,
1361 1555 1407 1576 art.
1419 1558 1449 1582 4;
1465 1551 1505 1576 De
1518 1550 1610 1579 Malo„
1626 1558 1670 1583 qu.
1685 1557 1728 1582 m,
1744 1555 1793 1575 art.
1805 1557 1831 1582 4.

462 1670 469 1677 ,
505 1654 609 1696 ’κζ-μυ
635 1652 775 1678 SEXTUM
796 1652 849 1677 Sic
877 1650 1115 1677 PROCEmTUR.
1145 1639 1303 1677 Videtur
1330 1639 1435 1687 quod

413 1672 561 1746 wisa-ss
587 1695 641 1731 ira
678 1694 724 1730 sit
759 1693 911 1741 gravior
947 1705 1064 1741 quam
1103 1692 1248 1729 odium.
1291 1692 1435 1729 Dicitur

402 1687 451 1798 (ἁ,
458 1746 506 1778 ’ἶ
524 1734 690 1784 ''enim
708 1748 821 1783 Ριον.
841 1757 938 1783 xxvn
957 1745 988 1793 *,
1014 1745 1118 1794 quod
1138 1746 1195 1782 ira
1224 1758 1298 1782 non
1327 1746 1436 1781 habet

466 1802 495 1828 ³⁹1
503 1797 510 1800 ⁴
557 1799 895 1845 misericordiam,
917 1810 985 1835 nec
1007 1809 1205 1846 erumpens
1221 1799 1353 1846 furor.
1381 1798 1434 1833 O·

378 1854 482 1890 dium
525 1859 662 1890 autem
691 1852 924 1900 quandoque
965 1851 1079 1887 habet
1121 1850 1434 1887 misericordiam.

377 1907 478 1954 Ergo
507 1905 562 1942 ira
591 1913 646 1942 est
673 1904 826 1952 gravior
852 1915 969 1952 quam
999 1903 1141 1940 odium.

431 1970 466 1995 2.
495 1959 732 2004 PRAETEREA,
771 1957 894 1993 maius
929 1963 984 1992 est
1020 1956 1096 2004 pati
1129 1956 1273 1992 malum
1313 1963 1349 1992 et
1387 1955 1435 1992 de

377 2012 478 2048 malo
508 2011 651 2057 dolere,
681 2021 798 2059 quarn
827 2008 1044 2058 simpliciter
1070 2008 1158 2057 pati.
1190 2008 1267 2045 Sed
1294 2008 1343 2044 illi
1371 2008 1436 2057 qui

379 2065 493 2101 habet
521 2063 686 2112 aliquem
715 2063 817 2109 odio,
847 2061 985 2099 sufficit
1005 2061 1111 2109 quod
1130 2061 1190 2098 ille
1209 2073 1325 2109 quern
1345 2061 1434 2107 odit,

377 2117 539 2166 patiatur
574 2117 740 2153 malum:
777 2116 870 2152 irato
906 2121 1034 2151 autem
1068 2126 1147 2151 non
1180 2114 1338 2161 sufficit,
1368 2090 1434 2152 sed

380 2170 523 2218 quaerit
554 2169 660 2218 quod
693 2175 896 2216 cognoscat
932 2167 1022 2204 illud
1055 2174 1092 2203 et
1120 2167 1167 2204 de
1196 2167 1258 2203 illo
1288 2167 1434 2213 doleat,

378 2230 420 2259 ut
434 2222 523 2259 dicit
541 2222 807 2270 Philosophus,
827 2221 866 2257 in
886 2221 917 2256 ΙΙ
942 2219 1130 2256 Rhetoric.
1145 2219 1166 2242 ‘¹‘
1186 2220 1286 2267 Ergo
1307 2220 1361 2256 ira
1381 2227 1436 2256 est

379 2275 530 2323 gravior
559 2286 676 2322 quam
706 2274 849 2311 odium.

436 2328 469 2364 3.
485 2329 717 2373 PRAETEREA‚
733 2333 875 2375 quanto
896 2324 945 2361 ad
961 2324 1266 2361 constitutionem
1282 2324 1437 2360 alicuius

379 2381 488 2428 plura
505 2387 744 2426 concurrunt,
760 2386 863 2415 tanto
878 2377 1029 2414 videtur
1043 2389 1126 2414 esse
1141 2377 1326 2414 stabilius:
1344 2377 1438 2413 sicut

381 2433 531 2470 habitus
551 2432 831 2481 permanentior
851 2437 906 2467 est
939 2430 1003 2479 qui
1032 2442 1076 2466 ex
1103 2430 1437 2479 pluribusactibus

381 2492 565 2522 causatur.
578 2485 655 2521 Sed
665 2485 719 2521 ira
729 2491 903 2520 causatur
914 2494 958 2520 ex
970 2494 1158 2520 concursu
1172 2482 1337 2531 plurium
1353 2495 1436 2531 pas-

381 2538 544 2585 sionum,
565 2546 606 2574 ut
625 2536 769 2586 supra*
785 2537 926 2573 dictum
949 2542 1023 2573 est:
1045 2547 1123 2572 non
1143 2543 1270 2572 autem
1291 2535 1434 2572 odium.

380 2592 482 2638 Ergo
516 2590 572 2627 ira
605 2597 659 2626 est
687 2589 853 2626 stabilior
882 2596 918 2625 et
945 2587 1097 2636 gravior
1124 2600 1239 2636 quam
1269 2587 1413 2625 odium.

433 2644 507 2680 SED
528 2654 673 2680 CONTRA
700 2653 765 2679 EST
792 2642 897 2690 quod
917 2641 1162 2689 Augustinus,
1183 2640 1220 2678 in
1240 2640 1390 2691 Regula
1404 2640 1435 2688 ²¹⁸,

380 2696 510 2734 odium
540 2702 736 2744 comparat
763 2695 879 2740 trabi,
908 2694 1003 2731 iram
1031 2706 1126 2732 vero
1142 2695 1327 2742 festucae.

432 2750 657 2786 RESPONDEO
691 2758 876 2785 mcannum
914 2747 1016 2796 quod
1051 2746 1196 2795 species
1229 2746 1434 2794 passionis,

381 2809 417 2838 et
445 2801 538 2838 ratio
576 2801 712 2850 ipsius,
742 2812 787 2837 ex
815 2800 965 2838 obiecto
993 2806 1182 2849 pensatur.
1213 2800 1281 2836 Est
1308 2806 1435 2836 autem

381 2854 571 2891 obiectum
599 2854 676 2891 irae
705 2861 742 2890 et
769 2853 845 2890 odii
870 2853 973 2890 idem
1003 2852 1192 2889 subiecto:
1223 2864 1313 2888 nam
1342 2852 1436 2888 sicut

381 2907 513 2944 odiens
541 2907 682 2955 appetit
710 2907 853 2943 malum
884 2906 916 2942 ei
937 2917 1052 2955 quem
1082 2905 1172 2952 odit,
1194 2905 1243 2941 ita
1266 2905 1382 2942 iratus
1401 2905 1435 2941 ei

382 2967 510 2996 contra
537 2972 653 3007 quem
681 2959 861 2996 irascitur.
893 2959 970 2996 Sed
998 2971 1076 2996 non
1106 2957 1241 2995 eadem
1271 2958 1435 2994 ratione:

381 3012 448 3049 sed
476 3012 609 3049 odiens
637 3012 778 3060 appetit
801 3013 945 3048 malum
965 3011 1114 3058 inimici,
1136 3011 1361 3058 inquantum
1383 3018 1437 3047 est

381 3065 545 3111 malum3
575 3064 689 3101 iratus
718 3071 843 3101 autem
874 3065 1015 3113 appetit
1035 3065 1180 3102 malum
1205 3063 1285 3100 eius
1306 3071 1436 3101 contra

381 3129 496 3165 quem
525 3117 705 3164 irascitur,
736 3129 813 3154 non
842 3118 1067 3165 inquantum
1097 3124 1152 3154 est
1177 3117 1339 3163 malum,
1369 3116 1438 3154 sed

381 3170 607 3218 inquantum
625 3170 740 3206 habet
759 3170 951 3218 quandam
972 3170 1157 3207 rationem
1176 3169 1278 3216 boni,
1296 3169 1436 3206 scilicet

381 3229 493 3271 prout
520 3222 692 3259 aestimat
720 3222 811 3259 illud
840 3223 1100 3270 esseiustum,
1131 3222 1355 3270 inquantum
1382 3230 1438 3259 est

381 3275 653 3312 vindicativum
672 3275 703 3312 ²⁵⁶.
725 3275 835 3312 Unde
864 3275 976 3312 etiam
1005 3287 1119 3324 supra
1144 3275 1183 3297 ¹²*
1211 3275 1354 3312 dictum
1383 3282 1438 3312 est

383 3328 487 3376 quod
515 3327 646 3364 odium
677 3335 731 3364 est
758 3339 826 3376 per
854 3328 1142 3376 applicationem
1171 3328 1260 3364 mali
1288 3328 1336 3365 ad
1355 3339 1437 3364 ma-

383 3381 483 3426 lum3
513 3380 566 3417 ira
595 3387 722 3417 autem
751 3392 818 3428 per
847 3380 1137 3428 applicationem
1166 3380 1256 3417 boni
1284 3380 1332 3417 ad
1357 3393 1436 3417 ma—

1488 1639 1579 1675 lum.
1594 1659 1619 1666 -
1636 1638 1882 1675 Manifestum
1903 1646 1959 1675 est
1984 1645 2112 1675 autem
2133 1639 2237 1687 quod
2262 1646 2440 1688 appetere
2469 1642 2550 1677 maa

1488 1692 1568 1728 lum
1603 1692 1673 1728 sub
1707 1691 1851 1728 ratione
1880 1691 1983 1738 iusti,
2013 1691 2140 1728 minus
2174 1692 2289 1737 habet
2325 1692 2372 1729 de
2403 1692 2549 1730 ratione
2607 1723 2611 1737 ἶ
2653 1698 2693 1738 ,ζ’

1488 1744 1588 1791 mali,
1606 1756 1722 1792 quam
1737 1744 1836 1780 velle
1857 1744 2003 1780 malum
2023 1743 2179 1781 alicuius
2198 1744 2424 1793 simpliciter.
2440 1745 2549 1783 Velle

1490 1797 1592 1833 enirn
1629 1797 1774 1834 malum
1810 1796 1965 1833 alicuius
2002 1797 2072 1833 sub
2107 1797 2252 1834 ratione
2284 1797 2391 1846 iusti,
2423 1804 2550 1848 potest

1490 1861 1571 1886 esse
1601 1849 1714 1886 etiam
1742 1850 1955 1886 seeundum
1973 1849 2153 1886 virtutem
2180 1849 2351 1898 iustitiae,
2379 1850 2412 1887 -si
2440 1854 2549 1900 prae*

1490 1909 1600 1950 cepto
1629 1901 1783 1938 rationis
1811 1902 2112 1951 obtemperetur:
2142 1903 2209 1940 sed
2237 1902 2292 1940 ira
2318 1902 2358 1940 in
2385 1904 2460 1940 hoc
2489 1908 2549 1941 so·

1488 1955 1567 1991 lum
1587 1955 1723 2001 deficit,
1744 1955 1850 2002 quod
1869 1967 1948 1992 non
1968 1955 2098 1993 obedit
2116 1955 2270 1992 rationis
2287 1963 2493 2005 praecepto
2509 1956 2550 1994 in'

1488 2007 1718 2044 ulciscendo.
1739 2007 1850 2045 Unde
1870 2008 2114 2045 manifestum
2135 2015 2191 2045 est
2217 2008 2322 2057 quod
2345 2009 2479 2046 odium
2494 2011 2551 2077 est

1488 2060 1608 2096 multo
1637 2060 1801 2097 deterius
1830 2068 1866 2097 et
1893 2060 2044 2108 gravius
2073 2073 2189 2110 quam
2217 2061 2282 2098 ira.
2544 2076 2545 2082 ¹

1543 2115 1602 2150 An
1630 2124 1766 2151 PRiMUM
1795 2125 1893 2150 ERGO
1921 2125 2104 2151 montinum
2133 2114 2238 2162 quod
2267 2114 2306 2151 in
2328 2114 2383 2151 ira
2403 2122 2439 2151 et
2457 2114 2549 2159 odio

1491 2165 1567 2202 duo
1595 2173 1755 2215 possunt
1775 2166 2021 2203 considerari:
2051 2166 2189 2204 scilicet
2215 2167 2341 2215 ipsum
2361 2167 2466 2227 quod
2486 2160 2551 2206 de·

1490 2219 1686 2266 sideratur,
1709 2226 1744 2255 et
1762 2219 1922 2256 intensio
1944 2219 2127 2257 desiderii.
2154 2220 2352 2266 Quantum
2371 2220 2481 2268 igitur
2499 2220 2554 2258 ad>

1460 2301 1468 2310 .
1490 2270 1527 2308 id
1557 2271 1661 2320 quod
1690 2271 1940 2319 desideratur,
1969 2271 2024 2308 ira
2050 2273 2165 2309 habet
2193 2272 2312 2320 magis
2341 2273 2551 2310 misericor-

1491 2323 1593 2361 diam
1630 2335 1747 2373 quam
1781 2324 1925 2361 odium.
1966 2324 2066 2371 Quia
2099 2325 2202 2362 enim
2240 2324 2372 2362 odium
2409 2320 2553 2375 appetit

1491 2377 1634 2413 malum
1657 2376 1806 2413 alterius
1835 2377 2047 2414 secundum
2067 2389 2119 2424 se,
2140 2378 2242 2414 nulla
2261 2389 2441 2415 mensura
2458 2376 2550 2415 mali

1491 2429 1663 2469 satiatur:
1693 2441 1738 2466 ea
1767 2429 1869 2466 enim
1897 2441 1995 2478 quae
2016 2430 2228 2467 secundum
2249 2442 2289 2467 se
2309 2437 2548 2479 appetuntur,

1491 2482 1572 2519 sine
1606 2494 1786 2519 mensura
1819 2490 2066 2531 appetuntur,
2099 2491 2142 2519 ut
2173 2482 2429 2531 Philosophus
2464 2483 2552 2521 dicit

1491 2537 1504 2571 1
1539 2535 1681 2572 Politic.
1704 2534 1740 2581 ²¹³,
1775 2534 1870 2571 sicut
1901 2547 2039 2571 avarus
2077 2535 2236 2572 divitias.
2269 2536 2382 2573 Unde
2418 2535 2552 2583 dicitur
2577 2548 2589 2560 ⁴

1489 2588 1604 2624 Eccli.
1625 2599 1673 2624 xu
1692 2587 1728 2623 *ε
1757 2587 1949 2635 Inimicus,
1969 2588 2003 2624 si
2021 2588 2204 2625 invenerit
2219 2594 2374 2636 tempus,
2398 2591 2474 2633 non
2491 2592 2552 2627 sad
2577 2590 2603 2616 ·'

1490 2641 1642 2677 tiabitur
1667 2640 1864 2689 sanguine.
1886 2660 1909 2667 -
1931 2640 2007 2678 Sed
2035 2639 2090 2677 ira
2123 2653 2202 2678 non
2234 2641 2378 2689 appetit
2405 2642 2551 2681 malinii

1490 2693 1561 2730 nisi
1594 2693 1664 2730 sub
1693 2693 1838 2730 ratione
1870 2692 1958 2730 iusti
1990 2692 2221 2731 vindicativi.
2250 2693 2363 2731 Unde
2395 2692 2552 2743 quaudo

1489 2746 1634 2783 malum
1653 2745 1797 2782 illatum
1814 2745 1960 2783 excedit
1978 2757 2199 2784 mensuram
2218 2746 2389 2793 iustitiae,
2417 2748 2551 2786 'secun-¹

1491 2799 1584 2836 dum
1622 2798 1923 2836 aestimationem
1960 2798 2151 2836 irascentis
2167 2828 2176 2846 ,
2214 2807 2304 2836 tunc
2338 2799 2550 2838 miseretur.

1489 2851 1600 2889 Unde
1629 2851 1884 2900 Philosophus
1914 2851 2011 2898 dicit,
2039 2851 2078 2888 in
2106 2853 2137 2888 II
2166 2852 2353 2889 Rhetoric.
2383 2851 2415 2900 ²¹⁸,
2445 2853 2551 2901 quod

1489 2905 1625 2950 iratus,
1654 2904 1687 2941 si
1701 2905 1806 2952 fiant
1831 2904 1960 2950 multa,
1989 2904 2244 2942 miserebitur:
2272 2904 2399 2941 odiens
2426 2907 2551 2944 autem

1483 2970 1558 3006 pro
1587 2957 1700 2994 nullo.

1543 3011 1741 3057 Quantum
1774 3021 1868 3047 vero
1904 3009 1952 3047 ad
1985 3009 2238 3047 intensionem
2272 3009 2467 3059 desiderii,
2496 3010 2551 3049 ira

1489 3063 1609 3111 magis
1638 3062 1800 3100 excludit
1828 3061 2127 3100 misericordiam
2147 3072 2263 3112 quam
2284 3062 2437 3100 odium:
2464 3063 2552 3113 quia

1490 3123 1618 3153 motus
1641 3116 1717 3152 irae
1747 3122 1803 3152 est
1829 3114 2090 3164 impetuosior,
2110 3118 2266 3164 propter
2295 3115 2469 3154 cholerae
2497 3116 2553 3154 in-

1490 3168 1795 3206 flammationem
1824 3172 1852 3205 ².
1874 3167 1990 3205 Unde
2014 3167 2139 3205 statim
2168 3167 2340 3205 subditur
2366 3167 2408 3191 ³¹·
2399 3158 2588 3219 .Im'pe·

1491 3227 1569 3258 tum
1597 3221 1770 3258 concitati
1795 3220 1946 3272 spiritus
1959 3221 2074 3269 serre
2102 3221 2184 3269 quis
2206 3221 2375 3269 poter-:W
2483 3222 2497 3228 “

1544 3276 1603 3311 An
1622 3285 1812 3311 secuunuu
1836 3283 2019 3310 morannum
2040 3274 2157 3322 quod,
2174 3273 2270 3311 sicut
2290 3273 2431 3311 dictum
2450 3281 2508 3311 est
2518 3273 2550 3321 ⁸,

1490 3327 1603 3364 iratus
1632 3326 1774 3376 appetit
1801 3326 1945 3363 malum
1981 3325 2154 3374 alicuius,
2183 3326 2416 3375 inquantum
2435 3326 2553 3364 habet

1492 3380 1676 3416 rationem
1705 3378 1790 3416 iusti
1817 3378 2049 3416 vindicativi.
2070 3379 2244 3417 Vindicta
2268 3387 2395 3416 autem
2423 3379 2469 3416 fit·
2483 3391 2553 3428 per

436 3493 462 3524 a>
477 3493 596 3518 cholerae
618 3492 892 3526 inflammationem-
911 3492 1032 3517 cholerae
1055 3493 1247 3526 inflammatum
1264 3493 1469 3526 ADGLpBHsC,
1487 3493 1608 3518 cholerae
1626 3493 1845 3527 inflammativum
1866 3493 1901 3523 E,
1920 3493 2055 3518 choleram
2079 3493 2272 3527 inflammatum
2291 3492 2315 3523 Ι,
2333 3492 2455 3517 cholerae
2473 3492 2551 3526 infla-

383 3528 479 3552 tionem
500 3528 540 3552 ed.
559 3535 584 3552 a.

2578 2863 2717 2886 *Loecin

2577 3202 2656 3226 ‘Lem
2665 3177 2790 3232 guintg-

2578 3286 2629 3308 ’In
2644 3291 2750 3314 corpore.
