2852 4152
116 714 125 723 ·
142 713 188 740 Qu.
204 718 272 739 xxxv,
284 716 328 734 nrt.

116 745 135 767 5.

118 1377 126 1386 ·
144 1374 177 1396 Cf.
194 1378 235 1396 art.
251 1381 266 1396 1.

357 216 433 240 220

355 282 549 331 quandam
582 281 874 319 redundantiam
909 294 931 318 a
959 281 1141 330 superiori
1175 281 1342 330 appetitu
1376 281 1414 317 in

355 335 581 371 inferiorem.
600 356 623 362 -
638 334 781 382 Tertio,
802 334 891 383 quia
912 334 1178 371 delectationes
1200 334 1413 382 corporales

356 394 583 436 appetuntur
610 394 651 424 ut
680 387 887 424 medicinae
916 386 1106 435 quaedam
1127 393 1256 422 contra
1281 397 1415 433 corpo-

356 441 451 477 rales
480 440 648 477 defectus
676 441 737 477 vel
766 440 976 485 molestias,
1009 451 1053 475 ex
1082 438 1219 486 quibus
1248 437 1413 474 tristitiae

356 492 549 540 quaedam
570 500 864 540 consequuntur.
894 492 1003 528 Unde
1033 490 1299 526 delectationes
1333 502 1414 526 cor-

355 546 516 594 porales,
537 545 686 581 tristitiis
705 543 924 581 huiusmodi
949 542 1271 591 supervenientes,
1294 541 1414 589 magis

356 598 576 644 sentiuntur,
598 605 633 633 et
651 609 719 645 per
747 608 984 644 consequens
1013 595 1132 641 magis
1158 601 1412 642 acceptantur,

356 663 473 698 quam
498 650 764 687 delectationes
793 649 1011 697 spirituales,
1032 659 1131 694 quae
1160 659 1239 683 non
1272 647 1415 683 habent

355 703 517 740 tristitias
551 702 775 748 contrarias,
805 708 845 736 ut
872 700 967 736 infra
989 699 1009 721 ⁵³⁶
1038 699 1192 736 dicetur.

409 757 467 792 AD
486 767 622 792 PR1MUM
642 766 739 790 ERGO
760 765 942 790 DICENDUM
963 751 1068 799 quod
1096 752 1182 789 ideo
1212 752 1339 800 plures
1358 764 1414 788 se-

356 815 522 857 quuntur
541 807 806 844 delectationes
836 806 1071 853 corporales,
1102 805 1189 853 quia
1209 805 1311 841 bona
1331 817 1415 841 sen-

356 860 474 897 sibilia
495 867 580 896 sunt
608 858 726 905 magis
747 866 783 894 et
801 858 970 905 pluribus
995 864 1095 894 nota.
1117 858 1166 894 Et
1192 857 1305 893 etiam
1326 857 1414 905 quia

355 913 530 949 homines
567 911 735 958 indigent
776 910 1087 947 delectationibus
1133 917 1174 946 ut
1215 909 1412 946 medicinis

356 973 485 1001 contra
521 963 745 1011 multiplices
780 962 930 999 dolores
966 970 1002 999 et
1039 962 1220 1000 tristitias:
1257 970 1292 999 et
1326 975 1422 999 cum'

407 1079 433 1112 γ)
454 1082 494 1104 est
512 1078 608 1109 ipsa.—
627 1078 684 1109 ipsa
703 1081 742 1102 est
760 1077 924 1107 ABCDGHI;
944 1078 1087 1103 secundum
1107 1080 1249 1102 mentem..

1018 203 1283 250 QUAESTIO
1314 205 1455 250 xxm,

1256 1094 1262 1100 .
1281 1080 1344 1101 sunt
1361 1083 1415 1100 om.
1434 1076 1464 1100 L.

1484 204 1779 240 ARTICULUS
1807 204 1857 239 VI

1468 282 1593 329 plures
1622 281 1822 318 hominum
1852 293 1929 318 non
1961 282 2107 330 possint
2135 282 2315 330 attingere
2348 281 2397 319 ad
2426 281 2527 318 dele-

1469 333 1650 370 ctationes
1683 333 1911 382 spirituales,
1941 346 2038 383 quae
2067 343 2154 372 sunt
2180 335 2356 384 propriae
2384 334 2526 372 virtuo-

1468 397 1612 432 sorum,
1643 398 1880 434 consequens
1909 394 1965 424 est
1992 388 2097 436 quod
2117 387 2303 424 declinent
2323 387 2372 424 ad
2393 398 2526 435 corpo-

1468 438 1575 474 rales.

1520 492 1579 526 An
1607 501 1797 527 SECUNDUM
1825 501 2007 528 metianum
2035 492 2141 540 quod
2161 491 2424 529 transmutatio
2443 502 2526 527 cor-

1468 541 1570 589 por1s
1599 542 1718 589 magis
1748 542 1926 590 contingit
1954 543 1999 580 e'x
2019 544 2329 581 delectationibus
2349 555 2527 591 corpora-

1468 594 1577 639 libus,
1595 594 1819 642 inquantum
1834 603 1920 632 sunt
1934 595 2129 644 passiones
2145 596 2331 645 appetitus
2347 595 2524 632 sensitivi.

1520 648 1579 684 AD
1607 658 1766 684 TERTmM
1794 659 1976 685 D1CENDUM
2014 649 2119 697 quod
2147 649 2414 686 delectationes
2443 660 2526 684 cor-

1468 700 1618 747 porales
1646 707 1732 736 sunt
1760 701 1971 738 secundum
1999 709 2146 749 partem
2175 702 2407 748 sensitivam,
2427 712 2525 749 quae

1468 753 1658 799 regulatur
1686 751 1851 788 ratione:
1883 759 1918 788 et
1945 752 2032 789 ideo
2069 754 2235 801 indigent
2262 753 2463 802 temperari
2492 760 2527 789 et

1467 804 1671 841 refraenari
1698 817 1767 853 per
1795 804 1993 842 rationem.
2020 805 2097 842 Sed
2125 806 2393 843 delectationes
2420 805 2525 854 spiri-

1467 858 1586 894 tuales
1614 865 1701 894 sunt
1737 857 1948 894 secundum
1985 865 2172 904 mentem,
2203 871 2313 907 quae
2329 867 2384 895 est
2411 858 2492 906 ipsa
2510 862 2526 885 Υ

1469 911 1616 969 regula:
1650 910 1753 947 unde
1782 917 1869 947 sunt
1896 910 2107 947 secundum
2136 910 2278 959 seipsas
2305 911 2453 948 sobriae
2492 917 2528 947 et

1469 956 1700 999 mode'ratae.

1033 1156 1362 1189 Commentaria
1386 1154 1634 1187 Gar-dinalis
1657 1153 1855 1188 Caietam

384 1245 405 1266 N
428 1235 560 1266 articulo
587 1235 700 1275 quinto
723 1241 799 1265 nota
820 1234 874 1264 illa
896 1235 1004 1264 verba:
1032 1234 1115 1264 unde
1143 1238 1173 1263 et
1194 1233 1417 1263 delectationes

357 1248 548 1311 Isensibiles
570 1289 632 1310 non
648 1284 723 1309 sunt
739 1284 823 1309 totae
837 1278 944 1309 Simul.
961 1278 1008 1308 Ex
1030 1277 1092 1308 hoc
1111 1277 1196 1307 enim
1211 1283 1297 1316 patet
1316 1277 1414 1317 quod,

355 1334 429 1355 cum
452 1324 491 1354 de
514 1324 633 1354 ratione
653 1322 866 1353 delectationis
882 1322 994 1352 dicitur
1017 1322 1105 1362 quod
1120 1327 1166 1351 est
1189 1327 1256 1352 tota
1279 1320 1414 1357 simu1*,

354 1361 537 1408 intelligitur
561 1368 598 1397 de
622 1378 658 1397 ea
681 1377 736 1406 per
759 1374 809 1396 se:
834 1366 906 1396 licet
928 1375 984 1406 per
1007 1364 1148 1396 accidens
1173 1364 1333 1404 contingat
1356 1375 1413 1404 op-

354 1412 506 1451 positum.
528 1411 720 1442 Coniunctio
745 1410 830 1440 enim
853 1409 885 1440 in
909 1420 972 1450 qua
992 1409 1156 1440 delectatio
1181 1409 1331 1445 consistit,
1349 1418 1414 1438 non

355 1463 400 1487 est
422 1455 595 1486 successiva
619 1455 678 1485 nisi
701 1454 821 1485 ratione
840 1461 947 1485 motus
972 1453 1127 1489 adiuncti,
1151 1460 1186 1484 ut
1208 1453 1259 1483 hic
1282 1452 1411 1483 dicitur.

1309 1540 1361 1547 vv«

1471 1239 1501 1263 et
1524 1242 1561 1262 ex
1583 1232 1645 1263 hoc
1666 1232 1736 1272 ipso
1761 1231 1864 1263 deficit
1882 1243 1900 1263 a
1923 1233 2115 1273 perfectione
2138 1232 2353 1264 delectationis
2376 1232 2429 1262 illa
2446 1242 2528 1273 quae

1469 1276 1531 1307 hoc
1554 1276 1695 1307 accidens
1718 1276 1812 1307 habet
1834 1287 2002 1314 annexum,
2026 1287 2064 1308 ex
2085 1287 2151 1318 quo
2174 1287 2241 1308 non
2264 1283 2311 1308 est
2332 1283 2399 1308 tota
2422 1276 2527 1309 simul.

1469 1320 1642 1351 Delectatio
1671 1321 1767 1361 igitur
1797 1321 1974 1352 secundum
2002 1331 2036 1351 se
2059 1328 2105 1352 est
2133 1327 2199 1351 tota
2222 1320 2331 1357 simul,
2359 1327 2389 1352 et
2410 1321 2528 1361 absque

1468 1371 1621 1405 tempore,
1642 1371 1677 1395 ut
1699 1364 1732 1394 in
1756 1364 1886 1395 articulo
1911 1365 2050 1395 secundo
2081 1365 2259 1395 discussum
2282 1370 2345 1395 est:
2370 1374 2426 1404 per
2448 1364 2526 1396 acci-

1469 1408 1545 1438 dens
1569 1415 1675 1439 autern
1699 1408 1805 1449 aliqua
1828 1415 1874 1439 est
1898 1418 1963 1439 non
1985 1415 2052 1439 tota
2076 1409 2180 1445 simul,
2201 1415 2231 1439 et
2254 1408 2286 1438 in
2309 1414 2463 1448 tempore.

1168 1604 1483 1646 ARTICULUS
1513 1603 1720 1645 SEXTUS

693 1708 849 1739 UTRUM
871 1706 1232 1738 DELECTATIONES
1255 1705 1428 1736 TACTUS
1452 1705 1548 1735 SINT
1571 1704 1760 1735 MAIORES
1783 1704 2202 1736 DELECTATIONIBUS.

1019 1751 1137 1788 QUAE
1161 1750 1273 1780 SUNT
1297 1749 1533 1781 SECUNDUM
1556 1749 1681 1780 ALIOS
1705 1748 1860 1779 SENSUS

616 1832 618 1834 ’
673 1838 703 1862 11·
724 1838 775 1868 11⁰,
794 1845 838 1869 qu.
858 1844 923 1867 cxm,
943 1841 989 1860 art.
1007 1843 1038 1867 4;
1058 1836 1091 1860 IV
1111 1835 1192 1865 Sent.¹
1213 1836 1271 1860 dist.
1289 1842 1358 1863 xmx.
1378 1842 1423 1867 qu.
1441 1842 1478 1864 ιιι,
1497 1839 1543 1859 art.
1564 1834 1591 1866 5,
1611 1835 1658 1866 qu·
1680 1841 1708 1864 23
1729 1834 1770 1859 De
1787 1834 1870 1863 Malo,
1891 1842 1936 1867 qu.
1953 1842 2003 1866 xxv,
2022 1839 2068 1859 art.
2087 1842 2113 1866 4,
2133 1835 2165 1859 ad
2187 1842 2207 1859 1.

381 1940 455 1990 );
440 1937 588 2020 ‘'t.12·<D
616 1936 757 1961 suxi-um
786 1934 838 1960 Stc
866 1934 1104 1959 PRocumTUR.
1132 1922 1290 1959 Videtur
1309 1922 1414 1971 quod

386 1957 548 2039 νζ,
567 1976 834 2028 delectationes
866 1988 966 2024 quae
999 1982 1085 2012 sunt
1117 1975 1328 2012 secundum
1362 1982 1415 2011 ta-

404 2030 416 2042 ’“
466 2061 471 2065 ,
508 2020 682 2077 s',ctum
713 2042 791 2066 non
820 2029 891 2065 sint
918 2028 1082 2065 maiores
1103 2028 1414 2065 delectationibus

425 2076 502 2124 --Jf
543 2094 664 2131 quae
693 2090 780 2119 sunt
807 2082 1019 2118 secundum
1049 2081 1141 2118 alios
1170 2093 1314 2117 sensus.
1351 2081 1415 2116 Illa

356 2135 458 2171 enim
474 2135 671 2172 delectatio
686 2135 838 2172 videtur
853 2147 934 2171 esse
955 2134 1133 2181 maxima,
1156 2146 1231 2182 qua
1252 2134 1413 2180 exclusa,

306 2212 308 2214 -
355 2199 470 2224 omne
485 2188 666 2235 gaudium
681 2195 813 2224 cessat.
836 2187 911 2224 Sed
931 2188 1012 2223 talis
1029 2194 1084 2223 est
1102 2186 1298 2224 delectatio
1316 2198 1414 2234 quae

118 2254 127 2263 “
142 2252 208 2274 Vers.
225 2259 253 2275 12.

119 2573 128 2581 ·
150 2571 226 2593 Ethic.
248 2571 287 2592 lib.
309 2571 327 2596 1,

118 2604 168 2646 cap..
185 2603 235 2622 νιιι,
255 2603 277 2619 ιι.
293 2603 327 2623 ¹03

166 2624 188 2645 h.
199 2625 218 2644 le
221 2627 250 2645 ct.
264 2629 310 2644 ιι.ιιι

118 2650 154 2672 Cf.
166 2649 328 2671 Rhetoric.1i.h

117 2676 136 2702 1
152 2682 203 2706 cap.
217 2683 251 2702 xi,
267 2682 290 2697 ιι
304 2682 328 2697 ιι.

117 2703 183 2724 ”“ιΑι
186 2706 239 2724 so.tt
255 2702 330 2724 Meta-

116 2729 193 2756 phys„
200 2729 265 2753 lib.1

119 2761 234 2779 ι,ιιιιιιιι.
241 2734 330 2776 -Sc'ffn

122 2782 204 2803 lect.1.

354 2247 412 2277 est
440 2241 652 2277 secundum
686 2241 834 2277 visum:
866 2239 999 2276 dicitur
1031 2239 1133 2276 enim
1166 2239 1304 2275 Tobiae
1331 2238 1413 2275 v*:

358 2293 480 2334 Quale
505 2294 688 2342 gaudium
718 2293 788 2329 erit
814 2292 921 2338 mihi,
952 2293 1017 2340 qui
1043 2292 1079 2328 in
1110 2292 1268 2328 tenebris
1294 2291 1415 2337 sedeo,

354 2352 394 2382 et
417 2346 543 2382 lumen
572 2346 669 2382 caeli
694 2357 768 2382 non
796 2344 934 2382 video?
963 2345 1064 2392 Ergo
1089 2343 1287 2382 delectatio
1318 2356 1415 2392 quae

356 2406 414 2435 est
440 2410 508 2446 per
533 2398 672 2446 visum,
703 2406 758 2435 est
786 2398 952 2434 maxima
980 2397 1076 2434 inter
1095 2397 1288 2434 sensibiles
1317 2397 1416 2434 dele-

359 2451 552 2488 ctationes.

412 2516 447 2540 2.
464 2505 696 2549 PRAETEREA‚
714 2514 912 2551 umcuzque
919 2504 972 2550 fit
989 2502 1200 2539 delectabile
1214 2502 1306 2538 illud
1319 2502 1420 2550 quod

357 2562 476 2603 amat,
505 2564 546 2593 ut
572 2556 828 2604 Philosophus
858 2555 956 2602 dicit,
978 2555 1015 2592 in
1045 2556 1058 2591 I
1083 2555 1271 2592 Rhetoric.
1292 2554 1312 2577 ’¹‘
1342 2555 1417 2591 Sed

358 2610 454 2646 inter
480 2609 574 2645 alios
596 2621 724 2645 sensus
743 2609 911 2645 maxime
938 2608 1108 2657 diligitur
1133 2607 1234 2644 visus
1252 2607 1284 2644 ²¹⁸.
1315 2608 1416 2654 Ergo

359 2661 555 2699 delectatio
577 2674 676 2709 quae
695 2669 750 2698 est
769 2661 981 2698 secundum
1001 2661 1140 2707 visum,
1162 2667 1218 2696 est
1236 2660 1416 2696 maxima.

415 2716 448 2751 3.
470 2716 703 2761 PRAETER-m,
724 2714 950 2762 principium
976 2713 1163 2750 amicitiae
1190 2713 1419 2749 delectabilis

358 2767 523 2804 maxime
556 2775 612 2803 est
638 2767 747 2804 visio.
779 2767 855 2803 Sed
890 2778 1003 2803 causa
1034 2765 1116 2802 talis
1150 2765 1335 2802 amicitiae
1365 2773 1420 2802 est

360 2820 571 2858 delectatio.
607 2821 709 2867 Ergo
747 2820 957 2856 secundum
989 2819 1115 2855 visum
1149 2818 1298 2855 videtur
1337 2831 1419 2855 esse

358 2873 522 2910 maxime
553 2872 762 2909 delectatio.

414 2927 488 2963 SED
517 2937 663 2962 CONTRA
686 2937 752 2962 EST
780 2924 883 2973 quod
904 2924 1159 2972 Philosophus
1182 2923 1281 2970 dicit,
1305 2923 1344 2960 in
1370 2924 1418 2959 111

216 2993 231 3007 x
255 2992 269 3007 n
288 2992 332 3014 9·-
359 2979 478 3015 Ethic.
497 2978 528 3025 *,
550 2979 655 3026 quod
683 2977 872 3014 maximae
893 2977 1161 3014 delectationes
1182 2985 1269 3014 sunt
1288 2989 1420 3013 secun-

122 2987 205 3036 'scfp-
222 3002 278 3034 litet:
294 3019 332 3033 xx.

121 3096 333 3123 Qu.x,xvart.2,

123 3122 332 3150 ad1;qu.xxvn‚

122 3152 164 3170 art.
179 3155 202 3176 4,
217 3148 276 3170 adi.

122 3247 277 3269 ·Lib.1ca

362 3032 454 3068 dum
483 3038 637 3067 tactum.

415 3085 638 3120 RESPONDEO
668 3094 851 3120 DICENDUM
879 3083 995 3131 quod,
1021 3082 1117 3119 sicut
1143 3082 1219 3119 iam
1237 3082 1259 3104 ‘¹‘
1278 3082 1420 3119 dictum

363 3143 428 3183 est,
457 3137 774 3184 unumquodque,
804 3135 1030 3183 inquantum
1059 3143 1225 3182 amatur,
1264 3135 1423 3172 efficitur

362 3189 595 3227 delectabile.
626 3189 768 3225 Sensus
797 3196 936 3235 autem,
957 3196 999 3225 ut
1027 3188 1161 3225 dicitur
1179 3188 1217 3224 in
1236 3188 1421 3236 principio

124 3280 147 3295 n
159 3280 174 3295 ¹
182 3274 226 3296 8
229 3263 274 3295 ‘rh
279 3254 334 3296 ςπῐῑῖ
361 3243 577 3290 Metaphys.
597 3241 629 3288 ²¹⁸,
650 3248 804 3289 propter
824 3241 899 3277 duo
930 3241 1146 3289 diliguntur:
1176 3241 1317 3277 scilicet
1335 3253 1423 3289 pro-

361 3303 445 3344 pter
474 3294 743 3342 cognitionem,
772 3300 808 3329 et
836 3301 990 3341 propter
1017 3294 1225 3330 utilitatem.
1247 3293 1358 3331 Unde
1389 3300 1424 3329 et

361 3355 524 3396 utroque
539 3347 658 3383 modo
680 3345 859 3393 contingit
879 3359 960 3382 esse
981 3346 1270 3383 delectationem
1290 3358 1423 3383 secun—

365 3400 456 3437 dum
484 3411 653 3436 sensum.
684 3399 761 3436 Sed
788 3399 877 3447 quia
905 3400 1192 3448 apprehendere
1217 3400 1341 3448 ipsam
1361 3411 1423 3435 co-

1469 1921 1676 1969 gnitionem
1705 1929 1886 1970 tanquam
1914 1922 2062 1959 bonum
2091 1922 2298 1971 quoddam,
2331 1919 2528 1972 proprium

1471 1982 1526 2011 est
1552 1974 1737 2020 hominis;
1768 1974 1854 2011 ideo
1874 1975 2020 2023 primae
2047 1975 2313 2012 delectationes
2333 1987 2527 2023 sensuum,

1469 2039 1568 2075 quae
1602 2027 1741 2063 scilicet
1773 2033 1859 2063 sunt
1891 2028 2102 2064 secundum
2137 2027 2414 2075 cognitionem,
2444 2034 2531 2065 sunt

1468 2079 1646 2139 propriae
1665 2079 1883 2116 hominum:
1910 2080 2176 2117 delectationes
2200 2084 2328 2118 autem
2348 2091 2529 2117 sensuum

1470 2133 1694 2181 inquantum
1715 2131 1916 2180 diliguntur
1933 2140 2089 2181 propter
2101 2132 2309 2180 utilitatem,
2326 2140 2412 2170 sunt
2426 2145 2530 2170 corn-

1470 2197 1606 2222 munes
1635 2185 1813 2222 omnibus
1847 2185 2084 2222 animalibus.

1525 2238 1564 2274 Si
1584 2238 1693 2285 igitur
1711 2239 1915 2286 loquamur
1943 2238 1989 2275 de
2011 2238 2258 2275 delectatione
2278 2250 2410 2275 sensus
2431 2249 2528 2288 quae

1472 2298 1527 2327 est
1559 2290 1704 2327 ratione
1739 2290 1973 2338 cognitionis,
1993 2291 2237 2327 manifestum
2267 2298 2323 2327 est
2343 2290 2448 2338 quod
2472 2302 2528 2327 se-

1473 2343 1641 2379 cundum
1659 2343 1785 2380 visum
1807 2351 1862 2380 est
1880 2342 2004 2379 maior
2031 2343 2227 2380 delectatio
2256 2355 2372 2392 quam
2395 2354 2528 2380 secun-

1473 2395 1565 2432 dum
1586 2396 1750 2444 aliquem
1770 2395 1885 2432 aliurn
1904 2407 2069 2432 sensum.
2082 2417 2106 2423 -
2118 2395 2156 2432 Si
2176 2403 2304 2432 autern
2327 2396 2530 2444 loquamur

1473 2448 1520 2485 de
1549 2448 1796 2485 delectatione
1825 2460 1958 2485 sensus
1981 2460 2080 2496 quae
2097 2455 2151 2484 est
2179 2448 2324 2485 ratione
2351 2448 2528 2497 utilitatis,

1473 2501 1525 2537 sic
1544 2501 1711 2538 maxima
1731 2500 1927 2538 delectatio
1949 2507 2004 2537 est
2023 2500 2233 2538 secundum
2254 2508 2407 2538 tactum.
2427 2500 2530 2538 Utili-

1470 2561 1527 2590 tas
1543 2553 1645 2590 enim
1661 2553 1894 2601 sensibilium
1909 2553 2109 2590 attenditur
2124 2553 2335 2590 secundum
2355 2553 2530 2591 ordinem

1473 2607 1522 2643 ad
1559 2606 1887 2646 conservationem
1925 2613 2082 2643 naturae
2118 2605 2302 2642 animalis.
2335 2605 2398 2642 Ad
2433 2606 2533 2642 hanc

1473 2666 1600 2696 autem
1621 2659 1814 2695 utilitatem
1833 2657 2083 2707 propinquius
2111 2670 2152 2694 se
2175 2658 2317 2695 habent
2344 2657 2533 2696 sensibilia

1473 2719 1612 2748 tactus:
1643 2719 1699 2748 est
1727 2712 1829 2748 enim
1857 2719 1977 2748 tactus
2015 2710 2294 2759 cognoscitivus
2323 2723 2457 2748 eorum
2486 2722 2532 2748 ex

1473 2765 1611 2812 quibus
1640 2764 1808 2801 consistit
1826 2764 1983 2811 animal,
2013 2764 2152 2800 scilicet
2171 2763 2279 2800 calidi
2308 2771 2344 2800 et
2362 2763 2482 2811 frigidi
2501 2769 2531 2812 ²,

1475 2824 1511 2854 et
1529 2817 1762 2854 huiusmodi.
1790 2816 1903 2854 Unde
1926 2817 2138 2854 secundum
2156 2817 2242 2864 hoc,
2265 2816 2532 2854 delectationes

1474 2882 1574 2918 quae
1602 2877 1689 2906 sunt
1715 2870 1927 2907 secundum
1945 2877 2100 2917 tactum,
2125 2876 2211 2906 sunt
2229 2869 2404 2917 maiores,
2426 2869 2534 2920 quasi

1475 2923 1541 2960 fini
1560 2922 1863 2972 propinquiores.
1885 2923 1934 2959 Et
1951 2929 2106 2972 propter
2124 2922 2198 2959 hoc
2222 2922 2347 2970 etiarn,
2365 2922 2436 2959 alia
2455 2922 2534 2959 ani-

1475 2976 1601 3023 malia,
1628 2988 1727 3024 quae
1755 2988 1833 3012 non
1852 2975 1995 3012 habent
2013 2974 2302 3012 delectationem
2322 2976 2533 3012 secundum

1476 3040 1630 3065 sensum
1659 3028 1729 3065 nisi
1757 3028 1901 3065 ratione
1929 3028 2106 3075 utilitatis,
2126 3040 2205 3064 non
2229 3028 2460 3065 delectantur
2479 3039 2535 3065 se-

1477 3083 1645 3119 cundum
1666 3082 1759 3118 alios
1787 3093 1931 3141 sensus,
1962 3081 2031 3118 nisi
2059 3081 2097 3117 in
2126 3080 2259 3117 ordine
2278 3081 2327 3118 ad
2346 3080 2535 3119 sensibilia

1475 3142 1616 3171 tactus:
1646 3146 1765 3183 neque
1791 3134 1890 3171 enim
1918 3133 2094 3171 odoribus
2113 3132 2281 3182 leporum
2310 3146 2421 3171 canes
2437 3145 2533 3184 gau-

1476 3188 1572 3233 dent,
1601 3187 1667 3224 sed
1692 3187 1896 3231 cibatione,·
1924 3198 2042 3235 neque
2070 3186 2125 3223 leo
2149 3197 2240 3223 voce
2249 3183 2373 3233 bovis,
2392 3186 2459 3223 sed
2473 3197 2534 3222 co-

1477 3241 1674 3286 mestione,
1702 3247 1745 3276 ut
1773 3239 1906 3276 dicitur
1934 3239 1971 3276 in
2000 3240 2049 3276 III
2078 3239 2197 3276 Ethic.
2214 3239 2234 3260 '¹‘

1531 3293 1631 3330 Cum
1661 3292 1769 3341 igitur
1788 3291 1983 3329 delectatio
2003 3299 2123 3328 tactus
2142 3292 2187 3328 sit
2205 3291 2370 3331 maxima
2389 3290 2533 3328 ratione

1476 3346 1651 3392 utilitatis,
1682 3345 1878 3382 delectatio
1907 3353 2034 3382 autem
2054 3345 2158 3382 visus
2183 3345 2326 3382 ratione
2354 3342 2533 3391 cognitio—

1478 3398 1551 3445 nis;
1581 3399 1611 3435 si
1639 3398 1723 3446 quis
1741 3406 1942 3446 utramque
1962 3396 1977 3427 β
1997 3409 2219 3446 comparare
2246 3396 2348 3444 velit,
2366 3396 2534 3434 inveniet

418 3508 444 3541 α)
459 3509 567 3541 frigidi.
585 3522 604 3527 —
622 3512 647 3532 et
666 3508 768 3533 humidi
786 3511 812 3533 et
830 3507 892 3533 sicci
911 3508 1006 3532 addunt
1025 3508 1071 3532 Pa.
1448 3503 1451 3540 Ι

1531 3507 1556 3541 β)
1577 3511 1725 3539 utramque.
1743 3521 1763 3526 —
1781 3506 1842 3531 Om.
1861 3507 1890 3537 E,
1910 3509 2051 3539 utrumque
2070 3506 2154 3531 ceteri.

2559 3249 2642 3298 §.effi

2665 3282 2677 3298 e

2673 3255 2772 3278 ¹¹·7·-

2678 3279 2770 3299 οῐμιιι
