2852 4152
80 426 291 456 'Wdemt

81 452 120 474 Cai
115 455 225 509 mffgt
249 455 293 498 art.

81 485 147 506 praee
188 483 271 499 tracac

80 511 106 526 ce
107 511 127 525 m
141 494 198 525 noni
211 506 258 526 art.

74 1920 81 1927 ·
89 1916 284 1938 VideComment

75 1943 147 1965 Caiet.
169 1946 222 1970 post
241 1946 283 1964 art.

74 1976 121 1997 seq.

75 2335 83 2343 ·
100 2334 147 2360 Qu.
158 2338 199 2358 vn,
215 2336 257 2354 art.
268 2339 284 2354 ι.

78 3178 89 3187 ⁸
104 3179 154 3198 Art.
170 3183 189 3205 5.

328 232 397 268 138
993 232 1258 278 QUAESTIO
1288 233 1428 279 XVIII,
1457 232 1751 269 ARTICULUS
1779 233 1815 267 X

320 309 528 355 humanus3
550 322 637 346 cum
657 310 732 346 hoc
749 310 888 347 habeat
908 317 1012 347 actus
1034 322 1055 347 a
1075 310 1231 347 ratione
1259 311 1307 346 Et
1326 310 1379 346 sic
1433 310 1680 358 supervenire
1717 309 1864 347 homini
1901 310 2053 348 aliunde
2094 311 2211 359 quam
2247 323 2269 347 a
2301 309 2494 359 principiis

321 361 388 398 erit
402 361 629 414 indifferens,
639 362 746 411 quasi
762 370 865 399 extra
874 375 993 410 genus
1008 363 1212 425 moralium
1223 369 1376 411 actuum
1433 362 1585 410 speciei.

321 414 484 451 existens
509 415 540 452 ³¹².
1485 416 1543 451 AD
1569 426 1758 451 SECUNDUM
1784 425 1967 451 DICENDUM
1991 414 2097 464 quod
2120 415 2374 464 Philosophus
2407 414 2494 452 dicit

371 469 429 504 AD
449 479 586 505 pthJM
605 480 702 506 ERGO
722 479 905 504 DIGENDUM
926 465 1031 514 quod
1057 466 1224 513 aliquem
1250 473 1377 504 actum
1431 465 1536 502 illum
1566 478 1649 502 esse
1677 466 1822 502 malum
1850 466 2018 515 proprie,
2048 467 2111 515 qui
2141 476 2197 505 est
2224 467 2302 505 aliis
2329 467 2493 505 homini-

319 531 401 557 esse
416 520 692 564 indifferentem
708 520 919 557 secundum
935 531 1043 555 suam
1059 518 1239 566 speciem,
1254 525 1379 566 potest
1432 518 1503 554 bus
1537 518 1708 555 nocivus.
1738 519 1787 555 Et
1820 519 2032 556 secundum
2063 521 2151 568 hoc,
2171 521 2259 558 dicit
2289 520 2492 569 prodigum

319 585 401 610 esse
435 573 697 622 multipliciter.
728 573 815 610 Uno
848 571 985 616 mod0,
1015 570 1068 606 sic
1097 571 1210 618 quod·
1236 582 1280 606 ex
1309 582 1377 606 sua
1432 581 1510 606 non
1539 581 1621 606 esse
1650 571 1806 617 malum,
1827 571 1916 619 quia
1943 572 2036 609 nulli
2054 573 2157 610 alteri
2185 581 2298 610 nocet
2324 573 2395 610 nisi
2423 572 2493 609 sibi

317 626 442 675 specie
462 626 645 663 debeatur
661 626 693 662 ei
713 625 815 674 quod
836 624 882 660 sit
900 622 1129 659 indifferens.
1148 623 1197 659 Et
1215 622 1268 659 sic
1291 634 1378 672 pro·
1431 622 1501 670 ipsi
1520 621 1543 658 ζ.
1565 623 1614 658 Et
1642 622 1810 660 similiter
1837 624 1883 661 de
1912 625 2090 663 omnibus
2110 625 2189 662 aliis
2215 626 2280 674 qui
2305 637 2385 663 non
2406 632 2493 662 sunt

318 678 417 715 cedit
440 678 544 716 ratio.
563 679 640 715 Sed
659 686 784 715 tamen
804 677 874 712 isto
896 675 1013 712 modo
1033 680 1046 696 ⁸
1065 675 1188 712 nullus
1208 682 1312 712 actus
1334 688 1378 712 ex
1431 674 1613 724 proximis
1639 674 1777 713 nocivi.
1798 676 1882 713 Nos
1907 684 2035 715 autem
2059 677 2122 715 hic
2153 678 2314 716 dicimus
2348 678 2492 715 malum

317 744 386 768 sua
414 731 538 780 specie
558 739 613 768 est
636 728 873 767 indifferens:
903 740 982 764 non
1012 727 1113 765 enim
1143 735 1198 765 est
1225 727 1378 776 aliquod
1432 726 1686 764 communiter
1713 740 1830 765 omne
1857 730 1963 778 quod
1991 727 2046 767 est·
2073 730 2208 768 rationi
2233 739 2356 768 rectae
2381 743 2492 779 repu-

318 784 511 821 obiectum
535 783 691 820 humani
711 789 826 827 actuS‚
844 781 946 829 quod
975 793 1054 817 non
1076 781 1195 829 possit
1214 781 1379 818 ordinari
1431 793 1562 829 gnans.
1583 782 1632 817 Et
1650 780 1863 817 secundum
1881 782 1969 828 hoc,
1985 782 2110 820 omnis
2127 783 2368 822 individualis
2387 791 2493 821 aetus

316 837 378 873 vel
400 837 448 874 ad
477 837 623 873 bonum
642 836 703 872 vel
731 834 780 871 ad
809 834 965 879 malum,
985 845 1055 882 per
1081 834 1200 871 finem
1219 835 1281 870 vel
1311 834 1379 870 cir-
1432 842 1488 871 est
1515 834 1640 870 bonus
1667 834 1730 871 vel
1757 834 1891 879 malus,
1919 841 1962 870 ut
1989 834 2130 872 dictum
2160 844 2214 873 est
2231 836 2263 874 *.

317 889 594 926 cumstantiam.
611 887 734 923 -Alio
761 886 879 923 modo
904 894 1030 935 potest
1058 886 1130 923 dici
1157 886 1378 925 indifferens
1484 888 1543 923 An
1562 898 1722 924 TERTmM
1741 898 1925 923 DICENDUM
1941 887 2186 934 quod‘omnis
2204 889 2291 926 finis
2310 901 2332 926 a
2347 888 2492 926 ratione

317 954 362 978 ex
400 954 467 978 sua
502 941 647 989 specie,
684 939 773 988 quia
807 951 886 976 non
922 939 1037 976 habet
1071 951 1116 976 ex
1150 952 1218 976 sua
1251 939 1376 988 specie
1432 939 1900 987 deliberativanintentus,
1920 939 2082 989 pertinet
2100 940 2150 979 ad
2168 941 2314 981 bonum
2338 941 2492 980 alicuius

316 995 420 1042 quod
445 994 490 1030 sit
510 995 633 1030 bonus
654 993 716 1030 vel
737 993 872 1029 malus.
894 988 1007 1029 Unde
1027 1004 1097 1040 per
1115 992 1256 1041 aliquid
1276 992 1376 1030 aliud
1430 992 1596 1039 virtutis,
1625 993 1688 1030 vel
1722 992 1771 1029 ad
1799 993 1946 1029 malum
1981 991 2137 1029 alicuius
2163 993 2252 1031 vitii.
2281 994 2384 1031 Nam
2418 994 2493 1031 hoc

315 1054 440 1095 potest
466 1046 548 1082 fieri
584 1047 709 1082 bonus
743 1046 804 1082 vel
839 1046 973 1082 malus.
1010 1045 1116 1082 Sicut
1149 1046 1268 1082 homo
1299 1057 1377 1082 non
1431 1045 1557 1092 ipsum
1584 1045 1688 1093 quod
1716 1045 1850 1094 aliquis
1878 1044 1951 1093 agit
1980 1045 2152 1082 ordinate
2179 1046 2493 1084 adssustentatio-

314 1099 429 1135 habet
464 1110 508 1135 ex
541 1111 609 1135 sua
643 1098 769 1146 specie
802 1098 907 1146 quod
940 1098 986 1135 sit
1019 1099 1127 1134 albus
1158 1099 1220 1135 vel
1253 1098 1375 1145 niger,
1431 1109 1521 1133 nem
1547 1097 1801 1146 velquietem
1828 1098 1884 1134 sui
1910 1097 2091 1146 corporis,
2113 1099 2162 1136 ad
2185 1097 2331 1136 bonum
2347 1099 2493 1136 virtutis

315 1163 385 1188 nec
416 1159 545 1188 tamen
579 1151 695 1188 habet
731 1163 776 1187 ex
814 1163 882 1187 sua
917 1150 1042 1200 specie
1078 1151 1183 1198 quod
1216 1162 1294 1186 non
1332 1150 1378 1187 sit
1432 1150 1628 1187 ordinatur
1661 1150 1699 1186 in
1732 1162 1779 1186 eo
1814 1150 1879 1200 qui
1907 1148 1920 1171 θ
1950 1162 2088 1200 corpus
2117 1163 2229 1188 suum
2265 1151 2415 1197 'ordinat
2444 1151 2494 1189 ad

314 1201 425 1242 albus
449 1200 513 1241 aut
537 1204 660 1252 niger:
691 1211 814 1254 potest
841 1203 942 1240 enim
963 1203 1100 1240 albedo
1128 1203 1190 1240 vel
1218 1203 1375 1250 nigredo
1431 1203 1578 1240 bonum
1606 1202 1761 1240 virtutis.
1787 1202 1836 1240 Et
1862 1201 1964 1241 idern
1992 1204 2096 1252 patet
2122 1204 2161 1241 in
2188 1203 2279 1245 aliis.

367 1323 388 1367 ὲ)
410 1334 463 1359 Sed
482 1338 569 1359 tamen
590 1334 640 1358 isto
665 1334 752 1358 modo.
771 1347 789 1352 —
804 1333 858 1358 Sed
876 1336 963 1358 tamen
986 1332 1208 1365 ACDEFGIpBH,
1225 1332 1271 1357 Sic
1285 1336 1372 1358 tamen
1482 1333 1509 1365 η)
1529 1333 1712 1358 deliberativa.
1730 1347 1749 1352 -
1767 1333 1913 1358 deliberata
1932 1332 2136 1358 ABCDFGHIL.

314 1371 364 1400 sB;
383 1370 511 1395 debeatur
528 1370 588 1394 ei...
600 1376 648 1394 sua
667 1369 751 1400 specie
770 1376 824 1393 om.
838 1369 873 1397 L;
895 1369 930 1392 Et
948 1368 1025 1393 siem.
1045 1368 1198 1402 indifferens
1215 1375 1270 1392 om.
1289 1368 1320 1392 K.
1482 1367 1506 1400 θ)
1525 1369 1579 1401 qui.
1596 1382 1615 1387 —-
1632 1369 1704 1401 quod
1722 1369 1846 1401 AEFlsD.

366 1405 390 1437 ζ)
410 1405 460 1430 sibi
478 1405 535 1436 ipsi.
557 1419 575 1423 —
593 1405 643 1429 sibi
660 1404 887 1428 ABCDEFGHlL.

1100 1557 1416 1599 ARTICULUS
1448 1557 1697 1598 DECIMUS

681 1652 836 1683 UTRUM
861 1637 1024 1688 ALIQUA
1049 1649 1404 1681 ClRCUMSTANTIA
1429 1649 1709 1680 CONSTITUAT
1733 1649 1888 1680 ACTUM
1911 1649 2126 1680 MORALEM

1114 1695 1156 1724 IN
1180 1693 1326 1724 SPECIE
1349 1693 1450 1724 ΒΟΝΙ
1475 1694 1559 1724 VEL
1582 1693 1687 1724 MALI

737 1775 827 1806 Supra,
848 1759 894 1798 art.
915 1773 937 1802 5,
958 1760 989 1797 ad
1007 1780 1025 1804 4
1032 1781 1038 1803 ;
1059 1772 1129 1803 infra,
1151 1780 1194 1804 qu.
1214 1779 1298 1800 Lxxm,
1318 1777 1365 1797 art.
1379 1779 1410 1804 7;
1429 1757 1464 1797 lV
1483 1772 1564 1801 Sent„
1585 1772 1644 1796 dist.
1662 1780 1712 1801 xvi,
1731 1779 1776 1804 qu.
1795 1779 1831 1802 ιιι,
1851 1777 1897 1796 art.
1919 1779 1941 1802 2,
1961 1773 2007 1804 qu·
2026 1772 2054 1802 3;

1196 1808 1237 1832 De
1256 1807 1338 1836 ιΜαΙο,
1358 1815 1402 1839 qu.
1420 1814 1448 1837 11,
1467 1812 1514 1831 art.
1533 1806 1557 1838 6,
1578 1815 1602 1839 7.

432 1928 447 1945 ,,
443 1919 477 1976 3>
496 1916 501 1927 r
523 1909 545 1934 D
566 1909 727 1934 DECIMUM
747 1909 800 1933 su:
815 1894 1252 1933 PROCED1TUR*.Videtur
1267 1895 1372 1942 quod
1427 1907 1506 1931 non
1533 1894 1663 1943 possit.
1690 1895 1739 1931 Et
1765 1894 1854 1932 inde
1888 1901 1942 1931 est
1971 1894 2075 1943 quod
2102 1894 2140 1931 in
2169 1895 2281 1932 rebus
2314 1895 2489 1933 naturali·

443 1936 503 1996 -ξῗ,
525 1949 804 1986 circumstantia
824 1961 901 1985 non
921 1948 1040 1997 possit
1064 1949 1289 1985 constituere
1311 1947 1374 1984 ali·
1427 1948 1511 1994 bus,
1532 1947 1571 1984 id
1597 1947 1702 1998 quod
1727 1955 1784 1983 est
1802 1945 1816 1976 β
1835 1947 2010 1984 accidens
2037 1947 2148 1984 alicui
2175 1947 2241 1995 rei,
2261 1960 2341 1985 non
2367 1955 2493 1997 potest

484 2015 640 2052 ιςιιειιι
656 2002 824 2051 speciem
840 2001 931 2038 boni
946 2001 1013 2038 ‘vel
1033 2000 1122 2037 mali
1142 2008 1256 2037 actus.
1280 2001 1373 2048 Spe—
1428 1999 1547 2048 accipi
1561 2007 1603 2036 ut
1623 1988 1833 2036 differentia
1855 2000 2085 2037 constituens
2105 2000 2284 2049 speciem.
2307 2001 2384 2038 Sed
2402 2012 2492 2050 pro·-

444 2044 599 2092 &cies
634 2055 736 2091 enirn
777 2061 882 2091 actus
923 2061 976 2090 est
1010 2065 1054 2090 ex
1097 2053 1258 2090 obiecto.
1296 2053 1374 2090 Sed
1430 2065 1556 2089 cessus
1585 2052 1739 2088 rationis
1772 2064 1850 2088 non
1884 2060 1940 2089 est
1974 2052 2245 2090 determinatus
2273 2053 2322 2090 ad
2351 2053 2492 2102 aliquid

313 2108 614 2146 circumstantiae
636 2108 815 2144 differunt
834 2107 882 2143 ab
903 2107 1066 2144 obiecto.
1093 2107 1195 2154 Ergo
1217 2105 1374 2143 circum·
1427 2117 1572 2142 unum:
1602 2105 1670 2142 sed
1699 2104 1868 2154 quolibet
1896 2105 2002 2153 dato,
2025 2112 2151 2154 potest
2177 2105 2332 2142 ulterius
2359 2118 2492 2155 proce-

312 2162 468 2198 stantiae
497 2174 575 2198 non
605 2161 695 2198 dant
723 2160 889 2209 speciem
918 2167 1035 2196 actus.
1430 2158 1531 2196 dere.
1562 2158 1611 2194 Et
1639 2157 1724 2195 ideo
1754 2157 1860 2206 quod
1888 2157 1926 2195 in
1949 2170 2026 2195 uno
2055 2165 2143 2195 actu
2162 2158 2342 2208 accipitur
2364 2166 2406 2196 ut
2426 2158 2492 2196 cir-‘

367 2226 401 2251 2.
431 2216 668 2261 PRAETEREA‚
700 2213 999 2250 circumstantiae
1029 2218 1298 2260 comparantur
1326 2212 1375 2248 ad
1430 2210 1655 2248 cumstantia
1683 2210 1925 2259 superaddita
1954 2210 2103 2248 obiecto
2131 2211 2236 2270 quod
2268 2211 2493 2252 determinat

312 2274 438 2304 actum
467 2267 653 2303 moralem
682 2266 777 2303 sicut
806 2265 1014 2302 accidentia
1042 2265 1137 2311 eius,
1163 2272 1205 2300 ut
1232 2264 1374 2301 dictum
1430 2265 1598 2312 speciem
1627 2271 1743 2311 actus,
1772 2271 1897 2312 potest
1924 2263 2061 2300 iterum
2074 2264 2207 2312 accipi
2226 2276 2248 2301 a
2267 2264 2411 2306 ratione
2432 2277 2491 2302 or·

313 2328 369 2356 est
389 2318 420 2356 ⁵¹³.
446 2319 528 2369 Sed
556 2319 731 2356 accidens
755 2331 833 2356 non
855 2317 1044 2355 constituit
1063 2317 1242 2365 speciem.
1272 2318 1375 2364 Ergo
1431 2315 1583 2353 dinante
1620 2323 1661 2352 ut
1694 2316 1910 2365 principalis
1948 2316 2115 2353 conditio
2145 2316 2279 2353 obiecti
2315 2317 2490 2359 determi-

2519 836 2530 846 ⁸
2545 836 2568 857 ln
2586 841 2692 863 corpore.

2619 937 2633 959 η

313 2372 592 2409 circumstantia
608 2385 687 2408 non
707 2371 895 2408 constituit
913 2371 1080 2420 aliquam
1097 2369 1264 2418 speciem
1280 2370 1376 2407 boni
1430 2369 1554 2406 nantis
1575 2368 1744 2417 speciem
1767 2376 1885 2405 actus.
1912 2367 2017 2405 Sicut
2039 2369 2167 2406 tollere
2193 2368 2359 2414 alienum
2378 2370 2493 2407 habet
2543 2363 2545 2365 ¹
2598 2367 2601 2369 ’

313 2425 376 2463 vel
404 2425 504 2463 mali.
1430 2422 1598 2481 speciem
1628 2434 1672 2458 ex
1705 2421 1849 2458 ratione
1883 2421 2013 2468 alieni,
2044 2434 2089 2458 ex
2116 2422 2190 2458 hoc
2225 2420 2326 2458 enirn
2355 2420 2489 2460 consti—

369 2479 402 2515 3.
432 2478 665 2524 PRAETEREA‚
695 2477 824 2513 unius
837 2476 889 2512 rei
919 2487 998 2512 non
1026 2483 1112 2512 sunt
1136 2475 1263 2524 plures
1293 2487 1376 2524 spe·
1430 2475 1544 2511 tuitur
1566 2474 1603 2512 in
1627 2474 1752 2523 specie
1772 2474 1874 2511 furti:
1904 2481 1940 2511 et
1959 2474 1990 2511 si
2009 2474 2267 2512 consideretur
2285 2487 2399 2524 super
2417 2476 2492 2512 hoc

290 2531 400 2568 cies.
430 2530 552 2568 Unius
581 2528 709 2566 autem
739 2537 843 2571 actus
873 2535 959 2580 sunt
985 2529 1112 2578 plures
1134 2528 1376 2565 circumstan-
1431 2528 1524 2564 ratio
1553 2526 1627 2564 loci
1654 2527 1715 2564 vel
1744 2527 1939 2576 temporis,
1968 2539 2008 2564 se
2027 2526 2182 2564 habebit
2200 2527 2238 2564 in
2258 2528 2403 2565 ratione
2423 2527 2491 2565 cir-

312 2583 397 2620 tiae.
419 2584 521 2632 Ergo
543 2581 824 2620 circumstantia
842 2575 921 2618 non
942 2581 1131 2618 constituit
1151 2589 1278 2618 actum
1294 2593 1376 2618 mo·
1431 2580 1691 2617 cumstantiae.
1731 2580 1808 2616 Sed
1837 2580 1925 2628 quia
1954 2579 2048 2616 ratio
2087 2580 2200 2617 etiam
2235 2579 2282 2624 de
2314 2581 2401 2618 loco
2428 2582 2491 2618 vel

313 2634 458 2673 ralem
450 2649 487 2673 ιιι
507 2636 632 2684 aliqua
651 2634 776 2684 specie
805 2634 896 2671 boni
923 2633 986 2670 vel
1016 2634 1116 2670 mali.
1431 2633 1478 2670 de
1501 2640 1687 2682 tempore,
1709 2639 1744 2669 et
1772 2632 1851 2669 aliis
1869 2637 1886 2660 Υ
1905 2632 2136 2680 huiusmodi,
2157 2633 2332 2670 ordinare
2350 2631 2492 2682 potest3

368 2690 440 2725 SED
471 2690 628 2737 CONTRA
658 2689 764 2725 locus
789 2695 844 2724 est
864 2686 1143 2723 circumstantia
1172 2686 1374 2734 quaedam.
1432 2685 1612 2734 contingit
1640 2684 1899 2722 conditionem
1927 2684 2001 2722 loci
2030 2684 2128 2722 circa
2152 2685 2344 2723 obiectum
2373 2685 2493 2735 accipi

315 2742 391 2779 Sed
418 2743 524 2778 locus
554 2741 744 2778 constituit
772 2748 898 2777 actum
925 2740 1111 2776 moralem
1141 2739 1179 2776 in
1207 2739 1375 2789 quadam
1430 2746 1472 2776 ut
1506 2738 1734 2775 contrariam
1769 2737 1892 2775 ordini
1926 2737 2101 2783 rationis;
2130 2745 2221 2786 puta
2256 2739 2360 2788 quod
2397 2739 2505 2778 ratio,

314 2793 439 2845 specie
460 2794 567 2831 mali:
594 2794 706 2831 furari
728 2793 829 2830 enirn
850 2792 990 2840 aliquid
1018 2792 1064 2829 de
1085 2793 1170 2829 loco
1192 2804 1298 2828 sacro
1322 2799 1378 2828 est
1432 2791 1582 2828 ordinat
1609 2803 1687 2827 non
1717 2803 1799 2827 esse
1828 2790 2002 2828 iniuriam
2032 2790 2247 2828 faciendam
2263 2792 2349 2828 loco
2371 2804 2506 2832 sacre..

314 2847 563 2906 sacrilegium.
593 2847 695 2895 Ergo
726 2845 1006 2884 circumstantia
1032 2844 1221 2881 constituit
1248 2853 1376 2882 actum
1431 2843 1542 2882 Unde
1571 2844 1700 2880 tollere
1730 2843 1872 2892 aliquid
1892 2843 2057 2881 alienum
2078 2843 2125 2880 de
2145 2843 2230 2890 loco
2251 2856 2371 2892 sacro,
2392 2842 2506 2889 addit

315 2899 499 2936 moralem
528 2898 567 2936 in
595 2899 720 2948 aliqua
749 2898 875 2948 specie
903 2897 995 2935 boni
1022 2898 1085 2935 vel
1114 2897 1215 2934 mali.
1432 2897 1635 2946 specialem
1665 2896 1953 2945 repugnantiam
1978 2896 2027 2933 ad
2047 2895 2220 2934 ordinem
2249 2897 2414 2942 rationis.
2445 2897 2494 2935 Et

367 2953 591 2990 Rsssponosso
616 2962 811 2990 DICENDUM
825 2952 942 3000 quod,
963 2950 1059 2987 sicut
1083 2950 1229 3000 species
1248 2961 1375 2987 rerum
1431 2949 1519 2987 ideo
1547 2950 1673 2997 locus,
1703 2949 1767 2998 qui
1795 2949 1898 2998 prius
1928 2949 2239 2987 considerabatur
2265 2957 2307 2987 ut
2335 2948 2493 2997 circum.-

315 3005 545 3042 naturalium
582 3004 858 3042 constituuntur
891 3014 936 3041 ex
960 3003 1198 3041 naturalibus
1226 3002 1376 3050 formis,
1432 3003 1578 3049 stantia,
1608 3015 1710 3046 nunc
1739 3002 1999 3040 consideratur
2026 3010 2068 3039 ut
2093 3001 2309 3052 principalis
2328 3003 2507 3042 conditio'

316 3057 366 3094 ita
403 3058 548 3107 species
583 3058 785 3094 moralium
828 3046 981 3094 actuum
1020 3056 1296 3093 constituuntur
1333 3067 1378 3092 ex
1433 3055 1571 3093 obiecti
1600 3055 1734 3092 rationi
1763 3067 1990 3104 repugnans.
2019 3055 2068 3102 Et
2094 3067 2163 3104 per
2190 3054 2292 3093 hunc
2317 3057 2491 3116 modum,

316 3110 448 3146 formis
476 3117 609 3160 prout
617 3118 703 3160 sunt
730 3123 751 3146 a
781 3109 923 3147 ratione
958 3117 1182 3158 conceptae,
1213 3109 1308 3146 sicut
1334 3120 1379 3145 ex
1433 3108 1756 3158 quandocumque
1785 3108 1914 3168 aliqua
1939 3107 2215 3145 circumstantia
2242 3108 2392 3158 respicit
2410 3121 2494 3159 spe-

317 3160 573 3211 supradictis*
592 3158 704 3211 patet.
735 3162 835 3209 Quia
854 3170 947 3199 vero
977 3170 1111 3199 natura·
1131 3161 1379 3199 determinata
1434 3161 1567 3198 cialem
1587 3161 1762 3198 ordinem
1782 3159 1936 3198 rationis
1958 3161 2020 3198 vel
2038 3173 2109 3210 pro
2134 3161 2196 3199 vel
2217 3169 2358 3210 contra,
2380 3174 2491 3221 opor·
2499 3164 2506 3207 J

319 3223 374 3269 est
401 3215 449 3255 ad
477 3227 609 3262 unum,
640 3227 711 3266 nec
737 3223 863 3264 potest
891 3228 973 3251 esse
990 3226 1195 3267 processus
1223 3220 1378 3252 naturae
1433 3221 1484 3251 tet
1513 3214 1619 3262 quod
1648 3213 1924 3251 circumstantia
1954 3213 2016 3251 det
2044 3213 2210 3282 speciem
2231 3214 2328 3251 actui
2356 3204 2491 3252 morali

317 3264 358 3309 in
375 3264 577 3315 infinitum,
603 3263 758 3304 necesse
788 3275 842 3304 est
869 3268 1068 3316 pervenire
1091 3271 1108 3289 α
1136 3262 1195 3305 ad
1213 3261 1379 3318 aliquam
1432 3268 1494 3304 vel
1524 3268 1628 3304 bono
1655 3267 1719 3304 vel
1746 3266 1862 3304 malo.

318 3320 499 3359 ultimam
510 3297 688 3370 formam,
711 3332 755 3356 ex
775 3331 850 3370 qua
876 3328 1046 3357 sumatur
1067 3320 1277 3358 differentia
1296 3332 1380 3369 spe·
1486 3321 1544 3356 AD
1572 3331 1709 3357 PRIMUM
1728 3331 1826 3356 ERGO
1855 3329 2039 3356 DICENDUM
2067 3319 2172 3369 quod
2200 3319 2488 3367 circumstantia,

321 3372 448 3420 cifica,
477 3381 566 3423 post
592 3350 707 3423 quati]
741 3373 812 3410 alia
845 3373 1055 3409 differentia
1092 3373 1269 3423 specifica
1297 3384 1379 3410 esse
1434 3372 1644 3409 secundum
1674 3372 1780 3420 quod
1809 3372 1872 3408 dat
1899 3371 2065 3421 speciem
2094 3372 2204 3420 actui,
2234 3371 2491 3410 consideratur

374 3504 400 3536 α)
415 3505 567 3535 pervenire.
585 3518 603 3523 -
616 3504 755 3536 perveniri
774 3504 882 3528 codices.
1404 3504 1407 3567 ι
1485 3503 1512 3536 γ)
1532 3504 1601 3528 αΙῐίε.
1618 3517 1636 3522 -
1654 3503 1733 3528 etiam
1753 3502 1813 3527 aliis
1833 3502 1941 3531 codices,
1961 3503 1994 3528 de
2011 3503 2072 3528 aliis
2091 3503 2131 3528 ed.
2143 3509 2170 3528 a.

375 3537 399 3570 β)
420 3539 447 3563 id
465 3540 535 3571 quod
554 3542 600 3564 est.
617 3553 637 3558 -
656 3539 684 3564 id
702 3539 774 3571 quod
791 3541 831 3564 est
850 3541 878 3563 ut
898 3538 1009 3568 codices,
1027 3538 1098 3570 quod
1116 3541 1155 3563 est
1174 3536 1201 3562 Ρ.
