2852 4152
12 2530 39 2560 ὃ..

1019 256 1282 301 QUAESTIO
1312 256 1434 302 XXII,
1463 256 1756 292 ARTICULUS
1786 257 1817 292 11
1849 286 1851 289 .

2432 257 2502 303 169

1018 376 1344 409 Conmentaria
1368 376 1615 409 Cardinalis
1638 376 1834 409 Caietam

346 469 478 533 C1RcA
509 459 662 490 rationem
685 458 839 498 passionis
866 461 965 500 magis
989 462 1127 502 proprie,
1152 462 1338 502 assignatam
1361 462 1394 492 111

408 513 512 543 primo
534 501 665 533 articulo
688 502 1011 541 vigesimaesecundae
1035 505 1235 546 quaestionis,
1260 506 1395 536 dubium

344 547 493 578 occurrit:
513 546 588 587 quia
610 554 684 575 cum
700 546 804 576 omnis
816 548 919 586 passio
935 549 1067 585 animae,
1085 550 1122 579 de
1138 559 1201 590 qua
1218 556 1263 580 est
1282 559 1395 585 sermo,

344 591 383 622 sit
398 601 472 621 cum
485 590 590 630 aliqua
604 589 851 621 disconvenienti
865 593 1123 623 transmutatione
1138 593 1303 633 corporali,
1317 603 1396 633 quo-

343 635 430 665 niam
452 639 578 674 oportet
600 639 726 662 motum
744 634 844 664 cordis
859 645 877 664 a
893 636 1023 665 naturali
1040 646 1098 666 suo
1115 644 1205 667 motu
1225 636 1398 677 aliqualiter

343 678 500 713 recedere;
524 676 665 716 sequitur
687 678 775 717 quod
799 678 902 707 omnis
921 679 1024 718 passio
1049 687 1094 710 est
1113 690 1187 710 cum
1209 686 1396 710 transmuta-

344 721 430 751 tione
451 721 483 751 in
508 720 652 755 deterius,
678 727 708 750 et
730 721 816 751 nulla
839 721 878 751 sit
899 721 931 751 in
955 722 1077 753 melius.

366 779 374 782 -
398 764 435 794 11.
459 764 511 794 Ad
532 763 594 794 hoc
618 763 730 794 dicitur
754 765 850 805 quod,
875 766 1015 796 absolute
1034 766 1205 807 loquendo,
1227 767 1398 797 conceden-

343 808 421 838 dum
443 813 490 837 est
512 807 600 847 quod
625 808 728 837 omnis
751 808 855 847 passio
879 809 1001 840 animae
1028 817 1074 840 est
1093 820 1167 840 cum
1183 810 1286 850 aliqua
1309 819 1397 849 prae-

343 851 523 881 ternaturali
550 851 744 888 mutatione,
774 852 849 892 quia
878 853 979 883 cordis
1009 860 1116 884 motus
1144 853 1316 884 intenditur
1345 860 1399 883 aut

342 894 510 925 remittitur
532 905 551 924 a
573 905 632 925 suo
656 895 788 925 naturali
812 903 919 927 motu:
945 903 974 927 et
997 907 1034 927 ex
1055 897 1117 928 hoc
1139 897 1192 926 illa
1215 906 1309 935 opera
1333 897 1397 926 ani-

339 948 411 968 mae
429 948 510 979 quae
525 948 676 968 vocamus
700 939 765 969 eius
789 940 958 979 passiones,
985 940 1101 970 habent
1119 940 1274 970 rationem
1291 946 1321 970 et
1337 950 1396 970 no-

340 991 414 1012 men
437 981 600 1022 passionis
624 983 743 1013 Verum
767 983 842 1023 quia
859 984 939 1014 inter
955 983 1231 1023 praeternaturales
1247 983 1394 1013 mutatio-

340 1035 395 1055 nes
419 1025 510 1056 datur
531 1026 675 1062 latitudo,
700 1033 730 1056 et
752 1026 857 1057 minus
880 1027 971 1063 mala,
998 1033 1140 1066 respectu
1163 1027 1262 1066 magis
1286 1027 1396 1062 malae,

340 1069 434 1099 habet
448 1069 602 1100 rationem
618 1070 775 1106 melioris;
794 1070 866 1100 ideo
882 1071 1044 1110 passiones
1071 1070 1141 1100 illae
1157 1080 1237 1110 quae
1252 1071 1291 1100 ad
1306 1071 1397 1110 peius

341 1113 505 1149 declinant,
526 1113 624 1152 magis
644 1114 770 1153 proprie
793 1114 953 1153 passiones
977 1114 1133 1144 dicuntur.
1158 1114 1322 1144 Declinant
1341 1124 1397 1144 au-

341 1162 406 1187 tem
428 1157 462 1186 in
484 1157 573 1197 peius
589 1157 780 1187 mutationes
799 1157 870 1188 illae
885 1167 966 1198 quae
981 1164 1054 1188 sunt
1069 1157 1198 1187 materia
1212 1158 1397 1197 passionum

342 1200 582 1230 consistentium
604 1200 637 1230 in
660 1200 735 1240 fuga
757 1211 812 1231 seu
836 1201 1029 1237 retractione,
1051 1208 1087 1231 ut
1101 1201 1197 1231 timor
1213 1208 1243 1230 et
1259 1201 1395 1237 tristitia;

342 1253 439 1284 quarn
462 1244 533 1274 illae
556 1253 637 1284 quae
661 1251 734 1274 sunt
757 1245 886 1274 materia
901 1244 1086 1284 passionum
1112 1244 1349 1274 consistentium
1364 1245 1397 1274 in

343 1287 521 1317 extensione
538 1297 593 1318 seu
612 1287 842 1326 prosecutione,
867 1294 903 1317 ut
926 1297 1015 1317 amor
1038 1294 1068 1317 et
1090 1287 1220 1316 laetitia:
1246 1287 1320 1326 quia
1335 1287 1397 1317 vita

341 1330 480 1361 humana
503 1331 644 1361 consistit
665 1330 698 1359 in
721 1331 806 1360 vitali
829 1330 1009 1360 extensione
1032 1330 1134 1359 cordis
1153 1330 1192 1358 ad
1211 1336 1315 1359 10111111
1331 1339 1397 1359 cor-

340 1383 411 1413 pus.
442 1374 483 1403 Et
509 1379 674 1422 propterea
701 1372 734 1401 in
760 1373 862 1402 littera
894 1372 1006 1401 dicitur
1035 1372 1124 1411 quod
1153 1371 1276 1401 tristitia
1304 1373 1398 1402 habet

340 1426 444 1458 magis
458 1416 617 1446 rationem
640 1415 794 1454 passionis
813 1424 910 1454 quam
925 1414 1056 1443 laetitia:
1081 1414 1140 1444 ista
1163 1414 1248 1443 enirn
1263 1422 1396 1452 praeter-

268 1462 276 1463 '
337 1454 571 1488 naturalitatem
582 1458 703 1489 solam
695 1464 880 1487 11116115101115
891 1463 1007 1500 motus,
1019 1457 1126 1492 habet;
1142 1457 1204 1492 illa,
1216 1457 1296 1486 ultra
1309 1467 1395 1496 prae-

111 3272 121 3280 '
136 3270 194 3297 Cap.
208 3276 239 3291 iv.

339 1501 615 1533 ternaturalitatem
644 1500 836 1530 remissionis
860 1507 981 1536 1110165,
1011 1500 1103 1530 habet
1126 1506 1252 1530 motum
1277 1507 1397 1530 contra-

339 1545 423 1575 rium
445 1544 533 1575 vitali
554 1544 728 1574 extensioni
751 1543 853 1574 cordis
872 1543 912 1573 ad
931 1543 1071 1583 corporis
1087 1549 1199 1583 partes.
1224 1543 1271 1572 Ex
1287 1543 1396 1573 eadem

340 1597 471 1629 quoque
484 1588 597 1624 radice,
614 1588 730 1619 scilicet
745 1587 872 1617 maioris
887 1597 1025 1617 recessus
1042 1597 1060 1617 a
1074 1586 1218 1622 naturali,
1235 1585 1397 1626 passiones

340 1642 560 1672 quaecumque
573 1632 712 1662 intensae
726 1631 842 1662 habent
856 1631 955 1670 magis
970 1630 1124 1661 rationem
1134 1630 1287 1670 passionis
1299 1640 1396 1670 quam

340 1675 504 1706 remissae:
530 1682 636 1706 motus
660 1675 744 1706 enim
769 1674 938 1715 corporalis
960 1674 1062 1704 maior
1083 1674 1126 1704 ibi
1149 1674 1324 1704 intervenit.

1505 464 1590 493 Haec
1621 470 1727 493 autem
1755 473 1836 504 quae
1865 463 2012 499 dicimus,
2039 470 2182 494 notanter
2205 464 2339 494 diximus
2361 466 2503 496 absolute

1452 506 1520 537 dici.
1546 506 1708 543 Quoniam
1732 506 1756 536 si
1780 513 1860 537 esset
1878 516 1981 537 sermo
2004 517 2070 537 non
2094 508 2245 543 absolute,
2270 509 2323 538 sed
2346 508 2378 538 in
2394 509 2503 539 ordine

1451 550 1491 579 ad
1513 550 1598 580 hunc
1626 550 1851 580 melancholice
1878 551 1928 580 vel
1958 550 2001 580 516
2028 551 2270 591 quomodolibet
2297 552 2502 591 dispositum,

1451 594 1529 623 nihil
1552 594 1716 633 prohibere
1739 594 1862 624 videtur
1889 595 1976 634 quod
2004 595 2222 624 transmutatio
2247 596 2412 634 oppositae
2435 606 2503 634 pas-

1452 637 1567 673 sionis,
1592 644 1669 677 puta
1697 637 1847 673 laetitiae,
1873 637 1911 668 sit
1939 638 2088 668 naturalis
2117 638 2298 678 simpliciter
2325 639 2419 669 etiarn
2442 639 2502 674 illi;

1452 681 1722 720 praeternaturalis
1742 688 1848 711 autem
1871 681 1944 711 11616
1967 681 2010 711 516
2033 691 2118 711 116116
2141 682 2279 712 invento.
2303 682 2401 712 Alteri
2421 682 2504 712 enim

1452 730 1590 754 extremo
1614 734 1679 754 non
1703 724 1809 754 50111111
1828 731 2011 760 extremum,
2029 725 2084 755 sed
2098 725 2240 755 medium
2264 726 2445 765 opponitur,
2470 732 2505 755 ut

1452 767 1565 797 dicitur
1592 767 1626 797 in
1655 768 1684 798 V
1706 768 1832 808 Physic.
1847 768 1877 797 *2
1908 775 1937 798 et
1960 775 2067 798 motus
2096 768 2198 798 cordis
2222 769 2277 809 qui
2299 769 2373 799 huic
2400 779 2502 804 nune,

1451 810 1504 846 sic,
1525 818 1592 846 etc„
1610 817 1656 841 est
1678 811 1837 847 intensior,
1862 812 2043 851 simpliciter
2066 812 2159 842 etiam
2181 812 2242 852 ipsi
2257 813 2335 843 bene
2352 813 2504 852 disposito

1451 861 1556 894 potest
1579 864 1644 884 esse
1668 855 1832 890 naturalis;
1857 862 1892 885 ut
1914 855 2045 885 infirmis
2068 855 2191 886 videtur
2214 856 2402 896 contingere,
2420 866 2503 892 cum,

1451 898 1491 928 ad
1514 898 1683 938 aliqualem
1697 898 1847 928 laetitiam
1863 899 1992 933 excitati,
2010 909 2027 929 a
2042 899 2144 929 cordis
2161 909 2304 939 pressura
2319 900 2471 930 levantur.
2483 918 2504 923 -

1452 941 1584 980 Signum
1603 948 1709 971 autem
1733 942 1820 982 quod
1835 942 1868 972 in
1885 943 1973 972 omni
1991 943 2137 982 passione
2163 943 2285 973 animae
2300 943 2335 974 fit
2350 951 2504 974 transmu-

1451 985 1528 1015 tatio
1551 985 1655 1025 aliqua
1678 986 1974 1025 praeternaturalis
1966 997 1999 1016 111
2019 987 2122 1022 corde,
2149 993 2195 1017 est
2209 987 2369 1017 neminem
2387 987 2420 1017 in
2435 998 2504 1027 pas-

1452 1028 1540 1058 sione
1569 1029 1678 1058 eadem
1706 1029 1866 1059 actualiter
1897 1029 2014 1060 diutius
2045 1030 2229 1069 perdurare,
2255 1031 2321 1061 sine
2349 1031 2504 1080 corporali

1451 1072 1587 1102 laesione
1611 1079 1665 1102 aut
1688 1072 1857 1103 curatione.

1507 1116 1556 1146 ΙΙΙ.
1582 1116 1616 1145 111
1640 1115 1844 1154 responsione
1873 1116 1912 1145 ad
1943 1117 2082 1156 primum
2105 1124 2136 1147 et
2158 1118 2351 1153 secundum,
2380 1118 2504 1148 adverte

1451 1159 1555 1198 quod,
1580 1159 1655 1199 quia
1677 1166 1784 1189 motus
1808 1159 1904 1189 animi
1928 1160 1983 1200 qui
2005 1167 2157 1190 vocantur
2180 1161 2302 1191 animae
2326 1161 2502 1201 passiones,

1451 1201 1566 1232 scilicet
1589 1212 1693 1238 amor,
1718 1202 1823 1238 timor,
1847 1203 1900 1239 ira,
1918 1210 1948 1233 et
1966 1203 2025 1232 alia
2048 1203 2246 1240 huiusmodi,
2272 1204 2386 1235 habent
2408 1205 2504 1235 ratio-

1451 1255 1525 1275 nem
1548 1246 1702 1285 passionis
1732 1246 1875 1285 proprie,
1901 1247 2075 1276 secundum
2099 1247 2186 1287 quod
2213 1247 2378 1277 intervenit
2405 1248 2437 1277 in
2461 1248 2504 1278 eis

1451 1288 1556 1328 aliqua
1578 1289 1796 1319 transmutatio
1821 1290 2001 1330 corporalis,
2026 1297 2055 1320 et
2078 1290 2263 1320 huiusmodi
2285 1291 2503 1321 transmutatio

1451 1338 1497 1360 est
1524 1341 1643 1361 annexa
1671 1332 1773 1362 motui
1803 1333 1944 1368 animae;
1974 1333 2047 1363 ideo
2077 1333 2262 1363 huiusmodi
2292 1340 2379 1363 actus
2409 1343 2504 1373 appe·

1450 1373 1524 1403 titus
1548 1374 1690 1404 animalis
1713 1375 1829 1405 habent
1852 1376 1982 1416 quidem
2005 1377 2160 1406 rationem
2182 1377 2353 1416 passionis,
2384 1376 2504 1406 ratione

1450 1417 1574 1452 annexi;
1598 1417 1714 1447 habent
1736 1425 1843 1448 autem
1866 1419 2022 1449 rationem
2045 1420 2207 1459 appetitivi
2229 1426 2347 1455 motus,
2372 1426 2402 1450 et
2425 1419 2503 1454 talis,

1450 1465 1528 1497 puta
1550 1459 1613 1489 irae
1635 1460 1686 1489 vel
1708 1460 1844 1496 timoris,
1869 1463 2045 1492 secundum
2069 1472 2110 1492 se.
2135 1463 2267 1502 Propter
2290 1463 2378 1502 quod
2401 1463 2434 1492 in
2456 1463 2505 1492 lit-

1450 1507 1515 1530 tera
1530 1501 1547 1520 *
1571 1502 1682 1532 dicitur
1705 1504 1794 1542 quod
1826 1504 1947 1534 animae
1977 1505 2123 1535 convenit
2151 1505 2335 1535 huiusmodi
2362 1506 2427 1545 pati
2450 1516 2542 1545 per·

1450 1544 1608 1574 accidens:
1634 1551 1664 1575 et
1687 1545 1768 1581 alibi,
1793 1546 1932 1576 scilicet'
1924 1557 1955 1576 m
1979 1557 2050 1576 xxm
2066 1557 2119 1586 qu.
2137 1548 2176 1577 de
2199 1548 2372 1584 Veritate*‚
2393 1549 2544 1579 dicitur·

1451 1588 1540 1627 quod
1561 1588 1665 1624 irasci,
1697 1588 1823 1623 timere,
1848 1596 1921 1624 etc.‚
1946 1590 2140 1619 conveniunt
2167 1591 2289 1620 animae
2316 1601 2372 1630 per
2395 1601 2436 1622 se.
2465 1592 2507 1621 Et

1449 1641 1555 1661 revera
1578 1631 1638 1661 hoc
1661 1631 1755 1661 habet
1771 1632 1986 1671 compositum
2002 1632 2122 1662 ratione
2141 1633 2272 1668 animae,
2290 1634 2369 1663 illud
2387 1634 2507 1664 ratione

1449 1684 1600 1713 corporis.

1098 1817 1414 1858 ARTICULUS
1444 1817 1744 1859 SECUNDUS

615 1911 770 1942 UTRUM
792 1911 936 1942 PASSIO
960 1911 1090 1941 MAGIS
1114 1911 1179 1941 SIT
1204 1911 1246 1940 IN
1269 1911 1411 1941 PARTE
1434 1911 1692 1941 APPETITIVA
1716 1911 1841 1947 QUAM
1865 1910 1908 1940 IN
1931 1910 2254 1940 APPREHENSIVA

521 1981 552 2006 111
571 1981 652 2010 Sent„
673 1981 731 2005 dist.
749 1988 788 2010 κν,
808 1988 851 2012 qu.
870 1987 901 2011 11,
921 1985 967 2004 art.
985 1988 1006 2011 1,
1026 1981 1073 2012 qu·
1090 1987 1117 2011 2;
1138 1981 1179 2004 De
1198 1980 1286 2009 Verit„
1305 1987 1351 2012 qu.
1368 1987 1434 2007 xxvr,
1453 1984 1498 2003 art.
1519 1979 1547 2009 3;
1568 1979 1609 2003 De
1629 1979 1690 2003 Diu.
1709 1979 1796 2007 Nom„
1817 1986 1872 2011 cap.
1890 1986 1922 2007 11,
1942 1979 1999 2003 lect.
2019 1986 2057 2010 1v3
2077 1979 2097 2002 ῙῙ
2117 1979 2211 2007 Ethic„
2231 1980 2288 2003 lect.
2306 1987 2331 2003 v.

462 2086 502 2109 s
491 2080 529 2120 s
551 2070 574 2094 6
593 2069 782 2101 SECUNDUM
800 2069 854 2094 516
869 2069 1106 2094 6606661163.
1122 2057 1280 2093 Videtur
1294 2056 1399 2105 quod

430 2147 433 2149 .
480 2109 530 2170 ᾆξ’·
552 2109 678 2158 passio
707 2109 826 2157 magis
846 2109 891 2146 sit
909 2109 948 2146 in
966 2117 1072 2158 parte
1097 2109 1244 2145 animae
1265 2121 1396 2157 appre-

360 2164 383 2208 ',
395 2147 520 2206 fr,
500 2160 711 2203 (hensiva
735 2174 850 2210 quam
869 2162 907 2198 in
922 2170 1028 2210 parte
1048 2161 1260 2210 appetitiva.
1283 2161 1399 2208 Quod

442 2207 656 2251 “Kenim
685 2222 740 2251 est
766 2214 934 2263 primum
972 2214 1011 2251 in
1042 2214 1210 2263 quolibet
1238 2226 1397 2272 genere,

341 2230 491 2304 videtur
519 2279 600 2304 esse
629 2267 838 2303 maximum
868 2279 1001 2303 eorum
1031 2279 1129 2315 quae
1157 2274 1243 2303 sunt
1267 2267 1304 2302 in
1337 2278 1399 2313 ge-

342 2331 433 2357 nere
460 2320 535 2366 1110,
567 2326 603 2356 61
631 2331 744 2355 63653
772 2319 943 2365 aliorum,
972 2326 1014 2354 ut
1042 2319 1175 2356 dicitur
1201 2319 1239 2355 in
1263 2320 1294 2354 II
1314 2319 1398 2354 Me-

257 2395 263 2402 ·
291 2391 314 2402 ·-
342 2374 487 2421 taphys.
509 2372 529 2394 *
559 2372 635 2409 Sed
662 2371 787 2420 passio
816 2371 920 2419 prius
943 2371 1134 2407 invenitur
1152 2371 1190 2407 in
1209 2379 1313 2419 parte
1335 2383 1398 2419 ap-

249 2423 256 2434 '
308 2423 315 2429 “
341 2425 570 2474 prehensiva
597 2436 713 2473 quam
740 2424 778 2460 in
805 2431 911 2482 parte
935 2423 1156 2472 appetitiva:
1186 2436 1264 2460 non
1297 2423 1398 2460 enim

341 2477 479 2526 patitur
504 2489 593 2525 pars
620 2476 835 2525 appetitiva,
865 2476 935 2512 nisi
953 2476 1129 2535 passione
1148 2477 1399 2524 praecedente

341 2530 381 2567 in
407 2537 513 2579 parte
542 2529 832 2577 apprehensiva.
862 2530 964 2576 Ergo
993 2529 1118 2576 passio
1149 2537 1204 2565 est
1222 2529 1341 2576 magis
1360 2529 1399 2564 in

341 2581 754 2632 parteapprehensiva
782 2593 897 2629 quarn
926 2581 964 2618 in
991 2589 1096 2629 parte
1129 2581 1344 2629 appetitiva.

398 2646 432 2671 2.
453 2635 685 2679 PRAETEREA,
707 2634 812 2680 quod
841 2641 895 2669 est
913 2633 1032 2680 magis
1052 2633 1231 2679 activum,
1251 2633 1401 2669 videtur

345 2699 427 2723 esse
455 2686 580 2722 minus
608 2685 825 2734 passivum:
855 2684 952 2721 actio
974 2685 1074 2721 enim
1092 2685 1260 2732 passioni
1280 2697 1399 2733 oppo-

344 2738 454 2775 nitur.
485 2738 562 2774 Sed
589 2749 676 2786 pars
695 2736 899 2786 appetitiva
919 2744 973 2773 est
991 2737 1110 2784 magis
1143 2737 1265 2774 activa
1284 2749 1398 2785 quam

344 2803 431 2840 pars
464 2789 751 2838 apprehensiva.
785 2790 885 2836 Ergo
914 2789 1065 2826 videtur
1096 2790 1201 2837 quod
1231 2790 1268 2826 in
1295 2797 1400 2838 parte

345 2842 622 2892 apprehensiva
650 2841 770 2889 magis
799 2841 844 2878 sit
870 2842 1009 2889 passio.

401 2896 435 2932 3.
455 2895 687 2941 PRAETEREA,
708 2894 804 2930 sicut
828 2894 1015 2945 appetitus
1035 2894 1234 2931 sensitivus
1255 2902 1310 2931 est
1327 2895 1401 2931 vir-

346 2955 404 2984 tus
431 2947 469 2984 in
497 2959 640 2994 organo
670 2945 870 2994 corporali,
900 2946 949 2982 ita
978 2954 1013 2982 et
1039 2946 1097 2983 vis
1125 2947 1401 2994 apprehensiva

347 2999 535 3037 sensitiva.
557 2999 632 3036 Sed
648 2998 774 3047 passio
794 2998 943 3035 animae
958 2999 1012 3045 fit,
1028 2999 1180 3046 proprie
1195 3000 1398 3047 loquendo,

347 3053 558 3090 secundum
573 3051 925 3088 transmutationem
942 3051 1190 3098 corporalem.
1207 3052 1308 3098 Ergo
1323 3062 1401 3087 non

347 3105 467 3152 magis
489 3111 543 3140 est
557 3104 682 3153 passio
698 3104 736 3140 in
751 3111 856 3152 parte
871 3103 1075 3152 appetitiva
1090 3103 1266 3139 sensitiva
1286 3115 1402 3150 quam

347 3157 385 3194 in
414 3156 692 3206 apprehensiva
720 3156 907 3192 sensitiva.

402 3211 475 3246 SED
505 3221 649 3246 CONTRA
677 3220 742 3245 EST
771 3208 875 3257 quod
902 3208 1132 3255 Augustinus
1162 3207 1259 3255 dicit,
1291 3207 1330 3244 in
1349 3209 1401 3244 IX

348 3262 393 3299 de
425 3262 503 3298 Civ.
524 3262 598 3298 Dei
614 3261 651 3308 ³¹⁸,
681 3261 785 3310 quod
821 3266 942 3298 motus
974 3261 1109 3306 animi,
1144 3272 1236 3308 quos
1267 3261 1406 3297 Graeci

342 3315 468 3363 pathe,
498 3315 616 3350 nostri
645 3319 769 3350 autem
797 3314 949 3362 quidam
970 3319 998 3360 ²,
1026 3314 1121 3349 sicut
1151 3313 1292 3358 Cicero,
1315 3324 1403 3360 per-

349 3367 595 3412 turbationes,
625 3367 777 3415 quidam
805 3366 1019 3416 affectiones
1045 3366 1105 3402 vel
1130 3366 1295 3414 affectus,
1325 3366 1404 3414 qui-

1453 2057 1539 2092 dam
1568 2067 1676 2101 vero,
1704 2057 1799 2092 sicut
1834 2056 1871 2091 in
1914 2057 2059 2092 Graeco
2093 2057 2270 2102 habetur,
2300 2057 2510 2103 expressius

1446 2108 1640 2156 passiones
1666 2113 1813 2144 vocant.
1843 2109 1900 2144 Ex
1937 2121 2014 2156 quo
2042 2116 2145 2156 patet
2182 2108 2286 2155 quod
2313 2108 2509 2156 passiones

1453 2160 1604 2197 animae
1623 2159 1638 2190 β
1666 2168 1752 2197 56111
1782 2160 1886 2197 idem
1914 2160 2019 2208 quod
2046 2160 2278 2197 affectiones.
2315 2161 2391 2197 Sed
2419 2160 2509 2197 affe-

1455 2213 1596 2249 ctiones
1635 2213 1831 2249 manifeste
1868 2213 2055 2261 pertinent
2088 2213 2136 2249 ad
2163 2221 2310 2261 partem
2339 2213 2509 2260 appetlti-

1452 2278 1555 2311 vam,
1573 2273 1608 2301 et
1626 2278 1704 2302 non
1724 2265 1773 2302 ad
1793 2265 2122 2314 apprehensivam.
2144 2266 2244 2312 Ergo
2265 2273 2300 2301 et
2314 2265 2510 2313 passiones

1454 2318 1573 2365 magis
1602 2325 1687 2354 sunt
1713 2318 1751 2354 in
1778 2318 1981 2366 appetitiva
2009 2330 2125 2365 quam
2149 2318 2187 2354 in
2221 2317 2508 2366 apprehensiva.

1507 2371 1731 2407 RESPONDEO
1751 2382 1938 2407 DICENDUM
1962 2371 2079 2418 quod,
2104 2370 2199 2407 sicut
2226 2370 2303 2407 iarn
2321 2369 2342 2391 ’¹‘
2369 2370 2510 2407 dictum

1455 2430 1520 2469 est,
1537 2423 1575 2459 in
1590 2423 1744 2460 nomine
1760 2428 1775 2450 Ὺ
1794 2423 1981 2471 passionis
2000 2423 2224 2471 importatur
2243 2423 2347 2471 quod
2366 2423 2511 2471 patiens

1454 2477 1621 2512 trahatur
1649 2476 1697 2512 ad
1716 2476 1754 2512 id
1774 2476 1879 2523 quod
1899 2483 1954 2512 est
1972 2476 2122 2523 agentis.
2153 2475 2274 2522 Magis
2294 2483 2420 2511 autem
2439 2482 2512 2511 tra-

1454 2529 1554 2564 hitur
1582 2528 1709 2565 anima
1737 2529 1786 2564 ad
1814 2540 1895 2564 rem
1923 2540 1992 2576 per
2009 2528 2102 2564 vim.
2124 2527 2366 2575 appetitivam
2394 2539 2511 2575 quam

1454 2593 1522 2628 per
1548 2581 1628 2617 vim
1658 2580 1985 2629 apprehensivam.
2015 2581 2117 2616 Nam
2145 2592 2214 2627 per
2240 2579 2319 2616 vim
2344 2580 2512 2628 appetiti-

1453 2645 1545 2669 vam
1574 2633 1700 2669 anima
1727 2633 1842 2668 habet
1870 2633 2040 2669 ordinem
2061 2633 2108 2669 ad
2122 2632 2223 2680 ipsas
2242 2644 2313 2678 res,
2340 2639 2454 2680 prout
2472 2631 2512 2668 in

1455 2685 1585 2732 seipsis
1613 2692 1715 2720 sunt:
1744 2684 1846 2721 unde
1874 2684 2129 2732 Philosophus
2158 2684 2254 2730 dicit,
2284 2684 2323 2720 in
2350 2685 2401 2720 VI
2425 2685 2511 2720 Me-

1455 2739 1599 2784 taphys.
1619 2736 1650 2783 ²¹⁴,
1675 2738 1778 2784 quod
1798 2737 1936 2773 bonum
1956 2742 1991 2772 et
2008 2737 2162 2781 malum,
2183 2749 2283 2784 quae
2303 2744 2388 2773 sunt
2408 2737 2511 2773 obie-

1456 2797 1514 2826 cta
1541 2789 1768 2837 appetitivae
1796 2789 1998 2837 potentiae,
2027 2795 2114 2825 sunt
2134 2790 2170 2825 in
2191 2790 2277 2837 ipsis
2295 2790 2415 2825 rebus.
2445 2789 2511 2825 Vis

1455 2849 1582 2878 autem
1611 2841 1888 2890 apprehensiva
1911 2854 1990 2878 non
2021 2842 2177 2878 trahitur
2196 2842 2243 2878 ad
2265 2853 2357 2888 rem,
2378 2854 2511 2878 secun-

1456 2895 1548 2932 dum
1578 2894 1682 2942 quod
1709 2895 1747 2930 in
1776 2894 1897 2942 seipsa
1926 2902 1996 2940 est,
2026 2894 2092 2930 sed
2121 2894 2313 2941 cognoscit
2341 2906 2426 2930 eam
2455 2906 2511 2930 se-

1457 2947 1623 2983 cundum
1651 2946 1899 2983 intentionem
1928 2946 1992 2992 rei,
2022 2959 2137 2994 quam
2166 2946 2203 2982 in
2233 2958 2273 2982 se
2301 2947 2416 2982 habet
2449 2947 2511 2983 vel

1457 2999 1585 3047 recipit
1606 2999 1626 3020 '1‘
1654 2999 1864 3035 secundum
1897 2999 2094 3047 proprium
2127 2998 2300 3035 modum.
2335 2999 2446 3036 Unde
2475 3006 2512 3034 et

1456 3051 1597 3087 ibidem
1627 3051 1761 3087 dicitur
1788 3051 1890 3098 quod
1919 3062 2048 3087 verum
2077 3056 2114 3087 et
2134 3051 2301 3098 falsum,
2331 3063 2428 3099 quae
2463 3051 2511 3088 ad

1458 3103 1710 3150 cognitionem
1739 3103 1936 3151 pertinent,
1966 3115 2041 3140 non
2068 3109 2155 3139 sunt
2180 3104 2216 3140 in
2246 3104 2366 3149 rebus,
2386 3104 2452 3140 sed
2473 3104 2510 3140 in

1456 3161 1587 3192 mente.
1622 3155 1732 3192 Unde
1764 3162 1867 3203 patet
1903 3155 2008 3204 quod
2043 3155 2136 3192 ratio
2174 3156 2360 3204 passionis
2393 3156 2511 3204 magis

1457 3207 1645 3245 invenitur
1672 3207 1710 3243 in
1737 3215 1843 3256 parte
1871 3208 2076 3256 appetitiva
2104 3221 2219 3257 quam
2246 3208 2286 3245 in
2313 3216 2418 3257 parte
2447 3221 2514 3256 ap-

1457 3260 1695 3309 prehensiva.

1510 3315 1569 3349 An
1598 3324 1733 3349 pRiMUM
1762 3324 1859 3349 ERGO
1888 3325 2070 3350 DICENDUM
2098 3314 2201 3361 quod
2223 3326 2243 3349 6
2264 3313 2450 3349 6011113110
2471 3326 2514 3350 56

1457 3366 1572 3402 habet
1599 3365 1636 3401 in
1665 3365 1721 3401 his
1749 3377 1846 3414 quae
1874 3365 2062 3414 pertinent
2091 3366 2138 3403 ad
2160 3366 2441 3414 perfectionem,
2476 3373 2512 3402 et

403 3470 430 3502 α)
449 3477 558 3502 quos...
573 3469 691 3502 quidam.
705 3483 722 3487 -
739 3469 836 3494 Graeci
850 3469 948 3501 pathos
968 3470 1053 3494 nostri
1070 3473 1157 3494 autem
1178 3470 1205 3499 P,
1225 3476 1288 3501 quos
1306 3469 1402 3494 Graeci

346 3508 412 3536 pate
429 3505 516 3530 nostri
533 3508 621 3529 autem
641 3505 681 3529 ed.
696 3512 722 3529 a.
740 3518 758 3523 -
776 3504 887 3529 habetur
906 3512 959 3529 om.
973 3505 1215 3537 ACDEFGHleB.
1235 3505 1314 3537 Aug:
1334 3504 1402 3529 sicut

351 3540 399 3565 iste
418 3540 572 3572 (Apuleius)
591 3540 624 3564 de
645 3541 746 3564 Graeco
766 3540 927 3571 expressius.

493 3591 720 3616 suumn-Tama
739 3592 771 3616 D.
784 3591 898 3615 ΤΗΟΜΑΕ
917 3591 947 3615 Τ.
971 3591 1011 3615 111.

1511 3468 1535 3502 β)
1555 3470 1669 3494 animae.
1687 3483 1706 3488 —
1724 3469 1785 3495 Om.
1798 3470 1907 3495 codices.

1509 3505 1536 3538 γ)
1556 3505 1582 3529 in
1603 3505 1715 3529 nomine.
1732 3518 1751 3523 -
1769 3505 1874 3530 nomine
1892 3506 1919 3530 P.

2533 779 2739 826 ‘Cap.1‚nn.6;

2532 811 2616 852 {¹⁶³th
2610 811 2663 852 lectn
2669 837 2685 858 1,
2687 811 2740 852 7vnf.

2557 1516 2583 1536 In
2599 1521 2662 1542 resp.
2679 1515 2708 1536 ad
2724 1521 2746 1536 2.

2560 1555 2613 1576 Art.
2627 1561 2647 1580 2,
2662 1554 2690 1575 ad
2705 1560 2725 1581 5.

2540 2384 2548 2391 ·
2564 2382 2615 2403 Art.
2632 2380 2737 2408 praeced.

2636 2427 2652 2451 Υ

2539 2747 2727 2768 ⁸S.Th.1ect.1v.
2736 2757 2748 2761 -

2539 2773 2591 2794 Did.
2603 2773 2642 2794 lib.
2653 2773 2682 2799 V,
2698 2778 2750 2799 cap.

2539 2806 2569 2826 iv,
2584 2805 2607 2820 n.
2622 2805 2639 2820 1.

2541 3011 2550 3019 '¹
2565 3008 2593 3029 D.
2608 3014 2655 3030 222.
