2846 4146
114 634 123 643 ‘¹
137 633 194 663 Cap.
204 639 238 659 m,
254 639 276 654 n.
288 638 304 654 ι.
315 643 326 648 ··

116 659 247 681 Continuat.
255 659 327 680 Com-

115 689 185 707 ment.
193 685 266 713 s.Th.,
274 685 325 707 lect.

115 718 145 733 xv.

112 2168 124 2179 ⁴
139 2167 209 2189 Num.
225 2173 273 2189 xvr.

355 204 429 250 348

353 282 390 311 ab
406 283 553 316 Averroe,
574 280 633 310 nisi
651 280 684 310 in
701 279 810 310 formis
833 279 1028 319 simplicibus
1046 280 1222 310 secundum
1242 279 1408 310 essentiam

354 332 383 355 et
406 324 581 364 potentias,
606 324 713 364 quales
738 330 811 354 sunt
834 323 953 354 formae
977 323 1263 363 homogeneorum.
1288 323 1322 352 In
1346 322 1408 352 for-

353 368 413 398 mis
443 374 550 398 autern
580 368 878 407 heterogeneorum‚
905 377 985 407 quae
1009 374 1082 397 sunt
1114 367 1271 406 simplices
1298 375 1408 396 secun-

353 412 432 442 dum
455 411 637 447 essentiam,
661 411 850 451 multiplices
874 417 980 441 autem
1011 411 1187 440 secundum
1212 409 1407 449 potentiam,

353 455 430 485 falsa
453 462 508 485 est.
530 455 733 486 Manifestum
757 455 842 484 enim
871 461 917 484 est
943 454 1031 493 quod
1061 453 1178 483 animal
1200 453 1300 482 modo
1324 452 1409 491 geni-

353 506 432 535 tum,
450 505 480 529 et
495 505 568 538 post
579 498 764 538 perfectum,
780 504 853 528 sunt
869 498 1010 527 eiusdem
1026 496 1138 536 speciei
1151 495 1406 536 specialissimae:

354 549 384 573 et
406 549 512 573 tamen
528 542 702 583 perfectum
718 548 822 581 potest
841 541 873 570 in
890 548 995 571 actum
1009 539 1227 580 generationis,
1245 546 1275 570 et
1297 539 1409 579 imper-

354 586 472 617 fectum
495 596 571 617 non.
592 586 684 616 Unde
700 584 875 625 propositio
894 584 948 614 illa
967 583 1010 614 sic
1033 583 1256 619 universaliter,
1273 590 1318 613 est
1333 593 1408 613 con-

353 637 399 661 tra
425 630 638 667 Aristotelem,
656 629 697 659 IV
713 630 846 658 Meteor.
862 628 888 663 *,
906 633 1078 667 ponentem
1101 626 1307 657 differentiam
1329 627 1409 657 inter

353 673 527 714 perfectum
551 680 581 703 et
603 671 822 712 imperfectum
838 671 870 701 in
894 671 966 708 hoc,
983 671 1072 710 quod
1095 670 1269 710 perfectum
1293 680 1408 700 unum-

353 718 505 758 quodque
529 723 574 747 est
601 726 674 747 cum
697 722 800 754 potest
823 724 969 754 generare
999 714 1058 744 sibi
1082 714 1192 745 simile.
1219 715 1310 745 Unde
1335 724 1408 744 cum

351 761 477 792 habitus
501 761 540 791 sit
562 760 664 790 forma
687 759 819 798 simplex
842 758 874 788 in
898 757 1039 793 essentia,
1057 764 1086 788 et
1108 758 1274 797 multiplex
1296 758 1329 788 in
1351 768 1408 798 po-

352 805 448 836 tentia
465 804 571 846 (habet
587 803 671 833 enim
688 810 717 833 et
733 802 851 842 species
866 801 1085 841 intelligibiles,
1099 808 1130 832 et
1144 802 1319 841 potentiam
1335 803 1408 832 sub-

352 849 423 879 iecti
440 849 478 878 ad
495 848 628 877 diversas
653 846 883 883 conclusiones,
904 852 938 875 ut
954 851 1073 885 partes;
1089 845 1158 875 illas
1182 855 1218 876 ex
1238 853 1325 886 parte
1348 846 1406 883 sui,

351 893 424 922 istas
449 902 485 922 ex
499 897 586 931 parte
603 889 732 920 subiecti
748 888 824 931 sui);
843 899 1039 929 consequens
1055 896 1101 920 est
1116 896 1152 919 ut
1166 889 1200 919 in
1215 890 1285 930 ipso
1309 890 1407 920 scien-

351 935 435 966 tifico
459 935 567 964 habitu
583 934 692 964 locum
715 943 780 963 non
804 933 916 963 habeat
931 933 1108 972 propositio
1131 933 1196 969 illa;
1222 934 1277 964 sed
1299 933 1332 963 in
1353 934 1408 964 ali-

352 979 429 1019 quid
452 978 564 1008 merito
589 983 693 1017 potest
716 977 888 1017 perfectus,
912 976 945 1006 in
968 977 1057 1017 quod
1080 987 1146 1007 non
1169 984 1275 1017 potest
1296 977 1409 1017 imper-

352 1022 460 1052 fectus.

406 1065 527 1095 Deinde
550 1065 662 1095 dicitur
678 1065 717 1094 ad
741 1064 907 1100 minorem,
924 1065 1013 1104 quod
1036 1064 1087 1094 hic
1111 1071 1156 1094 est
1175 1064 1338 1103 sophisma
1357 1064 1407 1094 Fi-

351 1119 446 1149 gurae
462 1109 624 1139 dictionis:
649 1108 803 1149 quoniam
826 1115 967 1139 mutatur
985 1108 1062 1148 quid
1083 1108 1116 1137 in
1139 1113 1304 1148 quantum.
1322 1108 1408 1139 Cum

352 1153 436 1183 enim
466 1153 749 1183 demonstrationes
778 1159 808 1183 et
837 1152 1057 1182 conclusiones
1088 1151 1231 1182 eiusdem
1261 1152 1408 1182 scientiae

351 1197 412 1227 sint
436 1196 604 1232 ordinatae,
622 1203 652 1226 et
666 1206 730 1226 una
750 1196 868 1226 oriatur
887 1206 924 1226 ex
947 1196 1020 1232 alia;
1037 1202 1125 1226 actus
1140 1195 1257 1226 sciendi
1276 1205 1408 1236 sequen-

350 1241 389 1270 tis
412 1240 544 1271 includit
567 1240 599 1270 in
624 1250 656 1270 se
679 1239 905 1280 perfectionem
928 1239 1150 1280 praecedentis,
1168 1247 1198 1270 et
1220 1240 1320 1270 addit:
1343 1250 1409 1270 non

351 1284 436 1314 enim
460 1284 526 1320 scit,
550 1284 606 1324 qui
628 1284 782 1314 resolvere
812 1283 910 1314 nescit
939 1283 1178 1314 conclusionem
1208 1283 1354 1324 quintam
1376 1284 1408 1314 in

351 1328 496 1368 primam.
517 1328 557 1358 Et
576 1328 628 1364 sic,
646 1338 739 1368 posse
762 1328 795 1357 in
819 1327 895 1358 scire
918 1327 1062 1368 quintam
1086 1327 1339 1364 conclusionem,
1364 1334 1411 1358 est

350 1382 443 1412 posse
466 1372 499 1401 in
514 1372 617 1403 maius
640 1371 718 1402 scire
738 1381 836 1411 quam
856 1381 949 1411 posse
972 1372 1005 1401 in
1029 1371 1106 1402 scire
1126 1371 1263 1412 primam
1282 1372 1409 1402 conclu-

351 1416 484 1446 sionem.
507 1418 554 1446 Ac
577 1425 633 1455 per
656 1416 727 1451 hoc,
752 1415 867 1446 mutari
889 1422 975 1456 patet
997 1416 1074 1456 quid
1095 1415 1129 1445 in
1148 1421 1314 1456 quantum,
1332 1416 1410 1446 dum

351 1460 409 1490 sub
432 1460 464 1500 ly
488 1460 520 1489 in
543 1469 771 1499 quemcumque
793 1465 898 1490 actum
922 1459 1118 1490 subsumitur
1141 1465 1232 1490 actus
1254 1465 1371 1491 tantus.

404 1503 487 1534 XIV.
503 1504 554 1533 Ad
578 1504 754 1534 secundum
777 1503 889 1534 dicitur
913 1504 1001 1544 quod
1023 1503 1136 1533 habere
1160 1503 1295 1534 diversas
1317 1513 1410 1543 gene-

350 1548 502 1583 rationes,
528 1547 747 1587 corruptiones
771 1554 801 1577 et
828 1547 1037 1584 intensiones,
1059 1547 1214 1587 contingit
1237 1547 1410 1587 dupliciter.

350 1591 467 1627 Primo,
484 1597 520 1621 ut
534 1591 578 1621 sic
593 1591 632 1622 sit
647 1591 752 1628 unius,
773 1592 862 1632 quod
878 1592 968 1622 nullo
989 1591 1087 1622 modo
1104 1598 1245 1622 mutetur
1260 1592 1410 1622 alterurn:

352 1643 382 1666 et
398 1635 450 1671 sic,
468 1641 603 1666 transeat
627 1635 784 1666 distinctio
801 1635 891 1665 realis
910 1635 1032 1666 talium.
1045 1635 1148 1665 -Alio
1167 1635 1277 1672 modo,
1295 1642 1331 1666 ut
1345 1645 1410 1665 non

351 1679 452 1719 possit
474 1679 569 1709 unius
602 1689 687 1715 esse,
712 1679 771 1709 nisi
794 1679 827 1709 in
857 1689 923 1710 uno
955 1680 1088 1710 alterurn
1120 1679 1288 1710 redundet:
1314 1686 1344 1710 et
1367 1679 1410 1710 sic

351 1733 417 1753 non
440 1723 781 1754 infertdistinctionem
797 1723 912 1753 realem
928 1723 1067 1753 illorum.
1084 1722 1168 1753 Cum
1193 1723 1279 1753 enim
1294 1723 1411 1753 animal

351 1767 482 1807 aliquod
505 1774 645 1806 augetur,
672 1767 715 1797 sic
739 1773 903 1807 generatur
926 1777 1010 1797 nova
1033 1767 1199 1807 quantitas,
1221 1773 1257 1797 ut
1280 1767 1410 1807 antiqua

351 1821 437 1841 novo
460 1811 560 1840 modo
584 1821 617 1841 se
632 1811 760 1841 habeat:
778 1817 808 1841 et
831 1811 972 1841 similiter
995 1810 1158 1841 minuitur.
1182 1811 1223 1841 Et
1245 1817 1412 1851 propterea

351 1864 417 1885 non
437 1854 591 1894 sequitur:
609 1855 693 1894 Ergo
718 1861 764 1885 est
779 1854 838 1884 alia
854 1854 977 1884 realiter
995 1854 1152 1894 quantitas
1169 1864 1252 1884 nova
1270 1855 1309 1884 ab
1332 1854 1410 1885 anti-

351 1908 424 1938 qua.
449 1899 490 1928 Et
513 1898 614 1928 simile
645 1904 691 1928 est
713 1898 746 1928 in
770 1905 860 1928 motu
891 1898 1077 1928 intensionis
1094 1905 1124 1928 et
1146 1897 1351 1928 remissionis.
1372 1898 1412 1928 Et

351 1942 394 1972 sic
419 1941 529 1972 accidit
551 1942 583 1971 in
603 1942 711 1972 habitu
736 1941 917 1972 scientifico.
943 1941 1027 1978 Quia
1051 1951 1124 1972 cum
1147 1948 1314 1981 generatur
1335 1942 1411 1972 scire

351 1986 506 2016 secundae
524 1985 746 2022 conclusionis,
762 1986 887 2016 habitus
910 1986 1099 2025 praecedens
1128 1985 1316 2016 extenditur:
1341 1992 1372 2016 et
1394 1995 1411 2015 e

352 2039 514 2066 conversO,
539 2030 693 2060 minuitur
717 2029 886 2060 oblivione.
912 2029 1060 2060 Similiter
1075 2030 1164 2070 quod
1187 2029 1339 2060 intensive
1358 2040 1412 2060 au-

351 2080 460 2114 geatur
495 2080 636 2114 respectu
669 2074 789 2113 primae
825 2073 1038 2104 conclusionis
1069 2080 1099 2104 et
1133 2083 1199 2103 non
1235 2074 1411 2110 secundae,

351 2117 480 2158 perinde
511 2124 557 2148 est
579 2128 615 2148 ac
638 2118 662 2148 si
687 2118 799 2148 albedo
822 2117 1035 2148 intenderetur
1057 2117 1090 2147 in
1113 2127 1177 2148 una
1200 2124 1287 2157 parte
1311 2117 1413 2148 subie-

353 2162 392 2192 cti
414 2169 444 2192 et
467 2172 534 2192 non
557 2162 626 2198 alia,
650 2168 686 2192 ut
708 2161 789 2191 infra
811 2161 829 2179 '³‘
852 2161 980 2201 patebit.

407 2206 476 2236 XV.
494 2206 545 2236 Ad
560 2206 684 2236 tertiam
699 2205 855 2236 rationem
879 2205 992 2236 dicitur
1007 2205 1238 2245 praemittendo
1256 2205 1331 2235 duo.
1348 2205 1414 2235 Pri-

352 2260 444 2280 mum
460 2257 514 2286 est,
532 2250 620 2290 quod
643 2255 729 2280 actus
750 2249 868 2280 sciendi
891 2249 1016 2279 habitus
1033 2248 1194 2279 scientifici
1218 2255 1292 2279 sunt
1308 2249 1413 2288 dupli-

354 2303 419 2325 ces:
438 2293 570 2334 quidam
586 2293 762 2324 secundum
781 2302 881 2323 unam
897 2299 927 2323 et
942 2292 1076 2323 eandem
1096 2292 1412 2328 demonstrationem;

353 2338 484 2379 quidam
515 2337 691 2367 secundum
714 2337 809 2367 aliam
840 2336 1144 2367 demonstrationem
1171 2346 1206 2366 ac
1234 2336 1413 2367 conclusio-

353 2391 437 2412 nem.
457 2382 498 2412 Et
520 2381 552 2411 hi
576 2387 664 2412 actus
687 2380 730 2410 sic
751 2390 784 2411 se
804 2380 930 2416 habent,
954 2380 1043 2420 quod
1065 2380 1160 2420 primi
1182 2386 1258 2410 sunt
1280 2379 1413 2410 omnino

354 2426 497 2456 eiusdem
525 2425 671 2460 rationis,
694 2431 730 2455 ut
758 2430 859 2464 patet:
885 2424 1014 2455 secundi
1045 2430 1152 2454 autem
1183 2423 1291 2464 aliquo
1315 2424 1414 2454 modo

354 2476 428 2500 sunt
450 2469 593 2499 eiusdem
620 2468 766 2504 rationis,
790 2475 820 2498 et
844 2468 952 2508 aliquo
976 2468 1076 2498 modo
1101 2467 1249 2498 diversae.
1274 2467 1306 2498 Si
1330 2467 1415 2498 enim

354 2520 520 2544 sumantur
534 2512 568 2543 in
591 2512 701 2542 ordine
717 2512 755 2542 ad
780 2512 916 2542 diversas
940 2511 1058 2552 species
1079 2511 1289 2551 intelligibiles
1313 2521 1330 2541 a
1346 2511 1415 2552 qui-

354 2558 412 2588 bus
437 2556 527 2593 fiunt,
551 2556 604 2592 sic,
630 2566 704 2587 cum
727 2555 846 2595 species
869 2556 975 2586 tertiae
1006 2555 1284 2586 demonstrationis
1308 2555 1415 2586 distin-

354 2607 490 2641 guantur
506 2600 609 2640 specie
625 2610 643 2630 a
667 2600 829 2640 speciebus
853 2600 1017 2636 secundae,
1035 2599 1129 2630 etiam
1145 2599 1205 2639 ipsi
1221 2605 1308 2630 actus
1325 2605 1416 2630 erunt

355 2645 549 2675 diversarum
572 2644 742 2675 rationum.
763 2644 795 2674 Si
817 2653 892 2674 vero
917 2650 1084 2674 sumantur
1106 2643 1138 2673 in
1162 2643 1273 2673 ordine
1296 2643 1336 2673 ad
1358 2643 1414 2673 ha-

355 2689 458 2719 bitum
474 2687 680 2719 scientificum
699 2694 730 2718 et
746 2687 813 2718 eius
834 2687 968 2718 formale
985 2687 1156 2723 obiectum,
1174 2687 1217 2717 sic
1232 2694 1306 2718 sunt
1321 2687 1416 2717 unius

355 2733 500 2764 rationis:
525 2732 606 2763 sicut
628 2739 658 2763 et
687 2731 812 2762 habitus
837 2738 867 2762 et
890 2731 1051 2762 obiectum
1080 2737 1154 2762 sunt
1176 2731 1271 2762 unius
1302 2731 1416 2771 speciei

356 2776 607 2817 specialissimae.
633 2776 674 2806 Et
702 2775 775 2806 licet
804 2776 844 2806 ad
873 2775 1018 2806 habitum
1048 2775 1224 2815 pertineant
1251 2775 1302 2805 isti
1329 2781 1416 2805 actus

356 2828 494 2860 utroque
517 2821 628 2856 modo,
645 2820 719 2860 quia
735 2826 841 2850 tamen
865 2819 1077 2859 principaliter
1093 2826 1123 2850 et
1145 2819 1328 2849 immediate
1347 2828 1417 2859 per-

357 2864 458 2895 tinent
480 2865 520 2895 ad
542 2864 650 2904 ipsum
673 2863 813 2894 secundo
833 2864 952 2899 modo;
976 2863 1060 2900 ideo,
1075 2863 1148 2894 licet
1170 2863 1294 2893 tolerari
1318 2863 1419 2902 possit

358 2918 462 2938 sermo
487 2908 594 2939 dicens
617 2914 704 2939 actus
728 2907 805 2938 istos
829 2907 1024 2938 diversarum
1049 2907 1228 2943 rationum,
1253 2906 1418 2936 formalius

357 2959 463 2982 tamen
487 2952 634 2982 dicuntur
667 2951 809 2982 eiusdem
832 2951 972 2988 rationis,
990 2961 1065 2982 cum
1089 2951 1128 2981 de
1151 2950 1270 2981 unitate
1293 2950 1418 2981 habitus

358 3002 404 3026 est
427 3006 541 3026 sermo.
558 3013 579 3019 —
595 2996 779 3027 Secundum
794 3002 849 3032 est,
867 2996 957 3036 quod
980 2995 1106 3026 habitus
1123 2994 1312 3025 scientificus
1326 2994 1420 3025 habet

358 3040 436 3070 duas
451 3039 631 3070 latitudines
655 3040 848 3070 diversarum
862 3039 1033 3076 rationum,
1050 3039 1240 3070 intensivam
1259 3038 1375 3069 scilicet
1391 3044 1421 3069 et

359 3084 560 3120 extensivam,
578 3084 805 3124 respondentes
819 3083 998 3123 duplicibus
1023 3083 1210 3124 supradictis
1229 3082 1363 3113 actibus:
1379 3082 1422 3112 ita

359 3127 448 3167 quod
470 3127 627 3168 quantitas
652 3127 806 3158 intensiva
822 3127 889 3158 eius
913 3134 1046 3168 augetur
1070 3137 1107 3158 ex
1129 3127 1249 3158 actibus
1275 3126 1423 3167 frequen-

358 3171 442 3202 tibus
458 3171 538 3202 circa
560 3171 661 3207 idem;
687 3171 843 3212 quantitas
866 3181 941 3202 vero
966 3171 1125 3203 extensiva
1149 3177 1281 3210 augetur
1304 3180 1341 3200 ex
1365 3170 1419 3200 ad-

358 3215 556 3246 venientibus
586 3215 705 3246 actibus
735 3215 988 3246 demonstrativis
1020 3216 1100 3246 circa
1123 3215 1254 3245 diversa.
1279 3215 1320 3245 Et
1342 3214 1423 3245 sicut

1045 203 1310 247 QUAESTIO
1340 202 1439 248 LlV,
1470 200 1759 237 ARTICULUS
1789 201 1839 236 IV

1464 278 1496 307 in
1520 277 1630 308 formis
1653 277 1866 307 materialibus
1883 277 1976 314 calor,
1997 284 2027 308 et
2042 278 2223 309 latitudines
2239 278 2306 308 eius
2322 277 2477 309 intensiva
2494 284 2524 308 et

1464 321 1630 357 extensiva,
1648 331 1714 350 non
1731 327 1804 350 sunt
1822 327 1883 350 tres
1900 321 2051 358 entitates,
2069 323 2123 352 sed
2139 332 2202 352 una
2217 321 2335 352 habens
2352 322 2430 352 duas
2447 331 2523 352 con-

1464 365 1616 400 ditiones;
1640 364 1682 394 ita
1705 364 1738 393 in
1761 363 1880 394 habitu.

1519 409 1611 439 Unde
1635 409 1674 437 ad
1697 407 1852 437 rationem
1871 407 1984 438 dicitur
2004 409 2093 448 quod
2115 409 2239 439 habitus
2260 409 2405 439 scientiae
2428 419 2522 449 auge-

1463 458 1514 482 tur
1537 462 1593 491 per
1616 457 1767 490 utrosque
1791 457 1887 487 actus,
1909 451 2026 482 scilicet
2049 452 2128 483 circa
2151 453 2300 488 eandem,
2321 459 2352 482 et
2374 452 2453 483 circa
2477 453 2522 482 di-

1463 505 1566 525 versas
1591 494 1823 530 conclusiones:
1850 501 1882 525 et
1903 496 1992 535 quod
2015 496 2156 527 neutrius
2187 495 2452 534 augmentationis
2475 503 2521 526 est

1463 539 1615 569 terminus
1639 538 1745 578 aliqua
1769 539 1904 569 omnino
1919 548 2003 569 nova
2026 539 2146 575 entitas,
2168 546 2198 569 et
2217 545 2446 579 consequenter
2461 548 2519 570 nec

1464 583 1605 612 eiusdem
1638 578 1695 612 riec
1726 581 1864 612 diversae
1892 582 2041 619 rationis;
2066 583 2120 613 sed
2152 583 2281 623 antiqua
2310 592 2397 612 novo
2420 583 2520 613 modo

1464 636 1496 656 se
1511 626 1639 661 habens,
1657 625 1833 655 secundum
1847 625 2027 656 latitudines
2047 626 2240 656 diversarum
2256 626 2425 657 rationum.
2438 626 2522 656 Nam

1463 676 1671 709 augmentum
1694 678 1750 708 per
1773 675 1860 699 actus
1883 669 1963 699 circa
1985 670 2080 706 idem,
2098 670 2244 700 terminat
2266 670 2390 700 habitus
2413 679 2522 700 secun-

1465 714 1542 744 dum
1565 712 1765 743 latitudinem
1792 712 1997 743 intensivam:
2021 720 2228 753 augmentum
2250 724 2325 744 vero
2349 723 2405 753 per
2433 720 2520 744 actus

1464 758 1544 788 circa
1567 757 1670 793 aliud,
1690 756 1837 786 terminat
1859 756 1944 786 idem
1966 757 2092 787 habitus
2123 758 2298 788 secundum
2321 757 2521 788 latitudinem

1463 801 1664 837 extensivam,
1685 810 1783 841 quam
1806 806 1928 830 constat
1951 800 2167 831 conditionem
2190 811 2256 831 esse
2279 801 2405 831 alterius
2428 801 2521 832 ratio-

1463 846 1520 876 nis.
1545 845 1592 875 Ex
1615 844 1677 875 hoc
1707 851 1814 874 autem
1845 844 1934 884 quod
1961 844 2046 874 idem
2073 843 2198 874 habitus
2229 844 2323 875 habet
2353 852 2520 885 utramque

1463 889 1680 930 quantitatem,
1697 897 1763 918 non
1780 888 1922 928 sequitur
1945 888 2034 928 quod
2057 888 2096 918 sit
2116 887 2313 927 compositus
2337 897 2373 918 ex
2396 889 2519 919 duabus

1463 934 1555 963 rebus
1578 932 1772 962 diversarum
1794 931 1968 962 rationum:
1994 932 2048 962 sed
2071 931 2178 961 solum
2200 931 2288 971 quod
2307 931 2419 962 habeat
2441 932 2520 962 duas

1462 975 1660 1017 quantitates,
1673 985 1739 1005 non
1751 975 1846 1005 molis
1858 975 1913 1005 sed
1924 974 2133 1015 perfectionis,
2146 975 2338 1005 diversarum
2349 975 2519 1012 rationum,

1462 1019 1665 1050 identificatas
1687 1019 1810 1049 realiter
1833 1019 1900 1049 sibi.

1520 1064 1604 1094 XVI.
1621 1063 1672 1093 Ad
1695 1069 1840 1103 quartam
1862 1062 2017 1092 rationem
2041 1061 2154 1092 dicitur
2178 1063 2276 1102 quod,
2297 1062 2372 1102 quia
2396 1062 2521 1093 habitus

1463 1106 1650 1138 scientificus
1681 1113 1883 1146 comparatur
1912 1106 1953 1135 ad
1987 1105 2142 1146 potentias
2172 1106 2348 1136 intellectus
2377 1113 2520 1145 respectu

1463 1151 1657 1182 diversarum
1681 1149 1934 1186 conclusionum,
1959 1156 1995 1180 ut
2013 1157 2115 1189 partes
2134 1149 2279 1186 subiecti,
2304 1155 2340 1180 ut
2354 1159 2391 1179 ex
2409 1149 2438 1180 V
2452 1151 2521 1180 Me-

1463 1196 1590 1236 taphys.
1607 1194 1780 1225 deductum
1799 1200 1845 1224 est
1863 1193 1895 1230 *;
1920 1203 2117 1234 consequens
2139 1200 2185 1224 est
2207 1193 2296 1234 quod
2317 1193 2438 1223 habitui
2452 1202 2522 1233 per—

1463 1239 1578 1270 ficienti
1593 1238 1788 1269 intellectum
1807 1238 1984 1268 secundum
1998 1237 2174 1277 potentiam
2190 1237 2229 1267 ad
2244 1237 2380 1277 primam
2397 1237 2522 1268 conclu-

1464 1284 1596 1319 sionem,
1613 1292 1680 1313 non
1695 1281 1901 1313 contrarietur
1915 1281 2009 1312 etiam
2032 1281 2157 1312 habitus
2178 1291 2291 1321 pravae
2307 1280 2522 1321 dispositionis

1463 1328 1496 1358 in
1511 1327 1625 1358 eodem
1640 1327 1800 1357 intellectu
1819 1326 1995 1356 secundum
2013 1325 2189 1365 potentiam
2205 1331 2349 1365 respectu
2367 1325 2522 1355 secundae

1465 1370 1693 1407 conclusionis;
1714 1370 1795 1400 sicut
1810 1370 1882 1400 albo
1899 1369 2075 1400 secundum
2100 1379 2197 1399 unam
2212 1376 2344 1409 partem,
2365 1378 2431 1399 non
2447 1378 2521 1399 con-

1464 1415 1608 1446 trariatur
1630 1415 1760 1455 nigredo
1784 1414 1935 1450 eiusdem,
1959 1420 1996 1444 ut
2019 1419 2065 1444 est
2086 1413 2119 1443 in
2143 1419 2230 1453 parte
2253 1412 2444 1453 propinqua.

1520 1459 1571 1490 Fit
1593 1468 1724 1499 quoque
1753 1458 1814 1488 hoc
1841 1457 2046 1488 manifestum
2076 1467 2113 1487 ex
2139 1457 2209 1497 ipso
2239 1463 2331 1487 motu
2361 1455 2523 1496 augmenti

1466 1503 1624 1534 extensivi.
1643 1502 1728 1533 Cum
1741 1501 1826 1532 enim
1842 1501 2057 1541 augmentatio
2073 1501 2230 1532 extensiva
2245 1501 2285 1530 ad
2299 1500 2523 1541 occupandum

1465 1557 1583 1577 novam
1604 1544 1667 1577 loci
1690 1552 1811 1586 partem
1839 1545 2023 1575 terminetur
2045 1545 2078 1574 in
2101 1544 2313 1575 materialibus
2342 1544 2468 1580 formis;
2492 1550 2523 1574 et

1465 1590 1626 1622 scientifici
1648 1590 1773 1620 habitus
1789 1596 1997 1629 augmentum
2013 1588 2210 1618 extensivum
2229 1589 2269 1617 ad
2283 1588 2439 1618 maiorem
2453 1597 2523 1627 per-

1465 1634 1635 1665 fectionem
1652 1633 1843 1664 extensivam
1860 1633 2002 1663 eiusdem
2017 1632 2202 1662 terminetur
2214 1631 2267 1667 sic,
2281 1632 2370 1672 quod
2381 1631 2524 1671 potentia

1465 1679 1640 1709 intellectus
1663 1684 1807 1717 respectu
1831 1686 1932 1706 novae
1951 1676 2163 1706 conclusionis
2182 1682 2325 1706 actuatur
2343 1685 2399 1715 per
2416 1675 2524 1715 ipsum

1464 1722 1617 1758 habitum,
1642 1731 1723 1762 quae
1746 1721 1833 1760 prius
1857 1730 1923 1750 non
1946 1720 2142 1756 actuabatur;
2166 1726 2199 1757 et
2212 1729 2228 1749 e
2245 1729 2408 1755 converso,
2433 1718 2524 1749 dimi-

1465 1766 1555 1797 nutio
1579 1766 1619 1795 ad
1642 1765 1801 1795 minorem
1816 1764 1978 1794 scientiam
2001 1763 2186 1794 terminatur
2201 1773 2256 1803 per
2278 1763 2340 1793 hoc
2359 1763 2448 1804 quod
2466 1772 2524 1802 po·

1465 1810 1561 1841 tentia
1577 1809 1610 1839 in
1622 1809 1782 1839 intellectu
1799 1814 1942 1848 respectu
1955 1807 2032 1838 scire
2043 1807 2265 1843 conclusionis,
2282 1807 2470 1838 subducitur
2484 1806 2523 1837 ab

1466 1864 1532 1884 esse
1556 1854 1615 1884 sub
1639 1853 1695 1883 illo
1719 1852 1842 1883 habitu:
1873 1861 2070 1892 consequens
2094 1858 2140 1881 est
2163 1857 2199 1881 ut
2221 1851 2346 1881 habitus
2373 1860 2524 1891 augmen-

1465 1898 1584 1929 tatione
1608 1896 1698 1938 quasi
1728 1902 1864 1936 occupet
1886 1905 2003 1926 novam
2026 1895 2217 1935 potentiam,
2242 1905 2298 1925 seu
2322 1901 2444 1935 partem
2467 1903 2525 1934 po—

1465 1941 1596 1978 tentiae,
1621 1947 1652 1971 et
1674 1940 1886 1970 diminutione
1909 1939 1999 1980 quasi
2022 1939 2190 1979 relinquat;
2222 1948 2257 1969 ac
2280 1948 2336 1979 per
2358 1939 2434 1975 hoc,
2458 1947 2526 1969 non

1466 1985 1565 2025 magis
1590 1984 1796 2015 contrarietur
1818 1983 1938 2014 habitui
1962 1990 1998 2014 ut
2013 1983 2135 2023 perficit
2159 1992 2258 2013 unam
2273 1982 2449 2023 potentiam
2469 1991 2526 2013 seu

1467 2036 1589 2070 partem
1611 2027 1780 2070 potentiae,
1800 2037 1856 2058 seu
1879 2027 2056 2067 potentiam
2079 2026 2258 2068 partialiter,
2283 2026 2459 2057 contrarius
2472 2026 2526 2056 ha-

1466 2073 1550 2104 bitus
1574 2079 1610 2103 ut
1633 2078 1768 2112 occupat
1785 2071 1881 2102 aliam
1903 2071 2080 2111 potentiam
2101 2070 2152 2101 vel
2167 2077 2299 2110 partem,
2318 2070 2369 2101 vel
2391 2070 2526 2101 eandem

1467 2117 1652 2158 partialiter,
1677 2126 1790 2156 quam,
1816 2123 1852 2146 ut
1875 2115 1995 2146 dictum
2018 2122 2081 2151 est,
2106 2114 2262 2145 contrario
2289 2114 2323 2144 in
2346 2124 2412 2145 una
2439 2120 2527 2154 parte

1468 2161 1661 2192 contrarium
1676 2160 1709 2190 in
1719 2160 1824 2190 altera.
1838 2159 2119 2199 Proportionaliter
2134 2168 2273 2199 namque
2284 2158 2344 2189 hae
2355 2168 2389 2189 se
2400 2158 2526 2194 habent,

1467 2205 1500 2235 in
1518 2204 1760 2235 indivisibilibus
1772 2204 1950 2234 secundum
1961 2203 2171 2244 quantitatem
2184 2202 2288 2239 molis,
2300 2208 2404 2242 partes
2415 2209 2527 2242 poten-

1467 2249 1538 2285 tiae,
1550 2248 1631 2279 sicut
1645 2247 1679 2278 in
1695 2248 1788 2278 rebus
1804 2247 2004 2278 materialiter
2019 2246 2155 2288 quantis»,
2172 2253 2275 2286 partes
2291 2245 2526 2287 quantitativae.

1523 2293 1614 2322 Hanc
1637 2298 1745 2322 autem
1772 2291 2014 2331 proportionem
2042 2290 2181 2330 partium
2208 2289 2368 2330 potentiae
2395 2289 2528 2320 subiecti

1468 2336 1594 2366 habitus
1618 2334 1778 2366 scientifici
1801 2335 1841 2365 ad
1863 2334 1971 2375 ipsum
1989 2334 2143 2370 habitum,
2168 2333 2247 2364 tanti
2269 2333 2374 2370 facito,
2392 2332 2428 2364 ut
2450 2332 2528 2363 affir-

1469 2390 1536 2410 mes
1559 2379 1633 2409 hinc
1656 2379 1779 2409 evenire
1809 2379 1899 2419 quod
1921 2378 2046 2408 habitus
2069 2377 2260 2417 geometriae
2295 2377 2401 2417 augeri
2423 2383 2529 2417 potest

1468 2423 1622 2455 intensive
1645 2422 1725 2453 circa
1749 2429 1894 2462 quartam
1917 2421 2167 2460 conclusionem,
2187 2427 2217 2452 et
2232 2431 2299 2452 non
2314 2421 2371 2452 erit
2385 2421 2527 2452 intensus

1470 2468 1550 2498 cirea
1572 2467 1728 2507 quintam.
1756 2466 1797 2496 Et
1820 2472 1900 2496 esset
1923 2466 2017 2496 etiam
2041 2475 2058 2496 e
2079 2475 2246 2501 converso,
2275 2465 2301 2495 si
2328 2465 2440 2505 quinta
2462 2474 2529 2495 non

1469 2511 1660 2551 dependeret
1682 2520 1719 2540 ex
1741 2516 1862 2550 quarta.
1887 2509 2036 2540 Provenit
2063 2518 2203 2549 namque
2229 2509 2292 2539 hoc
2319 2518 2356 2539 ex
2379 2518 2418 2539 eo
2440 2508 2530 2549 quod

1469 2554 1657 2595 frequentati
1679 2560 1767 2584 actus
1799 2553 1879 2584 circa
1904 2559 2050 2594 quartam
2080 2552 2392 2589 demonstrationem,
2414 2557 2531 2592 augent

1469 2599 1622 2630 intensive
1645 2597 1789 2628 habitum
1811 2604 1847 2628 ut
1861 2596 1983 2637 perficit
2004 2596 2092 2627 illam
2114 2602 2237 2637 partem
2259 2596 2419 2637 potentiae
2440 2596 2531 2627 intel·

1469 2643 1568 2673 lectus
1592 2651 1656 2682 qua
1678 2641 1804 2682 respicit
1831 2641 1912 2671 hanc
1935 2640 2189 2676 conclusionem,
2215 2646 2245 2671 et
2267 2650 2334 2671 non
2353 2646 2389 2671 ut
2412 2638 2532 2680 perficit

1470 2686 1576 2717 aliam.
1600 2686 1675 2722 Nec,
1700 2692 1736 2716 ut
1759 2685 1879 2716 dictum
1899 2685 1964 2715 iam
1977 2684 1996 2702 ¹*
2013 2691 2068 2721 est,
2089 2684 2182 2715 refert
2198 2684 2224 2714 si
2239 2684 2279 2716 sit
2293 2693 2357 2714 una
2373 2691 2404 2714 et
2421 2683 2532 2715 eadem
2558 2692 2568 2703 ·

1470 2730 1626 2770 potentia:
1638 2729 1793 2770 quoniam
1805 2736 1852 2760 est
1862 2729 1981 2759 multae
1996 2728 2238 2769 aequivalenter,
2251 2737 2307 2758 seu
2323 2728 2501 2768 partialiter.
2509 2745 2531 2751 -

1469 2775 1536 2805 Nec
1552 2773 1717 2814 suspiceris
1732 2773 1944 2804 voluntariam
1959 2778 2015 2803 aut
2030 2772 2251 2803 chimaericam
2274 2781 2340 2802 esse
2364 2772 2445 2802 hanc
2462 2780 2532 2812 par-

1471 2818 1554 2849 tium
1576 2817 1737 2858 potentiae
1761 2816 1893 2848 subiecti
1907 2816 2033 2848 habitus
2053 2816 2319 2847 adinventionem.
2345 2816 2378 2846 Si
2393 2824 2533 2856 namque

1472 2861 1586 2902 scripta
1609 2861 1754 2902 superius
1774 2861 1812 2891 ab
1827 2863 1967 2891 Auctore
1990 2860 2162 2897 notaveris,
2186 2859 2336 2897 invenies,
2359 2860 2440 2890 inter
2463 2859 2532 2896 alia,

1474 2906 1507 2936 in
1523 2915 1578 2946 qu.
1592 2916 1626 2942 L,
1643 2912 1699 2936 art.
1716 2905 1784 2942 ult.,
1801 2905 1842 2935 ad
1857 2905 1925 2941 ult.,
1942 2905 2032 2945 quod
2047 2905 2140 2936 etiam
2157 2904 2191 2935 in
2207 2903 2324 2944 angelis
2340 2910 2415 2934 sunt
2429 2909 2533 2943 partes

1474 2949 1644 2990 potentiae,
1662 2950 1851 2990 inquantum
1876 2949 2055 2979 intellectus
2078 2958 2188 2979 eorum
2205 2948 2393 2988 perplures
2414 2948 2534 2988 species

1467 2994 1651 3035 perficitur,
1675 2999 1706 3024 et
1728 2994 1876 3024 voluntas
1892 3001 2003 3023 eorum
2022 3002 2057 3023 se
2078 2993 2172 3023 habet
2186 2992 2229 3022 ad
2237 2992 2349 3032 plura.
2370 2991 2457 3029 Quid
2473 2991 2533 3022 cla-

1474 3035 1557 3068 rius?
1580 3038 1652 3068 Hoc
1676 3044 1723 3068 est
1745 3037 1830 3067 enirn
1853 3037 1942 3078 quod
1965 3036 2117 3067 diximus:
2141 3045 2216 3066 nam
2239 3042 2362 3066 constat
2385 3035 2473 3076 quod
2486 3035 2533 3065 in·

1475 3087 1632 3122 quantum
1647 3081 1824 3112 intellectus
1841 3087 1947 3111 noster
1963 3087 2010 3112 est
2024 3080 2057 3111 iu
2069 3080 2211 3121 potentia
2223 3080 2262 3110 ad
2277 3079 2372 3110 aliam
2389 3086 2419 3110 et
2439 3078 2534 3109 aliam

1477 3126 1780 3156 demonstrationem
1803 3131 1834 3156 et
1857 3125 2107 3161 conclusionem,
2124 3130 2171 3154 est
2198 3123 2231 3154 in
2254 3123 2398 3164 potentia
2420 3122 2460 3153 ad
2487 3121 2534 3152 di-

1476 3180 1579 3200 versas
1603 3169 1732 3211 species,
1756 3169 1842 3200 etad
1855 3168 2252 3210 proportionaliter'plura,
2277 3167 2357 3198 sicut
2375 3167 2532 3198 voluntas.

1477 3231 1496 3237 —
1512 3214 1552 3245 Et
1575 3213 1651 3245 haec
1674 3214 1713 3244 de
1736 3220 1860 3254 quarto,
1886 3219 1916 3244 et
1937 3219 2006 3244 tota
2028 3212 2086 3257 hac
2109 3212 2247 3243 materia.

2549 1200 2558 1210 ·
2573 1198 2644 1220 Num.
2658 1204 2712 1220 vm.
