2846 4146
344 233 420 276 418

1042 234 1306 280 QUAESTIO
1338 236 1455 280 va,
1486 234 1781 272 ARTICULUS
1812 236 1824 271 1

782 422 1191 499 QUAESTIO
1230 421 2075 501 SEXAGESIMAQUINTA

993 549 1076 588 DE
1110 548 1504 622 (ῑοΝΝΕΧΙΟΝΕ
1536 550 1857 592 VIRTUTUM

1124 664 1158 688 IN
1188 664 1347 694 QUINQUE
1374 665 1577 690 ARTICULOS
1604 666 1720 690 DIVISA

343 768 529 850 Damni:
558 758 874 795 considerandum
900 765 955 793 est
984 757 1030 793 de
1060 757 1297 794 connexione
1323 757 1396 794 vir-

131 820 161 842 Cf
187 827 202 848 ‘³
276 826 283 842 ¹
424 832 545 860 tutum
565 823 597 859 ²¹⁶.

340 891 388 926 Et
418 890 513 926 circa
541 890 614 926 hoc
643 895 875 937 quaeruntur
902 887 1082 936 quinque.

393 955 539 991 Primo:
568 962 694 990 utrum
713 953 869 989 virtutes
887 954 1050 990 morales
1070 953 1143 990 sint
1162 954 1210 991 ad
1230 954 1394 991 invicem

444 1032 648 1056 connexae.

102 822 111 830 ·
161 836 166 841 .
204 827 227 842 u.
246 827 298 842 va

102 846 190 868 Introd.

1419 967 1423 1070 Ι

1148 1128 1466 1170 ARTICULUS
1497 1129 1702 1171 PRIMUS

1504 759 1704 817 Secundo:
1731 766 1860 818 utrum
1889 759 2044 797 virtutes
2072 762 2235 798 morales
2253 762 2399 811 possint
2428 775 2509 800 esse

1556 823 1636 848 sme
1666 819 1827 848 caritate.
2145 821 2147 823 ·

1503 864 1653 900 Tertio:
1683 872 1811 901 utrum
1840 865 1972 902 caritas
1999 865 2119 913 possit
2148 878 2229 903 esse
2258 867 2338 904 sine
2367 867 2431 904 eis.

1503 917 1670 975 Quarto:
1700 925 1827 954 utrum
1856 917 1953 954 fides
1982 925 2018 954 et
2046 930 2133 966 spes
2161 919 2307 967 possint
2327 932 2408 957 esse
2428 920 2507 957 sine

1557 976 1720 1006 caritate.

1502 1021 1667 1068 Quinto:
1696 1029 1824 1058 utrum
1855 1022 1986 1059 caritas
2013 1023 2133 1071 possit
2161 1035 2243 1060 esse
2271 1024 2351 1062 sine
2380 1024 2445 1062 eis.

775 1220 930 1250 UTRUM
953 1220 1169 1251 VIRTUTES
1198 1219 1401 1251 MORALES
1423 1220 1520 1251 SINT
1543 1221 1602 1252 AD
1626 1221 1807 1253 INVICEM
1830 1221 2065 1253 CONNEXAE

499 1300 529 1324 111
549 1300 631 1329 Sent„
652 1299 709 1324 dist.
728 1307 809 1329 xxxw,
829 1304 875 1325 arn
899 1307 907 1323 ι
918 1307 924 1330 ς
944 1299 985 1330 1v,
1006 1299 1064 1326 dist.
1084 1306 1169 1329 xxxin,
1189 1306 1233 1331 qu.
1252 1306 1308 1359 111.V
1308 1304 1403 1360 {mh}-
1418 1299 1497 1359 ad¹6;
1518 1300 1560 1325 De
1583 1300 1688 1331 Virtut„
1708 1309 1753 1334 qu.
1771 1309 1796 1331 v,
1815 1306 1862 1327 art.
1883 1309 1913 1334 2;
1934 1302 2104 1333 Quodl..xn‚
2123 1310 2169 1335 qu.
2187 1310 2227 1333 xv,
2247 1308 2294 1329 art.
2318 1311 2343 1334 ις

1393 1342 1433 1364 tc„
1462 1340 1509 1360 eet.
1528 1343 1562 1360 11.

384 1446 390 1449 -
421 1437 428 1451 ¹
449 1437 523 1483 γῆς(
544 1434 567 1460 D
586 1434 723 1459 ptumum
747 1434 799 1459 s1c
828 1434 1070 1460 PROCEDITUR.
1101 1422 1261 1460 Videtur
1286 1423 1392 1472 quod

366 1433 412 1458 μ

360 1451 421 1532 [ζέ
465 1461 525 1515 ῗῖᾏ
543 1475 700 1512 virtutes
728 1476 892 1512 morales
916 1488 994 1512 non
1013 1476 1086 1513 sint
1105 1487 1150 1512 ex
1169 1476 1391 1513 necessitate

351 1527 356 1534 .
383 1522 393 1535 .,
409 1465 537 1533 AV«
818 1529 824 1535 .
1019 1529 1026 1535 .

352 1515 1392 1629 ι’ζένὲξὶἓίἓῖῗῖἒυζξέἓῗῐῗὲὲἶἔὲἓῗίἓίιὶἒὲἓῗ

93 1639 303 1688 ἶεξξρῘ-ᾗ--ὃ-Τὴ·
332 1641 372 1670 ut
399 1635 582 1682 probatur
609 1638 648 1670 in
668 1635 699 1670 Il
718 1635 839 1671 Ethic.
859 1633 879 1656 '¹‘
908 1634 983 1671 Sed
1003 1635 1122 1671 homo
1141 1642 1267 1683 potest
1287 1610 1390 1672 exer-⁷

333 1687 435 1724 citari
462 1687 500 1723 in
529 1687 674 1724 actibus
702 1687 858 1723 alicuius
886 1687 1047 1734 virtutis,
1073 1687 1153 1727 sine
1182 1688 1257 1724 hoc
1285 1688 1391 1735 quod

333 1740 553 1776 exercitetur
580 1740 619 1776 in
646 1739 789 1776 actibus
818 1740 968 1777 alterius
995 1740 1153 1777 virtutis.
1183 1741 1284 1789 Ergo
1314 1753 1390 1777 una

331 1792 449 1830 virtus
477 1793 631 1829 moralis
659 1800 783 1841 potest
810 1793 941 1830 haberi
968 1793 1048 1829 sine
1077 1794 1202 1829 altera.

386 1857 420 1882 2.
451 1847 689 1892 PRAETEREA,
720 1845 999 1892 magnificentia
1034 1853 1070 1882 et
1101 1845 1390 1893 magnanimitas

332 1906 418 1935 sunt
445 1898 633 1946 quaedam
659 1897 816 1934 virtutes
849 1899 1025 1935 morales.
1057 1899 1134 1935 Sed
1162 1898 1294 1946 aliquis
1322 1911 1390 1947 po-

330 1959 401 1988 test
428 1951 567 1988 habere
593 1951 682 1987 alias
701 1951 857 1987 virtutes
886 1952 1061 1998 morales,
1083 1951 1163 1987 sine
1189 1952 1264 1987 hoc
1283 1953 1388 1999 quod

330 2005 468 2041 habeat
495 2004 814 2051 magnificentiam
844 2011 880 2040 et
908 2004 1272 2052 magnanimitatem:
1303 2005 1391 2041 dicit

331 2057 432 2093 enim
452 2057 719 2105 Philosophus,
739 2057 776 2093 in
796 2057 847 2093 lV
864 2057 984 2093 Ethic.
1005 2056 1036 2104 ²¹⁶,
1065 2057 1170 2105 quod
1190 2057 1295 2105 inops
1315 2070 1389 2094 non

324 2115 446 2158 potest
471 2121 549 2146 esse
576 2110 817 2159 magnificus,
847 2109 911 2158 qui
939 2117 1068 2146 tamen
1096 2117 1220 2158 potest
1247 2111 1389 2147 habere

331 2164 517 2210 quasdam
546 2163 637 2199 alias
655 2162 831 2208 virtutes;
854 2170 889 2199 et
907 2163 1013 2211 quod
1033 2163 1093 2199 ille
1111 2163 1177 2211 qui
1189 2164 1320 2211 parvis
1338 2169 1392 2200 est

330 2216 482 2264 dignus,
511 2221 546 2251 et
572 2215 627 2252 his
654 2227 694 2251 se
721 2216 929 2264 dignfficat,
960 2221 1184 2263 temperatus
1211 2222 1279 2262 est,
1310 2229 1389 2253 ma-

329 2268 534 2318 gnanimus
560 2274 685 2304 autem
714 2280 788 2304 non
817 2273 870 2304 est
881 2267 912 2305 ²¹².
930 2269 1031 2316 Ergo
1050 2268 1206 2306 virtutes
1226 2270 1390 2306 morales

332 2333 410 2358 non
439 2328 524 2357 sunt
553 2329 759 2357 connexae.

386 2374 420 2410 3.
447 2375 680 2420 PRAETEREA,
701 2373 796 2409 sicut
813 2372 969 2410 virtutes
998 2374 1162 2410 morales
1189 2373 1391 2421 perficiunt

330 2429 477 2475 partem
511 2426 758 2474 appetitivam
788 2426 958 2472 animae,
988 2425 1038 2462 ita
1064 2425 1221 2462 virtutes
1250 2426 1391 2463 intelle-

331 2479 471 2515 ctuales
499 2478 698 2526 perficiunt
725 2486 872 2526 partem
901 2478 1180 2515 intellectivam.
1212 2479 1289 2516 Sed
1316 2479 1391 2516 vir-

329 2539 427 2568 tutes
445 2531 710 2567 intellectuales
726 2543 804 2567 non
820 2538 906 2567 sunt
921 2543 1130 2567 connexae:
1146 2538 1272 2579 potest
1286 2531 1389 2568 enim

330 2584 462 2632 aliquis
481 2584 622 2620 habere
641 2595 758 2620 unam
783 2583 990 2630 scientiam,
1007 2583 1087 2620 sine
1106 2584 1182 2620 hoc
1201 2584 1306 2633 quod
1325 2584 1391 2634 ha-

331 2638 418 2673 beat
446 2636 570 2673 aliam.
605 2637 707 2684 Ergo
744 2636 856 2672 etiam
889 2649 1013 2685 neque
1041 2636 1197 2673 virtutes
1226 2637 1390 2674 morales

331 2697 416 2726 sunt
444 2701 649 2725 connexae.

382 2754 419 2788 4.
437 2743 668 2788 PRAETEREA,
686 2742 716 2778 si
734 2741 890 2778 virtutes
907 2743 1070 2778 morales
1091 2741 1163 2778 sint
1183 2754 1388 2789 connexae,

331 2796 405 2831 hoc
424 2807 502 2831 non
527 2802 583 2831 est
610 2794 679 2831 nisi
707 2794 796 2842 quia
826 2800 1100 2831 connectuntur
1120 2795 1157 2831 in
1176 2795 1388 2843 prudentia.

333 2847 409 2884 Sed
436 2848 510 2884 hoc
538 2860 616 2884 non
645 2847 782 2884 sufficit
810 2847 859 2884 ad
897 2847 1173 2884 connexionem
1207 2847 1389 2884 virtutum

332 2900 547 2937 moralium.
567 2900 726 2937 Videtur
755 2900 856 2936 enim
875 2901 979 2949 quod
1008 2900 1141 2949 aliquis
1169 2900 1288 2949 possit
1308 2913 1389 2937 esse

331 2953 499 3001 prudens
528 2953 625 2989 circa
657 2953 805 3000 agibilia
830 2957 940 3001 'quae
975 2953 1162 3002 pertinent
1192 2953 1240 2990 ad
1272 2966 1390 2990 unam

331 3005 522 3052 virtutem,
553 3006 632 3042 sine
659 3006 734 3042 hoc
763 3007 866 3054 quod
895 3006 941 3042 sit
964 3006 1132 3054 prudens
1153 3005 1190 3043 in
1215 3006 1272 3043 his
1292 3018 1391 3055 quae

332 3058 520 3106 pertinent
547 3059 596 3094 ad
625 3058 752 3095 aliam:
774 3058 868 3095 sicut
889 3058 1002 3095 etiarn
1030 3058 1164 3107 aliquis
1182 3066 1307 3108 potest
1325 3060 1390 3095 ha-

333 3111 422 3147 bere
439 3118 558 3147 artem
575 3111 672 3147 circa
687 3112 876 3159 quaedam
893 3111 1080 3159 factibilia,
1097 3112 1177 3148 sine
1197 3112 1271 3148 hoc
1287 3112 1391 3160 quod

333 3164 471 3200 habeat
490 3170 610 3200 artem
627 3164 723 3200 circa
738 3164 820 3200 alia.
843 3164 1048 3201 Prudentia
1068 3172 1196 3202 autem
1217 3172 1273 3202 est
1291 3172 1392 3202 recta

333 3216 425 3252 ratio
455 3215 658 3264 agibilium.
689 3217 790 3264 Ergo
820 3229 897 3253 non
918 3225 973 3254 est
992 3218 1248 3255 necessarium
1275 3218 1391 3255 virtu-

333 3276 388 3305 tes
418 3269 581 3305 morales
611 3281 692 3305 esse
723 3281 924 3306 connexas.

388 3322 461 3358 SED
490 3333 635 3358 CONTRA
664 3333 729 3358 EST
758 3322 864 3369 quod
891 3323 1119 3360 Ambrosius
1149 3323 1252 3370 dicit,
1281 3335 1393 3371 super

334 3375 478 3410 Lucam
493 3374 528 3411 *z
555 3375 759 3411 Connexae
771 3375 843 3411 sibi
854 3380 949 3418 sunt,
966 3381 1303 3424 concatenataeque
1316 3377 1391 3413 vir-

335 3432 436 3472 tutes,
468 3428 590 3475 utqui
608 3439 722 3464 unam
750 3428 870 3473 habet,
895 3427 1025 3475 plures
1053 3430 1190 3465 habere
1208 3430 1390 3466 videatur.

91 2061 172 2109 sftsst
183 2067 244 2109 ¹123:
256 2067 302 2109 ¹31}ss

88 2272 100 2283 '⁸
116 2270 175 2293 Ibid.
199 2277 250 2298 cap.
265 2277 303 2298 ιιι,

92 2303 145 2345 gig·-
153 2310 164 2314 -
170 2288 304 2320 s.‘rh.1ect.

95 3379 105 3388 ‘¹
116 3377 204 3404 Lib.v,
215 3383 265 3405 cap.
273 3384 306 3404 vr,

95 3410 156 3426 vers.
170 3410 198 3426 ιο
213 3410 264 3432 sqq.

389 3545 416 3579 α)
436 3553 488 3570 eas.
503 3560 519 3564 —
538 3546 650 3571 virtutes
669 3546 781 3571 morales
801 3547 910 3571 codices.

1444 1423 1676 1471 Augustinus
1697 1423 1811 1461 etiam
1830 1424 1928 1472 dicit,
1944 1425 1984 1462 in
2003 1425 2054 1462 VI
2074 1425 2120 1462 de
2137 1427 2174 1463 T
2169 1426 2254 1472 rin„
2271 1426 2291 1448 ²⁸
2309 1427 2416 1474 quod
2430 1428 2506 1464 vir·
2533 1435 2543 1443 '

1444 1482 1537 1513 tutes
1555 1488 1653 1525 quae
1678 1483 1766 1514 sunt
1788 1477 1825 1514 in
1850 1478 1979 1515 animo
1997 1479 2177 1525 humano,
2198 1479 2300 1516 nu‘llo
2320 1480 2432 1517 modo
2449 1492 2505 1517 se-

1439 1535 1630 1578 parantur
1642 1530 1691 1566 ab
1706 1530 1875 1567 invicem.
1893 1531 1942 1566 Et
1957 1531 2162 1578 Gregorius
2178 1532 2278 1578 dicit,
2294 1533 2401 1569 XXII
2415 1533 2504 1570 Μο-

1444 1582 1514 1619 ral.
1533 1583 1564 1629 ³⁸,
1586 1582 1690 1631 quod
1711 1594 1786 1619 una
1804 1583 1922 1619 virtus
1940 1585 2020 1620 sine
2037 1583 2121 1620 aliis
2139 1590 2205 1620 aut
2229 1585 2381 1621 omnino
2401 1585 2505 1622 nulla
2532 1593 2542 1603 ·

1444 1641 1508 1681 est,
1537 1641 1605 1672 aut
1629 1635 1857 1683 imperfecta.
1880 1636 1929 1672 Et
1947 1635 2095 1672 Tullius
2119 1636 2219 1684 dicit,
2244 1636 2284 1673 in
2312 1637 2344 1674 ΙΙ
2365 1637 2410 1674 de
2432 1637 2469 1674 T
2465 1650 2505 1674 u—

1444 1688 1536 1725 scul.
1571 1688 1718 1729 Quaest.
1738 1687 1774 1724 *ε
1796 1688 1838 1724 Si
1865 1700 1979 1724 unam
2006 1688 2180 1725 virtutem
2205 1690 2397 1737 confessus
2414 1702 2453 1727 es
2471 1696 2506 1728 te
2531 1701 2542 1713 ⁸

1445 1753 1519 1777 non
1539 1741 1688 1786 habere,
1709 1740 1851 1777 nullam
1872 1752 2018 1777 necesse
2036 1746 2091 1778 est
2107 1747 2142 1778 te
2158 1742 2387 1779 habiturum.

1498 1794 1723 1830 RESPONDEO
1745 1805 1929 1830 DICENDUM
1954 1793 2060 1842 quod
2078 1790 2196 1831 virtus
2211 1795 2366 1832 moralis
2380 1803 2507 1844 potest

1444 1846 1564 1895 accipi
1577 1847 1639 1883 vel
1654 1846 1832 1894 perfecta,
1852 1847 1915 1883 vel
1930 1846 2162 1895 imperfecta.
2179 1848 2404 1896 Imperfecta
2423 1848 2506 1896 qui-

1445 1899 1533 1935 dem
1562 1899 1716 1935 moralis
1743 1898 1873 1946 virtus,
1894 1907 1934 1935 ut
1957 1900 2207 1947 temperantia
2224 1901 2287 1937 vel
2312 1901 2504 1948 fortitudo,

1443 1951 1534 1988 nihil
1554 1951 1654 1988 aliud
1674 1959 1730 1988 est
1749 1964 1865 1999 quam
1886 1951 2011 2000 aliqua
2030 1952 2218 1989 inclinatio
2237 1953 2276 1990 in
2295 1953 2406 1990 nobis
2431 1953 2506 1990 exi-

1443 2012 1545 2041 stens
1565 2004 1612 2041 ad
1633 2016 1730 2052 opus
1750 2004 1904 2052 aliquod
1929 2005 1975 2041 de
1995 2017 2133 2053 genere
2157 2006 2350 2043 bonorum
2369 2005 2507 2044 facien-

1445 2058 1555 2094 dum:
1585 2057 1665 2094 sive
1694 2057 1776 2093 talis
1804 2057 1994 2094 inclinatio
2023 2058 2070 2094 sit
2097 2058 2135 2095 in
2163 2058 2275 2096 nobis
2303 2071 2326 2096 a
2352 2067 2503 2107 natura,

1443 2110 1524 2147 sive
1550 2122 1594 2149 ex
1614 2109 1868 2147 assuetudine.
1890 2111 1939 2147 Et
1957 2111 2032 2147 hoc
2050 2111 2170 2148 modo
2191 2111 2412 2160 accipiendo
2431 2111 2507 2149 vir-

1443 2171 1540 2200 tutes
1567 2163 1743 2210 morales,
1765 2175 1843 2199 non
1863 2170 1950 2200 sunt
1970 2175 2184 2201 connexae:
2206 2164 2383 2202 videmus
2403 2165 2506 2202 enim

1443 2216 1610 2265 aliquem
1639 2227 1685 2252 ex
1713 2215 1871 2252 naturali
1902 2217 2180 2266 complexione,
2209 2218 2271 2254 vel
2307 2230 2351 2254 ex
2380 2215 2507 2266 aliqua

1443 2268 1729 2315 consuetudine,
1751 2281 1834 2305 esse
1854 2277 2076 2318 promptum
2097 2270 2146 2307 ad
2171 2270 2506 2318 operaliberalitaz

1442 2322 1500 2368 tis,
1531 2321 1594 2370 qui
1623 2328 1753 2357 tamen
1773 2333 1851 2358 non
1881 2329 1936 2358 est
1962 2329 2162 2370 promptus
2190 2323 2241 2360 ad
2261 2335 2379 2372 opera
2398 2323 2507 2361 casti-

1443 2374 1539 2411 tatis.

1496 2426 1668 2462 Perfecta
1696 2433 1822 2462 autem
1850 2425 1970 2463 virtus
1990 2426 2144 2463 moralis
2164 2434 2220 2463 est
2237 2427 2387 2464 habitus
2405 2427 2506 2465 incli-

1444 2491 1539 2515 nans
1567 2478 1606 2514 in
1633 2479 1780 2515 bonum
1809 2491 1906 2527 opus
1935 2479 2033 2515 bene
2062 2479 2265 2526 agendum.
2295 2481 2345 2517 Et
2372 2480 2425 2517 sic
2445 2493 2505 2518 ac·

1444 2530 1620 2580 cipiendo
1652 2530 1810 2586 virtutes
1843 2532 2027 2578 morales,
2067 2532 2273 2569 dicendum
2307 2541 2363 2569 est
2394 2545 2459 2570 eas
2488 2538 2506 2555 α

1445 2595 1637 2621 connexas
1657 2596 1756 2630 esse;
1777 2590 1819 2619 ut
1837 2583 1914 2620 fere
1935 2585 1982 2620 ab
2003 2585 2183 2622 omnibus
2201 2584 2365 2633 ponitur.
2387 2585 2505 2623 Cuius

1444 2637 1538 2674 ratio
1570 2636 1707 2684 duplex
1731 2636 1952 2684 assignatur,
1974 2638 2184 2674 secundum
2211 2638 2320 2686 'quod
2349 2637 2507 2676 diversi-

1444 2689 1561 2726 mode
1590 2689 1709 2738 valiqui
1743 2689 1901 2726 virtutes
1938 2689 2146 2727 cardinales
2179 2690 2422 2738 distinguunt.
2455 2691 2506 2729 Ut
2563 2688 2566 2690 ’

1446 2743 1546 2779 enim
1567 2741 1709 2778 dictum
1739 2749 1794 2778 est
1811 2741 1842 2789 ⁵¹⁶,
1860 2742 2015 2791 quidam
2037 2742 2270 2791 distinguunt
2289 2755 2353 2780 eas
2372 2756 2505 2781 secun-

1445 2796 1538 2832 dum
1559 2795 1745 2843 quasdem
1765 2796 1958 2842 generales
1979 2795 2213 2833 conditiones
2227 2796 2427 2834 virtutum:
2447 2804 2504 2834 ut-

2531 2757 2542 2768 '
2557 2755 2606 2784 Qu.
2615 2759 2711 2783 m,m.
2721 2762 2742 2786 3,

1443 2856 1533 2897 pote
1562 2848 1667 2897 quod
1696 2847 1869 2884 discretio
1897 2848 2084 2896 pertineat
2107 2849 2156 2886 ad
2175 2849 2426 2898 prudentiam,
2447 2862 2505 2887 re·
2562 2881 2564 2883 ,

1445 2901 1584 2938 ctitudo
1600 2901 1647 2937 ad
1668 2900 1857 2948 iustitiam,
1874 2901 2112 2939 moderantia
2131 2903 2180 2939 ad
2199 2902 2503 2951 temperantiam,

1444 2953 1604 2991 firmitas
1619 2953 1735 2990 animi
1751 2953 1799 2990 ad
1818 2953 2091 3002 fortitudinem,
2107 2954 2145 2991 in
2165 2966 2409 3003 quacumque
2424 2967 2503 2992 ma-

1444 3006 1536 3044 teria
1565 3006 1634 3043 ista
1660 3006 1958 3044 considerentur.
1979 3007 2028 3044 Et
2047 3007 2258 3045 secundum
2278 3008 2364 3055 hoc,
2384 3007 2503 3045 mani-

1443 3060 1536 3096 feste
1565 3066 1722 3108 apparet
1750 3059 1843 3096 ratio
1871 3059 2134 3097 connexionis:
2163 3072 2242 3097 non
2264 3060 2365 3097 enim
2385 3060 2502 3098 firmi-

1443 3120 1499 3149 tas
1519 3113 1634 3149 habet
1656 3112 1810 3149 laudern
1829 3112 1988 3160 virtutis,
2010 3112 2041 3149 si
2060 3113 2106 3150 sit
2128 3113 2208 3150 sine
2228 3113 2502 3161 moderatione,

1442 3166 1504 3203 vel
1533 3164 1774 3212 rectitudine,
1804 3173 1868 3202 aut
1897 3165 2142 3212 discretione;
2177 3173 2212 3202 et
2240 3166 2376 3203 eadem
2410 3166 2503 3203 ratio

1445 3226 1500 3255 est
1515 3218 1562 3255 de
1578 3218 1669 3255 aliis.
1687 3218 1736 3254 Et
1754 3218 1853 3255 hanc
1873 3218 2058 3256 rationem
2080 3218 2327 3256 connexionis
2342 3219 2504 3267 assignat

1445 3271 1662 3319 Gregorius,
1692 3271 1799 3308 XXII
1827 3271 1972 3308 Moral.
1993 3271 2024 3318 ²⁸,
2055 3271 2186 3308 dicens
2211 3270 2226 3301 β
2255 3272 2362 3320 quod
2387 3272 2503 3309 virtu-

1446 3329 1508 3369 tes,
1533 3325 1567 3360 si
1591 3324 1666 3361 sint
1691 3323 1906 3370 disiunctae,
1937 3336 2010 3361 non
2035 3330 2193 3373 possunt
2209 3336 2287 3361 esse
2300 3325 2502 3373 perfectae,

1445 3377 1657 3413 secundum
1679 3376 1863 3413 rationem
1891 3376 2058 3414 virtutis:
2092 3377 2180 3426 quia
2213 3389 2281 3414 nec
2301 3376 2502 3425 prudentia

1444 3441 1536 3466 vera
1564 3436 1618 3466 est
1642 3441 1739 3478 quae
1767 3430 1875 3476 iusta,
1896 3435 2107 3478 temperans
2134 3435 2170 3467 et
2183 3430 2303 3478 fortis
2330 3441 2404 3466 non
2432 3435 2502 3473 est,-

1500 3547 1525 3581 β)
1547 3549 1643 3574 dicens.
1661 3562 1680 3568 —
1699 3549 1759 3573 Orn.
1779 3547 2007 3573 ABCDEFGHIL.

2530 3279 2540 3289 ·
2554 3278 2611 3300 Loe.
2626 3278 2666 3300 cit.
