2852 4152
117 453 192 501 :HLih
208 452 240 474 tv
248 468 254 478 ,
275 456 326 478 cap.

1029 258 1294 305 QUAESTIO
1323 258 1463 304 XLIX,
1492 256 1787 293 ARTICULUS
1818 258 1848 293 II

353 339 434 388 prie
471 337 574 375 enim
610 337 768 384 qualitas
805 336 981 385 importat
1017 337 1208 386 quendam
1246 336 1408 373 modum

354 390 594 429 substantiae.
623 389 765 426 Modus
794 397 920 426 autem
950 397 1023 437 est,
1053 398 1094 426 ut
1122 389 1208 426 dicit
1234 389 1410 437 Augusti-

355 456 438 490 nus,
452 454 564 491 super
582 443 672 479 Gen.
690 442 741 478 ad
757 442 918 478 litteram
933 442 963 488 ²¹⁸,
980 455 1089 491 quem
1105 454 1282 479 mensura
1296 454 1409 490 prae-

344 496 458 546 figit:
486 495 586 533 unde
619 495 797 544 importat
829 495 1022 543 quandam
1057 494 1408 532 determinationem

355 548 568 586 secundum
596 547 761 596 aliquam
789 559 1020 585 mensuram.
1050 549 1100 585 Et
1130 547 1218 585 ideo
1246 547 1342 584 sicut
1368 547 1407 584 id

356 601 567 639 secundum
601 600 704 649 quod
733 600 1003 638 determinatur
1029 601 1198 649 potentia
1228 601 1407 637 materiae

356 655 568 692 secundum
587 665 669 690 esse
689 653 943 699 substantiale,
969 654 1101 690 dicitur
1128 653 1286 702 qualitas
1309 665 1407 701 quae

357 714 414 744 est
430 705 444 729 ὅ
463 705 672 744 differentia
686 706 929 752 substantiae;
955 706 1004 743 ita
1019 706 1057 743 id
1076 706 1288 743 secundum
1303 705 1407 754 quod

357 758 625 797 determinatur
650 758 818 806 potentia
841 759 997 795 subiecti
1017 759 1227 796 secundum
1247 770 1329 795 esse
1348 771 1408 795 ac-

356 811 555 858 cidentale,
585 811 719 847 dieitur
752 811 910 859 qualitas
938 811 1192 858 accidentalis,
1226 823 1324 859 quae
1353 819 1409 848 est

356 864 466 901 etiam
495 864 686 912 quaedam
715 864 934 911 differentia,
963 872 1006 901 ut
1023 872 1126 912 patet
1142 876 1211 913 per
1237 863 1408 900 Philoso-

227 929 328 976 ⁸⁰{cv'1
353 917 474 966 phum
502 917 541 953 in
558 917 594 953 V
611 917 826 965 Metaphys.
842 916 863 938 '¹‘

408 969 550 1006 Modus
578 977 704 1006 autern
734 969 814 1006 sive
842 969 1104 1006 determinatio
1127 974 1140 990 ⁸
1168 968 1324 1005 subiecti
1353 981 1409 1005 se-

357 1022 525 1059 cundum
555 1034 637 1058 esse
665 1022 906 1069 accidentale,
927 1029 1051 1070 potest
1069 1021 1188 1070 accipi
1210 1022 1272 1058 vel
1292 1021 1328 1057 in
1350 1034 1410 1058 or-

357 1075 443 1112 dine
472 1075 521 1112 ad
549 1075 671 1123 ipsam
700 1083 873 1111 naturam
902 1074 1076 1120 subiecti3
1104 1075 1166 1111 vel
1198 1074 1409 1111 secundum

356 1128 545 1165 actionem
570 1135 606 1164 et
629 1128 847 1176 passionem
870 1139 968 1175 quae
998 1134 1282 1176 consequuntur
1309 1126 1409 1175 prin—

357 1180 454 1229 cipia
481 1188 653 1227 naturae,
684 1193 781 1229 quae
810 1188 896 1217 sunt
927 1180 1084 1217 materia
1113 1187 1148 1216 et
1175 1180 1318 1224 forma;
1346 1180 1408 1216 vel

357 1234 568 1271 secundum
596 1233 854 1281 quantitatem.
886 1232 925 1269 Si
953 1240 1078 1269 autem
1105 1232 1307 1281 accipiatur
1326 1244 1408 1268 mo-

358 1287 428 1323 dus
454 1287 517 1323 vel
546 1285 806 1323 determinatio
839 1285 996 1321 subiecti
1025 1286 1235 1322 secundum
1263 1284 1410 1334 quanti-

356 1346 490 1385 tatem,
519 1339 572 1375 sic
600 1345 657 1374 est
683 1345 816 1385 quarta
844 1337 990 1385 species
1017 1337 1214 1385 qualitatis.
1245 1338 1294 1373 Et
1320 1337 1409 1384 quia

357 1391 797 1440 quantitasrsecundum
817 1389 875 1425 sui
899 1389 1096 1435 rationem,
1117 1397 1172 1426 est
1190 1389 1270 1426 sine
1288 1397 1407 1435 motu,

304 1467 308 1469 Α
355 1444 500 1480 et-siiie
533 1442 677 1479 ratione
710 1441 800 1478 boni
833 1449 870 1478 et
897 1441 1006 1486 mali;
1040 1441 1126 1478 ideo
1159 1441 1206 1478 ad
1235 1449 1408 1490 quartam

117 2233 204 2283 ἔὲξιξ
209 2239 254 2261 ¹7·-
259 2232 331 2255 S.Th.

357 1495 524 1544 speciem
552 1494 737 1543 qualitatis
764 1505 842 1530 non
876 1493 1036 1542 pertinet
1063 1493 1168 1540 quod
1196 1493 1335 1541 aliquid
1364 1494 1410 1530 sit

356 1547 456 1584 bene
481 1547 553 1584 vel·
572 1547 683 1594 male,
714 1546 786 1583 cito
805 1546 867 1582 vel
886 1546 991 1583 tarde
1011 1546 1204 1582 transiens.
1221 1567 1245 1573 -
1267 1546 1408 1582 Modus

357 1607 486 1638 autem
500 1600 581 1637 sive
596 1598 860 1636 determinatio
871 1597 883 1621 ζ
898 1598 1054 1635 subiecti
1069 1598 1281 1635 secundum
1296 1599 1411 1635 actio-

358 1665 446 1690 nem
468 1661 504 1690 et
521 1652 755 1701 passionem,
785 1651 987 1688 attenditur
1005 1651 1042 1687 in
1061 1650 1229 1688 secunda
1249 1659 1284 1688 et
1303 1651 1410 1688 tertia

359 1705 484 1754 specie
511 1705 708 1754 qualitatis.
739 1705 787 1741 Et
811 1704 899 1741 ideo
918 1704 957 1741 in
975 1711 1135 1753 utraque
1155 1704 1410 1741 consideratur

360 1759 465 1808 quod
483 1758 623 1807 aliquid
642 1757 748 1795 facile
766 1758 830 1794 vel
849 1756 1000 1794 difficile
1019 1757 1097 1803 fiat,
1116 1757 1179 1794 vel
1202 1757 1307 1805 quod
1326 1756 1372 1793 sit
1390 1762 1409 1784 η

359 1811 432 1848 cito
459 1811 644 1849 transiens
671 1818 735 1848 aut
763 1810 993 1847 diutumum.
1023 1810 1114 1846 Non
1143 1817 1270 1846 autem
1290 1810 1411 1846 consi-

358 1865 511 1902 deratur
527 1864 566 1901 in
584 1863 642 1901 his
660 1863 802 1911 aliquid
829 1862 1020 1911 pertinens
1039 1864 1086 1900 ad
1106 1862 1291 1899 rationem
1320 1862 1411 1899 boni

356 1917 418 1954 vel
447 1917 554 1955 mali:
587 1916 676 1964 quia
710 1923 837 1952 motus
869 1922 906 1952 et
932 1915 1128 1964 passiones
1160 1927 1238 1952 non
1271 1915 1413 1952 habent

358 1970 542 2007 rationem
569 1969 677 2016 finis,
706 1969 853 2005 bonum
882 1976 1009 2005 autem
1043 1975 1079 2004 et
1105 1969 1249 2004 malum
1279 1967 1414 2005 dicitur

357 2034 427 2071 per
452 2030 665 2072 respectum
692 2021 742 2059 ad
769 2022 900 2058 finem.
920 2041 945 2049 -
966 2021 1043 2058 Sed
1071 2020 1208 2057 modus
1238 2027 1274 2057 et
1293 2020 1414 2057 deter-

358 2074 513 2112 minatio
541 2074 699 2112 subiecti
725 2074 763 2111 in
791 2074 924 2111 ordine
951 2075 1000 2110 ad
1028 2081 1202 2109 naturam
1231 2073 1300 2121 rei,
1329 2086 1414 2122 per-

358 2127 450 2165 tinet
475 2128 524 2166 ad
553 2127 716 2176 primam
744 2126 910 2176 speciem
930 2125 1127 2175 qualitatis,
1156 2138 1254 2174 quae
1275 2133 1330 2163 est
1347 2127 1413 2162 ha-

360 2180 460 2218 bitus
479 2188 516 2217 et
534 2179 746 2229 dispositio:
767 2179 855 2217 dicit
878 2179 980 2215 enim
1000 2179 1266 2228 Philosophus,
1286 2178 1324 2215 in
1342 2179 1411 2215 VII

358 2233 545 2282 Phy·sic.*,
562 2234 722 2280 loquens
743 2233 790 2269 de
809 2232 996 2269 habitibus
1016 2231 1165 2268 animae
1180 2238 1216 2268 et
1231 2231 1412 2280 corporis,

359 2287 466 2335 quod
494 2294 579 2323 sunt
601 2285 854 2334 dispositiones
872 2285 1057 2332 quaedam
1079 2285 1239 2332 perfecti
1254 2285 1306 2321 ad
1323 2284 1413 2332 opti-

359 2351 464 2376 mum
471 2352 486 2383 ;
517 2339 599 2375 dico
631 2344 756 2375 autem
778 2338 956 2386 perfecti,
987 2337 1088 2385 quod
1119 2342 1172 2373 est
1198 2337 1412 2384 dispositum

357 2392 560 2428 secundum
585 2396 774 2428 naturam.
795 2391 844 2427 Et
862 2389 951 2437 quia
970 2390 1050 2437 ipsa
1066 2390 1204 2437 forma
1223 2395 1259 2426 et
1275 2395 1412 2426 natura

359 2445 417 2481 rei
441 2450 496 2481 est
509 2443 604 2492 finis
629 2449 663 2480 et
681 2441 693 2464 ⁰
713 2443 818 2479 cuius
840 2453 956 2479 causa
971 2443 1026 2490 fit
1049 2442 1201 2490 aliquid,
1220 2449 1262 2478 ut
1281 2442 1415 2479 dicitur

249 2517 256 2528 ‚
288 2516 294 2522 ·
322 2507 332 2542 ξ
359 2497 398 2534 in
417 2498 448 2533 ΙΙ
467 2497 615 2545 Physic.
630 2495 667 2541 ἰ“;
688 2496 775 2533 ideo
794 2495 832 2532 in
851 2495 972 2544 prima
992 2495 1118 2543 specie
1133 2501 1141 2516 ²
1157 2494 1415 2532 consideratur

261 2543 268 2550 ”
360 2557 396 2587 et
422 2550 568 2586 bonum
598 2556 633 2585 et
661 2549 827 2594 malum;
857 2555 893 2584 et
921 2548 1035 2584 etiam
1063 2547 1170 2584 facile
1199 2555 1235 2583 et
1263 2547 1415 2584 difficile

361 2602 519 2648 mobile,
549 2601 761 2638 secundum
790 2601 895 2648 quod
923 2600 1050 2647 aliqua
1077 2607 1210 2636 natura
1245 2607 1300 2636 est
1326 2600 1413 2636 finis

326 2679 333 2685 -
361 2653 611 2702 generationis
646 2661 683 2689 et
703 2653 854 2689 motus.
887 2652 999 2689 Unde
1033 2651 1071 2688 in
1098 2652 1133 2687 V
1159 2652 1375 2699 Metaphys.
1395 2651 1416 2673 '¹‘

327 2705 332 2711 '
362 2706 618 2754 Philosophus
646 2705 777 2742 definit
803 2704 987 2750 habitum,
1016 2703 1122 2751 quod
1147 2711 1201 2740 est
1228 2704 1414 2752 dispositio

361 2759 563 2795 secundum
591 2769 706 2806 quam
734 2757 868 2805 aliquis
895 2757 1101 2805 disponitur
1119 2757 1211 2793 hene
1227 2757 1287 2793 vel
1303 2757 1413 2793 male.

201 2822 240 2842 .v,
270 2832 276 2837 ·
363 2812 412 2848 Et
430 2811 468 2847 in
487 2812 519 2847 11
539 2809 690 2847 Emit-,²⁸
709 2809 796 2846 dicit
818 2810 922 2857 quod
941 2809 1087 2846 habitus
1104 2814 1192 2845 sunt
1212 2810 1415 2846 secundum

363 2875 454 2912 quos
481 2863 532 2900 ad
556 2863 750 2911 passiones
777 2874 845 2899 nos
880 2863 1059 2899 habemus
1092 2855 1184 2898 hehe
1214 2862 1274 2899 vel
1305 2862 1414 2899 male.

363 2916 529 2963 Quando
550 2916 652 2953 enim
672 2923 727 2951 est
746 2915 884 2952 modus
912 2915 1143 2951 conveniens
1168 2922 1323 2951 naturae
1344 2914 1415 2961 rei,

361 2977 451 3006 tunc
483 2969 598 3005 habet
630 2968 815 3004 rationem
846 2967 957 3004 boni:
991 2967 1146 3015 quando
1180 2974 1307 3003 autern
1339 2979 1417 3004 non

363 3021 552 3068 convenit,
579 3029 669 3058 tunc
696 3021 811 3057 habet
838 3020 1021 3056 rationem
1046 3018 1147 3056 mali.
1177 3019 1227 3055 Et
1245 3020 1334 3068 quia
1353 3032 1418 3056 na—

362 3082 446 3111 tura
474 3082 529 3110 est
547 3074 585 3111 id
605 3073 710 3122 quod
731 3073 896 3122 primum
922 3072 1180 3109 consideratur
1199 3071 1237 3108 in
1256 3084 1309 3120 re,
1329 3072 1416 3109 ideo

362 3126 510 3164 habitus
538 3126 690 3175 ponitur
716 3125 837 3174 prima
865 3125 1009 3174 species
1037 3124 1234 3173 qualitatis.

415 3181 473 3216 An
502 3191 639 3216 ptumum
665 3190 764 3215 ERGO
792 3189 974 3215 DICENDUM
1003 3177 1107 3226 quod
1134 3176 1330 3225 dispositio
1359 3189 1418 3214 or-

363 3232 491 3269 dinem
519 3231 713 3279 quendam
741 3231 930 3279 importat,
958 3238 1001 3266 ut
1020 3230 1162 3267 dictum
1183 3237 1238 3266 est
1254 3229 1286 3266 ²⁸⁸.
1307 3230 1418 3267 Unde

362 3297 441 3322 non
470 3284 603 3321 dicitur
636 3284 769 3332 aliquis
803 3283 950 3332 disponi
978 3294 1046 3331 per
1079 3282 1314 3330 qualitatem,
1348 3282 1418 3319 nisi

362 3338 400 3375 in
421 3337 553 3374 ordine
572 3337 621 3374 ad
650 3336 801 3385 aliquid.
822 3337 871 3372 Et
890 3336 920 3372 si
938 3335 1099 3372 addatur
1117 3335 1209 3371 bene
1226 3335 1286 3371 vel
1303 3335 1413 3381 male,

362 3390 467 3439 quod
495 3390 657 3439 pertinet
676 3389 723 3426 ad
743 3388 928 3426 rationem
957 3387 1118 3435 habitus,
1147 3394 1296 3436 oportet
1313 3388 1418 3436 quod

413 3476 439 3510 ὅ)
458 3480 506 3502 est.
524 3490 543 3496 -
560 3479 600 3501 est
617 3483 672 3500 esse
691 3475 865 3508 ACFGlpBD.

413 3513 436 3545 ε)
456 3511 651 3537 determinatio.
668 3524 687 3531 -
706 3510 859 3535 terminatio
878 3510 1080 3543 ACDGHleB.

413 3546 440 3579 ζ)
460 3547 655 3572 determinatio.
673 3561 688 3565 -
711 3545 864 3574 terminatio
882 3545 1063 3571 ABCDGHIL.

414 3582 441 3615 η)
459 3582 503 3607 sit.
521 3597 540 3602 —
558 3582 620 3607 Om.
638 3581 862 3613 ABCGIKLle-l.

2445 259 2514 296 311

1463 335 1675 372 attendatur
1703 335 1799 372 ordo
1819 335 1868 372 ad
1887 342 2072 382 naturam,
2094 347 2193 383 quae
2213 343 2268 373 est
2285 337 2381 373 finis.
2408 335 2519 374 Unde

1463 388 1672 424 secundum
1692 387 1867 435 figuram,
1883 388 1945 424 vel
1960 388 2171 424 secundum
2192 389 2358 425 calorem
2378 390 2439 426 vel
2459 390 2520 426 fri-

1463 453 1544 488 gus,
1573 452 1651 477 non
1683 440 1817 477 dicitur
1849 440 1981 488 aliquis
2010 440 2160 489 disponi
2189 441 2287 478 bene
2314 442 2375 478 vel
2405 442 2518 488 male,

1463 493 1534 530 nisi
1562 493 1773 530 secundum
1802 493 1975 530 ordinem
2004 493 2052 530 ad
2081 501 2255 530 naturam
2285 494 2356 540 rei,
2386 507 2519 531 secun-

1464 546 1556 582 dum
1584 545 1690 594 quod
1724 553 1780 582 est
1807 545 2039 582 conveniens
2075 546 2138 582 vel
2166 558 2245 583 non
2273 547 2516 584 conveniens.

1463 598 1572 635 Unde
1601 606 1639 635 et
1664 598 1768 647 ipsae
1795 599 1940 646 figurae
1961 605 1996 635 et
2013 598 2209 647 passibiles
2232 599 2440 646 qualitates,
2461 612 2518 636 se-

1463 651 1631 687 cundum
1660 651 1767 698 quod
1796 651 2082 688 considerantur
2098 658 2140 687 ut
2159 651 2428 688 convenientes
2455 653 2518 689 vel

1463 715 1541 740 non
1569 703 1840 741 convenientes
1871 710 2026 740 naturae
2055 703 2129 750 rei,
2162 703 2350 752 pertinent
2377 704 2426 741 ad
2453 705 2519 741 ha-

1463 756 1561 792 bitus
1589 756 1650 792 vel
1681 756 1960 804 dispositiones:
1983 768 2073 793 nam
2093 756 2226 804 figura,
2246 764 2360 805 prout
2379 769 2518 794 conve-

1463 808 1517 845 nit
1544 815 1699 845 naturae
1719 809 1784 855 rei,
1814 816 1849 846 et
1868 809 1982 855 color,
2002 808 2190 857 pertinent
2209 809 2258 846 ad
2276 809 2519 858 pulchritudi-

1463 873 1573 907 nem;
1603 862 1706 898 calor
1724 869 1852 898 autem
1872 868 1909 898 et
1927 861 2052 909 frigus,
2073 861 2285 899 secundum
2305 862 2410 910 quod
2430 875 2519 899 con-

1462 913 1621 950 veniunt
1652 921 1808 950 naturae
1837 914 1908 961 rei,
1936 913 2124 962 pertinent
2151 915 2200 951 ad
2227 915 2436 951 sanitatem.
2470 916 2520 952 Et

1464 967 1537 1002 hoc
1565 966 1683 1003 modo
1714 966 1877 1003 caliditas
1906 974 1941 1003 et
1969 966 2145 1015 frigiditas
2173 975 2367 1016 ponuntur
2389 980 2411 1004 a
2430 967 2518 1004 Phi-

1463 1019 1625 1067 losopho
1641 1018 1660 1040 '¹‘
1685 1019 1724 1055 in
1750 1019 1874 1067 prima
1901 1019 2026 1068 specie
2055 1019 2251 1068 qualitatis.

1515 1071 1626 1108 Unde
1654 1079 1757 1120 patet
1783 1071 1919 1108 solutio
1948 1072 1997 1108 ad
2017 1073 2240 1110 secundum.
2263 1072 2369 1109 Licet
2389 1085 2411 1109 a
2435 1073 2517 1121 qui-

1463 1124 1625 1161 busdam
1642 1124 1745 1160 aliter
1759 1125 1937 1171 solvatur,
1953 1133 1994 1161 ut
2009 1125 2221 1173 Simplicius
2237 1125 2335 1172 dicit,
2351 1125 2388 1162 in
2408 1126 2517 1162 Com-

1463 1183 1586 1214 mento
1614 1177 2008 1214 Praedicamentorum
2031 1179 2061 1214 ff.

1516 1231 1574 1266 AD
1602 1241 1761 1267 TERTtUM
1790 1241 1972 1267 DICENDUM
1992 1230 2096 1278 quod
2117 1230 2185 1267 ista
2206 1229 2427 1278 differentia,
2446 1231 2516 1279 dif-

1452 1282 1559 1329 ficile
1591 1282 1743 1328 mobile,
1777 1295 1855 1319 non
1893 1283 2122 1319 diversificat
2152 1283 2324 1319 habitum
2357 1284 2405 1320 ab
2438 1283 2517 1320 aliis

1463 1334 1662 1382 speciebus
1681 1335 1878 1382 qualitatis,
1899 1335 1966 1372 sed
1985 1348 2007 1372 a
2027 1335 2285 1384 dispositione.
2310 1335 2516 1384 Dispositio

1463 1394 1590 1423 autem
1612 1387 1808 1436 dupliciter
1827 1387 2021 1436 accipitur:
2049 1400 2128 1424 uno
2147 1389 2279 1436 modo,
2305 1389 2516 1426 secundum

1464 1440 1568 1486 quod
1598 1447 1653 1476 est
1679 1452 1798 1487 genus
1826 1440 1995 1487 habitus,
2026 1452 2127 1477 nam.
2145 1440 2182 1477 in
2205 1441 2241 1477 V
2267 1440 2519 1489 Metaphys.*

1464 1490 1659 1539 dispositio
1679 1492 1834 1539 ponitur
1851 1492 1889 1529 in
1909 1493 2128 1530 definitione
2148 1493 2316 1539 habitus;
2346 1494 2418 1530 alio
2434 1506 2519 1531 mo-

1464 1544 1526 1589 do,
1556 1544 1766 1581 seeundum
1800 1544 1906 1592 quod
1934 1553 1989 1581 est
2016 1545 2157 1592 aliquid
2185 1553 2315 1582 contra
2346 1546 2518 1583 habitum

1463 1595 1628 1632 divisum
1642 1596 1672 1632 ²¹⁸.
1694 1597 1743 1632 Et
1761 1604 1886 1644 potest
1904 1597 2056 1644 intelligi
2077 1597 2273 1646 dispositio
2292 1599 2443 1646 proprie
2464 1599 2520 1635 di-
2544 1606 2556 1618 ⁸

1463 1655 1521 1684 cta
1542 1647 1732 1684 condividi
1752 1656 1882 1685 contra
1900 1649 2082 1695 habiturn,
2104 1650 2310 1698 dupliciter.
2329 1651 2416 1687 Uno
2437 1663 2520 1688 mo-

1464 1701 1526 1747 do,
1547 1700 1642 1737 sicut
1659 1701 1870 1749 perfectum
1886 1709 1922 1738 et
1940 1702 2201 1751 imperfectum
2222 1702 2259 1739 in
2280 1703 2416 1740 eadem
2436 1716 2520 1752 spe-

1464 1753 1536 1789 cie:
1565 1761 1607 1790 ut
1634 1753 1774 1790 scilicet
1801 1753 1995 1802 dispositio
2017 1755 2172 1802 dicatur,
2193 1755 2356 1792 retinens
2376 1767 2520 1793 nomen

1465 1818 1684 1852 commune,
1713 1806 1867 1855 quando
1896 1807 2112 1855 imperfecte
2136 1808 2243 1854 inest,
2272 1808 2323 1845 ita
2341 1809 2447 1857 quod
2473 1809 2520 1846 de

1464 1859 1571 1896 facile
1599 1859 1794 1905 amittitur;
1822 1860 1973 1897 habitus
2000 1868 2144 1908 autem,
2173 1861 2328 1908 quando
2356 1862 2521 1909 perfecte

1465 1911 1575 1958 inest,
1604 1919 1646 1948 ut
1666 1918 1683 1934 “
1709 1924 1788 1949 non
1815 1913 1863 1950 de
1891 1913 1987 1949 facili
2016 1914 2215 1950 amittatur.
2246 1915 2294 1950 Et
2313 1913 2365 1950 sic
2394 1914 2520 1963 dispo-

1466 1964 1548 2001 sitio
1576 1965 1619 2001 fit
1645 1965 1807 2012 habitus,
1836 1966 1931 2002 sicut
1957 1978 2053 2014 puer
2080 1966 2122 2003 fit
2148 1966 2219 2003 vir.
2239 1987 2262 1994 -
2287 1966 2372 2003 Alio
2401 1968 2520 2004 modo

1466 2025 1626 2066 possunt
1654 2017 1828 2066 distingui
1848 2018 1942 2055 sicut
1961 2019 2132 2055 diversae
2160 2019 2305 2068 species
2328 2019 2440 2056 unius
2459 2032 2522 2068 ge-

1467 2070 1565 2107 neris
1600 2071 1824 2107 subalterni:
1853 2078 1895 2108 ut
1928 2071 2100 2108 dicantur
2135 2072 2399 2121 dispositiones
2436 2073 2519 2110 illae

1467 2123 1663 2170 qualitates
1690 2123 1835 2171 primae
1863 2124 2012 2172 speciei,
2033 2125 2170 2172 quibus
2190 2125 2368 2162 convenit
2387 2138 2521 2163 secun-

1467 2176 1558 2212 dum
1586 2176 1779 2224 propriam
1812 2177 1997 2214 rationem
2025 2185 2067 2213 ut
2093 2178 2142 2214 de
2170 2178 2265 2214 facili
2292 2179 2518 2225 amittantur,

1467 2228 1555 2277 quia
1582 2229 1724 2265 habent
1751 2241 1884 2266 causas
1910 2230 2226 2278 transmutabiles‚
2255 2239 2297 2268 ut
2324 2231 2518 2279 aegritudo

1467 2289 1503 2317 et
1530 2281 1683 2327 sanitas;
1711 2282 1861 2319 habitus
1887 2293 1981 2319 vero
2011 2283 2186 2320 dicuntur
2210 2283 2295 2320 illae
2324 2284 2520 2333 qualitates

1466 2346 1564 2382 quae
1584 2334 1794 2371 secundum
1815 2347 1924 2371 suam
1945 2335 2130 2372 rationem
2154 2337 2296 2373 habent
2318 2338 2424 2385 quod
2442 2349 2520 2374 non

1467 2387 1514 2423 de
1533 2386 1630 2423 facili
1649 2394 1956 2434 transmutentur,
1973 2388 2061 2437 quia
2075 2390 2216 2426 habent
2231 2401 2364 2426 causas
2382 2390 2521 2427 immo-

1467 2439 1572 2487 biles,
1593 2439 1689 2476 sicut
1707 2439 1883 2477 scientiae
1904 2448 1940 2477 et
1958 2441 2124 2479 virtutes.
2146 2443 2196 2478 Et
2214 2443 2426 2480 secundum
2446 2444 2521 2479 hoc

1468 2492 1662 2540 dispositio
1691 2505 1770 2529 non
1797 2493 1840 2530 fit
1858 2493 2018 2530 habitus.
2048 2495 2097 2532 Et
2123 2495 2198 2531 hoc
2224 2495 2375 2532 videtur
2401 2496 2522 2543 magis

1469 2557 1682 2582 consonum
1710 2545 1906 2582 intentioni
1938 2546 2157 2584 Aristotelis.
2192 2548 2303 2585 Unde
2331 2549 2379 2585 ad
2410 2549 2523 2585 huius

1469 2597 1714 2634 distinctionis
1732 2598 1998 2646 probationem
2017 2599 2159 2636 inducit
2172 2599 2192 2621 ²⁸
2207 2612 2455 2637 communem
2468 2602 2524 2638 lo-

1469 2650 1610 2697 quendi
1625 2650 1950 2698 consuetudinem,
1966 2652 2178 2689 secundum
2193 2665 2311 2700 quam
2326 2654 2522 2701 qualitates

1469 2715 1567 2750 quae
1584 2703 1793 2740 secundum
1809 2703 1993 2741 rationem
2009 2717 2118 2741 suam
2130 2713 2217 2742 sunt
2232 2706 2336 2742 facile
2348 2706 2521 2754 mobiles,

1469 2755 1499 2791 si
1519 2767 1564 2791 ex
1584 2755 1710 2804 aliquo
1739 2756 1922 2793 accidenti
1950 2757 2100 2794 difficile
2121 2758 2282 2795 mobiles
2305 2759 2520 2806 reddantur,

1468 2808 1617 2857 habitus
1637 2808 1827 2846 dicuntur:
1849 2817 1884 2846 et
1899 2821 1919 2846 e
1935 2822 2122 2847 converso
2142 2818 2198 2847 est
2217 2812 2264 2848 de
2285 2812 2523 2860 qualitatibus

1469 2865 1567 2909 quae
1595 2862 1807 2898 secundum
1832 2874 1941 2899 suam
1960 2863 2143 2900 rationem
2166 2872 2252 2901 sunt
2272 2864 2422 2901 difficile
2441 2877 2524 2902 mo-

1470 2913 1583 2959 biles;
1604 2926 1694 2951 nam
1719 2915 1749 2951 si
1767 2915 1901 2962 aliquis
1921 2915 2138 2964 imperfecte
2158 2917 2296 2954 habeat
2315 2917 2523 2965 scientiam,

1470 2974 1511 3003 ut
1539 2967 1587 3003 de
1615 2967 1710 3004 facili
1737 2968 1856 3015 possit
1883 2968 2004 3016 ipsam
2032 2969 2212 3016 amittere,
2242 2970 2363 3018 magis
2392 2970 2526 3008 dicitur

1471 3019 1619 3067 disponi
1647 3019 1697 3056 ad
1725 3020 1918 3057 scientiam
1952 3033 2069 3068 quam
2098 3021 2291 3059 scientiam
2326 3023 2467 3060 habere
2491 3023 2522 3060 ³⁸.

1471 3073 1529 3108 Ex
1557 3084 1634 3120 quo
1653 3068 1764 3121 'patet
1787 3073 1890 3121 quod
1910 3085 2053 3111 nomen
2071 3075 2222 3112 habitus
2242 3075 2525 3114 diuturnitatem

1473 3125 1667 3172 quandam
1694 3125 1893 3173 importat3
1927 3139 2005 3163 non
2032 3135 2160 3164 autem
2193 3140 2337 3166 nomen
2365 3129 2527 3179 disposi-

1471 3185 1595 3214 t10n1s.

1526 3230 1609 3266 Nec
1630 3229 1834 3278 impeditur
1846 3231 1937 3280 quin
1951 3232 2162 3269 secundum
2178 3234 2252 3270 hoc
2266 3234 2386 3281 facile
2405 3240 2441 3271 et
2457 3235 2527 3283 dif-

1461 3282 1569 3330 ficile
1596 3282 1732 3318 mobile
1759 3282 1831 3319 sint
1857 3284 2057 3332 specificae
2087 3285 2336 3334 differentiae,
2372 3295 2527 3336 propter

1472 3335 1546 3371 hoc
1574 3335 1679 3383 quod
1700 3335 1767 3372 ista
1785 3336 1972 3384 pertinent
1990 3338 2039 3374 ad
2057 3338 2272 3387 passionem
2303 3348 2338 3377 et
2364 3347 2524 3387 motum,

1475 3394 1510 3424 et
1537 3399 1616 3424 non
1644 3387 1693 3424 ad
1720 3400 1839 3435 genus
1867 3389 2063 3437 qualitatis.
2093 3392 2196 3428 Nam
2224 3392 2316 3429 istae
2353 3392 2527 3430 differen-

1526 3474 1549 3506 0)
1569 3480 1602 3500 et.
1621 3489 1639 3494 -
1658 3476 1718 3500 Om.
1731 3476 1783 3501 EF.

1526 3511 1544 3542 ι)
1564 3511 1656 3542 specie.
1674 3525 1692 3529 -
1710 3511 1846 3543 qualitatis
1865 3512 1961 3537 addunt
1978 3513 2053 3537 EFG.

1526 3546 1551 3578 κ)
1571 3549 1609 3570 ut.
1627 3560 1644 3564 -
1663 3546 1701 3571 ita
1719 3546 1791 3578 quod
1808 3546 1837 3578 E,
1858 3547 1896 3571 ita
1914 3550 1943 3572 ut
1961 3547 1991 3572 F.

2546 1033 2554 1042 ”
2570 1032 2628 1054 Vide
2641 1039 2688 1060 arg.
2697 1039 2719 1055 2.

2543 1187 2555 1198 ⁴
2569 1187 2625 1209 Loc.
2639 1187 2678 1208 cit.

2545 1449 2630 1497 ’,τισι
2649 1449 2754 1477 proxime

2545 1481 2565 1497 ci
2578 1491 2584 1497 .

2571 1607 2598 1628 D.
2612 1612 2662 1635 5²⁰·

2549 2612 2561 2623 ⁸
2575 2612 2696 2639 Categor„
2709 2616 2760 2638 cap.

2550 2644 2578 2666 vi,
2594 2644 2618 2659 n.
2631 2645 2656 2664 4·

2551 3033 2562 3044 ⁸
2576 3033 2612 3055 Cf.
2627 3033 2684 3054 ibid.
2703 3038 2726 3054 n.
2740 3038 2761 3060 5.
