2846 4146
382 208 455 255 398

1073 211 1337 258 QUAESTIO
1368 211 1469 256 LXI,
1498 209 1793 245 ARTICULUS
1821 209 1856 245 V

1170 341 1484 385 ARTICULUS
1515 342 1769 392 QUINTUS

518 445 673 476 UTRUM
696 446 911 476 VIRTUTES
936 444 1204 476 CARDINALES
1229 443 1567 474 CONVENIENTER
1589 443 1860 474 DIVIDANTUR
1882 443 1924 474 IN
1948 444 2162 477 VIRTUTES
2185 446 2424 482 POLITICAS,

926 487 1244 522 PURGATORIAS,
1269 487 1457 518 PURGATI
1482 487 1620 523 ANIMI,
1645 487 1702 517 ET
1725 487 2008 519 EXEMPLARES

645 576 675 600 111
696 576 779 605 Sent„
800 577 857 601 dist.
877 583 961 603 xxxin,
981 583 1025 606 qu.
1045 582 1062 602 1,
1082 581 1127 598 art.
1147 581 1171 604 4,
1191 574 1222 597 ad
1243 580 1270 603 23
1291 573 1348 598 dist.
1367 581 1448 603 xxxiv,
1468 581 1512 605 qu.
1531 581 1548 602 1,
1567 578 1613 598 art.
1632 581 1648 603 1,
1668 581 1721 606 arg.
1741 573 1771 604 63
1792 574 1833 599 De
1856 574 1945 604 Ver-it„
1966 583 2010 607 qu.
2029 583 2093 607 xxvr,
2113 582 2158 601 art.
2177 576 2201 607 8,
2221 578 2252 601 ad
2273 585 2296 603 2.

559 683 580 733 ἥ
599 677 621 701 1)
651 676 811 706 QUINTUM
831 675 883 700 Slc
903 674 1140 699 PROCEDITUR.
1161 661 1320 698 Videtur
1338 662 1442 711 quod

527 712 579 775 (33
599 716 909 754 inconvenienter
936 714 1155 751 huiusmodi
1184 722 1346 763 quatuor
1369 714 1443 751 vir-

439 766 443 773 ’
544 757 694 806 “tutes
724 768 938 805 dividantur
964 768 1003 804 in
1021 768 1177 804 virtutes
1198 768 1442 816 exemplares,

559 811 745 870 &purgati
773 821 901 867 animi,
920 820 1167 868 purgatorias,
1199 828 1234 857 et
1260 819 1441 868 politicas.

389 876 439 913 Ut
458 875 558 912 enim
578 873 796 911 Macrobius
816 873 914 919 dicit,
930 873 969 909 in
989 874 1002 909 1
1022 884 1135 921 super
1152 873 1347 910 Somnium
1367 874 1444 909 Sci-

153 935 162 943 ·
178 933 234 961 Cap·
249 939 299 955 vm·
382 928 507 976 pionis
534 927 573 973 ²⁸,
602 927 753 963 virtutes
788 925 1022 974 exemplares
1048 932 1135 962 sunt
1165 937 1261 974 quae
1293 926 1330 961 in
1364 926 1443 973 ipsa

388 980 514 1017 divina
541 985 662 1015 mente
690 979 901 1015 consistunt.
933 978 1009 1015 Sed
1037 978 1312 1026 Philosophus,
1342 978 1381 1014 in
1409 979 1444 1014 X

152 1036 361 1084 'SCffivffggfflgs
387 1033 505 1069 Ethic.
527 1031 558 1078 ³³,
585 1031 672 1068 dicit
699 1031 805 1079 quod
834 1031 1032 1067 ridiculum
1061 1037 1114 1067 est
1140 1032 1222 1067 Deo
1256 1030 1444 1076 iustitiam,

171 1079 176 1084 '
224 1079 228 1084 ’
249 1099 265 1115 α
291 1079 296 1085 ’
346 1078 351 1084 '
382 1084 650 1132 fortitudinem,
671 1085 954 1131 temperantiam
983 1089 1019 1120 et
1037 1084 1277 1131 prudentiam
1299 1089 1316 1104 α
1342 1083 1444 1120 attri-

388 1139 511 1174 buere.
534 1137 635 1184 Ergo
663 1136 819 1173 virtutes
847 1136 1067 1173 huiusmodi
1086 1149 1166 1173 non
1183 1144 1344 1184 possunt
1363 1148 1444 1172 esse

390 1190 634 1238 exemplares.

443 1254 478 1279 2.
509 1243 740 1288 PRAETEREA,
769 1241 925 1278 virtutes
953 1241 1100 1289 purgati
1128 1241 1243 1277 animi
1272 1240 1446 1278 dicuntur

389 1307 486 1343 quae
516 1302 602 1331 sunt
621 1295 767 1347 absque·
784 1294 1043 1342 passionibus:
1074 1293 1162 1331 dicit
1182 1293 1283 1330 enim
1303 1294 1443 1331 ibidem

389 1347 607 1384 Macrobius
636 1348 742 1394 quod
769 1347 1036 1395 temperantiae
1057 1347 1219 1396 purgati
1243 1347 1363 1383 animi
1395 1352 1449 1383 est

388 1406 556 1437 terrenas
590 1400 804 1447 cupiditates
837 1412 911 1436 non
945 1400 1166 1448 reprimere,
1204 1399 1270 1436 sed
1297 1401 1446 1447 penitus

389 1452 575 1496 oblivisci‚·
591 1453 827 1500 fortitudinis
858 1458 982 1489 autem
1013 1453 1208 1500 passiones
1244 1452 1445 1501 ignorare,

154 1514 163 1522 ·
179 1513 361 1540 <lumnam-5·
389 1517 463 1542 non
495 1506 655 1542 vincere.
693 1505 848 1542 Dictum
883 1512 938 1542 est
969 1513 1097 1542 autem
1136 1517 1251 1553 supra
1282 1504 1303 1526 ’¹‘
1343 1506 1446 1554 quod

388 1558 606 1594 huiusmodi
624 1558 780 1595 virtutes
800 1558 880 1595 sine
898 1558 1138 1607 passionibus
1159 1571 1241 1595 esse
1262 1570 1340 1596 non
1358 1571 1446 1607 pos-

389 1618 485 1648 sunt.
516 1611 618 1658 Ergo
647 1611 867 1648 huiusmodi
886 1611 1043 1648 virtutes
1062 1611 1208 1659 purgati
1228 1612 1345 1649 animi
1365 1624 1446 1648 esse

388 1676 466 1701 non
492 1670 664 1711 possunt.

152 1721 360 1743 “M20r0b·¹00·051-
446 1717 479 1753 3.
501 1717 732 1763 PRAETEREA,
761 1716 918 1753 virtutes
946 1716 1180 1764 purgatorias
1214 1717 1302 1754 dicit
1325 1717 1345 1739 ’¹‘
1365 1729 1445 1753 esse

249 1766 263 1799 β
391 1781 525 1806 eorum
559 1770 623 1817 qui
650 1767 664 1798 β
692 1769 856 1816 quadam
884 1770 1139 1806 humanorum
1155 1770 1263 1818 fuga
1291 1770 1380 1806 solis
1407 1782 1446 1806 se

389 1822 557 1858 inserunt
582 1822 726 1859 divinis.
757 1822 835 1858 Sed
862 1822 937 1858 hoc
964 1822 1115 1858 videtur
1143 1834 1225 1858 esse
1242 1823 1445 1859 vitiosum:

389 1874 476 1911 dicit
503 1874 604 1911 enim
634 1874 792 1921 Tullius,
812 1874 851 1910 in
875 1875 888 1910 I
909 1874 955 1910 de
987 1874 1093 1921 OffiC.
1114 1873 1145 1920 *,
1171 1875 1276 1922 quod
1304 1876 1370 1923 qui
1385 1876 1445 1911 de-

386 1928 528 1975 spicere
554 1939 594 1963 se
620 1927 747 1963 dicunt
771 1939 816 1963 ea
844 1938 941 1974 quae
962 1926 1133 1974 plerique
1165 1927 1354 1964 mirantur
1381 1929 1446 1964 im-

247 1983 263 2007 Υ
383 1980 493 2028 peria
511 1984 527 2007 Υ
546 1985 581 2016 et
607 1980 870 2029 magistratus,
899 1979 955 2015 his
983 1991 1058 2015 non
1085 1980 1198 2016 modo
1227 1992 1300 2017 non
1331 1981 1444 2027 laudi,

386 2044 519 2069 verum
548 2032 659 2069 etiam
686 2033 774 2069 vitio
803 2032 968 2068 dandum
991 2038 1096 2080 puto.
1128 2033 1230 2080 Ergo
1255 2046 1332 2070 non
1360 2041 1446 2071 sunt

387 2085 534 2134 aliquae
562 2085 719 2122 virtutes
746 2084 996 2133 purgatoriae.

439 2150 477 2184 4.
511 2139 751 2185 ΡΒΑΕΤΕΒΕΑ,
785 2137 939 2174 virtutes
974 2137 1142 2185 politicas
1186 2151 1268 2175 esse
1303 2139 1391 2175 dicit
1426 2139 1446 2161 ’¹‘

388 2191 520 2240 quibus
548 2191 638 2227 boni
661 2191 736 2228 viri
762 2190 988 2238 reipublicae
1020 2189 1233 2237 consulunt,
1263 2193 1446 2240 urbesque

387 2249 547 2281 tuentur.
578 2243 655 2280 Sed
674 2243 723 2280 ad
742 2244 889 2279 bonum
914 2255 1120 2280 commune
1141 2245 1221 2280 sola
1239 2244 1376 2282 iustitia
1395 2246 1445 2282 le-

152 1879 160 1887 ·
177 1878 233 1906 Cap.
247 1885 293 1900 ιιι.

151 2143 162 2154 *
167 2143 269 2165 Macrob.
275 2143 360 2165 loc.<:it.

152 2295 233 2344 “SC-{³53
246 2302 300 2343 ,¹333
312 2302 339 2343 ᾗ·
351 2306 362 2311 ·
388 2297 477 2344 galis
497 2296 712 2341 ordinatur;
732 2295 1046 2343 utPhilosophus
1067 2296 1165 2342 dicit,
1185 2296 1224 2333 in
1242 2297 1277 2333 V
1295 2298 1414 2335 Ethic.
1426 2298 1446 2320 ’¹‘
1463 2342 1466 2343 ⁷

388 2351 490 2396 Ergo
519 2349 614 2386 aliae
641 2348 797 2385 virtutes
824 2360 904 2385 non
931 2348 1070 2385 debent
1098 2348 1171 2385 dici
1197 2349 1381 2397 politicae.

443 2403 517 2438 SED
537 2413 682 2438 CONTRA
701 2413 768 2439 EST
797 2400 902 2448 quod
929 2401 1147 2438 Macrobius
1174 2401 1316 2440 ibidem
1338 2403 1445 2440 dicit:

387 2455 570 2500 Plotinus,
599 2455 695 2491 inter
717 2453 974 2502 philosophiae
994 2455 1229 2501 professores
1257 2467 1342 2492 cum
1361 2457 1446 2493 Pla-

388 2513 473 2544 tone
485 2508 672 2555 princeps,
705 2521 723 2540 c<
746 2507 916 2548 Quatuor
933 2512 1028 2553 sunt,
1053 2522 1071 2539 »
1102 2508 1231 2555 inquit,
1262 2515 1444 2556 «quater-

388 2572 524 2596 narum
552 2571 694 2609 genera
715 2560 904 2596 virtutum.
930 2560 994 2595 Ex
1020 2559 1076 2595 his
1097 2561 1249 2607 primae
1270 2561 1446 2608 politicae

386 2619 586 2656 uocantum·
613 2612 816 2658 secundae,
844 2613 1115 2661 purgatoriae;
1143 2613 1272 2649 tertiae
1298 2620 1445 2661 autem,

387 2666 464 2703 iam
485 2665 647 2715 purgati
671 2665 791 2702 animi
797 2678 811 2708 ,·
839 2670 1006 2712 quartae,
1035 2666 1280 2713 exemplares.
1303 2682 1322 2700 »

441 2720 664 2756 RESPONDEO
677 2729 859 2756 mcENDUM
875 2717 991 2765 quod,
1003 2717 1096 2754 sicut
1109 2719 1342 2766 Augustinus
1358 2720 1446 2757 dicit

386 2771 538 2808 in'libro
558 2772 603 2808 de
621 2771 796 2807 Moribus
813 2770 954 2807 Eccles.
981 2769 1012 2817 ²¹⁶,
1037 2777 1182 2819 oportet
1198 2772 1299 2819 quod
1311 2773 1444 2809 anima

387 2825 529 2872 aliquid
554 2829 742 2872 sequatur,
762 2824 814 2860 ad
834 2825 905 2860 hoc
932 2824 1033 2871 quod
1059 2825 1094 2860 ei
1113 2825 1232 2872 possit
1253 2825 1444 2862 virtusin-

388 2878 511 2914 nasci:
539 2883 575 2913 et
599 2878 669 2914 hoc
695 2878 799 2913 Deus
827 2882 896 2922 est,
925 2888 1035 2924 quem
1062 2877 1096 2913 si
1120 2878 1324 2925 sequimur,
1353 2879 1445 2915 bene

250 2930 263 2954 ὃ
386 2930 557 2967 vivimus.
577 2930 738 2977 Oportet
751 2927 764 2951 δ
779 2929 888 2977 igitur
909 2929 1015 2977 quod
1040 2930 1234 2978 exemplar
1251 2931 1443 2967 humanae

387 2983 532 3020 virtutis
560 2982 599 3019 in
626 2984 710 3020 Deo
739 2981 978 3030 praeexistat,
1008 2982 1103 3019 sicut
1132 2990 1167 3019 et
1193 2982 1232 3019 in
1260 2995 1307 3020 eo
1336 2996 1444 3032 prae-

389 3036 547 3072 existunt
574 3035 745 3072 omnium
765 3047 895 3073 rerum
911 3034 1086 3072 rationes.
1117 3035 1178 3072 Sic
1197 3035 1308 3083 igitur
1325 3036 1444 3073 virtus

387 3096 511 3137 potest
539 3088 769 3126 considerari
796 3089 858 3125 vel
886 3095 998 3136 prout
1031 3096 1086 3125 est
1120 3088 1383 3137 exemplariter
1405 3089 1444 3126 in

387 3142 492 3178 Deo:
523 3148 559 3177 et
588 3140 640 3177 sic
665 3140 838 3177 dicuntur
855 3140 1012 3177 virtutes
1031 3141 1275 3189 exemplares.
1302 3143 1357 3179 Ita
1367 3142 1444 3179 sci-

386 3194 472 3230 licet
501 3193 604 3242 quod
632 3194 713 3242 ipsa
743 3193 871 3230 divina
898 3206 1007 3230 mens
1031 3194 1069 3230 in
1087 3195 1172 3230 Deo
1194 3194 1338 3232 dicatur
1355 3207 1443 3243 pru-

389 3246 533 3293 dentia;
572 3246 821 3297 temperantia
853 3259 958 3293 vero,
984 3246 1184 3284 conversio
1218 3247 1369 3284 divinae
1388 3248 1443 3284 in-

387 3300 561 3336 tentionis
590 3299 638 3336 ad
666 3299 846 3348 seipsum,
876 3299 970 3335 sicut
997 3299 1035 3335 in
1063 3299 1173 3336 nobis
1194 3300 1443 3348 temperantia

150 2776 161 2786 ⁸
176 2775 232 2803 Cap.
246 2780 277 2796 νι.

441 3414 467 3446 α)
487 3417 513 3438 et
526 3414 709 3445 prudentiam.
727 3427 746 3432 —
765 3413 826 3438 Om.
845 3413 876 3442 K,
896 3420 954 3437 cum
974 3413 1079 3438 Aristot.

441 3448 465 3481 β)
485 3449 569 3481 qui.-
588 3455 654 3481 quae
672 3449 726 3474 PK.

441 3484 466 3515 γ)
487 3483 607 3515 imperia.
620 3497 638 3502 -
652 3483 751 3508 scilicet
771 3483 883 3514 imperia
902 3482 971 3507 PKa.
986 3496 1004 3501 -
1019 3490 1070 3507 non
1091 3488 1150 3508 ante
1167 3483 1241 3508 laudi
1260 3490 1312 3508 om.
1331 3483 1403 3508 Pfla.

440 3518 464 3550 ὃ)
489 3519 606 3550 Oportet.
620 3532 639 3538 -
652 3519 730 3543 Patet
749 3519 776 3543 P.

1497 661 1631 698 dicitur
1658 674 1727 710 per
1753 663 1829 699 hoc
1856 663 1960 711 quod
1980 666 2278 716 concupiscibilis
2297 667 2555 705 conformatur

1497 714 1653 760 rationi;
1682 715 1861 752 fortitudo
1891 724 2019 753 autern
2048 719 2121 755 Dei
2148 726 2204 755 est
2222 719 2312 757 eius
2339 720 2554 757 immutabi-

1496 767 1599 813 litas;
1629 767 1765 804 iustitia
1792 780 1886 805 vero
1916 769 1988 805 Dei
2016 777 2072 807 est
2090 772 2307 809 observatio
2326 773 2418 821 legis
2437 780 2554 810 aeter-

1497 832 1569 856 nae
1597 820 1636 857 in
1663 820 1740 857 suis
1769 821 1959 869 operibus,
1988 822 2084 859 sicut
2102 823 2272 861 Plotinus
2300 825 2390 862 dixit
2407 826 2438 862 ³⁸.

1551 873 1600 909 Et
1614 873 1702 921 quia
1719 874 1838 910 homo
1859 874 2071 912 secundum
2091 888 2199 913 suam
2212 884 2387 915 naturam
2403 886 2458 915 est
2477 879 2555 915 ani-

1497 926 1575 962 mal
1598 925 1814 974 politicum,
1835 926 1992 964 virtutes
2016 928 2258 978 huiusmodi,
2282 938 2395 978 prout
2421 931 2459 968 in
2486 932 2554 968 ho-

1497 977 1599 1014 mine
1615 978 1775 1015 existunt
1789 979 2001 1016 secundum
2013 981 2271 1018 conditionem
2286 995 2377 1020 suae
2387 991 2553 1031 naturae,

1491 1030 1668 1077 politicae
1689 1039 1895 1068 vocantur:
1914 1040 2028 1080 prout
2046 1034 2184 1079 scilieet
2206 1035 2326 1072 homo
2346 1036 2556 1074 secundum

1498 1083 1566 1118 has
1593 1082 1748 1120 virtutes
1777 1092 1877 1120 recte
1906 1097 1946 1121 se
1974 1085 2091 1123 habet
2108 1086 2147 1123 in
2166 1088 2280 1124 rebus
2299 1088 2476 1126 humanis
2494 1101 2556 1137 ge-

1499 1135 1636 1172 rendis.
1658 1136 1881 1173 Secundum
1905 1150 2022 1186 quem
2042 1139 2204 1177 modum
2229 1141 2412 1178 hactenus
2431 1142 2479 1179 de
2498 1141 2556 1179 his

1497 1187 1698 1225 virtutibus
1723 1189 1839 1226 locuti
1866 1202 2010 1227 sumus.
2290 1191 2296 1196 '

1553 1241 1630 1277 Sed
1659 1241 1748 1290 quia
1775 1242 1825 1279 ad
1861 1243 2058 1288 hominem
2092 1245 2254 1293 pertinet
2285 1253 2328 1283 ut
2360 1246 2474 1284 etiam
2507 1247 2557 1284 ad

1500 1292 1627 1330 divina
1654 1306 1695 1330 se
1724 1295 1846 1332 trahat
1872 1303 2057 1344 quantum
2084 1305 2229 1347 potest,
2257 1306 2300 1336 ut
2327 1299 2441 1336 etiam
2468 1299 2556 1336 Phi-

1498 1346 1683 1394 losophus
1720 1347 1824 1394 dicit,
1853 1348 1892 1385 in
1921 1349 1955 1385 X
1981 1350 2101 1386 Ethic.
2130 1350 2170 1397 *;
2201 1359 2237 1388 et
2267 1352 2342 1388 hoc
2374 1352 2486 1389 nobis
2517 1353 2556 1389 in
2583 1357 2595 1399 ζ

1499 1411 1605 1435 sacra
1625 1399 1819 1448 Scriptura
1837 1402 2099 1450 -multipliciter
2118 1405 2421 1453 commendatur,
2441 1413 2484 1442 ut
2501 1414 2557 1443 est

1499 1451 1590 1488 illud
1619 1453 1752 1490 Matth.
1781 1465 1806 1489 v
1832 1453 1873 1490 *z
1901 1455 2027 1492 Estote
2056 1457 2233 1505 perfecti,
2260 1458 2357 1494 sicut
2383 1464 2420 1495 et
2443 1459 2558 1496 Pater
2583 1471 2593 1481 ³

1499 1510 1619 1541 vester
1641 1505 1806 1542 caelestis
1827 1508 2017 1555 perfectus
2044 1514 2117 1545 est.-
2145 1521 2300 1546 necesse
2329 1517 2386 1547 est
2411 1516 2556 1560 ponere

1500 1557 1686 1605 quasdam
1729 1559 1885 1596 virtutes
1921 1560 2068 1597 medias
2101 1561 2197 1598 inter
2231 1562 2423 1611 politicas,
2457 1575 2557 1612 quae

1501 1617 1587 1646 sunt
1604 1611 1761 1647 virtutes
1788 1612 1993 1660 humanae,
2015 1621 2050 1649 et
2079 1615 2324 1662 exemplares,
2346 1628 2443 1664 quae
2471 1624 2558 1654 sunt

1499 1662 1655 1699 virtutes
1694 1663 1856 1700 divinae.
1897 1665 2007 1711 Quae
2040 1666 2195 1713 quidem
2233 1667 2390 1705 virtutes
2429 1668 2557 1706 distin-

1500 1722 1664 1762 guuntur
1704 1716 1916 1753 secundum
1955 1717 2212 1757 diversitatem
2249 1728 2376 1758 motus
2414 1729 2451 1759 et
2485 1729 2556 1759 ter-

1500 1767 1604 1804 mini.
1644 1769 1697 1804 Ita
1735 1769 1874 1806 scilicet
1910 1771 2014 1818 quod
2048 1772 2239 1819 quaedam
2277 1781 2364 1811 sunt
2397 1774 2557 1812 virtutes

1499 1820 1772 1858 transeuntium
1798 1827 1810 1843 Ε
1839 1829 1876 1858 et
1902 1822 1940 1859 in
1969 1823 2138 1861 divinam
2166 1825 2455 1866 similitudinem,
2477 1834 2557 1864 ten-

1500 1873 1691 1910 dentium:
1729 1882 1764 1910 et
1791 1875 1864 1911 hae
1890 1876 2078 1914 vocantur
2108 1877 2263 1915 virtutes
2293 1882 2557 1929 purgatoriae.

1487 1927 1552 1965 ,Ita
1581 1926 1719 1963 scilicet
1745 1927 1850 1975 quod
1883 1928 2086 1976 prudentia
2121 1931 2253 1968 omnia
2279 1932 2475 1969 mundana
2503 1932 2558 1970 di-

1497 1978 1677 2015 vinorum
1717 1981 2038 2029 contemplatione
2079 1983 2285 2032 despiciat,
2323 1996 2558 2037 omnemque

1499 2032 1650 2069 animae
1679 2032 1945 2080 cogitationem
1973 2034 2011 2071 in
2031 2035 2161 2073 divina
2181 2037 2261 2074 sola
2281 2037 2432 2085 dirigam
2461 2042 2558 2075 tet'n-

1498 2085 1668 2132 perantia
1682 2097 1775 2122 vero
1796 2086 1992 2135 relinquat,
2009 2087 2234 2136 inquantum
2254 2097 2388 2127 natura
2406 2091 2557 2139 patitur,

1499 2150 1597 2186 quae
1635 2138 1805 2186 corporis
1839 2151 1932 2176 usus
1964 2141 2137 2188 requirit;
2168 2142 2392 2180 fortitudinis
2429 2150 2559 2181 autem

1501 2198 1556 2227 est
1590 2198 1630 2227 ut
1657 2191 1785 2228 anima
1812 2204 1891 2229 non
1922 2200 2104 2230 terreatur
2129 2203 2286 2244 propter
2313 2207 2512 2234 excessum
2545 2196 2561 2222 Ε

1500 2256 1522 2280 a
1550 2255 1723 2292 corpore,
1744 2252 1790 2281 -et
1808 2256 2004 2282 accessum
2023 2247 2072 2283 ad
2091 2259 2276 2295 superna;
2305 2248 2445 2286 iustitia
2462 2261 2557 2287 vero

1501 2303 1556 2333 est
1582 2304 1624 2332 ut
1649 2304 1728 2333 tota
1760 2297 1889 2334 anima
1921 2299 2131 2336 consentiat
2157 2300 2207 2337 ad
2234 2301 2346 2338 huius
2373 2302 2561 2350 propositi

1498 2348 1616 2386 viam.
1645 2369 1669 2376 —
1696 2349 1898 2396 Quaedam
1925 2361 2018 2387 vero
2052 2359 2139 2388 sunt
2164 2352 2322 2390 virtutes
2354 2354 2429 2391 iam
2457 2364 2558 2391 asse·-

1500 2401 1698 2450 quentium
1728 2402 1896 2439 divinam
1925 2403 2228 2441 similitudinem:
2249 2418 2348 2454 quae
2371 2414 2559 2444 vocantur

1498 2455 1656 2491 virtutes
1674 2455 1750 2498 iam
1766 2460 1784 2482 η
1797 2456 1959 2505 purgati
1975 2457 2103 2494 animi.
2121 2459 2174 2494 Ita
2194 2458 2333 2495 scilicet
2351 2461 2456 2508 quod
2470 2470 2558 2508 pru-

1501 2507 1627 2544 dentia
1646 2508 1728 2543 sola
1747 2507 1876 2544 divina
1898 2508 2103 2555 intueatur;
2123 2511 2372 2558 temperantia
2391 2519 2558 2550 terrenas

1500 2559 1720 2608 cupiditates
1753 2560 1913 2607 nesciat;
1943 2561 2122 2598 fortitudo
2155 2563 2353 2611 passiones
2389 2564 2538 2612 ignoret
2548 2575 2561 2612 3*

1499 2612 1636 2650 iustitia
1665 2625 1753 2650 curn
1782 2612 1910 2649 divina
1935 2610 2071 2663 {mente
2098 2622 2284 2665 perpetuo
2313 2616 2468 2654 foedere
2497 2630 2558 2655 so-

1499 2666 1630 2713 cietur,
1661 2677 1746 2702 eam
1773 2665 1912 2702 scilicet
1937 2665 2133 2704 imitando.
2164 2668 2271 2715 Quas
2299 2668 2454 2717 quidem
2483 2670 2560 2708 vir-

1498 2726 1595 2756 tutes
1628 2717 1789 2755 dicimus
1824 2731 1905 2755 esse
1934 2720 2155 2768 beatorum,
2183 2721 2246 2758 vel
2273 2721 2486 2770 aliquorum
2519 2723 2559 2760 in

1498 2772 1569 2808 hac
1596 2771 1674 2808 vita
1700 2771 2072 2819 perfectissimorum.

1549 2826 1610 2861 -An
1642 2835 1779 2861 PRIMUM
1813 2836 1911 2861 ERGO
1945 2836 2128 2863 mCENDuM
2160 2826 2267 2874 quod
2301 2827 2557 2877 Philosophus

1498 2877 1664 2925 loquitur
1692 2876 1740 2913 de
1769 2876 1827 2913 his
1853 2877 2054 2915 virtutibus
2091 2879 2304 2917 secundum
2333 2881 2438 2928 quod
2471 2886 2561 2918 sunt

1500 2930 1596 2966 circa
1625 2941 1684 2966 res
1711 2922 1920 2966 humanas:
1949 2938 2041 2979 puta
2064 2931 2201 2968 iustitia
2221 2931 2320 2969 circa
2344 2933 2556 2982 emptiones

1500 2990 1536 3019 et
1547 2982 1798 3029 venditiones,
1814 2982 1992 3020 fortitudo
2008 2984 2106 3021 circa
2124 2984 2291 3032 timores,
2305 2985 2563 3034 temperantia·

1499 3035 1597 3072 circa
1616 3035 1952 3083 concupiscentias,
1983 3036 2045 3073 Sic
2074 3037 2176 3074 enim
2196 3037 2396 3075 ridiculum
2417 3045 2473 3076 est
2491 3048 2558 3076 eas

1497 3090 1582 3125 Deo
1611 3088 1824 3126 attribuere.

1549 3144 1608 3178 Ar>
1637 3152 1826 3178 SECUNDUM
1853 3152 2036 3179 DICENDUM
2065 3141 2170 3191 quod
2187 3142 2344 3180 virtutes
2363 3144 2562 3182 humanae

2585 835 2594 844 '¹
2619 834 2657 856 cf.
2676 833 2779 857 merob.

2583 861 2628 882 loc.
2641 860 2682 883 cit.

2607 1357 2642 1406 {³⁸
2660 1357 2799 1406 ''¹5:202ss

2607 1460 2675 1493 vm.
2688 1471 2719 1498 48

2682 1830 2697 1847 t

2681 2198 2704 2228 ζ’

1497 3202 1583 3231 sunt
1611 3194 1709 3232 circa
1730 3193 1939 3242 passiones,
1960 3194 2098 3231 scilicet
2115 3195 2273 3232 virtutes
2295 3196 2497 3233 hominum
2514 3196 2555 3234 in
2605 3226 2607 3228 -

1497 3247 1572 3284 hoc
1600 3248 1746 3285 mundo
1782 3247 2102 3285 conversantium.
2132 3248 2208 3285 Sed
2236 3248 2392 3286 virtutes
2421 3258 2555 3290 eorum

1498 3300 1562 3348 qui
1577 3301 1730 3348 plenam
1746 3299 2020 3337 beatitudinem
2036 3309 2298 3350 assequuntur,
2311 3308 2397 3339 sunt
2411 3301 2554 3349 absque

1552 3414 1573 3446 ε)
1594 3414 1798 3439 transeuntium.
1816 3428 1835 3433 —
1853 3414 2096 3439 transcendentium
2108 3414 2218 3440 *codices
2238 3419 2264 3439 et
2281 3421 2306 3440 a.

1551 3448 1575 3480 ζ)
1595 3456 1732 3474 excessum
1749 3463 1767 3467 -
1786 3456 1914 3474 recessum
1934 3449 2035 3474 codices
2056 3454 2080 3474 et
2098 3456 2124 3474 a.
2136 3463 2155 3468 -
2174 3449 2224 3474 Pro
2248 3455 2394 3479 accessum,
2418 3455 2559 3475 ascensum

1497 3484 1702 3508 ABCDEHIKL.

1550 3519 1576 3551 η)
1596 3519 1659 3544 iam.
1671 3532 1688 3538 —
1707 3519 1768 3544 Om.
1788 3519 1899 3545 codices.
