2852 4152
74 1113 83 1123 ·
97 1112 168 1134 Num.
178 1118 203 1134 ιιι
218 1117 268 1139 sqq

1005 275 1268 322 QUAESTIO
1299 276 1384 322 Χιι,

309 363 436 394 autem
461 354 565 404 quod
595 354 826 391 conclusioni
853 362 1008 402 propter
1025 353 1207 402 principia
1235 365 1362 389 assen-

308 409 360 456 tit,
390 415 446 445 est
472 419 571 443 unus
600 413 703 443 actus
731 406 937 443 intellectus
965 413 1123 443 tantum.

360 462 419 497 An
447 471 583 496 PRIMUM
611 470 709 495 ERGO
734 470 916 496 ιιιεΕΝιιυΜ
936 458 1042 507 quod
1059 457 1291 506 Augustinus
1310 458 1364 494 lo-

309 513 434 562 quitur
449 512 496 549 de
506 511 652 548 visione
668 511 864 558 fenestrae,
878 519 913 547 et
927 511 1073 547 visione
1089 510 1362 547 transeuntium

282 607 285 610 ,
308 578 377 615 per
395 565 611 610 fenestram,
628 563 838 600 secundum
855 564 959 612 quod
973 564 1148 600 voluntas
1166 563 1204 599 in
1219 570 1363 599 utrum-

310 630 384 667 que
413 617 583 654 absolute
613 617 737 652 fertur.

362 671 420 706 AD
449 680 638 706 SECUNDUM
665 679 847 704 DICENDUM
876 668 980 715 quod
1010 668 1108 714 finis,
1138 667 1362 715 inquantum

310 730 365 759 est
392 734 452 758 res
479 721 690 769 quaedam,
721 728 776 756 est
803 720 902 756 aliud
938 720 1141 757 voluntatis
1173 720 1363 756 obiectum

310 786 426 823 quam
454 774 493 810 id
522 774 625 822 quod
650 780 706 809 est
734 773 782 809 ad
810 773 939 810 finem.
962 773 1039 809 Sed
1058 773 1280 820 inquantum
1311 779 1366 808 est

310 826 403 864 ratio
431 826 586 863 volendi
613 825 650 862 id
679 825 784 873 quod
813 833 868 861 est
887 826 935 862 ad
954 826 1084 872 finem,
1115 831 1169 860 est
1191 836 1311 860 unum
1331 831 1367 860 et

310 876 413 917 idem
442 878 645 915 obiectum.

1414 275 1709 311 ARTICULUS
1738 275 1773 311 V
2420 292 2467 326 97

1468 354 1527 389 AD
1546 364 1705 389 TERTIUM
1724 365 1906 390 DICENDUM
1926 354 2031 401 quod
2059 362 2184 391 motus
2210 356 2272 404 qui
2302 364 2356 393 est
2374 370 2471 394 unus

1417 405 1604 452 subiecto,
1632 413 1758 454 potest
1784 405 1928 442 ratione
1957 406 2105 443 differre
2134 408 2344 445 secundum
2373 410 2472 457 prin-

1418 457 1559 505 eipium
1587 465 1630 494 et
1651 458 1786 503 finem,
1814 466 1855 494 ut
1883 458 2054 495 ascensio
2076 467 2111 495 et
2135 460 2349 508 descensio,
2379 462 2472 498 sicut

1418 509 1552 547 dicitur
1571 510 1608 546 in
1629 512 1678 546 111
1698 510 1877 558 Physic.*
1897 510 1958 547 Sic
1974 510 2083 558 igitur
2102 511 2325 560 inquantum
2346 522 2471 550 motus

1416 562 1622 599 voluntatis
1649 563 1764 599 fertur
1790 562 1828 599 in
1847 562 1886 600 id
1905 563 2011 611 quod
2038 571 2094 600 est
2122 565 2169 601 ad
2197 565 2332 612 finem,
2360 574 2473 614 prout

1419 614 1613 651 ordinatur
1640 615 1689 652 ad
1707 616 1838 662 finem,
1861 623 1916 652 est
1945 616 2087 653 electio.
2110 618 2239 654 Motus
2258 626 2384 654 autem
2404 631 2472 655 vo-

1419 667 1569 703 luntatis
1589 667 1653 715 qui
1673 668 1788 704 fertur
1801 668 1840 704 in
1855 668 1982 714 finem,
2000 669 2211 706 secundum
2227 670 2332 717 quod
2347 671 2472 719 acqui-

1420 719 1511 755 ritur
1532 731 1601 767 per
1621 732 1665 756 ea
1684 732 1780 768 quae
1801 728 1886 757 sunt
1905 721 1955 757 ad
1972 721 2102 768 finem,
2127 730 2287 759 vocatur
2304 723 2470 760 intentio.

1420 771 1536 808 Cuius
1565 772 1713 819 signum
1743 780 1798 809 est
1821 773 1926 821 quod
1952 773 2105 810 intentio
2125 774 2211 811 finis
2237 787 2318 811 esse
2336 784 2471 824 potest,

1420 824 1533 860 etiam
1562 824 1734 861 nondum
1763 825 2018 862 determinatis
2037 826 2094 862 his
2115 839 2212 874 quae
2242 835 2328 864 sunt
2355 828 2403 865 ad
2428 828 2472 865 fi-

1419 888 1519 923 nem,
1549 888 1713 923 quorum
1744 885 1799 914 est
1827 878 1970 914 electio.

983 972 1311 1004 commentaria
1334 971 1581 1004 Cardinalis
1601 972 1800 1005 Caietani

375 1072 446 1093 mm
469 1061 571 1102 quarti
595 1060 721 1091 articuli
739 1059 947 1099 decisionem,
973 1058 1111 1089 revideto
1140 1059 1228 1099 quod
1257 1058 1366 1098 scripsi

313 1073 550 1147 Csuperius
542 1116 575 1136 ιιι
598 1115 652 1154 qu.
672 1114 735 1140 vm,
760 1110 815 1134 art.
838 1104 855 1134 3
874 1095 900 1133 *’.
1286 1123 1287 1126 ¹

365 1150 456 1182 Circa
478 1149 719 1189 responsionem
741 1148 781 1177 ad
805 1146 941 1182 tertium,
959 1153 1035 1176 nota
1056 1146 1296 1186 responsionem
1312 1146 1364 1175 da-

310 1201 392 1230 tam,
417 1200 452 1224 ut
475 1203 512 1224 ex
534 1203 570 1223 ea
593 1193 707 1222 habeas
730 1191 818 1232 quod
841 1197 928 1222 actus
951 1189 1122 1220 voluntatis
1145 1189 1178 1219 in
1201 1188 1324 1219 finem
1316 1199 1363 1219 ιιι-

311 1237 460 1269 tentionis
482 1236 614 1267 nomine
643 1234 852 1275 significatus,
876 1234 1028 1273 importat
1059 1239 1185 1263 motum
1207 1233 1240 1262 in
1268 1232 1364 1263 finem

310 1281 539 1314 tlt-terminum
562 1280 707 1315 aliorum,
730 1279 774 1309 ita
791 1278 880 1318 quod
902 1283 1010 1307 motus
1033 1277 1092 1306 iste
1114 1276 1218 1316 primo
1242 1276 1364 1316 attingit

309 1325 490 1360 terminum,
515 1330 545 1354 et
568 1323 680 1352 deinde
702 1320 908 1352 terminabilis
926 1319 958 1349 in
974 1319 1092 1358 ipsum:
1119 1319 1229 1349 electio
1252 1329 1327 1349 vero
1347 1329 1363 1349 e

310 1374 418 1399 contra
439 1367 544 1407 primo
568 1365 691 1404 attingit
709 1363 924 1399 terminabilia‚
945 1369 975 1392 et
995 1362 1106 1392 deinde
1122 1362 1303 1392 terminum.
1324 1362 1364 1392 Et

1419 1058 1462 1089 sic
1486 1069 1518 1089 se
1546 1058 1661 1089 habent
1689 1059 1769 1090 sicut
1795 1060 1962 1090 descensus
1986 1067 2016 1091 et
2038 1070 2198 1092 ascensus:
2226 1061 2358 1093 intentio
2387 1063 2472 1097 enim

1419 1102 1578 1133 descendit
1600 1113 1618 1132 a
1640 1102 1796 1143 principio
1820 1103 1859 1133 ad
1883 1113 1918 1134 ea
1941 1114 2022 1144 quae
2051 1112 2125 1135 sunt
2147 1106 2187 1135 ad
2213 1105 2334 1145 ipsum;
2358 1107 2470 1138 electio

1418 1156 1492 1176 vero
1517 1147 1555 1176 ab
1582 1146 1631 1176 his
1659 1146 1797 1177 ascendit
1823 1147 1863 1177 ad
1890 1147 2000 1183 finem,
2028 1148 2174 1178 omnium
2201 1149 2402 1190 principium.
2431 1148 2472 1182 Et

1418 1190 1544 1229 signum
1563 1190 1688 1220 affertur
1710 1190 1743 1220 ιιι
1756 1190 1867 1226 littera,
1884 1191 1959 1231 quia
1974 1192 2167 1232 quandoque
2185 1192 2387 1230 intendimus,
2405 1204 2470 1225 non

1418 1233 1521 1263 electis
1551 1233 1653 1264 adhuc
1676 1234 1787 1264 mediis
1811 1235 1850 1264 ad
1872 1234 2042 1271 intentum,
2067 1242 2102 1266 ut
2125 1243 2210 1276 patet
2232 1236 2264 1266 in
2288 1237 2471 1278 quotidiana

1418 1277 1615 1317 experientia.

1484 1320 1531 1350 De
1555 1321 1668 1360 quinto
1692 1321 1822 1351 articulo
1846 1322 1923 1352 nihil
1946 1321 2146 1353 scribendum
2169 1324 2313 1354 occurrit.

1089 1521 1404 1563 ARTICULUS
1433 1521 1689 1573 QUINTUS

831 1614 986 1645 UTRUM
1009 1614 1218 1644 INTENTIO
1242 1613 1494 1645 CONVENIAT
1518 1614 1671 1645 BRUT1s
1696 1615 1953 1646 ANIMALIBUS

1176 1692 1195 1716 11
1215 1692 1296 1721 Senr„
1318 1692 1375 1716 dist.
1394 1699 1494 1723 xxxvm,
1514 1697 1560 1717 art.
1581 1691 1604 1717 3.

390 1797 489 1838 ³⁹5⁴«
515 1788 544 1817 ιι
567 1791 729 1825 Qumrum
749 1791 802 1816 sm
814 1789 1058 1823 PROCEmTUR.
1078 1777 1236 1819 Videtur
1255 1778 1360 1827 quod

368 1845 374 1873 ῑ
396 1843 419 1871 ὲ.
439 1833 485 1891 5:120
515 1833 625 1870 bruta
649 1821 826 1883 animalia
851 1830 1045 1868 intendant
1063 1831 1193 1868 finem.
1215 1831 1362 1868 Natura

420 1881 424 1883 ⁴
464 1881 618 1930 (fenim
637 1884 676 1921 in
693 1884 752 1920 his
772 1880 870 1932 quae
891 1882 1103 1931 cognitione
1124 1890 1267 1931 carent,
1282 1896 1361 1921 ma-

322 1981 327 1985 *
415 1980 422 1987 .
420 1928 570 1981 Q'is
585 1928 694 1975 distat
709 1949 731 1973 a
745 1936 916 1973 rationali
934 1943 1078 1982 natura,
1095 1948 1212 1984 quam
1227 1944 1361 1974 natura

305 1988 495 2043 sensmva,
525 2002 624 2038 quae
653 1996 708 2026 est
731 1989 769 2026 in
788 1988 1013 2026 animalibus
1040 1988 1170 2026 brutis.
1201 1989 1278 2026 Sed
1297 2001 1362 2026 na-

305 2044 388 2082 tura
414 2042 572 2090 intendit
598 2042 717 2079 finem
747 2041 860 2079 etiam
879 2041 918 2078 in
936 2041 994 2078 his
1021 2053 1120 2090 quae
1148 2041 1361 2089 cognitione

272 2122 280 2129 ·
306 2103 455 2148 carent,
483 2102 524 2131 ut
548 2087 733 2144 probatur
760 2093 799 2131 in
827 2095 859 2130 ΙΙ
883 2093 1031 2142 Physic.
1057 2093 1077 2115 '¹‘
1104 2094 1205 2142 Ergo
1241 2095 1361 2131 multo

306 2137 441 2204 magis
452 2148 562 2185 bruta
590 2146 766 2184 animalia
793 2146 992 2183 intendunt
1018 2146 1149 2185 finem.

359 2213 394 2238 2.
422 2201 664 2245 PRAETEREA,
700 2199 794 2236 sicut
825 2197 981 2242 intentio
1023 2206 1080 2236 est
1110 2199 1218 2246 finis,
1249 2198 1300 2239 ita
1328 2206 1367 2237 et

304 2246 441 2291 fruitio.
472 2252 548 2292 Sed
572 2229 694 2289 fruitio
724 2251 902 2288 convenit
919 2251 1036 2288 brutis
1061 2251 1296 2299 animalibus,
1324 2259 1366 2288 ut

241 2329 277 2355 ·.,·
293 2296 455 2358 dictum
479 2311 534 2342 est
551 2304 583 2341 *.
613 2305 723 2363 Ergo.
743 2311 780 2340 et
806 2303 974 2340 intentio.

359 2359 395 2408 3.
423 2359 662 2407 PRAETEREA,
693 2356 772 2402 eius
801 2363 856 2392 est
882 2355 1077 2398 intendere
1096 2356 1228 2404 finem,
1258 2355 1364 2393 cuius

306 2402 367 2449 es't
376 2414 499 2461 ag'ere
526 2416 682 2458 propter
707 2399 845 2453 finem:
876 2420 963 2445 cum
987 2407 1180 2446 intendere
1208 2409 1299 2449 nihil
1320 2409 1365 2446 sit

305 2454 383 2502 nisi
403 2463 443 2500 ιιι
471 2461 571 2508 aliud
598 2463 765 2500 tendere.
801 2451 878 2498 Sed
905 2461 1015 2498 bruta
1042 2461 1220 2499 animalia
1248 2469 1363 2520 agunt

305 2508 461 2567 propter
486 2506 626 2552 finem:
657 2521 836 2551 movetur
863 2513 965 2550 enim
994 2513 1133 2550 animal
1159 2514 1222 2551 vel
1247 2514 1294 2551 ad
1315 2514 1364 2551 ci-

306 2571 400 2607 bum
419 2568 694 2618 quaerendum,
714 2567 776 2604 vel
791 2566 839 2603 ad
854 2566 994 2616 aliquid
1012 2565 1244 2603 huiusmodi.
1261 2567 1362 2614 Ergo

306 2615 417 2670 bruta
446 2620 623 2658 animalia
651 2619 850 2656 intendunt
877 2619 1008 2656 finem.

361 2664 436 2719 Stin
463 2683 627 2719 CONTRA,
655 2671 810 2709 intentio
838 2670 926 2708 finis
952 2671 1131 2718 importat
1159 2670 1363 2708 ordinatio-

308 2737 398 2763 nem
430 2715 586 2771 alicuius
613 2725 651 2771 in
678 2725 814 2770 finem;
849 2724 952 2772 quod
981 2730 1036 2760 est
1063 2723 1228 2760 rationis.
1263 2724 1363 2761 Cum

308 2768 419 2829 igitur
445 2778 556 2825 bruta
581 2768 758 2814 animalia
785 2789 863 2818 non
890 2776 1056 2813 habeant
1083 2775 1281 2824 rationem,
1308 2776 1364 2814 vi-

309 2832 418 2870 detur
444 2818 556 2880 quod
577 2841 656 2866 non
683 2829 879 2875 intendant
905 2829 1036 2868 finem.

362 2885 586 2933 RESPONDEQ
605 2893 788 2918 DICENDUM
806 2870 923 2930 quod,
944 2881 1039 2919 sicut
1057 2893 1170 2930 supra
1183 2880 1204 2902 '¹‘
1222 2880 1364 2921 dictum

311 2928 377 2989 est,
405 2934 598 2984 intendere
619 2941 675 2970 est
701 2933 739 2970 in
767 2933 867 2980 aliud
885 2934 1057 2979 tendere;
1086 2933 1192 2982 quod
1210 2933 1370 2983 quidem.

310 2983 366 3027 est
385 2996 421 3026 et
440 2986 639 3034 moventis,
662 2993 697 3022 et
716 2985 821 3023 moti.
843 2985 1063 3023 Secundum
1083 2985 1238 3033 quidem
1257 2985 1366 3033 igitur

1415 1778 1521 1827 quod
1541 1778 1674 1816 dicitur
1697 1779 1890 1817 intendere
1908 1781 2025 1818 finem
2047 1781 2084 1819 id
2104 1784 2208 1830 quod
2227 1791 2407 1823 movetur
2422 1787 2471 1824 ad

1416 1832 1534 1869 finem
1563 1832 1610 1868 ab
1639 1831 1724 1879 alio,
1754 1832 1807 1869 sic
1825 1840 1958 1870 natura
1978 1834 2109 1871 dicitur
2126 1835 2320 1873 intendere
2338 1838 2469 1887 finem,

1417 1884 1526 1931 quasi
1552 1891 1657 1921 mota
1685 1886 1733 1922 ad
1761 1897 1873 1922 suum
1901 1886 2019 1923 finem
2047 1899 2070 1923 a
2096 1888 2193 1934 Deo,
2223 1889 2320 1926 sicut
2340 1891 2471 1939 sagitta

1417 1949 1439 1973 a
1467 1936 1673 1984 sagittante.
1703 1938 1753 1974 Et
1778 1938 1853 1974 hoc
1880 1940 1998 1976 modo
2028 1939 2139 1977 etiam
2169 1941 2276 1979 bruta
2295 1943 2472 1981 animalia

1416 1989 1614 2026 intendunt
1640 1990 1771 2036 finem,
1791 1990 2015 2039 inquantum
2039 2001 2242 2030 moventur
2259 1994 2434 2033 instinctu
2454 2002 2471 2018 α

1417 2041 1574 2079 naturali
1603 2041 1650 2078 ad
1670 2042 1857 2091 aliquidn-
1834 2043 1957 2080 -Alio
1986 2044 2116 2092 modo,
2142 2045 2335 2087 intendere
2353 2049 2471 2086 finem

1417 2101 1472 2132 est
1486 2094 1692 2132 moventis·
1703 2102 1817 2143 prout
1830 2095 1969 2132 scilicet
1983 2097 2131 2135 ordinat
2144 2106 2293 2136 motum
2304 2100 2469 2149 alicuius,

1416 2147 1478 2184 vel
1507 2146 1565 2183 sui
1582 2147 1644 2183 vel
1672 2147 1839 2194 alterius,
1868 2147 1908 2185 in
1934 2149 2064 2186 finem.
2094 2151 2210 2197 Quod
2238 2159 2294 2189 est
2321 2153 2471 2191 rationis

1417 2206 1574 2237 tanturn.
1604 2199 1715 2236 Unde
1733 2212 1802 2248 per
1819 2200 1922 2237 hune
1939 2202 2100 2239 modum
2121 2203 2230 2240 bruta
2248 2216 2327 2242 non
2353 2205 2472 2244 inten-

1418 2253 1512 2289 dunt
1536 2252 1667 2298 finem,
1695 2252 1800 2298 quod
1821 2260 1876 2289 est
1901 2254 2053 2302 proprie
2080 2262 2116 2291 et
2138 2255 2391 2339 principaliter
2416 2259 2472 2296 in-

1417 2292 1583 2350 tendere,
1613 2310 1654 2341 ut
1681 2303 1822 2342 dictum
1852 2305 1944 2342 est*

1470 2358 1528 2395 AD
1558 2368 1694 2394 PR1MUM
1721 2368 1819 2394 ERGO
1846 2369 2030 2395 mcx-:NDUM
2058 2360 2162 2408 quod
2189 2361 2283 2398 ratio
2303 2333 2364 2399 illa
2381 2375 2472 2411 pro-

1419 2409 1517 2447 cedit
1539 2409 1760 2448 secundum
1789 2411 1894 2459 quod
1929 2411 2122 2449 intendere
2159 2420 2215 2450 est
2251 2413 2331 2451 eius
2367 2416 2470 2464 quod

1418 2469 1596 2499 movetur
1623 2462 1672 2499 ad
1699 2462 1830 2499 finem.

1470 2515 1529 2551 Ar>
1545 2526 1732 2551 schNDUM
1747 2526 1929 2551 DICENDUM
1942 2515 2048 2563 quod
2058 2516 2184 2560 fruitio
2199 2530 2278 2555 non
2292 2519 2470 2568 importat

1418 2566 1696 2604 ordinationem
1729 2567 1897 2604 alicuius
1913 2567 1951 2604 in
1979 2568 2140 2617 aliquid,
2170 2570 2264 2607 sicut
2293 2571 2467 2619 intentio;

1418 2619 1484 2656 sed
1513 2619 1725 2656 absolutam
1754 2619 1919 2668 quietem
1945 2620 1984 2657 in
2011 2621 2100 2658 fine.
2442 2640 2444 2644 v

1470 2672 1541 2710 An.
1557 2683 1716 2708 TERTmM
1734 2682 1916 2709 mcENDuM
1936 2673 2041 2722 quod
2062 2674 2172 2711 bruta
2190 2675 2367 2713 animalia
2385 2689 2468 2714 mo-

1416 2731 1553 2761 ventur
1581 2723 1629 2761 ad
1647 2724 1777 2771 finem,
1797 2737 1876 2761 non
1901 2725 2007 2774 quasi
2033 2726 2307 2765 considerantia
2325 2727 2340 2758 β
2364 2731 2468 2778 quod

1416 2789 1485 2825 per
1510 2784 1659 2814 motum
1687 2789 1799 2814 suum
1817 2785 1976 2826 possunt
2003 2779 2183 2839 consequi
2204 2780 2334 2840 finem,
2363 2783 2468 2830 quod

1419 2836 1475 2866 est
1491 2828 1654 2878 proprie
1661 2829 1902 2867 intendentis:
1922 2830 1989 2868 sed
2004 2832 2307 2880 eoncupiscentia
2324 2834 2467 2872 finem*

1418 2881 1577 2920 naturali
1604 2881 1798 2930 instinctu,
1827 2890 2031 2920 moventur
2062 2884 2111 2921 ad
2137 2885 2270 2922 finem
2283 2887 2390 2934 quasi
2418 2888 2466 2925 ab

1418 2934 1490 3023 alilo
1518 2941 1640 2982 mota,
1669 2934 1764 2971 sicut
1790 2943 1827 2972 et
1854 2942 1976 2973 cetera
2003 2948 2103 2986 quae
2130 2946 2334 2976 moventur
2361 2947 2467 2977 natu-

1418 2998 1459 3023 ra
1473 2994 1552 3024 iter.

362 3110 389 3142 α)
409 3109 542 3134 instinctu.
559 3120 580 3127 —-
596 3108 636 3132 ab
649 3107 774 3132 instinctu
787 3107 823 3132 -P,

1467 3107 1495 3140 γ)
1509 3108 1720 3140 concupiscentia
1725 3109 1851 3141 finem
1863 3109 2069 3141 concupiscendo
2078 3110 2110 3142 K,
2123 3111 2334 3143 concupit-centes
2345 3113 2392 3154 pF,
2406 3119 2468 3139 con—

341 3144 386 3177 β)
399 3143 636 3170 considerantur.-
647 3142 845 3168 considerantes
857 3141 1078 3174 ABCDFGILpH‚
1092 3141 1285 3167 considerando
1299 3141 1331 3167 Κ.
1344 3155 1363 3161 -
1416 3142 1575 3174 cupiscentes
1586 3143 1671 3176 finem
1691 3144 1775 3174 ceteri,
1789 3144 1867 3176 quasi
1887 3145 2098 3177 concupiscentes
2108 3145 2193 3178 finem
2212 3147 2252 3172 ed.
2270 3155 2295 3177 a,
2312 3148 2387 3179 quasi
2405 3155 2466 3174 con-

307 3182 358 3206 Pro
370 3182 492 3213 possunt,
506 3178 613 3210 possint
630 3178 659 3202 P.

454 3631 563 3656 Summe
581 3630 681 3654 Τιιιιοι.
700 3629 732 3654 D.
745 3629 858 3653 Τιιοιυιε
877 3629 907 3653 T.
930 3629 970 3653 111.

1415 3177 1576 3210 cupiscentia
1597 3178 1625 3203 P.

2292 3633 2320 3657 13

2499 523 2579 571 {fitz

2499 2322 2580 2344 '‘Ibid.

2587 530 2622 550 ιιι,
2637 530 2660 546 ιι.
2671 530 2687 546 ι.
2699 537 2710 541 -

2595 550 2646 572 lect.
2661 556 2691 572 tv.
