2852 4152
108 787 120 797 ⁴
135 786 183 813 Qu.
198 792 263 813 xviu,
278 791 319 808 art.

108 818 128 838 2,
144 819 167 841 3,
181 820 206 839 4.

105 2701 162 2749 δὴ
179 2706 260 2748 theg}
271 2706 317 2748 9νιι,

107 3059 164 3108 {5³4
180 3064 319 3107 :52223'·12·.·

361 183 428 218 162

1049 184 1313 230 QUAESTIO
1344 187 1430 232 xx,

1460 186 1755 223 ARTICULUS
1783 187 1834 222 Vl

1029 303 1359 337 Commentaria
1383 305 1631 339 Cardinalis
1654 306 1851 339 Caietani

355 399 402 461 ΙΝ
417 389 510 420 titulo
527 389 648 421 articuli
667 390 769 431 quinti
786 391 866 421 nota
877 392 958 422 duos
974 391 1134 421 terminos.
1150 391 1294 421 Eventus
1313 391 1407 427 enim,

382 443 554 465 commune
576 434 770 465 vocabulum
786 435 995 465 aad-effectum
1011 445 1067 474 per
1083 444 1115 464 se
1135 440 1166 464 et
1180 443 1236 473 per
1254 434 1407 470 accidens,

351 477 503 517 significat
530 478 562 508 id
585 478 673 518 quod
696 479 940 519 quomodolibet
962 488 999 508 ex
1022 478 1144 508 actione
1168 477 1322 516 provenit.
1345 478 1409 508 Ad-

349 521 426 552 dere
448 531 522 555 vero
545 522 774 562 praesupponit
795 522 827 552 id
851 522 900 552 cui
924 522 1061 557 additur,
1087 527 1118 551 et
1142 521 1180 550 ad
1200 527 1408 560 augmentum

350 571 481 604 spectat:
495 565 587 596 *unde
610 565 723 595 addere
746 565 786 595 ad
810 565 979 600 malitiam,
1003 564 1234 604 praesupponit
1256 564 1409 595 malitiam

348 608 384 638 in
404 615 493 646 actm
517 615 548 640 et
570 609 683 639 addere
699 609 746 639 ad
770 609 959 644 bonitatem,
983 608 1212 648 praesupponit
1234 608 1409 639 bonitatem

348 652 382 682 in
398 653 521 684 eodem.
540 653 632 684 Unde
648 662 713 682 non
732 652 892 692 quaeritur
909 651 960 682 hic
983 662 1023 681 an
1046 658 1133 682 actus
1150 661 1187 682 ex
1210 659 1323 683 eventu
1340 654 1409 683 red-

349 696 441 727 datur
456 697 560 727 malus
574 696 625 726 vel
640 697 762 728 bonus:
787 696 841 725 sed
856 705 896 725 an
915 702 1002 725 actus
1019 695 1122 726 malus
1137 706 1174 726 ex
1189 696 1276 726 malo
1293 704 1407 728 eventu

349 740 495 770 reddatur
520 740 627 780 peior,
653 746 683 769 et
706 739 809 769 bonus
838 748 874 768 ex
901 739 988 769 bono
1017 746 1132 770 eventu
1155 740 1278 771 melior.
1303 741 1408 771 Prima

348 783 434 816 enim
449 784 591 825 quaestio
607 783 671 813 iam
683 783 700 801 *
716 783 818 813 soluta
835 789 890 818 est,
907 793 981 813 cum
997 783 1242 815 determinatum
1258 791 1305 815 est
1323 786 1407 815 unde

348 834 435 858 actus
455 827 592 862 moralis,
603 833 640 857 -et
655 826 739 856 unde
755 833 842 856 actus
858 826 1030 858 voluntatis
1053 827 1093 858 sit
1108 828 1213 859 bonus
1228 829 1278 858 vel
1293 829 1406 866 malus,

348 870 473 901 scilicet·
485 881 521 901 ex
537 869 608 905 fine,
634 869 767 905 obiecto,
785 876 844 900 etc.

400 915 437 945 Η.
457 915 491 944 ln
515 923 647 953 corpore
670 912 792 943 articuli
819 913 955 944 dubium
977 924 1131 954 magnum
1154 916 1306 952 occurrit,
1332 916 1407 957 quia

347 958 513 988 durissima
529 964 559 987 et
582 957 659 987 falsa
672 956 817 987 doctrina
838 957 963 988 videtur
981 958 1032 989 hic
1054 958 1175 990 tradita.
1196 960 1408 1000 Distinguitur

346 1002 502 1041 siquidem
518 1001 606 1041 quod
630 1007 759 1031 eventus
783 1007 889 1040 potest
911 1002 1078 1042 dupliciter
1096 1013 1128 1033 se
1151 1003 1281 1033 habere:
1303 1011 1356 1034 aut
1373 1011 1408 1034 ut

346 1045 585 1084 praecogitatus,
602 1051 657 1075 aut
680 1054 756 1075 non.
774 1045 806 1075 Si
830 1052 865 1076 ut
888 1046 1127 1086 praecogitatus,
1146 1047 1232 1077 addit
1254 1047 1294 1077 ad
1317 1047 1408 1078 boni-

345 1095 441 1119 tatem
464 1089 514 1118 vel
537 1088 700 1119 malitiam.
718 1088 750 1119 Si
774 1099 849 1126 non,
870 1096 946 1120 tunc
965 1091 1144 1130 dupliciter:
1165 1097 1219 1121 aut
1241 1100 1297 1130 per
1312 1101 1344 1121 se
1360 1101 1406 1122 se-

345 1132 461 1173 quitur,
477 1139 508 1163 et
530 1139 566 1162 ut
588 1132 621 1162 in
644 1132 797 1172 pluribus,
823 1140 853 1164 et
868 1140 943 1164 tunc
967 1134 1060 1164 etiarn
1084 1133 1187 1170 addit3
1208 1142 1263 1164 aut
1285 1144 1342 1174 per
1357 1145 1407 1165 ac-

345 1176 461 1212 cidens,
477 1182 508 1206 et
524 1176 557 1206 in
573 1176 834 1216 paucioribus,et
857 1183 932 1208 tunc
949 1188 1014 1208 non
1035 1177 1130 1208 addit.
1148 1194 1167 1200 -
1183 1178 1230 1208 Ex
1245 1178 1304 1209 hac
1320 1179 1405 1209 enim

345 1220 486 1250 doctrina
501 1220 642 1256 habetur,
655 1221 687 1250 in
699 1221 803 1260 primo
819 1222 963 1251 membro
981 1221 1199 1258 d1stinctionis,
1215 1223 1304 1262 quod
1315 1233 1407 1253 even-

344 1271 395 1294 tus
419 1274 553 1304 sequens
578 1264 641 1294 sive
665 1274 720 1304 per
743 1274 776 1294 se
799 1265 863 1295 sive
882 1275 938 1304 per
960 1265 1113 1301 accidens,
1139 1265 1203 1296 sive
1222 1266 1407 1307 'frequenter

345 1308 408 1338 sive
432 1308 597 1344 rarissime,
614 1308 793 1338 dummodo
816 1309 855 1339 sit
877 1309 1048 1348 praevisus,
1065 1309 1152 1341 addit
1169 1310 1209 1340 ad
1232 1310 1407 1342 bonitatem

343 1352 393 1383 vel
415 1352 579 1393 malitiam.
598 1352 669 1383 Hoc
692 1358 799 1382 autem
823 1362 889 1383 esse
913 1353 1120 1384 durissimum
1142 1355 1284 1391 verbum,
1307 1365 1344 1386 ex
1367 1365 1406 1386 eo

343 1398 430 1435 patet
444 1396 542 1436 quod,
559 1396 584 1426 si
597 1395 678 1436 quis,
690 1396 891 1431 committens
908 1403 1015 1428 actum
1030 1399 1149 1437 peccati
1163 1397 1302 1435 venialia
1319 1409 1406 1439 prae-

344 1449 538 1479 cognoscens
554 1449 591 1470 ex
606 1449 655 1476 eo,
673 1439 740 1470 sine
759 1440 820 1470 alia
835 1441 928 1481 culpa
951 1451 1019 1480 sua,
1035 1441 1114 1472 alios
1137 1451 1266 1482 peccare
1289 1445 1406 1474 morta-

342 1483 422 1519 liter,
439 1491 581 1524 peccaret
594 1484 777 1515 mortaliter.
793 1484 834 1515 Et
848 1484 901 1516 >sic
919 1485 1034 1515 mulier
1056 1486 1196 1525 pulchra,
1213 1492 1245 1516 et
1262 1487 1406 1518 adamata

344 1527 577 1568 ab·aliquibus,
589 1535 620 1558 et
642 1528 752 1564 sciens,
773 1538 848 1559 cum
871 1529 1042 1570 egreditur,
1062 1530 1135 1560 illos
1158 1530 1192 1561 in
1215 1536 1405 1571 eam'appe-

343 1571 473 1603 tendam
484 1581 665 1614 *exarsuros;
678 1582 745 1602 non
761 1579 877 1612 posset,
892 1583 986 1604 causa
1001 1573 1133 1605 alicuius
1149 1574 1279 1605 venialis
1291 1575 1404 1611 solatii,

342 1616 387 1646 ire
403 1616 443 1645 ad
461 1616 629 1657 proprium
646 1616 778 1647 hortum
796 1617 914 1657 absque
931 1625 1060 1658 peccato
1078 1618 1212 1649 mortali.
1231 1618 1271 1649 Et
1286 1618 1407 1652 infinita

344 1659 459 1689 similia
481 1659 629 1691 videntur
644 1660 742 1701 sequi,
764 1670 845 1702 quae
866 1661 1064 1692 homoforte
1080 1672 1146 1692 non
1164 1662 1270 1693 suffert
1285 1663 1403 1694 audire.

399 1703 530 1734 Falsum
559 1710 666 1734 autem
697 1714 764 1734 esse
788 1705 985 1736 convincitur
1013 1714 1049 1736 ex
1072 1706 1208 1742 ratione,
1234 1706 1286 1736 sic.
1307 1709 1406 1738 Actus

344 1756 410 1777 non
434 1747 543 1788 recipit
560 1748 760 1778 additionem
778 1749 811 1779 in
834 1749 921 1779 bono
944 1749 994 1779 vel
1017 1749 1050 1779 in
1073 1750 1159 1780 'malo
1184 1750 1359 1781 secundum
1375 1751 1407 1781 id

343 1791 434 1831 quod
454 1798 503 1822 est
525 1802 581 1832 per
604 1792 747 1823 accidens
766 1799 797 1823 et
818 1792 852 1823 in
875 1793 1095 1833 paucioribus:
1120 1795 1175 1825 sed
1198 1801 1329 1825 eventus
1353 1805 1408 1834 per

343 1834 486 1865 accidens
503 1842 533 1866 et
555 1835 587 1865 in
604 1836 814 1876 paucioribus,
839 1847 876 1867 ex
894 1837 956 1867 hoc
977 1838 1066 1878 quod
1088 1844 1134 1868 est
1154 1838 1325 1878 praevisuS,
1341 1849 1408 1869 non

342 1879 453 1909 transit
480 1889 517 1909 ex
540 1889 595 1919 per
623 1880 765 1910 accidens
789 1887 820 1911 et
842 1890 912 1910 raro
940 1881 973 1910 in
996 1891 1052 1921 per
1075 1891 1107 1912 se
1132 1890 1186 1913 aut
1210 1881 1406 1923 frequenter:

343 1931 417 1962 ergo
441 1922 572 1953 eventus
594 1923 679 1959 talis,
704 1933 741 1954 ex
763 1924 824 1960 hoc
848 1925 937 1964 quod
961 1931 1006 1955 est
1030 1925 1206 1965 praevisus,
1231 1935 1297 1956 non
1322 1926 1409 1956 addit

341 1966 374 1996 in
399 1966 539 1997 bonitate
559 1967 612 1997 'vel
634 1967 761 1997 malitia.
779 1985 800 1991 —
819 1968 922 1998 Maior
950 1968 1082 1999 habetur
1103 1969 1136 1999 in
1160 1969 1243 1999 calce
1267 1969 1408 2009 corporis

342 2009 438 2040 huius
453 2010 584 2041 articuli.
601 2028 622 2034 -
637 2011 743 2042 Minor
757 2018 804 2042 est
826 2021 883 2051 per
897 2022 930 2042 se
953 2016 1045 2043 nota:
1069 2013 1145 2053 quia
1161 2013 1316 2053 praevisio
1340 2013 1409 2044 sola

343 2054 421 2084 nihil
454 2054 575 2086 confert
604 2055 769 2086 voluntati.
799 2056 873 2086 Non
902 2056 989 2086 enim
1018 2065 1054 2086 ex
1081 2056 1144 2087 hoc
1174 2058 1264 2098 quod
1294 2057 1408 2098 aliquis

343 2098 503 2138 praevidet
525 2099 655 2140 aliquid,
681 2106 728 2131 est
750 2100 854 2130 bonus
878 2100 928 2131 vel
951 2100 1068 2131 malus:
1093 2111 1151 2131 nec
1175 2111 1211 2132 ex
1234 2101 1296 2132 hoc
1319 2101 1409 2142 quod

1464 392 1577 433 aliquis
1598 393 1757 433 praevidet
1780 392 1899 433 aliquid
1915 403 1971 433 per
1993 393 2136 424 accidens
2153 394 2297 426 futurum
2313 400 2350 427 ex
2364 407 2424 428 suo
2440 405 2521 435 actu,

1464 443 1630 475 propterea
1648 437 1730 466 male
1753 436 1835 467 facit.
1859 436 2012 478 Alioquin
2028 437 2182 475 Christus,
2200 439 2384 479 praevidens
2399 451 2436 471 ex
2454 451 2522 472 ma-

1463 478 1663 510 nifestatione
1687 479 1736 509 sui
1765 479 1871 510 futura
1893 487 1941 512 tot
1963 481 2079 512 scelera
2102 482 2308 519 Iudaeorum,
2330 484 2412 514 male
2436 484 2524 516 fecis-

1464 529 1511 552 set
1532 522 1763 554 manifestando
1787 532 1836 555 se:
1859 531 1889 555 et
1912 524 2057 556 occidens
2080 535 2176 556 suum
2198 526 2389 566 invasorem,
2405 529 2523 567 praevi-

1464 566 1569 596 dendo
1593 566 1660 596 eius
1684 573 1830 604 mortem,
1847 574 1878 599 et
1901 568 2099 600 defendendo
2123 580 2169 607 se,
2194 577 2345 611 peccaret.

1517 610 1609 640 Unde
1633 620 1728 651 super
1745 611 1859 642 eadem
1880 612 1982 643 radice
2005 612 2160 644 formatur
2175 614 2236 645 alia
2258 614 2338 645 ratio
2362 614 2416 645 sic.
2432 614 2524 645 Prae-

1462 653 1543 684 visio
1568 661 1697 685 eventus
1721 654 1796 685 mali
1819 665 1875 696 per
1897 656 2049 693 accidens,
2070 665 2136 688 non
2160 658 2233 689 facit
2256 665 2362 689 actum
2386 659 2522 689 malum:

1463 707 1537 737 ergo
1562 698 1716 738 praevisio
1740 705 1870 729 eventus
1893 700 1967 730 mali
1990 710 2046 740 per
2069 701 2212 732 accidens
2236 701 2344 739 futuri,
2361 712 2427 733 non
2451 702 2524 733 facit

1462 749 1568 772 actum
1594 742 1745 782 peiorem,
1763 743 1789 772 si
1812 749 1877 773 erat
1899 743 2021 774 malus:
2041 744 2127 776 iuxta
2148 745 2235 776 illam
2258 746 2409 786 regulam,
2435 747 2525 778 Sicut

1461 786 1649 826 simpliciter
1671 787 1714 817 ad
1735 787 1931 827 simpliciter,
1949 788 1993 817 ita
2017 790 2122 829 magis
2144 790 2187 820 ad
2209 791 2325 831 magis,
2343 797 2400 821 etc.
2413 789 2433 808 ⁴‘
2447 808 2469 813 —
2483 791 2524 822 Et

1463 829 1675 861 confirmatur.
1701 830 1785 867 Quia
1807 830 1923 861 faciens
1951 837 2058 861 actum
2081 832 2220 870 bonum,
2244 841 2322 874 puta
2343 835 2465 872 vadens,
2483 835 2523 865 ad

1462 874 1639 910 ecclesiam,
1664 881 1694 905 et
1717 874 1900 914 praevidens
1924 875 2013 916 quod
2036 884 2073 905 ex
2097 885 2135 906 eo
2159 884 2330 918 sequentur
2358 879 2418 909 alia
2438 879 2524 909 bona

1462 928 1518 958 per
1541 918 1693 954 accidens,
1711 925 1741 949 et
1760 928 1826 949 non
1850 925 2014 958 acceptans
2037 919 2108 956 illa,
2130 929 2188 950 nec
2210 921 2286 952 odio
2309 922 2443 959 habens,
2468 923 2523 953 sed

1462 968 1546 992 stans
1570 962 1602 991 in
1625 962 1693 992 sola
1717 962 1932 1002 praevisione,
1954 972 2020 993 non
2043 969 2210 1003 propterea
2231 963 2306 996 facit
2328 972 2434 996 actum
2457 976 2523 997 me-

1461 1005 1583 1035 liorem.
1609 1005 1650 1036 Et
1672 1012 1778 1036 tamen
1802 1016 1943 1046 expresse
1966 1007 1998 1036 in
2021 1006 2123 1037 littera
2145 1007 2239 1047 primi
2258 1010 2392 1040 membri
2411 1010 2523 1041 dicitur

1462 1049 1550 1089 quod
1573 1049 1734 1088 praevisus
1758 1049 1885 1080 effectus
1909 1050 1994 1080 addit
2016 1051 2056 1080 ad
2079 1051 2263 1082 bonitatem.

1518 1092 1570 1123 111.
1591 1092 1679 1130 Quid
1707 1103 1780 1133 ergo
1810 1091 1970 1124 dicemus?
1993 1094 2174 1125 Dicendum
2197 1102 2259 1132 est,
2285 1095 2311 1126 si
2331 1096 2434 1128 littera
2456 1107 2523 1128 non

1462 1142 1508 1166 est
1532 1135 1692 1172 defectiva,
1714 1137 1802 1177 quod
1825 1139 1947 1168 Auctor
1962 1137 2097 1169 intendit
2120 1139 2158 1169 de
2182 1146 2296 1171 eventu
2315 1150 2522 1182 quocumque

1462 1180 1674 1220 praecogitato
1702 1179 1746 1211 sic
1772 1181 1862 1221 quod
1885 1181 2052 1212 descendat
2075 1182 2108 1212 in
2137 1183 2348 1220 voluntatem,
2370 1184 2412 1215 ita
2435 1185 2524 1226 quod

1461 1224 1609 1254 voluntas
1632 1224 1749 1255 feratur
1771 1224 1804 1255 in
1827 1225 1943 1265 ipsum,
1969 1225 2083 1267 directe
2108 1226 2158 1257 vel
2181 1227 2344 1258 indirecte:
2369 1228 2412 1258 ita
2435 1228 2524 1269 quod

1462 1278 1527 1299 non
1544 1268 1678 1299 intendit
1693 1268 1752 1299 nisi
1776 1269 1814 1299 de
1838 1276 1951 1300 eventu
1969 1271 2120 1310 praeviso
2144 1276 2174 1301 et
2197 1271 2302 1309 volito,
2321 1271 2385 1302 sive
2409 1272 2523 1303 directe

1462 1312 1527 1342 sive
1550 1312 1710 1343 indirecte.
1737 1313 1779 1343 Et
1800 1312 1852 1343 hic
1875 1323 1984 1344 sensus
2008 1321 2114 1354 potest
2137 1315 2220 1345 sumi
2242 1322 2278 1346 ut
2300 1315 2460 1356 expositus
2483 1317 2522 1347 ab

1460 1356 1598 1396 ipsomet
1619 1356 1750 1387 inferius
1765 1357 1799 1386 in
1823 1367 1876 1397 qu.
1893 1367 1997 1394 Lxxm,
2017 1365 2072 1389 art.
2091 1358 2121 1394 8,
2143 1359 2184 1388 ad
2212 1369 2237 1395 1,
2262 1359 2317 1390 ubi
2330 1359 2412 1396 dicit
2433 1360 2524 1401 quod

1460 1405 1591 1431 eventus
1613 1410 1758 1441 sequens,
1775 1401 1804 1431 si
1825 1402 1866 1431 sit
1883 1402 2055 1441 praevisus
2078 1407 2108 1432 et
2131 1403 2281 1441 intentus,
2305 1403 2456 1444 additfad
2467 1404 2524 1435 ὸο-

1461 1445 1589 1475 nitatem
1614 1444 1664 1475 vel
1686 1444 1840 1475 malitiam
1864 1450 1971 1483 actus,
1994 1446 2078 1476 Sicut
2099 1455 2198 1486 supra
2226 1447 2344 1478 dictum
2364 1449 2426 1486 est,
2449 1448 2520 1481 Cum

1460 1488 1500 1518 de
1522 1488 1660 1518 bonitate
1684 1493 1714 1518 et
1739 1489 1863 1519 malitia
1893 1489 2106 1520 humanorum
2135 1495 2264 1520 actuum
2293 1491 2458 1532 agereturss
2481 1492 2523 1523 Et

1461 1532 1536 1572 quia
1558 1532 1592 1562 in
1615 1541 1747 1572 corpore
1777 1532 1862 1562 illius
1885 1532 2006 1563 articuli
2034 1533 2127 1573 ponit
2149 1534 2208 1564 sub
2233 1543 2299 1564 non
2321 1534 2444 1566 intento
2465 1545 2523 1566 vo-

1460 1576 1554 1606 litum
1577 1575 1740 1612 indirecte,
1765 1575 1838 1606 ideo
1862 1576 2008 1607 consulto
2040 1576 2103 1607 dixi
2127 1578 2216 1618 quod
2246 1577 2381 1609 intentio
2403 1581 2523 1609 Aucto—

1461 1619 1501 1650 ris
1526 1626 1571 1650 est
1594 1619 1684 1660 loqui
1708 1619 1746 1649 de
1769 1619 1912 1659 praeviso
1936 1626 1967 1650 et
1988 1619 2107 1657 volito,
2129 1620 2194 1652 sive
2219 1621 2332 1652 directe
2356 1622 2425 1652 sive
2442 1622 2523 1653 indi—

1461 1670 1552 1694 recte.
1563 1681 1583 1686 -
1599 1663 1640 1693 Et
1655 1669 1759 1703 potest
1775 1673 1905 1704 quoque
1924 1663 2042 1694 hiemet
2057 1674 2166 1695 sensus
2184 1675 2220 1695 ex
2235 1665 2294 1696 hac
2308 1665 2410 1696 littera
2428 1666 2521 1705 sumi,

1462 1708 1540 1738 dum
1563 1707 1676 1737 dicitur
1698 1707 1845 1738 voluntas
1861 1708 1967 1748 magis
1985 1708 2179 1739 inordinata.
2196 1708 2282 1740 Cum
2301 1709 2387 1740 enim
2408 1709 2523 1741 volun-

1461 1752 1507 1782 tas
1531 1761 1597 1781 non
1613 1751 1760 1781 reddatur
1782 1751 1960 1782 inordinata
1976 1761 2012 1782 ex
2035 1759 2107 1784 actu
2131 1752 2284 1789 exteriori,
2303 1753 2362 1784 nisi
2385 1753 2526 1794 iuquan-'

1461 1802 1531 1826 tum
1553 1795 1662 1831 volito,
1683 1805 1880 1836 consequens
1904 1802 1951 1826 est
1965 1795 2054 1836 quod
2069 1805 2127 1827 nec
2143 1806 2180 1827 ex
2203 1796 2270 1828 eius
2294 1804 2408 1828 eventu
2433 1798 2523 1828 deor-

1462 1839 1586 1869 dinetur
1608 1839 1668 1869 nisi
1690 1839 1800 1870 volito.
1824 1839 1866 1870 Et
1889 1838 2118 1880 consequenter
2140 1850 2178 1871 ex
2200 1841 2314 1871 eodem
2337 1850 2404 1872 non
2421 1842 2523 1882 magis

1462 1882 1680 1919 deordinatur‚
1704 1882 1763 1913 nisi
1785 1882 1894 1914 volito.
1920 1883 2057 1914 Intendit
2079 1893 2154 1924 ergo
2177 1884 2211 1914 in
2233 1885 2338 1925 primo
2362 1886 2521 1918 membro:

1462 1926 1526 1956 sive
1550 1936 1606 1966 per
1628 1936 1660 1965 se
1688 1926 1751 1957 sive
1771 1936 1826 1966 per
1849 1926 2001 1964 accidens,
2021 1927 2085 1958 sive
2102 1927 2282 1969 frequenter
2297 1928 2361 1959 sive
2384 1939 2464 1966 raro,
2481 1935 2521 1966 et,

1462 1969 1605 2006 breviter,
1623 1976 1753 2000 eventus
1776 1970 2020 2010 quomodolibet
2048 1971 2179 2002 actionis
2202 1971 2348 2012 propriae
2372 1972 2412 2003 sit
2433 1982 2523 2012 prae-

1461 2013 1548 2043 visus
1571 2019 1602 2044 et
1623 2013 1751 2050 volitus,
1767 2013 1853 2044 addit
1868 2014 1906 2043 ad
1929 2014 2104 2045 bonitatem
2119 2015 2170 2045 vel
2193 2015 2346 2046 malitiam
2369 2022 2466 2047 actus.
2483 2015 2525 2047 Et

1463 2057 1525 2087 hoc
1541 2062 1595 2088 ‘est
1610 2057 1830 2088 manifestum:
1850 2057 1926 2098 quia
1941 2058 2003 2088 hoc
2019 2065 2138 2098 spectat
2152 2059 2192 2090 ad
2210 2059 2408 2090 voluntatem
2423 2059 2525 2100 magis

1464 2101 1680 2132 deordinatam
1704 2101 1737 2131 in
1760 2101 1861 2138 malis,
1879 2108 1910 2132 et
1932 2101 2031 2142 magis
2055 2102 2198 2133 affectam
2220 2103 2254 2133 in
2276 2103 2379 2134 bonis.

900 2305 903 2308 ,
1159 2261 1475 2303 ARTICULUS
1506 2262 1712 2304 SEXTUS

729 2354 885 2385 UTRUM
909 2354 1015 2384 IDEM
1038 2354 1181 2400 Actus
1203 2344 1426 2387 Ex‘rEmo'R
1450 2354 1596 2386 POSSIT
1621 2355 1721 2387 ESSE
1745 2356 1886 2388 BONUS
1909 2357 1966 2387 ET
1990 2357 2135 2388 MALus

1250 2434 1270 2458 ll
1281 2433 1371 2462 Sem„
1391 2434 1451 2459 dist.
1469 2441 1508 2463 xz.
1527 2439 1574 2459 art.
1592 2441 1619 2465 4.

367 2543 436 2598 ἰὸς
456 2541 529 2590 52⁷3«
554 2540 579 2565 n
606 2540 747 2566 scx‘rum
765 2540 826 2565 sic
851 2540 1091 2566 PROCEDITUR.
1120 2529 1281 2566 Videtur
1300 2530 1404 2577 quod

372 2574 423 2641 ,ἐξ
471 2570 530 2641 ’ἓρ
554 2593 654 2618 unus
682 2588 786 2618 actus
814 2581 934 2630 possit
961 2593 1044 2618 esse
1067 2582 1192 2619 bonus
1212 2589 1248 2619 et
1266 2583 1402 2619 malus.

359 2636 363 2643 '
390 2633 480 2678 ’,πη
495 2624 685 2670 Motus
714 2634 815 2671 enim
842 2639 899 2670 est
925 2646 1022 2671 unus
1044 2635 1111 2683 qui
1127 2640 1181 2671 est
1197 2635 1404 2681 continuus,

399 2662 496 2720 ξ’·’ῗῦ
511 2678 597 2723 &ut
624 2686 757 2724 dicitur
785 2686 823 2724 in
841 2687 876 2723 V
894 2687 1043 2735 Physic.
1059 2687 1091 2714 ’¹‘-
1108 2688 1185 2724 Sed
1203 2699 1303 2725 unus
1322 2699 1407 2725 mo-

346 2746 405 2776 tus
434 2738 635 2776 continuus
662 2747 787 2788 potest
816 2751 897 2776 esse
927 2740 1052 2776 bonus
1081 2747 1117 2777 et
1144 2741 1289 2777 malus:
1315 2747 1407 2789 puta

346 2791 377 2829 si
404 2790 550 2839 aliquis,
581 2792 759 2836 continue
789 2791 838 2830 ad
867 2793 1066 2829 ecelesiam
1093 2793 1251 2839 vadens,
1281 2793 1406 2841 primo

346 2843 503 2891 quidem
532 2845 702 2883 intendat
721 2845 874 2882 inanem
893 2845 1066 2893 gloriam,
1086 2853 1220 2894 postea
1238 2845 1410 2883 intendat

347 2898 431 2933 Deo
461 2898 615 2935 servire.
645 2899 747 2946 Ergo
776 2910 875 2935 unus
904 2905 1009 2935 actus
1036 2906 1161 2946 potest
1180 2910 1263 2935 esse
1282 2899 1408 2936 bonus

348 2957 383 2986 et
411 2950 547 2987 malus.

402 3014 436 3039 2.
465 3001 706 3050 ΡκΑΕτΕιιΕΑ,
735 3004 947 3041 secundum
976 3003 1265 3052 Philosophum,
1291 3004 1329 3041 in
1358 3005 1408 3040 111

346 3055 494 3102 Physic.
528 3055 563 3102 ²³²,
593 3056 690 3092 actio
720 3064 755 3093 et
781 3057 908 3104 passio
943 3063 1032 3093 sunt
1058 3068 1158 3093 unus
1185 3064 1302 3094 actus.
1333 3057 1410 3094 Sed

347 3115 472 3156 potest
505 3120 588 3145 esse
621 3108 747 3157 passio
783 3110 903 3156 bona,
933 3109 1028 3146 sicut
1060 3109 1218 3155 Christi;
1249 3117 1285 3147 et
1311 3109 1409 3146 actio

349 3161 470 3207 mala,
500 3161 594 3198 sicut
622 3161 862 3198 Iudaeorum.
893 3163 995 3210 Ergo
1028 3174 1127 3199 unus
1155 3169 1261 3199 actus
1287 3169 1412 3211 potest

349 3225 437 3251 essev
459 3213 585 3252 bonus
614 3222 650 3250 et
678 3214 812 3251 malus.

405 3266 439 3303 3.
467 3266 701 3314 PRAETEREA,
731 3277 819 3303 curn
844 3278 976 3304 servus
996 3267 1042 3304 sit
1061 3267 1169 3315 quasi
1186 3268 1412 3305 instrumen-

349 3326 431 3355 tum
460 3319 627 3367 domini,
658 3318 755 3356 actio
784 3319 883 3356 servi
913 3328 968 3357 est
997 3320 1094 3357 actio
1124 3320 1288 3368 domini,
1317 3319 1412 3357 sicut

350 3371 447 3409 actio
482 3371 719 3410 instrumenti
759 3380 814 3409 est
851 3372 946 3409 actio
981 3372 1143 3409 artificis.
1183 3373 1261 3411 Sed
1288 3380 1412 3422 potest

1460 2529 1675 2578 contingere
1695 2531 1800 2578 quod
1829 2530 1925 2567 actio
1946 2531 2046 2568 servi
2063 2532 2247 2580 procedat
2268 2545 2313 2570 ex
2333 2533 2436 2572 bona
2453 2547 2524 2572 vo-

1459 2583 1602 2619 luntate
1630 2582 1796 2629 domini,
1828 2590 1864 2619 et
1891 2582 1944 2619 sic
1972 2583 2018 2620 sit
2045 2584 2167 2621 bona:
2198 2592 2236 2622 et
2262 2597 2307 2622 ex
2335 2587 2437 2624 mala
2453 2594 2524 2626 vo·-

1459 2636 1601 2671 luntate
1629 2634 1744 2682 servi,
1774 2635 1882 2672 etsie
1910 2635 1955 2672 sit
1979 2641 1996 2657 α
2023 2636 2136 2674 mala.
2157 2637 2260 2685 Ergo
2287 2637 2390 2676 idem
2419 2647 2525 2678 actus

1460 2695 1585 2737 potest
1614 2700 1695 2724 esse
1724 2689 1848 2725 bonus
1878 2695 1914 2725 et
1940 2689 2075 2726 malus.
2502 2699 2504 2703 ’

1515 2741 1589 2777 SED
1610 2751 1767 2788 CONTRA,
1793 2741 1977 2778 contraria
2005 2754 2084 2778 non
2111 2750 2272 2790 possunt
2299 2755 2382 2781 esse
2403 2744 2442 2782 in
2462 2757 2524 2783 eo·

1462 2793 1564 2830 dem.
1595 2793 1672 2830 Sed
1691 2793 1839 2830 bonum
1860 2801 1896 2830 et
1914 2794 2059 2831 malum
2080 2802 2168 2832 sunt
2192 2797 2390 2835 contraria.
2421 2798 2530 2847 Ergo·

1462 2857 1561 2882 unus
1590 2853 1694 2882 actus
1722 2857 1802 2883 non
1829 2853 1954 2895 potest
1981 2859 2064 2884 esse
2093 2848 2218 2885 bonus
2247 2856 2283 2886 et
2309 2850 2442 2888 malus.

1517 2899 1742 2935 Responnsso
1757 2910 1940 2936 mccunum
1960 2899 2064 2948 quod
2083 2900 2174 2937 nihil
2191 2901 2370 2949 prohibet
2383 2902 2525 2952 aliquid

1464 2963 1547 2988 esse
1574 2963 1706 2998 unum,
1736 2952 1948 2989 secundum
1977 2953 2083 3000 quod
2112 2960 2168 2990 est
2194 2953 2233 2991 in
2261 2965 2339 2991 uno
2363 2966 2524 3003 genere;

1465 3011 1500 3040 et
1537 3016 1620 3040 esse
1657 3004 1872 3053 multiplex,
1901 3006 2114 3043 seeundum
2147 3006 2254 3055 quod
2282 3007 2440 3045 refertur
2475 3008 2527 3046 ad

1464 3057 1565 3094 aliud
1593 3069 1724 3105 genus.
1755 3057 1860 3094 Sicut
1887 3058 2107 3106 superficies
2136 3058 2317 3097 continua
2345 3068 2400 3098 est
2426 3069 2523 3109 una,

1465 3110 1677 3147 secundum
1713 3110 1818 3158 quod
1856 3110 2114 3147 consideratur
2146 3111 2185 3148 in
2213 3123 2352 3159 genere
2379 3113 2524 3162 quanti-

1464 3162 1570 3199 tatis:
1600 3170 1728 3200 tamen
1757 3170 1813 3199 est
1840 3162 2051 3211 multiplex,
2081 3165 2293 3202 secundum
2330 3165 2435 3215 quod
2466 3176 2524 3203 rev·

1465 3215 1581 3252 fertur
1617 3216 1665 3252 ad
1702 3227 1820 3264 genus
1854 3215 2006 3262 coloris,
2035 3216 2067 3253 si
2093 3217 2232 3265 partim
2270 3217 2316 3255 sit
2351 3218 2457 3265 albia,
2487 3225 2524 3255 et

1465 3268 1602 3316 partim
1635 3268 1752 3316 nigra.
1782 3268 1832 3305 Et
1861 3268 2074 3306 secundum
2106 3270 2202 3318 hoc,
2231 3270 2321 3307 nihil
2348 3270 2524 3320 prohibet

1466 3320 1632 3370 aliquem
1665 3328 1793 3358 actum
1822 3332 1904 3358 esse
1936 3333 2057 3359 unum
2094 3323 2306 3360 secundum
2334 3322 2438 3372 quod
2466 3334 2523 3360 re-

1467 3373 1581 3410 fertur
1607 3373 1656 3410 ad
1683 3385 1803 3421 genus
1831 3380 1997 3423 naturae,
2022 3375 2088 3423 qui
2106 3382 2234 3413 tamen
2253 3387 2331 3413 non
2351 3382 2406 3412 est
2422 3387 2522 3413 unus

405 3493 432 3526 α)
451 3494 489 3519 sic
506 3495 550 3519 sit.
567 3507 587 3514 -
604 3495 642 3520 sic
660 3494 854 3524 ABCDEGHK,
873 3494 909 3519 sit
928 3494 976 3519 Pa.

2550 793 2558 801 ·
2568 791 2604 813 cf.
2613 791 2761 813 Aristot.To-

2546 818 2594 845 pic.
2609 818 2650 839 lib.
2665 818 2694 842 11,
2709 824 2735 840 ea
2754 834 2760 840 .

2549 851 2563 865 x
2574 860 2579 869 ,
2595 850 2617 866 n.
2632 850 2657 870 23
2671 844 2711 871 lib,
2754 860 2760 871 ‚

2550 876 2600 898 cap.
2611 877 2660 897 vm,
2674 877 2696 892 n.
2704 877 2726 900 3,
2736 878 2759 897 4.
