2846 4146
317 829 323 839 ’
351 832 510 869 vivendi.

1030 217 1295 263 QUAESTIO
1326 217 1460 262 Lv111‚
1490 216 1783 253 ARTicULUs
1815 217 1844 252 11

2438 217 2509 264 373

1117 349 1431 390 ARTICULUS
1461 348 1758 389 SECUNDUS

762 448 916 479 UTRUM
940 449 1096 479 vmrus
1119 448 1308 479 MORALIS
1332 448 1654 479 DISTINGUATUR
1679 448 1733 478 AB
1757 448 2102 478 INTELLECTUALI

811 535 841 558 111
855 535 936 563 Sent„
957 535 1015 560 dist.
1027 542 1096 565 xxm,
1110 543 1154 567 qu.
1167 542 1189 565 ι,
1204 540 1250 559 art.
1264 543 1293 566 4,
1312 536 1358 567 qu·
1375 541 1404 565 23
1421 535 1462 559 De
1481 535 1585 562 Virtut„
1598 542 1642 567 qu.
1657 542 1680 563 ι,
1694 540 1741 559 art.
1758 542 1800 565 ως
1816 534 1824 558 Ι
1839 535 1933 564 Ethic„
1946 535 2003 559 lect.
2018 542 2056 559 xx.

390 643 443 673 rb*
466 642 521 674 θινὸς

349 716 351 719 ,
444 646 542 735 25st
561 673 679 711 virtus
708 674 863 711 moralis
891 675 939 711 ab
967 674 1204 712 intellectuali
1232 686 1310 711 non
1336 673 1409 711 dis-

370 775 382 785 ”
443 775 495 814 Τι’
519 773 550 815 K
562 780 608 816 de
630 779 710 816 (Σίν.
729 780 805 816 Dei
820 779 855 827 ²⁸,
884 781 987 827 quod
1007 781 1124 817 virtus
1151 785 1203 816 est
1229 791 1293 816 ars
1311 784 1410 815 recte

548 832 625 868 Sed
657 844 717 868 ars
754 840 810 868 est
848 832 966 870 virtus
1002 831 1270 869 intellectualis.
1308 832 1409 878 Ergo

353 884 471 922 virtus
498 884 651 921 moralis
680 885 727 921 ab
756 884 993 921 intellectuali
1021 897 1099 921 non
1128 884 1263 921 differt.

408 948 443 973 2.
473 937 704 982 PRAETEREA,
726 937 894 986 plerique
921 937 960 974 in
989 937 1208 973 definitione
1227 936 1409 973 virtutum

353 989 556 1026 moralium
584 997 732 1038 ponunt
765 989 981 1026 scientiam:
1011 989 1105 1026 sicut
1137 989 1291 1037 quidam
1319 988 1412 1025 defi-

353 1042 460 1079 niunt
487 1042 591 1090 quod
620 1042 900 1091 perseverantia
927 1050 983 1078 est
1006 1042 1158 1079 scientia
1184 1042 1245 1078 vel
1266 1041 1412 1078 habitus

354 1106 485 1131 eorum
506 1095 638 1143 quibus
656 1100 711 1131 est
732 1095 1013 1131 immanendum
1033 1094 1093 1130 vel
1110 1106 1184 1131 non
1205 1095 1411 1130 immanen-

354 1148 442 1184 dum
450 1160 464 1191 ,·
488 1154 524 1183 et
543 1147 717 1184 sanctitas
738 1155 793 1184 est
809 1148 961 1184 scientia
970 1147 1266 1195 faciensfideles
1285 1151 1320 1182 et
1335 1157 1412 1182 ser-

298 1244 324 1260 n—
353 1205 482 1236 vantes
509 1211 606 1248 quae
632 1200 684 1236 ad
708 1201 833 1236 Deum
853 1200 948 1236 iusta
962 1199 993 1236 ²¹⁵.
1015 1199 1175 1236 Scientia
1205 1206 1333 1235 autern
1358 1206 1413 1234 est

353 1252 471 1289 virtus
486 1251 754 1289 intellectualis.
775 1253 877 1300 Ergo
891 1252 1010 1289 virtus
1026 1251 1179 1288 moralis
1198 1263 1278 1288 non
1299 1251 1413 1287 debet

354 1304 531 1353 distingui
558 1305 607 1341 ab
635 1304 883 1341 intellectuali.

410 1358 444 1394 3.
465 1357 697 1402 PRAETEREA‚
717 1356 950 1403 Augustinus
977 1355 1076 1402 dicit,
1097 1356 1135 1392 in
1164 1357 1178 1391 I
1199 1354 1349 1402 Soliloq.
1374 1355 1411 1401 *,

354 1408 604 1457 quodminus
630 1413 684 1444 est
709 1414 811 1444 recta
838 1414 872 1444 et
892 1410 1063 1455 perfecta
1095 1408 1203 1444 ratio.
1235 1406 1312 1443 Sed
1339 1407 1414 1442 hoc

353 1461 514 1510 pertinet
547 1460 596 1497 ad
627 1460 807 1497 virtutem
834 1460 1147 1506 intellectualem,
1177 1467 1219 1495 ut
1245 1465 1348 1507 patet
1375 1459 1414 1495 in

320 1533 327 1565 3
353 1514 404 1551 VI
428 1514 548 1550 Ethic.
569 1512 590 1534 ⁴¹
609 1513 712 1560 Ergo
729 1513 849 1549 virtus
882 1513 1036 1550 moralis
1056 1524 1135 1549 non
1160 1519 1216 1548 est
1243 1511 1414 1549 distincta

353 1567 403 1604 ab
430 1565 680 1603 intellectuali.

407 1618 445 1666 4.
465 1619 699 1666 PRAETEREA,
719 1618 811 1655 nihil
838 1617 1074 1665 distinguitur
1096 1618 1144 1654 ab
1174 1629 1220 1653 eo
1249 1616 1355 1664 quod
1373 1616 1412 1653 in

352 1672 435 1711 eius
459 1670 684 1708 definitione
711 1671 874 1719 ponitur.
906 1670 983 1707 Sed
1009 1670 1130 1707 virtus
1157 1669 1415 1706 intellectualis

354 1724 509 1773 ponitur
533 1724 572 1760 in
596 1723 819 1762 definitione
835 1722 982 1760 virtutis
999 1722 1174 1760 moralis:
1204 1722 1293 1759 dicit
1311 1721 1414 1758 enim

260 1759 268 1806 ³-
298 1795 328 1833 -j
354 1777 626 1825 Philosophus,
655 1776 694 1813 in
723 1777 756 1814 ΙΙ
783 1772 902 1813 ῈΙΙιίσ.
922 1775 954 1822 *,
978 1775 1084 1824 quod
1109 1775 1229 1812 virtus
1259 1774 1415 1811 moralis

354 1835 411 1868 est
433 1829 581 1866 habitus
606 1829 780 1866 electivus
797 1830 958 1866 existens
976 1829 1014 1866 in
1033 1828 1227 1865 medietate
1243 1828 1415 1864 determi-

354 1888 446 1920 nata
472 1881 641 1928 ration-e,-
657 1888 775 1930 prout
798 1882 946 1930 sapiens
973 1881 1242 1918 determinabit.
1277 1880 1414 1916 Huius-

355 1934 463 1973 modi
490 1941 618 1972 autem
639 1941 742 1971 recta
760 1934 854 1971 ratio
874 1933 1129 1971 determinans
1148 1933 1320 1970 medium
1339 1932 1414 1969 vir-

355 1987 442 2025 tutis
462 1986 636 2034 moralis,
655 1987 816 2036 pertinet
841 1988 891 2024 ad
909 1986 1088 2024 virtutem
1112 1986 1414 2032 intellectualem,

318 2047 326 2072 '-
354 2047 397 2077 ut
416 2039 558 2078 >dicitur
572 2039 613 2077 in
630 2040 682 2077 VI
701 2039 821 2076 Ethic.
842 2039 863 2062 ²¹⁶
889 2038 991 2088 Ergo
1015 2039 1134 2078 virtus
1162 2038 1318 2076 moralis
1337 2049 1416 2075 non

294 2106 298 2119 ‘
319 2108 321 2111 ’
356 2091 593 2141 distinguitur
619 2092 668 2129 ab
695 2092 946 2130 intellectuali.

409 2146 485 2182 San
504 2156 650 2182 com-iu
667 2157 734 2182 EST
752 2145 858 2193 quod
883 2144 1016 2182 dicitur
1043 2145 1081 2181 in
1100 2145 1115 2180 Ι
1134 2144 1254 2180 Ethic.
1270 2143 1310 2180 ⁸²:
1340 2145 1415 2180 De-

320 2193 326 2198 ’
354 2198 579 2236 terminatur
589 2198 710 2235 virtus
724 2198 930 2235 secundum
949 2197 1199 2248 differentiam
1219 2197 1339 2233 hanc.-
1361 2197 1414 2233 di·

354 2251 473 2287 cimus
500 2250 600 2287 enim
627 2251 766 2287 harum
792 2252 862 2288 has
879 2250 1028 2299 quidem
1055 2249 1328 2295 intellectuales,
1348 2250 1416 2286 has

353 2315 444 2341 vero
472 2303 646 2340 morales.
1286 2312 1289 2315 ¹

358 2386 360 2389 .
375 2368 377 2370 ·
406 2356 634 2393 Rnsrounao
648 2366 832 2393 melerinum
847 2355 952 2405 quod
968 2354 1143 2392 omnium
1157 2355 1414 2391 humanorum

353 2420 517 2458 operum
552 2408 782 2457 principium
809 2408 978 2457 primum
1007 2407 1100 2444 ratio
1129 2414 1206 2444 est:
1236 2414 1274 2444 et
1300 2419 1415 2456 quae-

356 2468 521 2510 cumque
549 2461 624 2498 alia
644 2461 832 2510 principia
849 2462 1109 2498 humanorum
1130 2471 1291 2508 operum
1311 2458 1416 2497 inve-

354 2514 516 2562 niantur,
545 2514 838 2561 quodammodo
867 2513 1002 2550 rationi
1031 2513 1232 2558 obediunt3
1262 2513 1415 2549 diversi-

355 2566 471 2604 mode
508 2574 649 2603 tamen.
687 2567 791 2603 Nam
826 2565 1019 2614 quaedam
1061 2565 1196 2602 rationi
1233 2565 1417 2602 obediunt

355 2619 514 2656 omnino
537 2618 588 2655 ad
615 2625 764 2665 nutum,
789 2619 934 2666 absque
963 2617 1069 2655 omni
1098 2617 1414 2654 contradictione:

355 2671 451 2708 sicut
478 2670 647 2720 corporis
674 2671 869 2718 membra,
898 2671 929 2707 si
958 2671 1094 2708 fuerint
1120 2670 1159 2707 in
1186 2681 1255 2707 sua
1277 2677 1416 2708 'natura

357 2723 617 2770 consistentia3
645 2723 769 2760 statim
799 2723 904 2760 enim
931 2725 979 2760 ad
1007 2723 1211 2772 imperium
1239 2723 1414 2771 rationis,

356 2788 494 2818 manus
517 2783 580 2813 aut
607 2787 676 2825 pes
703 2783 882 2813 movetur
907 2777 955 2814 ad
975 2786 1083 2825 opus.
1114 2776 1225 2813 Unde
1244 2775 1416 2813 Philoso-

310 2843 318 2858 ¹
356 2829 454 2878 phus
479 2829 580 2876 dicit,
600 2829 638 2865 in
659 2830 673 2865 1
692 2828 800 2866 Polit.
815 2829 851 2876 ²⁸,
875 2829 981 2876 quod
1008 2829 1137 2866 anima
1156 2829 1256 2878 regit
1280 2839 1415 2877 corpus

355 2882 547 2930 despot‘ico
563 2882 790 2930 principatu,
817 2881 914 2918 idest
932 2881 1028 2919 sicut
1046 2881 1227 2919 dominus
1245 2892 1414 2929 servum,

356 2935 421 2984 qui
439 2935 498 2972 ius
514 2934 800 2972 contradicendi
822 2945 902 2971 non
919 2934 1045 2971 habet.
1075 2935 1290 2971 Posuerunt
1309 2934 1417 2982 igitur

355 2987 513 3036 quidalm
531 2987 646 3036 -quod
684 2985 814 3024 omnia
840 2986 1022 3036 principia
1049 2986 1172 3023 activa
1204 2991 1304 3038 quae
1329 2993 1416 3023 sunt

354 3040 604 3087 iiiffhmhine,
633 3041 709 3077 hoc
738 3040 856 3076 modo
890 3051 930 3076 se
962 3038 1105 3076 habent
1135 3039 1186 3076 ad
1213 3038 1414 3076 rationem.

357 3093 474 3140 Quod
507 3092 664 3141 quidem
700 3091 733 3129 si
765 3103 902 3130 verum
938 3099 1055 3140 esset,
1085 3092 1275 3128 sufficeret
1309 3091 1414 3139 quod

356 3146 450 3183 ratio
471 3153 570 3184 esset
583 3145 760 3195 perfecta,
777 3145 826 3182 ad
845 3146 945 3182 bene
963 3144 1167 3194 agendum.
1183 3144 1306 3191 Unde,
1327 3155 1415 3180 cum

355 3198 476 3236 virtus
491 3204 509 3220 ²
531 3198 579 3236 sit
595 3197 746 3236 habitus
774 3209 861 3247 quo
872 3198 1094 3247 perficimur
1113 3197 1162 3234 ad
1185 3194 1416 3244 bene'agen·

357 3252 470 3299 dum,
500 3258 721 3300 sequeretur
747 3251 852 3300 quod
880 3251 918 3287 in
951 3251 1032 3287 sola
1059 3249 1203 3287 ratione
1233 3255 1350 3286 esset:
1381 3256 1417 3286 et

521 627 523 629 '
562 633 790 659 DSECUNDUM
804 633 858 658 sm
873 633 1110 659 PROCEanUR.
1126 621 1285 659 Videtur
1303 621 1408 671 quod
1461 621 1513 657 sic
1542 622 1643 658 nulla
1669 621 1787 658 virtus
1817 629 1914 658 esset
1946 622 2014 659 nisi
2047 622 2312 661 intellectualis.
2347 626 2395 662 Et
2422 626 2516 662 haec

1462 673 1530 710 fuit
1557 673 1686 723 opinio
1716 674 1892 721 Socratis,
1912 674 1977 723 qui
1997 674 2086 712 dixit
2113 688 2240 713 omnes
2267 678 2417 714 virtutes
2440 690 2518 715 esse

562 726 763 774 tinguatur.
778 727 878 764 Dicit
893 727 994 764 enirn
1004 727 1247 775 Augustinus,
1259 726 1297 763 in
1311 726 1406 763 libro
1456 726 1691 774 prudentias,
1720 733 1761 762 ut
1788 726 1921 763 dicitur
1947 727 1986 763 in
2004 728 2055 764 V1
2074 729 2194 766 Ethic.
2218 730 2237 750 *
2263 730 2373 767 Unde
2397 743 2515 778 pone-

1463 779 1526 814 bat
1544 777 1559 808 β
1577 779 1682 827 quod
1700 778 1833 826 homo,
1854 779 2007 816 scientia
2025 780 2062 817 in
2082 793 2127 817 eo
2149 781 2338 829 existente,
2358 795 2515 831 peccare
2544 775 2554 780 ”

1462 842 1541 866 non
1568 838 1734 879 poterat;
1765 831 1831 868 sed
1860 831 2091 881 quicumque
2123 835 2315 882 peccabat,
2336 836 2518 883 peccabat

1461 889 1616 931 propter
1642 882 1890 930 ignorantiam
1903 883 1934 920 ²¹².

1517 936 1602 971 Hoc
1621 943 1747 971 autem
1771 937 1943 984 procedit
1961 949 2005 973 ex
2025 938 2284 986 suppositione
2303 940 2397 977 falsi.
2426 941 2517 978 Pars

1465 987 1565 1024 enim
1599 987 1802 1036 appetitiva
1840 989 1969 1026 obedit
2003 990 2136 1027 rationi
2164 1003 2241 1028 non
2279 993 2435 1030 omnino
2469 994 2517 1030 ad

1464 1047 1612 1087 nutum,
1633 1040 1701 1077 sed
1721 1053 1808 1077 curn
1829 1041 1952 1089 aliqua
1972 1043 2283 1080 contradictione:
2312 1046 2413 1082 unde
2432 1045 2518 1082 Phi-

1464 1093 1645 1141 losophus
1674 1092 1776 1139 dicit,
1805 1093 1844 1129 in
1873 1095 1886 1129 Ι
1915 1094 2020 1130 Polit.
2040 1094 2075 1141 *,
2105 1097 2210 1144 quod
2238 1098 2332 1133 ratio
2361 1098 2521 1146 imperat
2544 1110 2554 1120 ⁸
2583 1115 2611 1131 oc
2630 1115 2650 1131 cn
2675 1115 2701 1131 su
2719 1115 2729 1131 r

1464 1145 1685 1193 appetitivae
1705 1146 1920 1193 principatu
1944 1147 2106 1195 politico,
2133 1160 2210 1196 quo
2230 1149 2367 1186 scilicet
2385 1150 2518 1198 aliquis

1463 1205 1613 1246 praeest
1640 1197 1777 1245 liberis,
1807 1198 1871 1247 qui
1895 1199 2036 1235 habent
2054 1199 2111 1236 ius
2130 1200 2168 1236 in
2187 1201 2312 1249 aliquo
2333 1203 2519 1239 contradi·

1466 1250 1586 1287 cendi.
1621 1250 1733 1287 Unde
1760 1251 1991 1298 Augustinus
2020 1251 2124 1298 dicit,
2152 1265 2264 1301 super
2295 1255 2432 1292 Psalm.
2451 1260 2467 1283 Ὺ
2485 1255 2518 1302 *,
2548 1277 2556 1284 -

1466 1303 1571 1350 quod
1603 1303 1788 1339 interdum
1818 1305 2012 1351 praecedit
2045 1305 2263 1352 intellectus,
2297 1312 2332 1342 et
2355 1307 2521 1355 sequitur

1466 1355 1594 1391 tardus
1621 1360 1688 1391 aut
1714 1355 1836 1392 nullus
1862 1357 2036 1405 affectus.-
2064 1357 2250 1394 intantum
2278 1359 2384 1407 quod
2403 1371 2520 1408 quan-

1467 1407 1595 1454 doque
1609 1407 1848 1455 passionibus
1867 1409 1929 1445 vel
1948 1409 2137 1446 habitibus
2161 1411 2389 1459 appetitivae
2407 1412 2521 1460 partis

1466 1460 1541 1495 hoc
1567 1459 1705 1506 agitur,
1734 1467 1774 1496 ut
1799 1472 1892 1497 usus
1918 1461 2073 1498 rationis
2101 1462 2138 1498 in
2166 1463 2377 1511 particulari
2404 1464 2521 1512 impe-

1467 1511 1602 1557 diatur.
1631 1512 1680 1548 Et
1711 1513 1923 1549 secundum
1951 1514 2040 1561 hoc,
2070 1514 2277 1562 aliqualiter
2302 1528 2438 1553 verum
2468 1525 2523 1553 est

1468 1563 1572 1612 quod
1591 1564 1766 1600 Socrates
1786 1564 1891 1611 dixit,
1912 1566 2018 1612 quod
2037 1566 2190 1603 scientia
2212 1576 2420 1615 praesente,
2441 1581 2520 1606 non

1466 1623 1664 1664 peccatur:
1699 1616 1729 1652 si
1765 1623 1894 1653 tamen
1921 1618 1995 1654 hoc
2022 1616 2036 1639 δ
2071 1619 2290 1656 extendatur
2319 1633 2440 1669 usque
2473 1621 2521 1658 ad

1465 1680 1580 1705 usum
1607 1668 1760 1705 rationis
1788 1669 1825 1705 in
1853 1670 2065 1717 particulari
2094 1671 2252 1719 eligibili.

1521 1721 1584 1758 Sic
1610 1721 1720 1769 igitur
1747 1721 1796 1758 ad
1824 1722 1899 1758 hoc
1926 1722 2031 1770 quod
2058 1723 2177 1760 homo
2206 1725 2304 1760 bene
2332 1731 2437 1772 agat,
2467 1737 2523 1762 re-

1468 1774 1624 1823 quiritur
1651 1774 1756 1822 quod
1785 1786 1863 1811 non
1891 1775 2016 1811 solum
2035 1775 2129 1812 ratio
2150 1776 2195 1813 sit
2213 1777 2311 1813 bene
2341 1777 2522 1826 disposita

1466 1840 1535 1876 per
1553 1826 1727 1863 habitum
1742 1826 1888 1864 virtutis
1907 1827 2180 1875 intellectualis;
2202 1830 2270 1866 sed
2290 1829 2402 1866 etiam
2418 1831 2523 1878 quod

1466 1880 1524 1917 vis
1552 1879 1758 1928 appetitiva
1785 1879 1831 1916 sit
1854 1880 1952 1916 bene
1972 1880 2152 1929 disposita
2171 1894 2239 1930 per
2256 1882 2427 1919 habiturn
2446 1883 2521 1920 vir-

1467 1933 1554 1970 tutis
1581 1931 1746 1968 moralis.
1778 1932 1882 1969 Sicut
1907 1932 2016 1981 igitur
2043 1934 2229 1982 appetitus
2250 1934 2483 1982 distinguitur
2502 1948 2524 1972 a

1468 1985 1624 2032 ratione,
1654 1984 1704 2021 ita
1730 1984 1850 2022 virtus
1877 1986 2032 2023 moralis
2059 1986 2295 2035 distinguitur
2316 1988 2366 2024 ab
2386 1988 2524 2025 intelle-

1468 2037 1590 2075 ctuali.
1620 2037 1731 2075 Unde
1759 2037 1853 2074 sicut
1881 2038 2067 2087 appetitus
2086 2044 2099 2060 ⁸
2127 2047 2182 2076 est
2208 2039 2437 2089 principium
2454 2041 2524 2077 hu-

1469 2091 1572 2128 mani
1607 2097 1712 2127 actus
1746 2091 1957 2127 secundum
1994 2091 2099 2139 quod
2125 2092 2324 2141 participat
2359 2093 2524 2142 aliquali-

1468 2151 1525 2180 ter
1551 2142 1749 2190 rationem,
1773 2142 1824 2180 ita
1851 2143 2000 2180 habitus
2028 2145 2181 2181 moralis
2209 2145 2323 2182 habet
2342 2145 2524 2182 rationem

1468 2197 1614 2234 virtutis
1633 2196 1836 2243 humanae,
1856 2196 2082 2243 inquantum
2102 2197 2236 2234 rationi
2255 2198 2523 2235 conformatur.

1522 2251 1582 2286 An
1619 2259 1755 2286 Palmum
1791 2259 1890 2285 ERGO
1926 2260 2110 2286 Dicaunum
2151 2250 2257 2298 quod
2293 2251 2525 2297 Augustinus

1470 2301 1724 2338 communiter
1750 2301 1884 2349 accipit
1911 2308 2043 2348 artem,
2063 2314 2133 2350 pro
2153 2302 2321 2351 qualibet
2339 2311 2440 2340 recta
2466 2315 2525 2340 ra-

1470 2354 1585 2391 tione.
1615 2355 1663 2391 Et
1682 2353 1735 2390 sic
1762 2354 1833 2402 sub
1862 2361 1940 2390 arte
1958 2354 2157 2392 includitur
2180 2354 2292 2391 etiam
2311 2355 2522 2403 prudentia,

1470 2419 1569 2458 quae
1597 2407 1647 2443 ita
1676 2413 1731 2443 est
1758 2413 1859 2443 recta
1886 2406 1980 2443 ratio
2013 2407 2227 2455 agibilium,
2257 2407 2352 2444 sicut
2384 2419 2443 2445 ars
2472 2416 2527 2445 est

1470 2468 1572 2497 recta
1600 2459 1693 2496 ratio
1727 2458 1956 2496 factibiliurn.
1986 2460 2036 2496 Et
2063 2460 2273 2497 secundum
2301 2460 2391 2507 hoc,
2420 2462 2525 2508 quod

1471 2513 1559 2549 dicit
1594 2512 1699 2561 quod
1731 2511 1850 2548 virtus
1879 2518 2153 2549 est‘ars'1recte
2187 2512 2362 2559 vivendi,
2401 2524 2526 2550 essen-

1469 2565 1603 2601 tialiter
1637 2563 1815 2601 convenit
1842 2557 2088 2612 prudentiae?
2111 2564 2373 2613 participative
2397 2572 2524 2602 autem

1470 2617 1547 2655 aliis
1566 2617 1783 2664 virtutibus,
1807 2623 1921 2664 prout
1939 2616 2150 2654 secundum
2172 2617 2410 2666 prudentiam
2438 2617 2525 2655 diri·

1469 2677 1617 2718 guntur.
2107 2688 2109 2690 ¹
2514 2667 2516 2672 ’

1522 2725 1580 2759 AD
1608 2733 1797 2759 SECUNDUM
1810 2739 1811 2744 =
1825 2728 2008 2772 memnon
2032 2722 2135 2770 quod
2162 2723 2254 2759 *tales
2273 2722 2523 2769 definitiones,

1470 2788 1492 2812 a
1519 2774 1826 2824 quibuscumque
1853 2774 2094 2811 inveniantur
2120 2775 2240 2822 datae,
2255 2779 2526 2824 ‘processerunt

1470 2838 1516 2864 ex
1544 2827 1724 2877 opinione
1739 2823 1944 2864 'Socratica
1963 2826 1995 2863 ‘t
2026 2834 2062 2864 et
2089 2834 2175 2864 sunt
2201 2827 2448 2875 exponendae
2477 2836 2523 2865 eo
2553 2876 2560 2884 .

1470 2871 1589 2918 modo
1617 2892 1695 2933 quo
1724 2875 1879 2916 de'arte
1906 2879 2141 2928 praedictum
2172 2886 2227 2916 est
2244 2880 2275 2916 *ζ

1523 2934 1572 2970 Et
1599 2932 1767 2969 similiter
1795 2931 1997 2970 dicendum
2027 2939 2082 2969 est
2109 2932 2157 2969 ad
2185 2932 2366 2979 tertium.⁴

1523 2988 1582 3023 An
1602 2996 1774 3028 QUARTUM
1793 2996 1975 3022 mcaNnuu
1994 2985 2101 3032 quod
2116 2991 2216 3021 recta
2227 2982 2336 3031 ratio,
2350 2994 2450 3033 quae
2469 2990 2525 3022 est

1470 3034 1686 3087 secundum
1708 3037 1961 3086 prudentiam,
1986 3037 2137 3086 ponitur
2155 3037 2194 3074 in
2213 3036 2433 3074 definitione
2451 3037 2525 3074 vir-

1469 3090 1557 3127 tutis
1585 3090 1751 3137 moralis,
1780 3101 1859 3127 non
1884 3097 2067 3139 tanquam
2094 3101 2182 3139 pars
2211 3089 2395 3126 essentiae
2423 3090 2523 3136 eius:⁴

1470 3143 1538 3180 sed
1566 3143 1659 3180 sicut
1685 3142 1868 3190 quiddam
1897 3141 2160 3192 participatum
2183 3142 2227 3179 in
2255 3142 2434 3180 omnibus
2451 3142 2526 3179 vir-

1470 3195 1611 3232 tutibus
1648 3194 1876 3242 moralibus,
1913 3194 2137 3244 inquantum
2174 3194 2370 3244 prudentia
2406 3194 2526 3243 dirigit

1472 3259 1606 3285 ornnes
1631 3247 1789 3285 virtutes
1817 3248 1993 3284 morales.

411 3375 438 3406 α)
457 3382 515 3399 cum
537 3374 630 3398 virtus.
643 3387 662 3392 -
679 3380 738 3398 cum
758 3373 786 3402 F,
807 3372 891 3397 virtus
910 3380 969 3397 cum
989 3372 1076 3397 ceteri.

411 3408 436 3442 β)
453 3409 578 3440 ponebat.
590 3421 608 3427 ·-
622 3409 760 3440 ponebant
777 3407 1004 3444 ABCDEFGHIL.

409 3446 436 3478 γ)
455 3451 536 3476 super
554 3444 650 3468 Psalm.
662 3457 680 3462 -
695 3443 756 3467 Om.
776 3443 886 3467 codices.

1523 3369 1547 3401 δ)
1567 3370 1623 3394 hoc.
1635 3377 1720 3394 -non
1740 3370 1769 3399 F,
1788 3369 1852 3394 haec
1871 3370 1898 3394 P.

1524 3406 1545 3437 ε)
1560 3405 1702 3436 appetitus.
1711 3404 1910 3436 -appetitivum
1922 3404 2148 3429 ABCDEGHIKL.
2159 3418 2176 3423 —
2189 3405 2236 3428 Pro
2250 3404 2327 3436 quod,
2339 3404 2386 3427 hoc
2398 3404 2468 3436 quod
2479 3404 2525 3428 Pa.

1523 3440 1548 3471 ζ)
1569 3440 1716 3464 Socratica.
1730 3453 1748 3458 -
1767 3439 1887 3464 Socratis
1905 3439 1956 3464 EF.

2547 1333 2596 1348 lllll
