2852 4152
133 807 145 860 Ξ
156 805 204 833 Qu.
212 813 292 834 xxxlu,
304 811 346 828 art.

135 1068 144 1077 '¹
160 1067 219 1089 lbid.

130 1486 140 1497 ⁴
154 1486 182 1507 D·
197 1492 242 1515 357,
257 1492 306 1515 374-

130 1925 140 1934 '
155 1924 202 1951 Qu.
217 1930 278 1945 xxiv.

130 2487 140 2498 ⁸
156 2487 203 2514 Qu.
218 2494 243 2515 v,
258 2491 300 2509 art.
320 2487 343 2509 6.

231 2752 248 2769 α

132 2810 143 2821 '⁴‘
158 2809 214 2836 Cap.
228 2815 262 2833 vi,
278 2815 302 2830 n.
316 2815 342 2837 93

134 2842 152 2856 s.
160 2835 205 2857 Th.
217 2836 268 2857 lect.
283 2842 322 2857 vn.
333 2847 343 2851 -

133 2862 170 2884 Cf.
179 2868 229 2889 cap.
237 2868 274 2886 vn,
284 2868 307 2883 n.
315 2869 329 2888 4
337 2870 341 2887 ;

133 2894 154 2910 a.
163 2888 207 2910 Th.
222 2889 274 2910 lect.
289 2895 319 2910 rx.

236 2954 251 2988 β

134 3235 145 3247 “
167 3234 223 3262 Cap.
246 3240 266 3259 ι,
287 3240 310 3256 n.
325 3241 343 3255 i:

136 3260 277 3282 s.·rh.1ect.
299 3266 316 3282 ι.
335 3271 346 3275 -

136 3286 171 3309 cf.
191 3287 230 3308 lib.
246 3286 278 3312 X,
294 3293 344 3311 cat».

134 3319 158 3338 ιι,
178 3319 201 3335 n.
224 3319 251 3340 43
270 3313 344 3334 s.Th.

134 3340 187 3361 lect.
202 3345 226 3361 u.

135 3440 145 3449 ·
162 3439 227 3461 Vers.
242 3445 273 3466 14.

380 247 454 282 236

430 324 514 361 Alia
543 325 634 362 ratio
660 326 778 375 accipi
805 335 929 376 potest
957 340 1000 364 ex
1019 336 1126 376 parte
1155 328 1434 376 operationum,

377 389 538 425 quarum
555 380 742 425 quaedam
759 388 846 416 sunt
861 381 998 427 bonae,
1013 388 1047 416 et
1063 381 1253 428 quaedam
1270 381 1392 416 malae
1405 386 1433 416 η.

379 430 673 478 Operationibus
699 440 826 469 autem
852 433 972 480 magis
996 441 1083 469 sunt
1111 433 1244 469 affines
1275 433 1435 469 delecta—

378 483 571 530 ctationes,
594 496 690 532 quae
711 492 797 521 sunt
820 485 872 521 eis
894 486 1129 531 coniunctae,
1150 497 1265 532 quarn
1297 497 1436 520 concu-

376 535 591 584 piscentiae,
614 549 711 584 quae
740 545 913 586 tempore
943 550 1005 573 eas
1034 537 1278 585 praecedunt.
1310 537 1433 583 Unde,

377 601 465 625 cum
495 589 822 637 concupiscentiae
852 590 1039 625 bonarum
1069 588 1333 636 operationum
1363 589 1435 626 sint

376 641 512 687 bonae,
535 643 720 678 malarum
748 654 840 678 vero
869 643 1010 685 malae;
1038 642 1155 677 multo
1185 641 1304 688 magis
1334 641 1432 678 dele-

377 694 556 730 ctationes
585 695 773 730 bonarum
795 694 1059 742 operationum
1080 700 1165 729 sunt
1193 694 1329 740 bonae,
1353 706 1433 730 ma-

375 747 496 782 larum
524 759 617 782 vero
647 747 781 782 malae.

428 801 486 834 AD
514 810 651 835 PRIMUM
679 810 776 835 ERGO
806 810 988 834 moi-:NDUM
1018 798 1135 845 quod,
1157 799 1252 835 sicut
1280 811 1394 847 supra
1413 799 1433 821 ³⁸

375 851 516 887 dictum
545 859 610 897 est,
633 850 898 887 delectationes
937 863 1034 898 quae
1065 859 1151 887 sunt
1180 852 1226 888 de
1262 860 1346 888 actu
1375 865 1432 889 ra—

374 904 500 950 tionis,
531 916 609 939 non
637 903 848 951 impediunt
877 903 1081 950 rationem,
1109 916 1232 952 neque
1263 917 1432 942 corrum-

373 963 467 1004 punt
502 955 764 1004 prudentiam;
795 955 860 992 sed
899 956 1167 993 delectationes
1209 965 1430 1005 extraneae,

374 1008 586 1044 cuiusmodi
625 1015 711 1044 sunt
747 1009 1015 1045 delectationes
1058 1011 1285 1058 corporales.
1322 1011 1430 1057 Quae

373 1060 529 1108 quidem
558 1061 711 1097 rationis
740 1074 852 1097 usum
887 1062 1120 1109 impediunt,
1148 1062 1243 1099 sicut
1271 1075 1384 1111 supra
1412 1063 1431 1084 ’¹⁶

374 1113 514 1150 dictum
545 1121 610 1160 est,
638 1121 673 1149 et
692 1111 704 1134 θ
723 1126 793 1162 per
813 1115 1117 1151 contrarietatem
1147 1116 1345 1164 appetitus,
1367 1116 1431 1163 qui

372 1165 527 1214 quiescit
554 1166 591 1202 in
621 1178 666 1202 eo
697 1168 799 1214 quod
829 1175 1011 1215 repugnat
1040 1167 1188 1214 rationi,
1221 1175 1256 1204 et
1285 1180 1329 1204 ex
1356 1169 1431 1204 hoc

371 1219 485 1255 habet
522 1218 718 1255 delectatio
758 1221 861 1267 quod
900 1220 945 1256 sit
981 1220 1172 1257 moraliter
1209 1222 1330 1258 mala:
1368 1222 1430 1258 vel

371 1272 582 1308 secundum
604 1272 796 1320 quandam
821 1273 1038 1320 ligationem
1060 1273 1225 1319 rationis,
1247 1274 1340 1310 sicut
1359 1279 1366 1295 ‘
1393 1274 1429 1311 in

372 1324 575 1360 concubitu
604 1325 790 1372 coniugali
821 1325 1031 1372 delectatio,
1053 1326 1228 1374 quamvis
1254 1326 1299 1363 sit
1326 1327 1363 1363 in
1384 1339 1429 1363 eo

371 1378 476 1426 quod
515 1377 692 1413 convenit
730 1378 884 1424 rationi,
919 1386 1047 1415 tamen
1081 1379 1240 1427 impedit
1278 1380 1430 1416 rationis

370 1442 504 1476 usum,
529 1437 685 1478 propter
714 1432 952 1479 corporalem
981 1431 1335 1468 transmutationem
1366 1433 1430 1469 ad-

369 1483 534 1519 iunctam
555 1484 586 1519 ²⁸⁸.
610 1483 685 1520 Sed
715 1496 760 1520 ex
778 1485 853 1520 hoc
879 1496 957 1521 non
987 1485 1230 1534 consequitur
1248 1485 1429 1521 malitiam

371 1536 567 1583 moralem,
589 1536 684 1573 sicut
712 1549 783 1573 nec
812 1549 970 1574 somnus
1000 1550 1077 1586 quo
1101 1538 1235 1585 ligatur
1261 1551 1352 1574 usus
1373 1550 1429 1575 ra-

422 1649 448 1680 η)
468 1649 551 1674 bonae
611 1650 705 1675 malae.
723 1664 741 1669 -
760 1651 847 1675 malae
906 1652 989 1676 bonae
1008 1652 1055 1676 Pa.

423 1683 447 1717 0)
467 1688 502 1709 et.
519 1698 538 1703 -
556 1686 597 1710 vel
615 1685 644 1710 E.

1453 1654 1456 1720 l

1041 250 1306 296 QUAEsrlo
1336 251 1513 297 xxxw,
1543 251 1837 289 ART1CULUs
1867 253 1898 288 11

1492 328 1614 375 tionis,
1636 329 1827 366 moraliter
1848 338 1902 366 est
1930 331 2064 379 malus,
2086 333 2116 369 si
2137 333 2182 370 sit
2201 333 2414 371 secundum
2439 334 2552 371 ratio-

1491 393 1580 417 nem
1609 389 1799 429 receptus:
1829 395 1919 419 nam
1949 390 1985 419 et
2012 383 2092 432 ipsa
2121 386 2215 422 ratio
2245 387 2319 423 hoc
2348 388 2479 435 habet,
2509 395 2550 424 ut

1490 434 1722 481 quandoque
1751 434 1906 471 rationis
1933 447 2024 473 usus
2051 437 2315 487 intercipiatur.
2332 460 2356 467 —
2377 440 2548 476 Dicimus

1489 493 1618 522 tamen
1652 486 1756 533 quod
1784 487 2286 538 huiusmodi'ligamentum
2321 492 2474 529 rationis
2504 505 2549 529 ex

1490 538 1739 574 delectatione
1773 539 1811 575 in
1839 548 1926 577 actu
1963 542 2167 591 coniugali,
2198 545 2265 580 etsi
2293 556 2372 580 non
2409 545 2548 582 habeat

1488 590 1670 626 malitiam
1699 592 1898 638 moralem,
1920 593 2009 641 quia
2037 607 2115 632 non
2145 604 2199 633 est
2218 604 2418 645 peccatum
2448 609 2549 633 mor-

1488 643 1560 678 tale
1587 655 1658 679 nec
1689 644 1839 680 veniale
1866 645 1906 691 *3
1935 648 2114 694 provenit
2145 656 2273 686 tamen
2303 661 2347 685 ex
2382 651 2549 697 quadam

1489 695 1622 732 morali
1643 696 1795 743 malitia,
1817 697 1955 734 scilicet
1974 711 2019 736 ex
2047 709 2203 748 peccato
2227 701 2340 750 primi
2360 702 2546 750 parentis:

1488 761 1578 784 nam
1598 749 1672 785 hoc
1700 748 1739 785 in
1759 757 1855 786 statu
1880 750 2215 791 innocentiae‘non
2235 763 2314 791 erat
2334 756 2365 802 *,
2386 762 2427 791 ut
2445 763 2549 804 patet

1489 813 1533 837 ex
1561 801 1618 838 his
1648 813 1745 849 quae
1774 801 1812 838 in
1840 803 1970 839 Primo
1998 803 2019 825 ’¹‘
2047 805 2145 842 dicta
2173 815 2270 844 sunt.

2574 662 2586 672 ⁸
2599 662 2628 684 D.
2643 663 2693 690 858.

2574 762 2585 772 ⁴
2600 761 2627 783 D·
2642 761 2691 790 738,
2709 767 2758 790 7³9-

2578 816 2586 823 ·
2597 814 2644 841 Qu.
2653 819 2733 841 xcviii,
2744 818 2788 846 art,

2575 846 2596 861 2.
2815 846 2817 848 ·

1540 856 1599 890 AD
1628 866 1817 891 SECUNDUM
1847 867 2030 893 DicENDUM
2065 858 2171 906 quod
2207 866 2439 908 temperatus
2468 873 2548 898 non

1488 907 1579 954 fugit
1607 919 1741 944 omnes
1777 909 2063 956 delectatio-neS,
2093 911 2159 947 sed
2189 911 2480 960 immoderatas,
2512 921 2547 949 et

1487 960 1621 996 rationi
1650 973 1728 997 non
1763 961 2045 999 convenientes.
2076 963 2192 1009 Quod
2221 972 2348 1002 autem
2375 966 2483 1014 pueri
2512 973 2547 1002 et

1488 1012 1628 1048 bestiae
1658 1013 1926 1050 delectationes
1955 1023 2245 1063 prosequantur,
2275 1030 2364 1055 non.
2382 1018 2547 1056 ostendit

1488 1077 1550 1101 eas
1579 1065 1840 1102 universaliter
1869 1079 1951 1103 esse
1980 1068 2119 1105 malas:
2151 1068 2238 1117 quia
2266 1069 2304 1106 in
2325 1069 2377 1107 eis
2407 1078 2463 1107 est
2481 1083 2547 1107 na-

1486 1117 1612 1153 turalis
1641 1118 1828 1166 appetitus
1858 1131 1879 1155 a
1907 1120 2004 1166 Deo,
2027 1121 2091 1167 qui
2111 1129 2289 1158 movetur
2315 1123 2353 1159 in
2381 1122 2419 1160 id
2440 1123 2546 1171 quod

1487 1177 1542 1206 est
1570 1169 1622 1206 eis
1650 1176 1667 1191 χ
1696 1171 1940 1208 conveniens.

1538 1223 1598 1260 Ad
1627 1234 1787 1260 TERTIUM
1815 1236 1998 1262 DICENDUM
2038 1226 2142 1274 quod
2176 1239 2255 1263 non
2292 1226 2417 1263 omnis
2454 1226 2546 1263 boni

1486 1282 1541 1311 est
1568 1288 1640 1321 ars,
1664 1277 1731 1313 sed
1761 1277 1989 1315 exteriorum
2019 1278 2250 1325 factibilium,
2272 1286 2312 1316 ut
2341 1279 2435 1316 infra
2454 1279 2474 1300 ’¹‘
2494 1279 2547 1316 cli-

1486 1335 1600 1364 cetur.
1623 1329 1734 1365 Circa
1754 1330 1994 1377 operationes
2015 1338 2141 1367 autem
2173 1339 2208 1368 et
2226 1332 2422 1381 passiones
2447 1344 2545 1380 quae

1485 1388 1572 1416 sunt
1590 1381 1626 1417 in
1647 1381 1769 1428 nobis,
1791 1383 1911 1430 magis
1935 1391 1991 1420 est
2008 1384 2210 1432 prudentia
2231 1393 2266 1421 et
2289 1385 2407 1422 virtus
2428 1397 2546 1432 quarn

1485 1445 1556 1470 ars.
1577 1434 1627 1470 Et
1654 1441 1782 1471 tamen
1803 1435 1929 1484 aliqua
1957 1448 2016 1472 ars
2037 1444 2091 1473 est
2111 1437 2246 1474 factiva
2267 1437 2543 1483 delectationis3

1484 1485 1900 1575 {pliliczthpulrazzentaria
1926 1494 1962 1525 et
1983 1489 2251 1538 pigmentaria,
2275 1497 2318 1527 ut
2346 1489 2480 1527 dicitur
2506 1490 2546 1527 in

1618 1544 1632 1574 t
1657 1540 1701 1575 ic.

2671 1181 2686 1198 8

2573 1285 2585 1338 Ξ
2599 1284 2647 1311 Qu.
2665 1290 2727 1311 ινιι,
2742 1286 2786 1306 art.

2572 1525 2584 1565 ἶ
2593 1523 2784 1572 ἓῆῗιὲἓιῗὶιῖῑ

1536 1654 1554 1685 ι)
1574 1654 1650 1678 sicut.
1669 1667 1687 1672 —-
1705 1654 1775 1679 sicut
1792 1662 1851 1679 cum
1870 1654 2053 1684 ABCDGl-HL,
2073 1655 2142 1680 sicut
2160 1658 2200 1680 est
2217 1655 2249 1680 K.

1535 1689 1561 1719 κ)
1581 1689 1626 1714 eis.
1644 1703 1663 1707 -
1682 1689 1743 1714 Om.
1763 1689 1792 1718 E.
1811 1690 1836 1714 ei
1854 1690 1900 1714 Pa.

1035 1757 1366 1789 Commentaria
1389 1757 1639 1790 Cardinalis
1662 1758 1861 1790 Caietam

444 1835 538 1865 missa
558 1836 742 1876 quaestione
763 1836 1019 1876 trigesimatertia,
1043 1837 1122 1867 circa
1143 1838 1361 1877 quaestionem
1376 1837 1428 1867 tri-

443 1880 751 1920 gesimamquartam‚
767 1881 890 1910 adverte
910 1881 998 1921 quod
1019 1883 1149 1917 Auctor,
1170 1889 1243 1920 post
1264 1888 1429 1911 tractatum

370 1923 408 1953 de
432 1923 570 1954 bonitate
586 1931 616 1954 et
631 1924 748 1954 malitia
771 1925 955 1964 passionum
972 1924 1004 1954 in
1021 1925 1185 1955 communi
1201 1924 1228 1960 *,
1254 1925 1429 1955 examinare

368 1967 478 1997 volens
502 1968 676 1998 bonitatem
702 1975 731 1998 et
754 1968 906 1998 malitiam
930 1968 1115 2008 passionum
1139 1968 1172 1998 in
1192 1968 1327 2008 speciali,
1353 1969 1432 1999 circa

1138 2122 1454 2164 ARTICULUS
1484 2123 1781 2180 SECUNDUS

1036 2214 1191 2244 UTRUM
1215 2214 1347 2245 OMNJs
1369 2214 1651 2246 DELECTATIO
1675 2215 1741 2246 SIT
1764 2215 1883 2247 BONA

1485 1838 1563 1868 duas
1586 1845 1709 1868 tantum
1733 1838 1905 1878 passiones,
1931 1839 2048 1870 scilicet
2070 1839 2311 1871 delectationem
2330 1847 2360 1873 et
2378 1841 2546 1878 tristitiam,

1485 1882 1687 1922 quaestiones
1709 1889 1818 1913 movet
1841 1883 2023 1922 singillatim
2045 1883 2084 1914 de
2108 1884 2247 1916 bonitate
2266 1891 2297 1915 et
2319 1885 2438 1916 malitia
2453 1885 2479 1916 *.
2495 1884 2546 1925 Et

1485 1925 1564 1955 ratio
1583 1933 1637 1962 est,
1651 1926 1726 1966 quia
1743 1927 1782 1957 ad
1797 1927 1870 1957 istas
1886 1927 2093 1958 terminantur
2108 1937 2220 1959 omnes
2235 1929 2313 1968 aliae
2326 1929 2500 1970 passiones,
2515 1935 2545 1967 et
2599 1959 2612 1968 ¹,
2632 1963 2643 1968 ,Α
2683 1956 2693 1969 ,;
2706 1966 2709 1969 ,
2723 1965 2726 1968 ,

1485 1970 1523 1999 ab
1548 1969 1591 1999 eis
1615 1970 1857 2010 quodammodo
1882 1971 2072 2011 regulantur,
2098 1978 2133 2002 ut
2155 1971 2236 2002 infra
2250 1971 2268 1990 ⁴‘
2291 1973 2433 2004 habetur.
2573 1977 2580 1985 '
2595 1977 2692 2021 *5³5³
2710 1969 2757 2017 ³⁵⁴³,
2780 2007 2783 2009 .

2572 1894 2581 1902 ‘
2591 1892 2627 1915 Cf.
2637 1899 2676 1921 qu.
2689 1899 2769 1924 xxxix.

849 2291 882 2315 1V
902 2291 982 2321 Seni„
1004 2291 1060 2316 dist.
1079 2299 1144 2322 mx,
1165 2299 1210 2324 qu.
1229 2299 1266 2322 m,
1287 2297 1333 2316 art.
1347 2299 1376 2323 4,
1396 2293 1442 2324 qu·
1466 2300 1475 2316 1
1486 2299 1494 2322 3
1512 2292 1558 2317 VII
1578 2293 1673 2322 Ethic„
1693 2294 1750 2318 lect.
1769 2301 1806 2324 xx,
1825 2294 1862 2325 X,
1882 2295 1940 2320 lect.
1959 2302 1992 2324 zv,
2011 2301 2066 2319 vm.

435 2390 463 2405 ὁ
485 2379 549 2417 ’τε

402 2387 457 2429 W»
496 2415 497 2420 ¹
565 2382 603 2406 -n
619 2381 809 2407 SECUNDUM
824 2381 876 2406 s1c
892 2381 1133 2406 PROCEDITUR.
1150 2369 1310 2406 Videtur
1326 2370 1431 2418 quod

395 2404 560 2481 ἦμξὲἣ
582 2423 707 2459 omnis
737 2422 934 2459 delectatio
974 2422 1020 2458 sit
1047 2423 1162 2459 bona.
1194 2422 1298 2459 Sicut
1327 2423 1428 2459 enim

387 2459 618 2535 ffydxnbrgn
647 2476 777 2511 Primo
805 2475 826 2496 ²¹²
854 2475 996 2512 dictum
1025 2483 1093 2522 est,
1119 2476 1265 2512 bonum
1294 2475 1332 2512 in
1361 2476 1430 2512 tria

372 2545 375 2551 ¹
426 2505 520 2558 ᾗῇ
537 2520 772 2574 Kdividitur,
793 2528 933 2565 scilicet
956 2529 1173 2575 honestum,
1195 2528 1283 2565 utile
1309 2536 1344 2565 et
1368 2529 1432 2565 de-

371 2581 552 2617 lectabile.
575 2582 652 2618 Sed
680 2580 885 2618 honestum
915 2593 1030 2618 omne
1056 2589 1111 2618 est
1135 2583 1298 2627 bonum3
1321 2590 1356 2618 et
1384 2582 1431 2618 si-

370 2633 506 2670 militer
533 2646 648 2670 omne
675 2634 776 2670 utile.
798 2635 899 2681 Ergo
930 2641 967 2670 et
995 2634 1120 2671 omnis
1149 2634 1346 2671 delectatio
1376 2642 1431 2671 est

371 2687 484 2723 bona.

425 2751 460 2776 2.
481 2740 713 2786 PRAETEREA,
743 2740 833 2776 illud
862 2747 918 2776 est
946 2752 1013 2788 per
1041 2753 1080 2777 se
1101 2746 1118 2762 ²
1137 2741 1294 2787 bonum,
1325 2740 1430 2789 quod

371 2804 448 2828 non
469 2793 657 2840 quaeritur
675 2800 832 2841 propter
851 2793 963 2839 aliud,
981 2800 1020 2829 ut
1041 2793 1174 2830 dicitur
1192 2793 1229 2830 in
1250 2795 1263 2830 1
1282 2793 1431 2830 Ethic.*

372 2846 448 2882 Sed
477 2845 673 2882 delectatio
703 2858 781 2882 non
810 2845 1000 2894 quaeritur
1022 2853 1178 2894 propter
1205 2846 1323 2883 aliud:
1345 2846 1430 2883 ridi-

372 2899 498 2934 culum
521 2899 621 2935 enim
641 2899 791 2935 videtur
806 2900 853 2935 ab
874 2898 1000 2947 aliquo
1018 2911 1198 2947 quaerere
1219 2911 1335 2948 quare
1350 2900 1431 2935 vult

373 2951 558 2987 delectari.
575 2953 677 2999 Ergo
698 2952 894 2989 delectatio
915 2959 971 2988 est
989 2963 1058 3000 per
1078 2964 1117 2988 se
1142 2954 1288 2989 bonurn
1308 2951 1334 2989 β.
1353 2952 1430 2988 Sed

371 3004 477 3051 quod
505 3017 572 3052 per
600 3016 639 3041 se
667 3005 906 3052 praedicatur
926 3005 973 3041 de
1002 3004 1141 3052 aliquo,
1170 3005 1431 3042 universaliter

372 3056 609 3104 praedicatur
628 3058 674 3094 de
691 3070 749 3094 eo.
767 3059 868 3105 Ergo
886 3058 1011 3094 omnis
1027 3058 1223 3095 delectatio
1241 3066 1296 3095 est
1315 3059 1427 3095 bona.

428 3110 462 3145 3.
483 3110 714 3157 PRAETEREA,
735 3110 774 3147 id
793 3111 899 3158 quod
918 3111 966 3147 ab
987 3111 1164 3148 omnibus
1185 3111 1427 3158 desideratur,

372 3161 524 3198 videtur
544 3175 626 3198 esse
646 3175 714 3211 per
738 3175 777 3199 se
798 3165 965 3200 bonum:
992 3176 1081 3200 nam
1102 3165 1241 3201 bonum
1261 3170 1314 3201 est
1332 3165 1433 3213 quod

373 3215 500 3251 omnia
515 3221 701 3263 appetunt,
722 3223 764 3252 ut
779 3216 913 3252 dicitur
932 3216 970 3253 in
988 3219 1000 3253 I
1016 3218 1136 3254 Ethic.
1153 3218 1173 3239 *
1194 3218 1270 3255 Sed
1294 3229 1430 3254 omnes

373 3275 556 3315 appetunt
583 3268 750 3316 aliquam
780 3269 1086 3316 delectationem,
1114 3270 1224 3307 etiarn
1254 3270 1362 3319 pueri
1394 3277 1431 3307 et

373 3320 525 3357 bestiae.
547 3321 649 3368 Ergo
670 3321 867 3358 delectatio
889 3330 943 3358 est
972 3323 1185 3360 secundum
1209 3335 1249 3360 se
1269 3324 1428 3360 bonum.

374 3373 510 3409 Omnis
539 3385 629 3421 ergo
659 3373 855 3410 delectatio
885 3382 939 3411 est
967 3375 1079 3412 bona.

427 3427 501 3462 SED
535 3437 679 3463 CONTRA
707 3438 772 3463 EST
801 3427 906 3474 quod
939 3427 1071 3464 dicitur
1098 3429 1209 3465 Prov.
1239 3441 1261 3465 11
1290 3430 1326 3464 *ε
1359 3429 1432 3470 Qui

1485 2370 1672 2407 laetantur
1700 2383 1785 2407 cum
1813 2372 2086 2419 malefecerint,
2112 2378 2148 2409 et
2174 2373 2346 2411 exultant
2369 2375 2406 2411 in
2435 2375 2546 2412 rebus

1481 2424 1661 2471 pessimis.

1539 2477 1765 2513 REspoumso
1793 2487 1976 2514 mcENDUM
2006 2477 2123 2526 quod,
2145 2477 2240 2515 sicut
2258 2478 2374 2528 aliqui
2398 2479 2545 2516 Stoico-

1485 2541 1569 2565 rum
1599 2537 1808 2577 posuerunt
1837 2541 1972 2566 omnes
2001 2530 2269 2567 delectationes
2298 2543 2381 2568 esse
2409 2533 2542 2581 malas,

1485 2582 1534 2618 ita
1563 2582 1741 2630 Epicurei
1769 2590 1978 2630 posuerunt
2005 2583 2294 2620 delectationem
2332 2585 2543 2622 secundum

1485 2647 1525 2671 se
1546 2646 1628 2671 esse
1658 2635 1804 2671 bonurn
1825 2639 1852 2681 Y,
1871 2642 1906 2671 et
1928 2647 1997 2683 per
2016 2647 2254 2683 consequens
2275 2636 2543 2675 delectationes

1486 2700 1623 2724 omnes
1651 2699 1732 2724 esse
1761 2688 1892 2724 bonas.
1920 2688 1995 2735 Qui
2025 2700 2069 2724 ex
2097 2689 2172 2725 hoc
2200 2689 2348 2737 decepti
2377 2695 2459 2726 esse
2479 2690 2544 2726 vi-

1486 2741 1638 2787 dentur,
1658 2741 1775 2788 -quod
1809 2752 1886 2777 non
1924 2741 2202 2788 distinguebant
2238 2741 2333 2779 inter
2367 2741 2405 2779 id
2439 2743 2546 2791 quo&

2669 2797 2684 2823 a

1486 2801 1541 2830 est
1569 2794 1715 2830 bonum
1751 2794 1980 2842 simpliciter,
2011 2802 2047 2830 et
2074 2794 2112 2831 id
2139 2791 2153 2816 ⁸
2181 2795 2285 2843 quod
2315 2803 2371 2832 est
2397 2796 2544 2844 borium

1485 2847 1613 2894 quoad
1634 2847 1746 2883 hunc,
1769 2846 1996 2895 Simpliciter
2024 2847 2178 2895 quidem
2200 2847 2345 2884 bonum
2366 2855 2423 2885 est
2441 2848 2546 2897 quod
2576 2855 2579 2857 ’
2621 2858 2623 2863 ’
2646 2857 2647 2861 ’

1484 2899 1696 2936 secundum
1725 2912 1765 2936 se
1794 2900 1939 2936 bonum
1970 2907 2035 2936 est.
2058 2899 2250 2947 Contingit
2277 2907 2409 2937 autern
2439 2900 2546 2950 quod

1484 2965 1562 2989 non
1591 2960 1646 2989 est
1673 2952 1883 2989 secundum
1908 2965 1947 2989 se
1977 2953 2141 2998 bonum,
2156 2963 2238 2989 esse
2266 2953 2355 2989 huic
2382 2954 2545 3002 bonum}

1484 3005 1691 3054 dupliciter.
1713 3006 1800 3042 Uno
1825 3004 1956 3052 modo,
1977 3005 2065 3054 quia
2093 3013 2149 3043 est
2172 3005 2206 3042 ei
2235 3006 2466 3043 conveniens
2487 3018 2544 3043 se-

1485 3059 1653 3095 cundum
1683 3058 1969 3106 dispositionem
1998 3059 2036 3095 in
2057 3069 2132 3107 qua
2159 3070 2261 3095 nunc
2286 3066 2351 3105 est,
2374 3057 2547 3108 quaevis&

1485 3124 1574 3149 men
1603 3124 1680 3148 non
1710 3118 1766 3148 est
1785 3111 1983 3148 naturalis:
2013 3111 2108 3148 sicut
2135 3111 2287 3160 leproso
2312 3112 2459 3148 bonum
2476 3114 2546 3149 *eff

1485 3166 1713 3213 quandoque
1744 3164 1946 3201 comedere
1975 3164 2099 3212 aliqua
2117 3175 2325 3211 venenosa,
2347 3174 2444 3213 quae
2464 3166 2546 3201 M

1484 3225 1570 3254 sunt
1598 3217 1815 3266 simpliciter
1842 3216 2107 3253 convenientia
2127 3217 2381 3265 complexioni
2408 3211 2542 3265 Ηῠῷᾳς

1485 3282 1567 3307 nae.
1586 3270 1670 3307 Alio
1690 3270 1821 3316 modo,
1839 3269 1924 3318 quia
1943 3269 1980 3306 id
1999 3269 2103 3318 quod
2123 3281 2202 3306 non
2222 3277 2278 3307 est
2296 3264 2546 3315 convenietis}
2596 3273 2597 3276 ’
2701 3303 2703 3307 Α

1485 3323 1704 3360 aestimatur
1731 3330 1773 3359 ut
1801 3322 2044 3359 conveniens.
2066 3323 2115 3358 Et
2143 3323 2231 3370 quia
2260 3321 2545 3360 delectatio->est
2576 3352 2601 3361 „
2648 3331 2650 3333 ’
2686 3323 2767 3361 fii-¹:132

1485 3376 1592 3424 quies
1621 3375 1808 3424 appetitus
1836 3374 1874 3411 in
1902 3375 2022 3421 bono,
2052 3375 2082 3411 si
2110 3375 2156 3412 sit
2183 3376 2328 3412 bonu'm
2364 3373 2543 3422 simplicio
2577 3383 2579 3386 ⁴
2604 3378 2606 3381 “
2764 3382 2776 3386 ··

1485 3436 1540 3465 ter
1564 3429 1653 3465 illud
1681 3429 1718 3465 in
1738 3440 1815 3476 quo
1835 3427 1993 3476 quiescit
2021 3428 2218 3476 appetitus,
2240 3428 2307 3464 erit
2325 3426 2540 3475 simpliciter

427 3529 453 3562 α)
474 3533 513 3554 est
527 3537 579 3561 per
595 3538 631 3556 se.
649 3545 667 3550 -
685 3531 827 3556 secundum
846 3538 874 3556 se
892 3535 931 3556 est
950 3532 996 3556 Ρα.

428 3563 453 3597 β)
473 3565 576 3590 bonum.
594 3580 613 3585 -
632 3567 698 3591 bona
718 3567 764 3591 Pa.

1538 3533 1564 3565 γ)
1584 3533 1689 3558 bonum.
1706 3546 1725 3551 -
1743 3532 1837 3557 bonam
1856 3532 1947 3558 PFKa.

1538 3567 1562 3600 δ)
1582 3571 1608 3593 et
1627 3568 1661 3592 id.
1680 3582 1699 3587 —
1718 3571 1744 3592 et
1763 3567 1831 3592 inter
1850 3567 1879 3593 id
1897 3567 1943 3592 Pa.
