2678 4146
675 315 968 367 FRATRIS
1007 316 1313 367 THOMAE
1352 317 1439 368 DE
1474 318 1604 369 VIO
1645 318 1985 381 CAIETANI

555 441 693 466 ORDINIS
713 442 1007 468 PRAEDICATORUM
1026 442 1217 469 GENERALIS
1235 444 1398 469 MAGISTRI
1418 445 1462 470 AC
1482 445 1614 470 SACRAE
1633 445 1859 470 THEOLOGIAE
1878 445 2108 471 PROFESSORIS

1094 543 1564 602 PRAEFATIO

256 672 317 722 IN
354 672 838 724 COMMENTARIOS
874 675 933 724 IN
970 675 1210 725 PRIMAM
1247 676 1572 726 SECUNDAE
1608 677 1735 726 DIVI
1771 677 2028 727 THOMAE
2064 679 2397 737 AQUINATIS

770 797 822 824 AD
844 797 1199 826 REVERENDISSIMUM
1219 799 1257 826 IN
1278 798 1442 826 CHRISTO
1464 799 1620 826 PATREM
1641 799 1692 827 AC
1712 800 1893 828 DOMINUM

952 908 1052 989 D.
1111 907 1713 992 NICOLAUM

513 1071 554 1103 S.
583 1072 633 1103 R.
662 1071 710 1102 E.
742 1072 967 1106 TITULI
1004 1071 1306 1104 SANCTAE
1344 1072 1624 1124 PRISCAE
1658 1073 2150 1108 PRESBYTERUM

700 1186 1434 1268 CARDINALEM
1492 1188 1548 1268 F
1555 1187 1963 1271 LISCUM

387 1656 398 1674 2
451 1660 455 1670 .

362 1674 376 1697 ⁴‘
432 1689 449 1723 ,ἐ
500 1687 517 1731 ⁰,
540 1684 735 1724 aberrare
769 1683 953 1737 uspiam,
987 1683 1065 1724 sed
1098 1683 1330 1723 rectissime
1371 1683 1497 1723 etiam
1536 1683 1691 1724 sentire
1719 1684 2046 1733 ‚contenderim
2082 1686 2239 1740 quippe
2278 1688 2350 1741 qui
2389 1702 2415 1728 a

361 1754 362 1757 ’
539 1745 727 1799 principe
760 1745 831 1785 illo
864 1750 1010 1785 vatum
1043 1745 1210 1798 Moyse,
1244 1745 1286 1784 in
1320 1745 1422 1798 ipsis
1455 1758 1590 1798 prope
1626 1745 1827 1786 historiae
1859 1758 1960 1786 suae
1994 1746 2171 1795 foribus,
2206 1754 2414 1789 assertum

540 1807 622 1847 hoc
654 1806 875 1860 propalam
908 1806 993 1847 fere
1026 1819 1075 1846 ac
1107 1806 1254 1860 procul
1277 1806 1331 1846 ab
1355 1806 1608 1861 aenigmatis
1632 1819 1726 1846 esse
1749 1820 1836 1846 non
1859 1807 2088 1862 ambigant.
2122 1809 2275 1862 Neque
2303 1810 2414 1850 enim

247 1868 361 1909 aliud
383 1868 610 1909 Paradisus
634 1867 701 1908 ille
723 1882 748 1907 a
770 1869 869 1908 Deo
902 1868 1126 1921 plantatus,
1161 1867 1283 1921 aquis
1316 1867 1511 1922 irriguus,
1545 1868 1698 1921 plantis
1731 1868 1947 1921 pomiferis
1970 1869 2171 1918 consitus,
2195 1870 2237 1910 in
2261 1884 2347 1924 quo
2372 1877 2413 1911 et

246 1930 407 1984 primus
430 1935 495 1970 est
515 1930 647 1970 homo
670 1928 847 1983 positus,
882 1942 1012 1982 quam
1036 1928 1190 1969 Christi
1219 1929 1343 1969 refert
1370 1929 1618 1977 Ecclesiam,
1643 1929 1842 1983 baptismi
1864 1929 1991 1978 fonte,
2019 1930 2218 1985 vitaeque
2250 1932 2413 1980 arbore,

246 2004 358 2046 quae
387 1992 580 2032 Christus
609 1996 683 2038 est,
717 1996 808 2030 tum
831 1990 1030 2030 divorum
1062 1990 1284 2030 hominum
1318 1996 1360 2030 et
1392 1990 1622 2044 disciplinis
1655 1990 1876 2030 illustrium
1908 1991 2122 2044 plantariis
2154 1999 2413 2033 exornatam.

245 2053 293 2093 In
326 2053 438 2093 hunc
471 2066 568 2093 cum
601 2052 720 2092 multi
748 2051 803 2092 ad
833 2051 1101 2092 eximendam
1124 2051 1279 2091 famem
1305 2051 1597 2105 capiendaque
1619 2052 1773 2105 pocula
1800 2052 1959 2105 passim
1992 2059 2221 2102 accurrant,
2256 2054 2414 2095 accessi

246 2119 289 2154 et
321 2127 418 2169 ego,
454 2119 495 2154 et
526 2126 623 2153 mea
655 2118 809 2167 sponte
843 2112 1039 2166 cupidus,
1074 2118 1163 2152 tum
1197 2112 1380 2152 maxime
1414 2113 1468 2153 ab
1503 2113 1726 2166 Aquinate.
1753 2113 1988 2153 Salomone
2023 2113 2101 2167 (ita
2134 2115 2244 2155 enim
2268 2116 2413 2169 appel-

245 2175 332 2216 lare
364 2175 486 2228 libet)
521 2174 690 2214 accitus.
726 2174 834 2226 Quis
873 2174 986 2214 enim
1024 2179 1110 2214 tam
1144 2174 1295 2214 mentis
1334 2174 1459 2227 inops
1495 2187 1544 2213 ac
1582 2173 1781 2222 stolidus,
1817 2180 1863 2213 ut
1901 2174 2183 2215 advocantem
2222 2175 2276 2216 ad
2311 2190 2413 2217 con-

246 2236 410 2276 clusum
443 2236 613 2276 hortum
648 2235 826 2284 dilectos
859 2248 976 2283 suos,
1011 2240 1057 2275 ut
1079 2234 1307 2275 comedant
1338 2235 1495 2274 fructus
1522 2247 1751 2288 pomorum
1784 2247 1973 2283 suorum,
2009 2249 2095 2276 non
2128 2236 2308 2277 libenter
2339 2251 2414 2277 au-

246 2296 348 2345 diat,
383 2309 471 2337 non
503 2296 640 2351 gradu
664 2296 832 2336 concito
855 2296 1085 2350 sequatur?
1118 2296 1295 2336 Accessi
1318 2296 1472 2349 itaque,
1498 2308 1638 2349 neque
1665 2309 1800 2350 nuper
1827 2296 1979 2345 solum,
2014 2297 2091 2337 sed
2115 2311 2211 2338 cum
2232 2298 2414 2352 primum

245 2358 346 2399 mihi
379 2371 456 2412 per
487 2364 670 2398 aetatem
702 2357 832 2406 licuit,
867 2371 916 2397 ac
949 2357 1029 2397 sub
1064 2357 1209 2411 opacis
1247 2370 1449 2411 procerae
1483 2357 1592 2397 illius
1626 2371 1675 2397 ac
1707 2357 1854 2397 feracis
1894 2358 2057 2398 arboris
2091 2359 2232 2408 ramis,
2267 2360 2414 2413 procul

244 2433 270 2460 a
301 2419 459 2460 saeculi
493 2419 615 2467 curis,
650 2419 798 2473 procul
824 2433 849 2459 a
876 2418 1126 2473 passionum
1159 2419 1359 2467 aestibus,
1393 2424 1617 2467 recreatus,
1645 2418 1700 2458 ad
1727 2418 1890 2459 radices
1925 2419 2008 2467 diu,
2032 2419 2245 2460 admirans
2271 2421 2414 2474 potius

243 2481 409 2522 arboris
449 2480 742 2521 celsitudinem
781 2493 1097 2534 pomorumque
1143 2480 1310 2534 copiam
1353 2494 1403 2520 ac
1439 2480 1712 2528 suavitatem,
1752 2493 1879 2533 quam
1925 2480 2117 2521 delibans
2161 2481 2413 2531 admodum,

243 2542 451 2583 sessitavi.
487 2542 574 2584 Ubi
607 2554 724 2590 vero,
759 2542 892 2582 auctis
925 2542 1099 2590 viribus,
1134 2541 1248 2582 illam
1282 2541 1523 2590 conscendi,
1547 2554 1763 2595 pomaque
1786 2541 1840 2581 ad
1862 2538 2027 2582 libitu'm
2050 2542 2254 2598 colligens
2278 2543 2414 2598 degu-
2467 2534 2474 2541 ’

242 2604 365 2653 stavi,
400 2610 541 2644 tantus
575 2615 643 2644 me
676 2603 820 2644 subito
855 2603 1022 2644 illorum
1055 2616 1178 2643 amor
1209 2603 1391 2651 incessit,
1426 2609 1472 2643 ut
1499 2616 1587 2643 non
1622 2603 1785 2651 diebus,
1820 2616 1907 2643 non
1941 2603 2150 2652 noctibus,
2175 2618 2200 2644 a
2221 2604 2414 2659 legendis

243 2665 323 2706 illis
356 2678 405 2705 ac
437 2665 642 2706 vorandis
675 2665 924 2705 abstineam.

369 2726 458 2767 Sed
492 2725 636 2767 nescio
671 2726 744 2780 qui
767 2738 834 2766 me
866 2726 1088 2779 voluptate
1109 2725 1188 2766 hac
1211 2725 1408 2765 affectum
1437 2738 1610 2765 moeror
1638 2725 1850 2773 invaserit,
1885 2725 1998 2774 dum,
2034 2727 2220 2780 exceptis
2253 2726 2410 2780 paucis,

243 2787 450 2841 reliquos,
485 2788 554 2828 vel
582 2788 623 2827 in
647 2786 900 2828 mandendis
927 2787 1089 2840 siliquis
1111 2787 1180 2827 vel
1204 2786 1478 2841 effringendis
1501 2786 1730 2842 glandibus
1755 2792 1999 2840 occupatos,
2023 2801 2048 2827 a
2070 2793 2239 2828 nostrae
2266 2788 2413 2841 procul

244 2848 409 2889 arboris
434 2848 657 2889 dulcedine
679 2848 808 2889 video
833 2848 1085 2889 constitisse.
1114 2848 1256 2899 Quam
1290 2861 1374 2903 ego
1404 2846 1493 2888 rem
1527 2861 1614 2888 non
1648 2847 1817 2888 aliunde
1850 2854 1954 2901 puto
1988 2861 2117 2902 quam
2151 2862 2204 2889 ex
2236 2848 2411 2889 infirmis

242 2910 418 2958 viribus,
453 2922 593 2963 neque
626 2909 681 2949 ad
714 2923 939 2950 ascensum
973 2909 1224 2958 commodis,
1259 2909 1504 2963 provenire;
1539 2922 1636 2949 cum
1668 2909 1805 2949 simile
1827 2909 1917 2949 veri
1940 2909 2056 2949 nullo
2079 2915 2204 2962 pacto
2238 2909 2327 2958 fiat,
2363 2915 2409 2950 ut

243 2971 483 3012 ubertatem
520 2977 680 3011 tantam
718 2971 995 3025 negligerent.
1035 2971 1131 3010 Hos
1170 2971 1329 3024 itaque,
1369 2971 1496 3010 Pater
1534 2970 1829 3023 Amplissime‚
1865 2970 2105 3018 miseratus,
2148 2984 2244 3020 cum
2283 2970 2410 3011 nobis

243 3033 347 3087 ipsis
381 3038 544 3073 tantum
578 3032 664 3072 nati
702 3045 790 3072 non
827 3032 977 3080 simus,
1013 3031 1173 3080 curavi,
1210 3026 1396 3071 collectis
1432 3031 1573 3085 pomis
1607 3044 1656 3071 ac
1688 3031 1907 3085 praebitis,
1946 3044 1999 3071 ne
2032 3031 2159 3072 ieiuni
2197 3045 2246 3072 ac
2278 3032 2409 3072 fame-

243 3099 411 3135 scentes
449 3094 675 3134 interirent.
717 3093 848 3146 Quod
889 3106 985 3133 cum
1023 3092 1126 3132 alias
1163 3093 1205 3132 in
1232 3092 1598 3133 lucubrationibus
1633 3092 1738 3132 meis
1777 3092 2033 3141 effecissem,
2072 3092 2186 3133 idem
2224 3106 2335 3133 nunc
2368 3093 2411 3133 in

245 3155 574 3196 Commentariis
615 3155 658 3195 in
696 3154 921 3196 Secundae
961 3154 1147 3194 Primam
1187 3166 1237 3194 ea
1275 3154 1546 3208 potissimum
1585 3153 1748 3194 ratione
1787 3153 1883 3203 feci,
1925 3153 2065 3207 quod,
2099 3160 2264 3208 praeter
2300 3154 2409 3194 illius

242 3216 543 3271 praestantiam
583 3222 673 3257 tum
714 3216 755 3256 in
788 3215 1031 3270 Theologia
1066 3221 1156 3255 turn
1189 3215 1231 3255 in
1265 3228 1315 3255 ea
1345 3214 1649 3269 Philosophiae
1689 3220 1806 3269 parte
1840 3228 1951 3269 quae
1985 3214 2037 3255 de
2071 3215 2263 3256 moribus
2303 3215 2409 3270 agit,

241 3278 309 3319 hic
332 3278 434 3318 mihi
457 3277 564 3318 liber
586 3278 642 3318 ita
663 3277 890 3318 videbatur
912 3290 1006 3317 esse
1029 3276 1529 3325 omnibusnecessarius,
1554 3282 1600 3316 ut
1622 3276 1787 3330 absque
1810 3276 1882 3316 illo
1909 3276 1998 3316 fieri
2021 3277 2091 3316 vel
2125 3277 2285 3331 ingenti
2314 3289 2410 3316 cum

241 3339 417 3388 iactura,
452 3339 520 3379 vel
555 3339 670 3379 nullo
705 3339 838 3380 modo
872 3344 1034 3393 posset:
1070 3338 1363 3392 complectitur
1397 3338 1510 3378 enim
1543 3337 1678 3392 prima
1711 3338 1780 3378 illa
1803 3351 1942 3378 rerum
1966 3337 2113 3391 capita,
2138 3338 2229 3378 sine
2252 3337 2408 3391 quibus

242 3407 315 3441 aut
348 3400 505 3455 caliges
540 3400 582 3440 in
616 3401 765 3442 ceteris
798 3414 908 3455 opus
942 3406 1016 3449 est,
1051 3405 1124 3439 aut
1156 3399 1378 3440 caecutias.
1404 3399 1534 3440 Adde
1559 3405 1600 3439 et
1628 3399 1865 3447 utilitatem,
1901 3412 2011 3452 quae
2034 3404 2150 3439 tanta
2172 3399 2213 3438 in
2235 3398 2307 3439 illo
2331 3404 2405 3447 est,

242 3467 289 3502 ut
310 3476 335 3502 a
358 3462 518 3502 cunctis
552 3461 678 3502 simul
711 3461 932 3502 ordinibus
965 3461 1020 3501 ad
1053 3461 1164 3501 hunc
1197 3461 1265 3509 sit,
1301 3461 1427 3515 quasi
1460 3460 1514 3501 ad
1543 3474 1775 3515 perennem
1798 3474 1846 3500 ac
1869 3460 2090 3514 limpidum
2123 3460 2302 3508 sontem,
2337 3473 2407 3500 ac-

243 3523 508 3564 currendum.
544 3523 652 3576 Quis
687 3523 843 3564 etenim
875 3524 1116 3563 Doctorum
1154 3522 1245 3563 sine
1277 3522 1449 3563 Thoma
1483 3535 1570 3563 non
1604 3521 1747 3563 aridus
1780 3521 1915 3562 videri
1953 3521 2108 3575 poterit
2139 3535 2188 3562 ac
2220 3521 2409 3562 ieiunus?
