2852 4152
102 757 112 767 ·
127 756 194 778 Vers.
208 761 244 777 22.

102 1017 115 1030 ⁶
126 1017 199 1039 Pron
212 1023 239 1039 ιι.

1050 243 1315 289 QUAESTIO
1347 245 1413 289 111,
1442 245 1735 282 ARTICULUS
1766 246 1796 280 11

2460 259 2507 295 27

1086 365 1424 427 ‘ARTICULUS
1454 386 1751 428 SECUNDUS

963 477 1144 508 UTRUM
1173 477 1485 509 BEATITUDO
1516 478 1598 510 SIT
1629 451 1897 510 OPERATIO

613 553 647 578 IV
666 554 749 583 Sene„
769 555 818 578 dist
836 562 901 585 xux,
921 563 964 587 qu.

376 665 402 694 ,β
429 664 432 669 ‹
457 663 527 690 μ(
554 653 577 678 D
597 653 787 679 SECUNDUM
802 653 855 679 sic
870 654 1108 681 PROCEDlTUR.
1125 644 1283 682 Videtur
1297 646 1403 692 quod

368 675 531 757 ‘Qui
556 695 748 731 beatitudo
776 706 854 731 non
883 696 928 732 sit
964 698 1146 745 operatio.
1177 698 1274 734 Dicit
1303 698 1402 734 enim

342 754 394 807 aff
490 734 521 793 ἢ
535 747 541 752 ’
555 748 774 796 Apostolus,
794 749 906 784 Rom.
931 761 966 785 vi
986 751 1026 771 ²⁸·
1018 751 1212 787 ,Habetis
1233 752 1402 798 fructum

399 819 407 827 =
431 797 466 827 1'?
476 814 486 836 τ’
510 794 718 838 &vestrum
747 801 783 837 in
811 778 1152 849 sanctficationem‚
1162 804 1286 850 finem
1314 814 1402 839 vero

342 854 458 891 vitam
487 859 691 890 aeternam.
718 853 795 889 Sed
822 854 900 890 vita
928 867 1006 891 non
1035 863 1090 892 est
1118 856 1306 904 operatiO,
1336 856 1402 892 sed

342 906 469 955 ipsum
487 918 570 954 esse
589 905 815 943 viventium.
836 907 938 954 Ergo
966 908 1121 945 ultimus
1144 908 1243 955 finis,
1263 908 1328 957 qui
1349 916 1403 945 est

343 958 550 1005 beatitudo,
570 970 648 995 non
677 966 732 995 est
760 959 942 1007 operatio.

398 1023 432 1048 2.
453 1012 685 1058 PRAETEREA,
706 1011 860 1048 Boetius
881 1012 979 1058 dicit,
1000 1012 1036 1049 in
1062 1014 1110 1049 ΙΙΙ
1134 1013 1179 1049 de
1203 1013 1350 1049 Consol.
1370 1013 1400 1060 ²⁸,

343 1064 448 1113 quod
477 1064 668 1100 beatitudo
699 1072 755 1100 est
781 1070 896 1101 status
920 1066 1087 1102 omnium
1120 1067 1305 1102 honorum
1333 1077 1401 1115 ag-

341 1117 568 1166 gregatione
580 1117 780 1165 perfectus.
798 1117 874 1154 Sed
893 1125 1010 1154 status
1028 1131 1107 1155 non
1122 1118 1292 1156 nominat
1311 1131 1402 1168 ope-

344 1170 543 1206 rationem.
565 1170 666 1216 Ergo
695 1169 888 1207 beatitudo
917 1183 996 1207 non
1025 1178 1080 1207 est
1108 1171 1290 1218 operatio.

398 1223 432 1259 3.
463 1223 705 1268 PRAETEREA‚
734 1222 927 1260 beatitudo
969 1223 1154 1270 significat
1194 1223 1334 1270 aliquid
1362 1224 1401 1261 in

344 1275 457 1311 beato
487 1275 667 1311 existens:
690 1287 778 1310 cum
802 1274 847 1310 sit
865 1275 995 1311 ultima
1021 1275 1201 1323 perfectio
1223 1276 1400 1313 hominis.

344 1327 421 1363 Sed
442 1326 612 1374 operatio
641 1338 720 1362 non
748 1326 932 1373 significat
955 1334 995 1363 ut
1015 1327 1156 1374 aliquid
1185 1327 1344 1364 existens
1364 1328 1401 1364 in

343 1386 538 1427 operante,
559 1378 627 1415 sed
655 1378 776 1426 magis
803 1386 845 1414 ut
872 1379 919 1415 ab
944 1379 1027 1427 ipso
1056 1380 1278 1426 procedens.
1299 1381 1400 1427 Ergo

317 1429 538 1483 ›12ssssme
565 1442 645 1466 non
673 1438 729 1467 est
757 1430 939 1479 operatiO.

394 1494 432 1529 4.
462 1483 705 1529 PRAETEREA,
743 1482 936 1519 beatitudo
973 1491 1173 1531 permanet
1208 1484 1246 1520 in
1277 1485 1400 1522 beato.

307 1520 311 1524 <
343 1535 526 1585 Operatio
555 1542 681 1572 autem
710 1547 789 1572 non
811 1543 1023 1584 permanet,
1044 1536 1111 1573 sed
1139 1537 1278 1573 transit.
1300 1537 1402 1584 Ergo

342 1586 536 1626 beatitudo
564 1599 643 1624 non
673 1595 727 1624 est
755 1588 938 1636 operatio.

399 1641 432 1678 5.
452 1641 686 1688 PRAETEREA,
706 1640 818 1677 unius
837 1640 1003 1678 hominis
1023 1648 1079 1677 est
1097 1653 1173 1677 una
1196 1641 1401 1679 beatitudo.

340 1693 596 1742 ‚operationes
624 1700 752 1730 autem
778 1701 866 1730 sunt
893 1694 1045 1731 multae.
1074 1693 1176 1741 Ergo
1210 1694 1402 1732 beatitudo

341 1758 423 1784 non
450 1753 506 1782 est
533 1745 716 1794 operatio.

339 1840 342 1842 ,
396 1799 432 1847 6.
453 1798 686 1857 PnAETEREA,
708 1797 900 1835 beatitudo
929 1798 1024 1835 inest
1044 1799 1156 1836 beato
1182 1799 1357 1848 absque
1347 1813 1403 1837 ιιι-

338 1850 587 1900 terruptione.
614 1851 690 1888 Sed
719 1850 888 1900 operatio
914 1852 1084 1888 humana
1111 1852 1356 1900 frequenter
1347 1866 1403 1890 in-

342 1903 600 1952 terrumpitur:
630 1911 721 1952 puta
744 1916 896 1951 somno,
915 1905 978 1940 vel
998 1904 1123 1953 aliqua
1142 1904 1213 1941 alia
1241 1917 1403 1954 occupa-

342 1956 459 2004 tione,
478 1957 540 1994 vel
556 1955 693 2004 quiete.
714 1957 816 2004 Ergo
832 1957 1026 1994 beatitudo
1046 1969 1124 1994 non
1145 1965 1201 1994 est
1220 1958 1401 2017 operatio.

395 2010 470 2047 SED
499 2021 645 2046 CONTRA
672 2021 737 2046 EST
765 2010 870 2058 quod
902 2010 1158 2058 Philosophus
1187 2010 1291 2058 dicit,
1320 2011 1358 2047 in
1387 2012 1401 2047 I

274 2078 280 2084 ·
305 2070 313 2111 ξ
339 2062 460 2101 Ethic.
482 2063 515 2110 *,
535 2062 640 2111 quod
662 2062 824 2109 felicitas
842 2067 896 2099 est
913 2063 1079 2111 operatio
1102 2063 1304 2100 secundum
1327 2064 1403 2100 vir-

306 2130 314 2164 ς
340 2120 454 2153 tutem
477 2114 698 2164 perfectam.

393 2167 619 2204 Responnno
638 2178 822 2204 DicENDUM
839 2167 956 2216 quod,
967 2167 1178 2204 secundum
1193 2167 1296 2216 quod
1311 2169 1399 2205 bea-

340 2213 461 2257 titudo
489 2219 656 2256 hominis
694 2227 750 2256 est
777 2219 918 2268 aliquid
951 2227 1119 2256 creatum
1147 2220 1186 2256 in
1213 2220 1296 2269 ipso
1327 2221 1402 2258 exi-

338 2279 452 2320 stens‚
471 2284 628 2309 necesse
654 2279 710 2309 est
738 2271 864 2309 dicere
892 2272 999 2321 quod
1017 2272 1208 2309 beatitudo
1236 2273 1401 2310 hominis

339 2323 385 2362 sit
413 2324 596 2374 operatio.
617 2325 685 2361 Est
714 2324 816 2362 enim
845 2324 1038 2362 beatitudo
1077 2324 1207 2362 ultima
1234 2325 1400 2363 hominis

336 2377 532 2427 perfectio.
558 2376 873 2426 Unumquodque
902 2385 1030 2414 autem
1067 2377 1253 2414 intantum
1282 2379 1401 2426 perfe-

338 2437 441 2467 ctum
462 2437 528 2478 est,
549 2430 774 2477 inquantum
793 2437 849 2466 est
875 2437 983 2467 actu:
1006 2442 1098 2468 nam
1124 2430 1294 2479 potentia
1321 2431 1400 2468 sine

335 2490 425 2527 actu
462 2483 681 2531 imperfecta
709 2490 776 2519 est.
808 2483 971 2531 Oportet
1003 2495 1091 2530 ergo
1129 2483 1400 2520 beatitudinem

337 2535 378 2573 in
396 2535 531 2574 ultimo
551 2543 637 2572 actu
655 2535 821 2573 hominis
842 2534 1057 2572 consistere.
1079 2535 1323 2573 Manifestum
1346 2544 1401 2574 est

338 2595 468 2629 autem
493 2587 599 2637 quod
618 2587 787 2637 operatio
817 2595 872 2624 est
889 2588 1044 2625 ultimus
1064 2595 1169 2625 actus
1188 2588 1395 2637 operantis;

336 2639 440 2682 'unde
468 2648 506 2678 et
531 2646 636 2678 actus
658 2641 841 2679 secundus
867 2653 889 2677 a
906 2641 1140 2689 Philosopho
1169 2641 1397 2689 nominatur,

259 2709 310 2745 ¹··
337 2693 379 2730 in
405 2692 438 2731 11
467 2693 513 2731 de
538 2693 679 2731 Anima
707 2693 747 2730 *ε
779 2705 870 2730 nam
902 2693 1048 2730 habens
1076 2693 1238 2730 formam
1274 2701 1400 2742 potest

271 2740 277 2746 ι
339 2740 422 2783 8888
441 2744 481 2783 111
498 2745 667 2794 potentia
686 2758 861 2795 operans,
877 2753 972 2783 SICUt
990 2757 1112 2782 sclens
1134 2754 1188 2783 eSt
1207 2759 1246 2783 ln
1264 2754 1396 2795 potess-

338 2797 390 2835 tia
417 2797 672 2836 considerans.
692 2798 742 2835 Et
769 2798 856 2835 inde
877 2806 933 2836 est
951 2799 1055 2847 quod
1084 2798 1123 2835 in
1142 2798 1223 2836 aliis
1242 2811 1396 2848 quoque

339 2849 488 2887 rebus²
508 2862 567 2887 res
586 2862 838 2899 unaquaeque
858 2850 992 2888 dicitur
1011 2863 1092 2887 esse
1115 2856 1272 2900 propter
1288 2863 1396 2888 suam

267 2917 310 2958 'v.¹-³
335 2903 606 2952 operationem,
622 2910 663 2939 ut
677 2902 813 2940 dicitur
827 2903 864 2940 in
880 2904 912 2940 11
928 2903 973 2940 de
987 2903 1099 2940 Caelo
1109 2904 1139 2940 *.
1157 2905 1325 2941 Necesse
1341 2912 1396 2941 est

273 2979 309 3012 ⁰⁵·
341 2967 430 3004 ergo
450 2955 722 2993 beatitudinem
741 2955 907 2993 hominis
927 2955 1190 3004 operationem
1210 2968 1292 2994 esse
1311 2956 1342 2994 ²¹³.

391 3010 451 3045 AD
479 3020 616 3047 PRIMUM
635 3019 732 3046 ERGO
752 3019 935 3046 DICENDUM
959 3008 1063 3056 quod
1081 3008 1159 3047 vita
1178 3008 1310 3046 dicitur
1329 3008 1396 3045 du-

334 3052 493 3111 pliciter.
517 3061 605 3098 Uno
634 3062 772 3108 modo,
800 3060 926 3110 ipsum
955 3072 1037 3098 esse
1064 3060 1238 3098 viventis.
1252 3061 1318 3134 *Et
1345 3061 1396 3098 sic

269 3137 276 3143 ·
304 3138 310 3144 -
339 3113 532 3152 beatitudo
553 3126 632 3153 non
651 3120 707 3151 est
724 3113 822 3151 vita:
848 3120 1043 3151 ostensum
1062 3116 1118 3150 est
1137 3112 1237 3151 enim
1252 3112 1396 3165 *quod

339 3179 423 3203 esse
441 3165 554 3203 unius
573 3165 750 3212 hominis,
771 3166 1047 3214 qualecumque
1072 3165 1128 3212 sit,
1148 3177 1227 3202 non
1254 3173 1309 3205 est
1326 3165 1395 3204 ho-

339 3218 452 3256 minis
480 3218 690 3264 beatitudo;
720 3219 836 3255 solius
873 3218 972 3255 enim
1009 3217 1082 3255 Dei
1114 3217 1308 3255 beatitudo
1341 3226 1397 3255 est

339 3284 452 3308 suum
473 3283 567 3308 esse.
588 3292 612 3298 -
631 3271 718 3308 Alio
737 3273 856 3309 modo
873 3271 1007 3308 dicitur
1027 3270 1105 3307 vita
1124 3270 1206 3319 ipsa
1225 3271 1394 3319 operatio

337 3324 500 3362 viventis
516 3353 526 3372 ,
556 3324 767 3361 secundum
804 3336 921 3372 quam
961 3323 1184 3372 principium
1220 3323 1320 3360 vitae
1357 3323 1396 3360 in

392 3445 420 3479 α)
433 3453 535 3478 quoque
551 3446 662 3470 rebus.-
674 3452 786 3477 quorum
802 3445 878 3470 rebus
893 3445 1010 3477 AGpBF,
1025 3445 1226 3477 quibuscumque
1241 3445 1316 3469 rebus
1330 3445 1395 3474 EsF,

338 3481 415 3548 rem&
432 3480 504 3548 §gd
522 3515 630 3540 dicitur.
649 3529 667 3533 -
686 3515 747 3539 Om.
766 3514 800 3544 E.
821 3515 952 3540 Dominus
972 3515 1037 3540 dicit
1056 3515 1139 3539 ceteri.
1157 3527 1177 3534 -·
1195 3515 1243 3538 Pro
1264 3521 1353 3543 unum,
1369 3517 1395 3539 et

339 3558 419 3575 unum
439 3550 486 3575 Pa.

984 564 1000 586 1,
1020 562 1068 581 art.
1088 564 1110 586 2,
1130 557 1178 588 qu·
1199 563 1226 586 ²3
1246 556 1255 580 1
1277 557 1352 581 Cont-
1374 557 1461 585 Gent..
1481 564 1537 588 cap.
1556 564 1586 586 c;
1605 557 1614 581 1
1636 557 1732 588 Ennia,
1753 557 1812 582 lect.
1830 565 1858 588 ¹3
1877 557 1912 581 tx
1931 557 2093 591 Metaphys„
2113 559 2172 583 lect.
2190 566 2244 584 vm.

1458 652 1583 680 actum
1610 645 1819 681 reducitur:
1849 653 1886 682 et
1912 645 1964 682 sic
1997 646 2243 682 nominamus
2277 647 2394 684 vitam
2424 649 2510 685 acti-

1457 708 1560 743 vam,
1590 698 1652 733 vel
1682 698 2035 746 contemplativam,
2064 699 2125 735 vel
2151 700 2433 748 voluptuosam.
2463 702 2511 738 Et

1457 750 1531 785 hoc
1551 750 1669 786 modo
1689 750 1766 786 vita
1784 757 1938 787 aeterna
1958 751 2090 787 dicitur
2103 751 2256 788 ultimus
2274 752 2372 790 finis.
2394 753 2507 799 Quod

1456 809 1559 849 patet
1584 814 1654 849 per
1679 803 1754 838 hoc
1781 804 1886 850 quod
1915 803 2048 840 dicitur
2071 802 2087 833 β
2110 805 2214 840 loan.
2238 817 2310 842 xvii
2335 805 2371 842 *ε
2398 807 2510 842 Haec
2536 839 2547 849 ,

1457 859 1511 890 est
1531 855 1607 891 vita
1636 860 1800 901 aeterna,
1827 861 1867 891 ut
1891 862 2122 905 cognoscant
2149 862 2197 902 te,
2225 858 2349 894 Deum
2377 869 2508 895 verum

1459 918 1586 943 unum.

1510 961 1568 995 AD
1588 971 1777 996 SECUNDUM
1796 971 1978 997 DlCENDUM
1992 960 2012 982 *
2029 961 2133 1009 quod
2148 961 2313 1009 Boetius,
2331 963 2509 1000 definien-

1457 1010 1507 1048 do
1534 1011 1816 1058 beatitudinem,
1842 1012 2093 1050 consideravit
2119 1013 2241 1062 ipsam
2265 1027 2510 1052 communem

1457 1064 1694 1101 beatitudinis
1731 1065 1927 1101 rationem.
1967 1066 2034 1101 Est
2067 1066 2166 1102 enim
2205 1068 2419 1104 communis
2453 1081 2509 1105 ra-

1456 1116 1507 1152 tio
1531 1117 1769 1154 beatitudinis
1793 1118 1895 1164 quod
1920 1117 1965 1153 sit
1983 1118 2127 1154 bonum
2158 1131 2361 1156 commune
2389 1121 2509 1169 perfe-

1457 1175 1575 1215 ctum;
1597 1177 1631 1206 et
1650 1169 1724 1206 hoc
1743 1169 1966 1217 significavit
1985 1182 2073 1206 cum
2093 1171 2182 1207 dixit
2200 1173 2305 1219 quod
2325 1180 2380 1209 est
2396 1179 2510 1210 status

1455 1222 1623 1259 omnium
1660 1223 1844 1259 honorum
1885 1223 2161 1271 aggregatione
2196 1225 2404 1272 perfectus,
2439 1238 2507 1274 per

1456 1274 1560 1333 quod
1580 1274 1669 1311 nihil
1698 1275 1798 1311 aliud
1822 1274 2051 1322 significatur
2078 1275 2148 1312 nisi
2176 1277 2280 1324 quod
2303 1277 2435 1314 beatus
2455 1287 2510 1315 est

1456 1326 1494 1362 in
1528 1334 1625 1363 Statu
1653 1327 1743 1363 boni
1771 1328 1936 1375 perfecti.
1972 1327 2046 1364 Sed
2080 1328 2298 1365 Aristoteles
2332 1332 2509 1378 expressit

1456 1378 1578 1426 ipsam
1599 1379 1798 1416 essentiam
1828 1379 2078 1427 beatitudinis,
2099 1382 2301 1419 ostendens
2323 1395 2392 1431 per
2420 1383 2509 1432 quid

1455 1431 1575 1467 homo
1596 1430 1641 1467 sit
1660 1432 1697 1467 in
1725 1432 1944 1469 huiusmodi
1973 1440 2079 1480 statu,
2110 1433 2199 1481 quia
2225 1447 2295 1483 per
2321 1435 2508 1484 operatio-

1457 1495 1546 1520 nem
1567 1483 1759 1532 quandam
1777 1483 1808 1520 ²¹⁵.
1829 1484 1877 1520 Et
1896 1484 2011 1520 ideo
2003 1497 2041 1522 ιιι
2061 1486 2074 1521 1
2094 1486 2212 1523 Ethic.
2231 1486 2298 1508 ἢ*
2290 1499 2370 1536 ipse
2396 1488 2508 1525 etiam

1458 1535 1622 1572 ostendit
1640 1536 1743 1584 quod
1771 1536 1962 1573 beatitudo
1992 1545 2047 1573 est
2074 1538 2212 1575 bonum
2235 1541 2455 1588 perfectum.

1510 1590 1568 1624 AD
1588 1600 1746 1625 TERTmM
1765 1600 1948 1626 DICENDUM
1965 1589 2115 1638 *quod,
2136 1591 2228 1627 sicut
2248 1591 2406 1629 dicitur
2398 1605 2435 1629 in
2457 1594 2542 1629 IX¹

1456 1640 1715 1689 Metaphys.*,
1745 1641 1882 1689 duplex
1909 1649 1963 1678 est
1982 1642 2090 1678 actio.
2119 1643 2205 1680 Una
2224 1655 2321 1691 quae
2339 1646 2545 1692 procedit

1457 1694 1505 1730 ab
1526 1701 1706 1742 operante
1735 1693 1773 1729 in
1802 1693 2025 1731 exteriorem
2045 1695 2255 1742 materiam,
2280 1696 2373 1733 sicut
2400 1710 2509 1734 urere

1459 1754 1494 1782 et
1513 1758 1652 1782 secare.
1683 1747 1731 1782 Et
1755 1746 1837 1783 talis
1857 1747 2025 1795 operatio
2046 1759 2121 1783 non
2141 1755 2266 1796 potest
2284 1761 2366 1786 esse
2395 1750 2509 1786 beati-

1457 1798 1571 1835 tudo:
1601 1811 1691 1835 nam
1710 1798 1791 1835 talis
1811 1799 1979 1847 operatio
1999 1804 2014 1827 Υ
2042 1812 2120 1836 ιιοιι
2149 1808 2203 1837 est
2222 1801 2318 1838 actio
2338 1809 2374 1838 et
2391 1802 2510 1850 perfe-

1458 1851 1530 1888 ctio
1547 1851 1699 1899 agentis,
1721 1852 1788 1888 sed
1807 1852 1927 1899 magis
1945 1851 2130 1900 patientis,
2146 1860 2187 1889 ut
2205 1853 2346 1891 ibidem
2366 1854 2507 1892 dicitur.

1457 1904 1540 1940 Alia
1563 1911 1619 1940 est
1646 1903 1742 1940 actio
1763 1916 1922 1941 manens
1950 1904 1988 1941 in
2014 1904 2097 1953 ipso
2126 1914 2269 1953 agente,
2294 1914 2334 1943 ut
2362 1907 2509 1955 sentire,

1457 1956 1659 2004 intelligere
1681 1964 1716 1992 et
1735 1957 1852 1993 velle:
1883 1964 1919 1993 et
1946 1957 2163 1995 huiusmodi
2192 1959 2287 1995 actio
2317 1967 2372 1996 est
2389 1960 2510 2008 perfe-

1458 2009 1530 2046 ctio
1552 2017 1587 2045 et
1607 2016 1711 2045 actus
1730 2009 1883 2057 agentis.
1914 2010 1963 2046 Et
1980 2010 2061 2046 talis
2089 2011 2257 2058 operatio
2285 2019 2410 2060 potest
2429 2025 2509 2050 esse

1457 2061 1663 2098 beatitudo.

1509 2116 1568 2150 AD
1597 2125 1768 2156 QUARTUM
1787 2126 1969 2151 DiCENDUM
1997 2115 2113 2164 quod,
2135 2127 2222 2152 curn
2243 2116 2434 2154 beatitudo
2455 2117 2507 2154 di-

1458 2175 1516 2203 cat
1544 2167 1737 2215 quandam
1771 2167 1943 2203 ultimam
1975 2167 2264 2215 perfectionem,
2297 2170 2507 2206 secundum

1456 2218 1561 2266 quod
1590 2219 1762 2256 diversae
1791 2231 1850 2255 res
1877 2219 2114 2256 beatitudinis
2143 2233 2301 2269 capaces
2320 2222 2368 2259 ad
2389 2222 2508 2259 diver-

1456 2283 1519 2308 sos
1538 2272 1676 2319 gradus
1694 2271 1932 2320 perfectionis
1950 2271 2159 2320 pertingere
2186 2282 2356 2321 possunt,
2377 2286 2508 2311 secun-

1457 2324 1549 2360 dum
1564 2325 1639 2361 hoc
1658 2336 1812 2360 necesse
1832 2331 1887 2360 est
1915 2325 2020 2372 quod
2040 2325 2293 2362 diversimode
2317 2326 2508 2364 beatitudo

1456 2376 1611 2414 dicatur.
1632 2377 1735 2413 Nam
1755 2376 1794 2412 in
1809 2377 1894 2414 Deo
1915 2384 1970 2413 est
1992 2377 2183 2415 beatitudo
2202 2390 2271 2427 per
2290 2379 2508 2417 essentiam:

1455 2429 1544 2478 quia
1562 2429 1686 2478 ipsum
1707 2442 1789 2466 esse
1810 2429 1890 2466 eius
1910 2437 1965 2466 est
1988 2430 2156 2478 operatio
2186 2430 2275 2478 eius,
2297 2443 2372 2479 qua
2389 2431 2403 2453 ὅ
2431 2445 2508 2469 ιιοιι

1454 2482 1587 2519 fruitur
1605 2482 1690 2529 alio,
1711 2482 1779 2518 sed
1807 2481 1944 2530 seipso.
1974 2483 2015 2519 In
2035 2483 2175 2530 angelis
2203 2491 2329 2520 autem
2358 2484 2476 2522 beatis
2495 2491 2507 2506 ¹²·

1455 2542 1511 2571 est
1537 2533 1669 2572 ultima
1695 2535 1874 2583 perfectio
1898 2536 2108 2573 secundum
2128 2535 2293 2584 aliquam
2322 2538 2507 2585 operatio-

1453 2599 1560 2634 nem,
1589 2599 1664 2635 qua
1693 2587 1970 2634 coniunguntur
1996 2587 2104 2631 bono'
2131 2588 2318 2625 increato:
2353 2597 2388 2626 et
2413 2590 2508 2627 haec

1453 2640 1623 2688 operatio
1643 2639 1681 2676 in
1710 2639 1762 2676 eis
1791 2647 1845 2676 est
1862 2640 1974 2676 unica
1993 2647 2029 2676 et
2047 2640 2286 2689 sempiterna.
2316 2642 2358 2678 In
2384 2642 2507 2690 homi-

1452 2693 1563 2730 nibus
1591 2700 1730 2739 autem,
1760 2693 1971 2730 secundum
1999 2700 2136 2730 statum
2163 2694 2370 2742 praesentis
2393 2694 2504 2741 vitae,

1453 2752 1508 2781 est
1534 2745 1666 2782 ultima
1693 2745 1872 2794 perfectio
1900 2745 2112 2782 secundum
2140 2745 2400 2794 operationem
2430 2760 2504 2797 qua

1452 2794 1570 2835 homo
1605 2797 1843 2857 coniungitur
1875 2798 1981 2834 Deo:
2015 2798 2081 2835 sed
2109 2799 2217 2835 haec
2231 2799 2399 2847 operatio
2436 2813 2505 2837 nec

1453 2850 1642 2887 continua
1652 2857 1777 2899 potest
1795 2862 1888 2896 esse,
1910 2857 1946 2893 et
1963 2862 2032 2911 per
2051 2863 2287 2926 consequens
2307 2864 2376 2888 nec
2394 2852 2504 2889 unica

1453 2910 1519 2955 est,
1549 2902 1637 2952 quia
1661 2902 1829 2963 operatio
1857 2901 2126 2940 intercisione*
2152 2904 2427 2952 multiplicatur.
2456 2905 2504 2943 Et

1449 2960 1607 3005 propter
1623 2953 1754 2992 hocin
1775 2962 1871 2993 statu
1885 2955 2090 3003 praesentis
2105 2955 2218 3002 vitae,
2232 2957 2409 3004 perfecta
2416 2957 2505 2998 bea-

1451 3008 1570 3053 titudo
1590 3007 1638 3044 ab
1658 3007 1812 3052 homine
1830 3007 1960 3044 haberi
1988 3020 2066 3049 non
2083 3015 2218 3058 potest.
2248 3008 2359 3046 Unde
2377 3008 2503 3047 Philo-

1451 3061 1605 3119 sophus,
1635 3060 1672 3109 in
1693 3060 1707 3096 1
1726 3060 1846 3104 Ethic.
1865 3059 1896 3107 ²¹⁶,
1924 3055 2073 3109 ponens
2093 3049 2362 3099 beatitudinem
2381 3061 2502 3098 homi—

1451 3113 1508 3149 nis
1527 3111 1566 3149 in
1584 3113 1656 3149 hac
1664 3111 1759 3159 vita,
1781 3101 1868 3148 dicit
1881 3124 1973 3157 eam
1991 3112 2263 3166 imperfectam,
2282 3119 2369 3163 post
2387 3115 2503 3152 multa

1452 3155 1702 3210 concludens:
1735 3161 1872 3211 Beatos
1907 3167 2031 3209 autem
2068 3165 2224 3203 dicimus
2261 3173 2301 3203 ut
2325 3167 2501 3204 homines.

1452 3217 1527 3255 Sed
1554 3215 1783 3275 promittitur·
1809 3206 1920 3254 nobis
1943 3230 1965 3254 a
1990 3218 2077 3255 Deo
2106 3214 2298 3256 beatitudo
2326 3220 2500 3268 perfecta,

1451 3269 1606 3318 quando
1626 3269 1766 3306 erimus
1784 3271 1879 3307 sicut
1895 3270 2025 3320 angeli
2050 3271 2086 3308 in
2115 3271 2229 3318 caelo,
2251 3271 2345 3308 sicut
2372 3272 2503 3309 dicitur

1450 3323 1584 3359 Matth.
1603 3334 1675 3358 xxu
1694 3322 1725 3359 ²⁸.

1502 3445 1528 3477 γ)
1548 3444 1677 3475 operatio.
1695 3458 1714 3462 -
1731 3444 1801 3468 actio
1820 3444 1930 3468 codices.

1502 3478 1526 3512 ὃ)
1545 3486 1606 3511 qua.
1623 3492 1643 3498 ·-
1660 3479 1722 3511 quia
1741 3479 1854 3503 PEl-llsF
1878 3484 1903 3503 et
1920 3484 1945 3503 a.

1502 3515 1523 3545 ε)
1543 3514 1633 3539 beatis.
1651 3527 1670 3532 -
1687 3514 1822 3538 beatitudo
1843 3514 1887 3538 Ρα.

1502 3549 1526 3581 ζ)
1547 3549 1721 3574 intercisione.
1739 3562 1758 3568 ·-
1777 3549 1968 3574 inter-scissione
1988 3549 2032 3573 Ρα.

2536 1493 2619 1541 *oen
2631 1499 2676 1522 arg.
2698 1495 2747 1516 Sea

2535 1522 2630 1573 ”nCap.
2644 1552 2685 1574 vn,
2701 1553 2745 1575 ιι3

2536 1553 2745 1619 ¹sqq.-S'.T11'.elc.t

2538 1605 2743 1673 ‘Vieodcmmietnn

2538 1651 2661 1672 Caie.octl

2537 1657 2709 1699 ·..STh1ectci

2538 1684 2745 1731 -Di.id1b.vi11¹,

2538 1735 2588 1757 cap.
2602 1736 2652 1757 vni,
2668 1736 2690 1752 n.
2705 1737 2728 1758 9.

2633 1806 2648 1832 Υ

2629 2434 2644 2458 ὅ

2637 2496 2648 2512 ε

2531 3072 2615 3121 ‘SQF¹3
2627 3079 2652 3120 ἴ,
2667 3079 2689 3094 n.
2708 3073 2738 3095 16.

2549 3099 2574 3121 S.
2618 3115 2623 3120 .
2640 3103 2739 3121 cmxvi.

2531 3332 2539 3340 ·
2554 3330 2621 3352 Vers.
2630 3337 2667 3359 3ο.
