2852 4152
998 279 1263 325 QUAESTIO
1293 280 1396 326 VIII,

317 354 493 391 vifactiva
513 354 726 392 considerat
745 355 783 392 id
798 357 903 404 quod
923 365 979 394 est
997 357 1044 394 ad
1065 358 1194 404 finem,
1211 364 1252 394 ut
1271 358 1374 405 quod

319 414 516 455 operatur:
544 407 583 444 id
611 418 704 444 vero
725 410 829 456 quod
858 418 912 446 est
930 410 1027 457 finis,
1048 418 1089 446 ut
1116 410 1163 447 ad
1188 410 1291 458 quod
1316 422 1374 446 or-

319 458 423 496 dinat
448 459 485 496 id
515 459 619 508 quod
639 469 827 509 operatur.
849 463 897 498 Et
924 463 1059 499 iterum
1080 463 1117 499 in
1143 475 1373 511 unaquaque

1427 280 1722 317 ARTICULUS
1753 282 1800 318 111
2434 295 2480 331 71

1429 366 1507 395 arte
1526 358 1721 407 operativa
1754 368 1809 396 est
1828 360 1959 408 aliquis
1979 361 2063 397 finis
2083 361 2268 409 proprius,
2289 368 2325 397 et
2344 361 2484 410 aliquid

1429 412 1533 470 quod
1562 419 1617 448 est
1636 412 1684 449 ad
1712 413 1842 461 finem,
1863 413 1967 461 quod
1985 413 2137 462 proprie
2167 414 2215 450 ad
2234 413 2334 450 illam
2365 421 2482 450 artem

1428 471 1597 512 pertinet.

990 558 1320 591 Commentaria
1342 558 1591 594 cardinalis
1613 560 1812 593 Caietam

323 652 370 714 In
393 640 524 672 articulo
548 643 688 673 secundo
708 643 850 674 eiusdem
865 646 1067 685 quaestionis,
1087 647 1220 677 dubium
1239 646 1372 678 occurrit

351 686 389 716 de
403 685 506 722 titulo,
522 685 599 727 quid
615 686 731 718 scilicet
754 688 906 728 significet
919 690 952 719 in
975 690 1035 721 hoc
1057 691 1148 721 titulo
1165 691 1197 732 ly
1213 691 1371 722 voluntas.

319 729 352 759 Si
381 729 516 760 sumitur
542 739 600 770 pro
630 730 699 770 ipsa
725 733 866 771 potentia
888 733 1034 770 volitiva,
1059 741 1142 765 extra
1172 734 1373 775 propositum

320 779 382 803 est:
407 779 443 803 ut
465 780 550 813 patet
574 784 610 804 ex
625 775 781 815 principio
805 777 1007 817 quaestionis,
1025 778 1079 808 ubi
1101 779 1303 818 propositum
1327 785 1374 809 est

319 816 408 856 quod
431 817 470 847 de
493 824 564 848 actu
588 818 758 849 voluntatis
781 821 836 860 qui
861 828 906 851 est
927 822 1016 858 velle,
1041 823 1237 853 tractandum
1261 830 1316 853 est.
1341 822 1373 852 Si

319 860 455 891 sumitur
478 871 536 901 pro
559 862 720 899 volitione,
736 870 771 894 ut
787 864 820 894 in
837 865 1043 905 responsione
1058 866 1097 896 ad
1121 866 1260 906 primum
1284 876 1373 905 argu-

318 911 464 935 mentum
486 904 519 934 in
542 905 647 945 primo
671 907 802 937 articulo
825 908 959 939 declarat
980 909 1091 945 littera,
1116 910 1241 940 obstant
1264 919 1374 940 secun-

320 948 398 978 dum
420 956 643 989 argumentum
666 957 696 981 et
719 951 862 988 tertium,
888 960 918 982 et
941 959 1162 992 argumentum
1190 953 1223 983 in
1246 953 1374 994 opposi-

318 998 398 1028 tum,
414 999 444 1023 et
459 993 616 1024 distinctio
632 994 734 1034 posita
749 995 781 1025 in
797 996 952 1036 principio
969 997 1108 1036 corporis
1125 997 1246 1027 articuli
1262 997 1372 1027 huius:

320 1035 396 1066 haec
418 1036 505 1066 enim
527 1038 635 1068 omnia
650 1038 688 1068 de
707 1039 848 1078 potentia
871 1050 934 1080 qua
948 1041 1108 1077 volumus,
1132 1041 1317 1081 loquuntur.
1342 1041 1375 1071 Si

319 1079 455 1110 sumitur
477 1087 513 1112 ut
535 1091 594 1121 pro
618 1089 760 1123 utraque,
786 1083 902 1114 scilicet
922 1085 1064 1124 potentia
1087 1091 1118 1115 et
1140 1085 1301 1121 volitione,
1319 1085 1374 1115 ob-

318 1129 379 1154 stat
400 1124 635 1164 aequivocatio:
660 1127 807 1158 voluntas
835 1127 920 1158 enim
948 1128 1158 1168 aequivocum
1186 1135 1232 1159 est
1255 1129 1294 1159 ad
1318 1138 1374 1168 po-

318 1167 450 1198 tentiam
473 1175 503 1199 et
525 1170 752 1209 operationem.

374 1211 411 1242 11.
434 1213 486 1242 Ad
508 1212 570 1243 hoc
593 1213 706 1244 dieitur
727 1215 816 1255 quod
835 1225 980 1255 praesens
1003 1216 1123 1252 titulus,
1140 1216 1220 1246 sicut
1241 1222 1271 1246 et
1287 1226 1374 1256 prae-

319 1255 442 1292 cedens,
457 1256 642 1297 intelligitur
657 1258 695 1288 de
710 1258 873 1290 voluntate
888 1269 946 1298 pro
961 1260 1128 1290 volitione:
1153 1267 1183 1290 et
1206 1260 1294 1299 quod
1310 1266 1374 1290 tam

319 1306 543 1339 argumentum
565 1302 742 1332 secundum
765 1312 862 1342 quam
884 1303 1022 1338 tertium,
1038 1303 1140 1342 arguit
1162 1310 1270 1333 contra
1290 1303 1375 1333 hunc

319 1352 457 1380 sensum,
481 1345 537 1374 sed
559 1354 615 1384 per
636 1345 745 1375 locum
760 1355 778 1375 a
797 1345 928 1375 fortiori.
953 1345 985 1375 Si
1001 1346 1085 1375 enim
1100 1345 1171 1376 finis
1195 1352 1224 1376 et
1243 1356 1278 1375 ea
1294 1354 1389 1386 quaet

318 1393 393 1416 sunt
421 1387 462 1416 ad
483 1386 581 1419 finem
609 1388 736 1427 exigunt
764 1388 899 1418 diversas
927 1389 1097 1427 potentias,
1123 1389 1265 1429 sequitur
1287 1390 1375 1429 quod
1389 1386 1395 1418 *x

318 1429 448 1476 exigunt
469 1430 608 1463 diversus
624 1438 722 1467 actus,
738 1438 774 1461 ut
788 1438 883 1471 patet.
899 1432 991 1462 Ratio
1008 1439 1114 1463 autem
1129 1432 1161 1462 in
1178 1433 1374 1472 oppositum,
1392 1430 1393 1437 ¹

274 1484 278 1486 ·
315 1470 365 1503 szt‘
372 1463 528 1504 distifftttio
551 1474 586 1504 in
609 1483 742 1515 corpore
762 1475 892 1511 articuli,
909 1475 1018 1506 allatae
1034 1483 1108 1506 sunt
1122 1483 1152 1506 et
1165 1483 1295 1516 propter
1309 1486 1374 1506 ma—

79 1558 182 1581 <ttoz'tr2'11
196 1567 206 1585 4
219 1567 221 1570 ⁴

22 1644 26 1645 .
79 1612 194 1640 ..Manum
215 1603 249 1633 ,Γ
273 1586 295 1663 s

317 1516 428 1547 teriam
449 1517 691 1555 rationabiliter,
715 1525 752 1549 ut
774 1518 893 1550 dictum
918 1526 980 1555 est,
998 1518 1120 1550 'tactam
1149 1519 1181 1549 in
1210 1520 1375 1560 praedictis

317 1560 444 1591 duobus
467 1562 678 1602 argumentis;
703 1569 734 1593 et
755 1569 885 1602 propter
903 1562 1128 1603 perfectionem
1147 1563 1320 1600 doctrinae;
1346 1571 1376 1595 et

317 1611 447 1645 propter
469 1606 703 1646 proximitatem
733 1606 814 1637 inter
836 1607 977 1647 primum
1000 1607 1239 1648 simplicemque
1261 1608 1375 1638 volun-

317 1648 388 1679 tatis
411 1656 528 1687 actum,
552 1650 669 1681 scilicet
690 1650 779 1687 velle,
804 1657 834 1681 et
853 1651 1030 1690 potentiam
1044 1651 1223 1688 volitivam,
1248 1658 1376 1692 propter

317 1690 407 1734 qu'od
429 1694 594 1724 communi
612 1694 742 1725 nomine
761 1701 914 1725 vocantur
934 1696 1091 1732 voluntas,
1109 1705 1173 1725 non
1194 1695 1374 1736 aequivoce,

317 1737 373 1767 sed
401 1747 457 1777 per
478 1737 566 1778 prius
590 1745 620 1769 et
647 1738 813 1779 posterius.
844 1738 886 1769 Et
911 1739 987 1769 haec
1016 1740 1126 1769 eadem
1156 1739 1375 1780 propinquitas

318 1779 379 1812 fuit
395 1781 506 1818 etiam,
529 1781 648 1813 iudicio
671 1792 755 1818 meo,
779 1782 858 1813 ratio
875 1789 905 1813 et
921 1782 1049 1813 secundi
1066 1790 1096 1813 et
1114 1783 1195 1814 tertii
1210 1793 1376 1823 argumen-

318 1830 437 1855 torum.
452 1825 607 1857 Consistit
621 1833 728 1857 autem
744 1827 890 1866 cognatio
906 1827 984 1858 haec
997 1827 1030 1857 in
1047 1827 1274 1858 communione
1291 1827 1375 1858 obie-

318 1868 368 1904 cti.
393 1875 430 1900 ut
450 1869 484 1900 in
505 1870 607 1900 littera
629 1870 756 1907 dicitur,
781 1877 812 1901 et
834 1881 919 1901 nunc
941 1881 1026 1902 nunc
1050 1871 1265 1902 declarabitur.

373 1912 425 1944 111.
443 1913 479 1943 In
502 1923 635 1954 corpore
654 1914 775 1945 articuli
799 1914 949 1951 eiusdem,
970 1915 1104 1945 dubium
1124 1915 1259 1946 occurrit
1275 1916 1313 1946 de
1329 1925 1375 1945 as-

317 1955 438 1996 signata
467 1959 697 1989 communione
725 1959 839 1989 obiecti
862 1966 1004 1999 respectu
1035 1960 1210 1999 potentiae,
1236 1966 1266 1990 et
1289 1966 1375 1990 actus

317 1999 385 2031 eius
408 2001 574 2042 simplicis:
599 2012 681 2043 quae
704 2002 820 2034 scilicet
843 2009 889 2033 est
912 2003 1083 2034 differentia
1105 2003 1185 2034 inter
1215 2004 1375 2034 obiectum

317 2045 487 2084 potentiae,
503 2053 534 2076 et
548 2047 724 2077 secundum
739 2057 771 2077 se
787 2046 947 2077 obiectum
966 2047 1124 2087 potentiae
1137 2056 1143 2077 :
1164 2047 1277 2078 dicitur
1291 2047 1375 2077 enim

317 2087 351 2118 in
372 2088 475 2119 littera
496 2090 586 2130 quod
607 2090 774 2131 proprium
798 2090 958 2121 obiectum
981 2091 1131 2131 simplicis
1154 2098 1240 2122 actus
1265 2098 1374 2131 poten-

317 2131 378 2162 tiae
401 2139 448 2164 est
470 2133 502 2164 id
526 2134 615 2174 quod
634 2141 680 2165 est
695 2135 870 2165 secundum
896 2145 928 2165 se
944 2135 1104 2165 obiectum
1119 2135 1288 2175 potentiae.
1309 2138 1375 2166 Aut

318 2175 404 2206 enim
431 2177 464 2219 ly
493 2178 667 2209 secundum
699 2188 734 2209 se
764 2178 966 2218 distinguitur
992 2187 1099 2210 contra
1126 2179 1298 2210 secundum
1323 2189 1375 2210 ac-

318 2220 446 2258 ciden55
467 2228 522 2252 aut
549 2229 657 2253 contra
686 2222 860 2253 secundum
893 2223 992 2253 aliud.
1023 2223 1237 2264 Quocumque
1268 2229 1375 2254 autem

317 2264 417 2294 modo
441 2271 594 2302 sumatur,
614 2266 754 2306 aequale,
770 2266 872 2297 immo
887 2266 973 2297 idem
989 2267 1123 2297 omnino
1138 2267 1194 2298 erit
1210 2267 1376 2308 proprium

317 2307 479 2338 obiectum
501 2310 671 2349 potentiae,
696 2317 727 2340 et
748 2311 914 2350 proprium
937 2310 1098 2341 obiectum
1113 2311 1262 2351 simplicis
1278 2317 1375 2341 actus.

318 2351 418 2388 Quod
433 2358 480 2383 est
497 2359 607 2384 contra
621 2354 765 2390 litteram,
785 2354 945 2384 volentem
965 2355 1140 2394 potentiam
1161 2355 1325 2385 extendere
1344 2365 1376 2385 se

317 2395 358 2426 ad
381 2396 548 2436 proprium
571 2397 731 2428 obiectum
753 2404 841 2428 actus
864 2398 1028 2438 simplicis,
1052 2405 1083 2429 et
1105 2399 1266 2429 obiectum
1289 2405 1376 2429 actus

318 2448 385 2470 non
407 2440 569 2480 simplicis.
598 2442 754 2472 Probatur
782 2442 928 2482 sequela:
953 2442 1027 2483 quia
1049 2449 1115 2473 tam
1139 2443 1299 2473 obiectum
1321 2453 1378 2483 per

317 2482 470 2520 accidens,
494 2495 593 2526 quam
617 2485 777 2516 obiectum
800 2495 856 2526 per
878 2486 974 2522 aliud,
994 2493 1078 2517 extra
1094 2486 1261 2517 formalem
1283 2487 1376 2518 ratio-

318 2531 394 2558 nem
416 2538 472 2568 per
494 2539 527 2560 se
550 2529 663 2560 obiecti
687 2530 846 2570 potentiae
869 2536 924 2560 est.

373 2571 425 2602 lv.
450 2573 501 2603 Ad
524 2573 586 2603 hoc
609 2574 742 2604 breviter
773 2573 886 2604 dicitur
908 2574 997 2614 quod
1019 2574 1070 2604 hic
1100 2575 1234 2606 sumitur
1264 2585 1376 2606 secun-

246 2607 248 2610 ¹
271 2615 273 2618 '
318 2615 394 2646 dum
417 2626 470 2654 se,
495 2623 532 2647 ut
555 2617 756 2657 distinguitur
779 2623 887 2648 contra
904 2627 968 2658 per
989 2618 1089 2655 aliud,
1106 2629 1171 2649 non
1194 2620 1375 2660 quomodo-

81 3433 92 3444 .
101 3432 174 3462 TW

78 3463 135 3487 etp.
147 3465 172 3487 ιι,
187 3465 212 3482 ιι.
224 3466 246 3482 2.

340 3399 359 3417 ‘v

174 3449 190 3461 .,
199 3433 240 3456 ub.
251 3433 292 3461 111,
342 3417 346 3422 ’

319 2659 404 2696 libet,
421 2661 476 2691 sed
493 2661 583 2702 infra
606 2661 805 2692 latitudinem
820 2663 1019 2701 perseitatis:
1036 2661 1079 2692 ita
1094 2663 1182 2702 quod
1201 2663 1376 2693 secundum

318 2712 354 2734 se
380 2704 517 2735 sumitur
543 2715 602 2746 pro
619 2715 683 2745 per
703 2715 738 2736 se
754 2706 879 2745 primo,
904 2711 934 2736 et
956 2706 1131 2745 opponitur
1160 2706 1188 2736 ei
1214 2707 1302 2747 quod
1332 2713 1378 2737 est

313 2755 378 2787 per
398 2749 603 2779 sesecundo.
628 2749 716 2780 Sicut
739 2749 871 2780 dicimus
902 2750 990 2790 quod
1013 2749 1126 2780 habere
1154 2757 1274 2781 tactum
1302 2761 1376 2781 con—

318 2791 405 2822 venit
427 2792 554 2822 animali
578 2802 634 2832 per
656 2802 688 2823 se
711 2793 831 2833 primo:
856 2793 980 2823 homini
1001 2803 1076 2824 vero
1100 2804 1156 2834 per
1178 2794 1273 2830 aliud,
1298 2794 1378 2825 idest

319 2842 376 2875 per
398 2845 430 2866 se
453 2837 604 2872 secundo,
621 2837 695 2877 quia
714 2844 843 2877 propter
857 2837 982 2867 animal.
1008 2837 1141 2868 Constat
1159 2844 1266 2868 autem
1288 2839 1376 2879 quod

316 2887 375 2918 per
397 2889 430 2910 se
453 2880 592 2911 secundo
616 2889 681 2910 non
697 2881 854 2920 egreditur
871 2881 1070 2912 latitudinem
1087 2891 1142 2921 per
1162 2891 1194 2912 se
1209 2882 1375 2922 adaequati

1386 2970 1427 2978 W

1426 647 1548 678 obiecti.
1573 649 1665 679 Unde
1687 643 1720 678 in
1744 648 1920 688 proposito,
1945 649 2019 689 quia
2042 650 2165 680 bonum
2181 649 2213 679 in
2228 660 2285 680 sua
2301 650 2484 680 communi-

1425 698 1487 721 tate
1511 698 1557 722 est
1579 692 1740 722 obiectum
1762 693 1921 732 potentiae
1944 693 2106 729 volitivae;
2131 700 2162 723 et
2180 694 2302 724 bonum
2326 700 2372 724 est
2394 704 2483 724 com-

1426 744 1523 765 mune
1552 736 1591 765 ad
1614 737 1736 766 bonum
1761 746 1815 776 per
1843 747 1875 767 se
1899 737 2022 776 primo,
2045 737 2126 767 idest
2147 736 2258 773 finem,
2283 744 2359 777 puta
2383 737 2483 768 hone-

1427 785 1512 808 stum
1534 779 1584 809 vel
1607 780 1803 816 delectabile,
1828 787 1859 810 et
1881 781 1920 810 ad
1939 781 2062 811 bonum
2085 791 2140 821 per
2163 791 2195 811 se
2219 781 2379 817 secundo,
2403 781 2484 812 idest

1427 822 1459 851 id
1482 823 1570 862 quod
1594 830 1640 853 est
1662 823 1701 853 ad
1724 823 1829 860 finem,
1847 831 1924 864 puta
1942 825 2032 860 uti1e;
2049 825 2210 856 obiectum
2228 825 2378 865 simplicis
2395 831 2482 856 actus

1427 866 1521 896 huius
1545 867 1714 906 potentiae,
1737 867 1869 898 infertur
1887 869 1975 908 quod
1999 875 2045 899 est
2065 869 2240 899 secundum
2257 878 2289 899 se
2312 868 2482 906 obiectum,

1427 909 1506 940 idest
1529 909 1608 946 finis,
1633 911 1688 951 qui
1711 911 1798 941 solus
1822 918 1943 942 amatur
1967 922 2032 942 non
2056 919 2184 952 propter
2207 912 2301 942 aliud.

1482 954 1521 984 V.
1539 953 1629 984 Circa
1648 955 1867 994 probationem
1886 955 2058 986 exclusivae
2075 956 2286 986 conclusionis
2301 956 2334 986 in
2351 966 2482 996 corpore

1428 997 1569 1027 eiusdem
1585 997 1715 1034 articuli,
1733 998 1866 1028 dubium
1882 1000 2017 1030 occurrit
2037 1001 2161 1040 duplex.
2186 1000 2302 1036 Primo,
2327 1000 2402 1041 quia
2418 1010 2483 1030 me-

1429 1041 1518 1070 dium
1537 1041 1742 1072 contrariatur
1764 1043 1970 1073 conclusioni.
1994 1044 2051 1074 Est
2066 1044 2151 1074 enim
2170 1044 2312 1074 medium
2335 1044 2423 1084 quod
2447 1054 2483 1074 ea

1428 1094 1510 1124 quae
1533 1092 1606 1115 sunt
1628 1086 1668 1115 ad
1690 1085 1797 1122 finem,
1821 1096 1886 1116 non
1908 1094 1981 1117 sunt
1996 1088 2079 1117 bona
2102 1088 2152 1118 vel
2166 1088 2264 1118 volita
2280 1087 2339 1118 nisi
2354 1094 2484 1128 propter

1427 1127 1534 1160 finem.
1563 1129 1608 1159 Ex
1631 1129 1694 1160 hoc
1716 1129 1856 1169 arguitur
1879 1131 1932 1161 sic.
1956 1133 2054 1161 Actus
2085 1131 2140 1171 qui
2168 1131 2264 1162 fertur
2286 1131 2318 1161 in
2341 1141 2378 1162 ea
2400 1141 2482 1172 quae

1428 1179 1501 1202 sunt
1524 1173 1563 1202 ad
1585 1172 1681 1203 finem
1705 1174 1880 1203 secundum
1908 1184 2038 1204 omnem
2066 1175 2220 1205 rationem
2250 1175 2482 1215 appetibilitatis

1428 1226 1550 1252 eorum,
1575 1226 1639 1246 non
1664 1223 1710 1247 est
1732 1218 1893 1257 negandus
1916 1218 1988 1248 ferri
2011 1218 2043 1248 in
2065 1228 2101 1248 ea
2123 1229 2204 1259 quae
2220 1225 2293 1249 sunt
2312 1219 2351 1248 ad
2374 1217 2480 1249 finem.

1428 1260 1489 1290 Sed
1511 1260 1622 1290 volitio
1645 1267 1691 1291 est
1714 1261 1907 1297 huiusmodi,
1927 1262 2103 1292 secundum
2121 1262 2270 1293 litteram:
2296 1262 2370 1302 quia
2386 1262 2483 1293 fertur

1428 1303 1460 1333 in
1488 1304 1540 1334 illa
1569 1304 1688 1334 ratione
1719 1305 1806 1341 finis,
1832 1312 1862 1335 et
1884 1306 1936 1335 illa
1959 1316 2025 1336 non
2047 1313 2122 1336 sunt
2143 1306 2322 1346 appetibilia
2352 1306 2412 1336 nisi
2435 1316 2481 1336 ra-

1428 1347 1514 1377 tione
1536 1347 1616 1378 finis.
1950 1356 1953 1360 ’

1485 1391 1667 1421 Secundum
1690 1392 1823 1422 dubium
1847 1399 1893 1423 est
1914 1393 1999 1433 quia,
2017 1393 2042 1423 si
2058 1393 2168 1423 volitio
2185 1393 2282 1424 fertur
2296 1393 2330 1424 in
2348 1403 2383 1423 ea
2399 1403 2481 1433 quae

1428 1440 1501 1463 sunt
1524 1434 1563 1463 ad
1586 1434 1700 1470 finem,
1726 1435 1915 1476 inquantum
1944 1437 1976 1466 in
2000 1437 2043 1466 eis
2065 1437 2162 1467 finem
2185 1437 2268 1473 vult,
2292 1437 2402 1467 volitio
2426 1435 2483 1468 erit

1427 1477 1512 1506 idem
1536 1479 1624 1518 quod
1647 1478 1774 1508 electio:
1800 1480 1953 1519 quoniam
1977 1481 2086 1511 electio
2106 1491 2171 1510 non
2195 1488 2241 1511 est
2265 1490 2376 1511 eorum
2399 1490 2481 1522 quae

1429 1527 1502 1551 sunt
1524 1521 1564 1550 ad
1582 1521 1688 1557 finem,
1706 1522 1764 1552 nisi
1780 1530 1908 1562 propter
1923 1523 2029 1554 finem.
2053 1524 2198 1554 Infirmus
2215 1524 2299 1554 enim
2315 1534 2380 1555 non
2398 1524 2483 1565 eligit

1428 1565 1594 1603 potionem
1617 1575 1755 1595 amaram
1779 1566 1838 1595 nisi
1862 1567 1919 1597 sub
1943 1567 2063 1597 ratione
2079 1568 2160 1598 sani:
2185 1575 2215 1598 et
2238 1569 2350 1598 eodem
2382 1568 2483 1599 modo'

1427 1609 1495 1638 vult
1517 1609 1659 1645 eandem,
1683 1609 1872 1650 inquantum
1896 1611 1962 1640 sani
1986 1611 2139 1641 rationem
2163 1612 2251 1651 sapit.

1481 1653 1533 1683 VI.
1549 1653 1600 1682 Ad
1615 1653 1731 1683 horum
1746 1653 1943 1690 evidentiam,
1960 1654 2038 1684 scito
2053 1655 2150 1694 quod,
2167 1655 2255 1690 sicut,
2273 1662 2428 1695 quantum
2443 1656 2482 1686 ad

1428 1697 1629 1736 propositum
1653 1703 1780 1736 spectat,
1796 1697 1950 1737 principia
1973 1698 2137 1738 dupliciter
2160 1709 2192 1729 se
2208 1699 2322 1729 habent
2344 1699 2383 1728 ad
2407 1709 2481 1729 con-

1429 1740 1613 1776 clusionem,
1631 1740 1747 1771 scilicet
1769 1742 1944 1771 secundum
1965 1742 2181 1772 habitudinem
2201 1741 2404 1782 significatam
2427 1753 2482 1782 per

1428 1784 1460 1824 ly
1479 1789 1623 1824 propter,
1641 1791 1671 1815 et
1693 1783 1896 1824 significatam
1920 1796 1976 1825 per
1997 1786 2030 1826 ly
2053 1787 2084 1816 in
2091 1793 2104 1823 ,·
2126 1796 2198 1816 nam
2219 1793 2348 1826 propter
2369 1786 2481 1826 princi-

1428 1828 1480 1867 pia
1503 1829 1643 1858 sciuntur
1667 1828 1886 1859 conclusiones
1908 1829 1941 1859 in
1957 1830 2233 1866 demonstratione,
2251 1836 2281 1860 et
2303 1830 2335 1860 in
2355 1831 2481 1861 conclu-

1428 1871 1570 1902 sionibus
1594 1872 1751 1902 evidenter
1774 1873 1917 1904 resolutis
1940 1873 2078 1904 relucent
2103 1883 2139 1904 ac
2161 1874 2306 1904 videntur
2329 1874 2482 1914 principia

1428 1914 1473 1957 (et
1491 1916 1631 1956 primum
1654 1916 1784 1956 quidem
1808 1917 1949 1947 consistit
1971 1917 2002 1947 in
2027 1924 2096 1948 actu
2122 1917 2280 1953 scientiae,
2306 1918 2480 1948 secundum

1427 1970 1502 1990 vero
1517 1960 1550 1989 in
1566 1966 1636 1990 actu
1660 1960 1844 1996 intellectus,
1865 1961 1920 2001 qui
1944 1968 1989 1992 est
2004 1961 2128 1991 habitus
2151 1960 2412 2004 principiorum):
2437 1961 2480 1992 sic

1427 2003 1735 2044 proportionabiliter
1763 2003 1833 2034 finis
1852 2005 2024 2044 dupliciter,
2042 2005 2158 2035 scilicet
2172 2005 2346 2036 secundum
2361 2005 2482 2045 praedi-

1428 2054 1491 2078 ctas
1515 2049 1592 2078 duas
1615 2048 1823 2084 habitudines,
1843 2058 1875 2078 se
1898 2049 1991 2079 habet
2015 2049 2054 2079 ad
2076 2049 2108 2078 id
2127 2049 2215 2089 quod
2239 2056 2286 2079 est
2308 2049 2347 2079 ad
2368 2048 2480 2085 finem;

1428 2099 1474 2122 est
1497 2091 1581 2121 enim
1611 2098 1740 2132 propter
1766 2102 1863 2133 quem
1891 2092 2047 2132 appetitur
2070 2093 2159 2133 quod
2182 2100 2228 2123 est
2254 2093 2294 2123 ad
2317 2092 2430 2129 finem,
2452 2099 2482 2124 et

1429 2135 1586 2175 appetitur
1607 2135 1640 2165 in
1663 2135 1733 2175 ipso
1757 2136 1845 2176 quod
1869 2143 1914 2167 est
1937 2137 1976 2166 ad
1998 2136 2103 2167 finem.
2121 2137 2160 2167 Et
2183 2137 2322 2177 primum
2341 2138 2480 2178 quidem,

1428 2179 1544 2210 scilicet
1566 2186 1711 2219 appetere
1734 2180 1821 2220 quod
1838 2187 1884 2210 est
1906 2181 1946 2210 ad
1968 2180 2062 2211 finem
2087 2188 2215 2220 propter
2236 2180 2342 2218 finem,
2360 2182 2399 2211 ad
2421 2181 2481 2212 ele-

1429 2223 1567 2254 ctionem
1590 2230 1724 2263 spectat:
1753 2224 1927 2254 secundum
1950 2234 2044 2261 vero,
2068 2225 2183 2255 scilicet
2205 2231 2350 2265 appetere
2378 2225 2412 2255 in
2442 2235 2481 2256 eo

1429 2268 1518 2307 quod
1542 2274 1588 2297 est
1610 2268 1649 2297 ad
1672 2266 1777 2303 finem,
1802 2268 1909 2308 ipsum
1931 2267 2043 2305 finem,
2068 2269 2107 2298 ad
2130 2269 2316 2300 volitionem
2338 2269 2480 2309 pertinet.

1430 2311 1522 2341 Unde
1538 2318 1683 2351 appetere
1699 2311 1888 2342 medicinam
1907 2319 2035 2352 propter
2051 2313 2223 2348 sanitatem,
2241 2312 2400 2343 electionis
2419 2319 2480 2343 est:

1430 2361 1574 2395 appetere
1599 2361 1704 2385 autern
1723 2355 1755 2385 in
1775 2355 1878 2386 oblata
1893 2356 2047 2386 medicina
2070 2356 2243 2393 sanitatem,
2261 2356 2410 2397 simplicis
2426 2367 2482 2387 vo-

1429 2399 1547 2429 litionis
1570 2406 1625 2430 est.
1641 2399 1763 2430 Accidit
1786 2407 1891 2430 autem
1914 2399 1964 2430 hic
1988 2407 2074 2431 actus
2097 2400 2274 2436 volitionis,
2298 2401 2426 2441 quando
2449 2401 2482 2430 in

1430 2453 1468 2474 eo
1493 2443 1580 2484 quod
1604 2449 1650 2474 est
1672 2444 1711 2474 ad
1734 2442 1839 2480 finem,
1861 2444 1939 2474 clare
1962 2444 2102 2475 relucens
2126 2444 2318 2475 desideratus
2340 2444 2411 2475 finis
2434 2444 2481 2474 of-

1429 2487 1534 2519 fertur.

1482 2532 1523 2562 Et
1546 2542 1582 2562 ex
1605 2532 1666 2563 hoc
1690 2539 1775 2572 patet
1797 2532 1960 2573 responsio
1984 2533 2022 2563 ad
2046 2533 2150 2564 dubia.
2175 2533 2256 2563 Nam
2281 2533 2319 2564 ad
2343 2534 2482 2574 primum

1430 2575 1542 2606 dicitur
1569 2576 1658 2616 quod
1680 2583 1761 2606 recte
1789 2584 1919 2616 negatur
1942 2587 1958 2606 a
1980 2570 2132 2607 volitiofie
2158 2577 2245 2618 quod
2273 2577 2312 2608 sit
2339 2578 2417 2608 circa
2447 2587 2483 2608 ea

1430 2629 1510 2660 quae
1533 2627 1606 2651 sunt
1629 2620 1668 2649 ad
1690 2619 1803 2650 finem:
1828 2620 1903 2660 quia
1926 2630 1990 2651 non
2007 2620 2103 2651 fertur
2125 2621 2158 2651 in
2182 2631 2217 2652 ea
2241 2631 2278 2651 eo
2294 2621 2392 2652 modo
2416 2631 2481 2662 quo

1430 2670 1504 2693 sunt
1526 2664 1565 2694 ad
1588 2663 1693 2699 finem,
1711 2664 1765 2694 sed
1781 2663 1970 2704 simpliciter,
1986 2671 2022 2694 ut
2040 2671 2086 2695 est
2106 2665 2234 2696 dictum.
2251 2665 2343 2695 Unde
2365 2675 2482 2705 propo-

1430 2707 1501 2737 sitio
1525 2707 1578 2737 illa
1601 2707 1712 2746 maior,
1726 2708 1824 2738 Actus
1847 2709 1901 2748 qui
1913 2708 2030 2749 fertur
2044 2709 2216 2739 secundum
2238 2718 2360 2739 omnem
2385 2710 2482 2739 ratio-

1430 2761 1500 2781 nem
1524 2757 1592 2787 etc.,
1615 2758 1687 2791 eget
1710 2751 1877 2788 additione,
1902 2751 2027 2788 scilicet,
2052 2758 2083 2782 et
2104 2753 2191 2782 omni
2212 2752 2303 2783 modo
2324 2762 2386 2793 quo
2408 2758 2483 2784 sunt

1429 2795 1619 2835 appetibilia.
1643 2795 1685 2825 Et
1706 2801 1781 2825 tunc
1805 2795 1881 2825 falsa
1905 2802 1950 2826 est
1972 2795 2085 2826 minor.

1472 2838 1524 2869 Ad
1546 2839 1722 2869 secundum
1737 2848 1811 2869 vero
1835 2839 1898 2869 iam
1921 2839 2097 2870 inchoative
2112 2845 2197 2879 patet
2211 2840 2384 2880 responsio.
2406 2843 2482 2870 Am-

1429 2882 1512 2922 plius
1535 2886 1641 2913 autem
1664 2883 1790 2922 patebit,
1810 2893 1884 2913 cum
1907 2884 1945 2913 de
1969 2883 2118 2914 electione
2141 2883 2319 2914 tractabitur
2341 2884 2367 2915 *.

1119 3035 1433 3077 ARTICULUS
1461 3036 1687 3096 TERTIUS

431 3119 587 3150 UTRUM
609 3118 842 3150 VOLUNTAS
865 3118 1016 3149 EODEM
1039 3118 1159 3149 Acru
1182 3118 1427 3150 MovssATua
1451 3119 1493 3150 IN
1517 3119 1658 3156 FINEM,
1683 3121 1741 3150 ET
1766 3121 1808 3151 IN
1832 3121 1873 3151 ID
1898 3120 2020 3158 Quon
2044 3121 2123 3152 EST
2147 3122 2205 3152 AD
2230 3121 2362 3152 FINEM

1029 3187 1102 3218 Infra,
1122 3196 1167 3220 qu.
1181 3195 1229 3218 x11,
1249 3193 1295 3213 art.
1309 3195 1339 3222 43
1360 3188 1401 3213 De
1423 3188 1512 3218 Verit„
1532 3197 1577 3221 qu.
1595 3196 1653 3218 xxn,
1673 3194 1719 3214 art.
1742 3196 1781 3220 14.

348 3282 414 3321 ,us-:⁵
438 3286 506 3359 {33
530 3279 552 3304 n
580 3277 820 3356 Ξειιτιυιιῒὲιε
838 3277 1075 3356 pilzocpmrpa.
1094 3265 1375 3356 tYlirdeizltlurfiqteigd

368 3327 373 3336 '
463 3329 471 3334 ’
506 3331 576 3356 eo
607 3331 669 3356 em
698 3331 742 3356 ac
810 3332 861 3356 vo
876 3331 929 3356 un
945 3332 985 3356 as
1029 3331 1092 3355 era

370 3360 375 3370 ¹
473 3377 480 3383 ‘
532 3380 568 3409 et
594 3372 633 3408 in
660 3371 700 3409 id
732 3373 837 3420 quod
867 3379 922 3409 est
949 3372 996 3409 ad
1033 3372 1163 3408 finem.
1192 3371 1291 3418 Quia
1319 3348 1375 3408 se3

532 3425 700 3462 cundum
729 3425 1006 3474 Philosophum
1025 3425 1065 3472 *,
1095 3425 1157 3461 ubi
1179 3430 1233 3460 est
1259 3437 1375 3462 unum

314 3482 472 3527 propter
498 3478 671 3523 alterum,
687 3477 739 3514 ibi
756 3483 810 3514 est
827 3490 943 3515 unum
962 3483 1118 3514 tantum.
1140 3477 1217 3514 Sed
1239 3478 1380 3514 volun--

319 3537 376 3567 tas
404 3541 483 3566 non
509 3531 592 3567 vult
620 3530 658 3568 id
682 3531 788 3578 quod
817 3538 872 3567 est
899 3531 948 3567 ad
971 3531 1101 3576 finem,
1122 3530 1191 3566 nisi
1221 3538 1376 3579 propter

320 3583 451 3620 finem.
474 3583 575 3631 Ergo
606 3583 743 3620 eodem
773 3590 858 3620 actu
886 3591 1066 3620 movetur
1092 3583 1130 3619 in
1158 3590 1373 3632 utrumque.

1485 3278 1519 3303 2.
1540 3268 1780 3314 PRAETEREA,
1810 3267 1896 3304 finis
1925 3274 1980 3304 est
2007 3268 2100 3304 ratio
2129 3268 2283 3305 volendi
2312 3281 2357 3305 ea
2385 3281 2482 3318 quae

1430 3327 1515 3356 sunt
1543 3320 1591 3357 ad
1618 3320 1749 3367 finem,
1769 3319 1864 3357 sicut
1881 3321 2012 3356 lumen
2041 3327 2096 3357 est
2114 3321 2207 3357 ratio
2235 3321 2391 3358 visionis
2421 3334 2482 3358 co—

1430 3372 1566 3408 lorum.
1589 3372 1664 3409 Sed
1694 3373 1831 3410 eodem
1859 3380 1945 3410 actu
1971 3373 2122 3410 videtur
2143 3374 2274 3410 lumen
2303 3381 2338 3411 et
2367 3375 2482 3412 color.

1430 3426 1532 3472 Ergo
1560 3425 1662 3462 idem
1684 3433 1740 3462 est
1767 3433 1894 3462 motus
1911 3426 2114 3463 voluntatis
2146 3439 2224 3474 quo
2243 3427 2323 3463 vult
2350 3427 2481 3475 finem,

1431 3485 1467 3514 et
1495 3490 1540 3514 ea
1568 3490 1666 3525 quae
1694 3485 1782 3515 sunt
1809 3477 1857 3515 ad
1883 3478 2013 3515 finem.

1485 3531 1518 3567 3.
1540 3531 1771 3577 ΡκΑΕτΕιὶΕΑ,
1788 3531 1890 3567 idem
1909 3543 2068 3567 numero
2090 3538 2216 3567 motus
2236 3531 2414 3568 naturalis
2429 3539 2485 3569 est

1430 3583 1494 3630 qui
1509 3595 1578 3631 per
1592 3583 1718 3620 media
1733 3583 1850 3621 tendit
1863 3583 1911 3620 ad
1926 3584 2111 3621 ultimum.
2134 3584 2211 3621 Sed
2227 3596 2270 3620 ea
2285 3596 2383 3632 quae
2399 3592 2485 3621 sunt

2507 2886 2516 2895 ·
2532 2885 2579 2913 Qu.
2593 2891 2646 2907 xm.
