2846 4146
87 582 99 593 η.
118 581 153 603 Cf·
173 581 220 603 11--
238 581 296 607 nn,

89 622 127 643 qu·
142 622 158 642 ¹,
177 619 219 637 m·
233 622 256 643 4ι
270 622 296 644 5;

88 657 127 678 qu.
142 656 172 678 lv,
187 654 229 672 art.
242 657 259 673 ι.

77 1305 169 1334 ’,νει
184 1314 218 1330 ιο.

77 1587 118 1605 *un
141 1590 181 1607 ,ῃ
205 1586 249 1606 ..n

74 1862 118 1880 ,Μ
133 1863 194 1883 rinm
220 1866 255 1886 :32
275 1859 281 1867 *⁹

62 2219 76 2231 ⁸
89 2217 157 2241 Vers-
171 2219 194 2241 8.

980 289 1244 336 QUAESTIO
1274 293 1428 341 LXVII,
1457 296 1751 334 ARTICULUS
1779 299 1829 334 Vl

328 361 461 393 Constat
483 363 566 393 enim
590 374 626 394 ex
649 373 835 404 argumento
859 369 947 408 quod
976 368 1013 398 de
1036 369 1156 401 lumine
1179 371 1251 402 fidei
1275 380 1305 403 et
1328 374 1378 403 lu-

326 405 411 436 mine
433 407 550 446 gloriae
571 407 721 448 loquitur.
742 409 784 440 Et
806 410 881 441 haec
905 419 989 448 nota,
1010 421 1138 453 propter
1165 415 1378 447 difficultatem

325 448 421 522 {llam‚
439 460 479 480 an
502 450 541 481 sit
563 450 595 480 in
611 452 744 482 essentia
766 454 889 485 animae
902 456 1012 486 lumen
1027 457 1155 497 gloriae,
1172 468 1212 489 an
1235 460 1267 490 in
1287 460 1377 491 intel-

338 499 418 523 ectu.

383 536 435 566 VI.
457 537 492 567 In
521 539 725 578 responsione
755 541 795 570 ad
818 542 946 572 tertium
969 543 1110 574 eiusdem
1139 545 1276 582 articuli,
1302 554 1376 578 nota

325 579 560 629 diligentissime
575 583 663 622 quod
680 583 881 624 ubicumque,
898 593 963 616 tam
981 587 1032 617 hic
1048 598 1144 628 quarn
1161 589 1234 619 alibi
1249 589 1276 625 θ,
1294 590 1377 622 inve-

324 632 390 653 nies
415 624 503 664 quod
531 625 689 656 obiectum
718 626 791 657 fidei
817 635 863 659 est
892 630 1091 667 non-visum,
1120 632 1170 662 vel
1198 643 1375 674 non-appa-

324 675 404 703 rens,
421 674 495 704 etc.;
518 668 701 708 intelligitur
724 681 789 701 non
814 672 851 702 de
875 673 999 704 obiecto
1023 684 1059 704 ex
1082 682 1168 714 parte
1192 677 1244 712 rei,
1261 678 1315 707 sed
1339 688 1375 708 ex

323 716 411 749 parte
434 712 541 742 nostri.
567 713 611 743 Ita
635 714 725 754 quod¹
747 717 925 746 non-visum
952 727 1018 748 non
1041 725 1087 749 est
1109 719 1188 749 ratio
1213 720 1372 757 formalis,

322 763 380 784 nec
403 755 542 786 conditio
558 756 670 788 obiecti
689 757 771 794 fidei,
788 769 824 789 ex
839 767 927 799 parte
950 761 1077 798 obiecti;
1099 763 1153 792 sed
1173 764 1326 795 redundat
1340 765 1372 795 in

2406 302 2483 348 445

1433 374 1594 405 obiectum
1613 385 1649 405 ex
1671 383 1757 415 parte
1773 377 1934 413 credentis,
1952 383 1982 407 et
2004 378 2186 409 denominat
2201 379 2360 411 obiectum
2384 379 2486 409 deno-

1433 418 1605 448 minatione
1630 426 1780 455 extranea,
1798 427 1924 459 sumpta
1939 430 1976 450 ex
2000 422 2180 452 conditione
2197 423 2364 453 credentis:
2386 423 2450 452 iam
2466 422 2483 442 *

1432 462 1518 492 enim
1540 462 1661 493 dictum
1683 470 1730 494 est
1752 463 1840 503 quod
1862 463 2057 503 imperfectio
2085 464 2158 495 fidei
2182 472 2228 496 est
2251 476 2286 496 ex
2310 473 2395 505 parte
2411 466 2484 496 sub-

1429 505 1511 541 iecti,
1526 512 1557 536 et
1581 516 1647 536 non
1673 506 1797 537 obiecti.
1814 506 1917 537 Immo
1940 517 1978 537 ex
1999 514 2085 546 parte
2108 509 2221 539 obiecti
2244 509 2362 539 excellit
2384 509 2482 539 scien-

1430 548 1516 585 tiam,
1538 556 1574 580 ut
1595 549 1627 579 in
1650 557 1707 580 art.
1727 551 1754 586 3,
1779 550 1811 579 in
1834 560 1914 590 resp.
1939 551 1978 580 ad
2007 561 2031 583 1.
2054 551 2155 581 littera
2178 552 2267 582 dicit:
2292 552 2366 592 quia
2388 553 2482 582 habet

1429 602 1487 631 pro
1519 593 1642 623 obiecto
1666 594 1787 629 Deum,
1811 593 1891 624 sicut
1920 600 2036 624 ceterae
2059 594 2188 625 virtutes
2211 595 2416 635 theologicae.
2441 596 2482 626 Et

1428 643 1593 675 propterea
1605 637 1733 677 quando
1747 637 1886 667 invenies
1898 637 2058 667 obiectum
2070 637 2142 668 fidei
2155 638 2215 668 dici
2227 638 2478 678 imperfectum*‚

1428 687 1589 710 memento
1613 680 1786 720 praedictae
1814 680 2034 717 distinctionis,
2059 688 2090 711 et
2112 681 2216 720 glossa
2239 682 2277 711 de
2301 682 2424 712 obiecto
2444 692 2480 712 ex

1428 766 1538 802 dentis,
1564 777 1630 797 non
1655 768 1830 797 secundum
1853 776 1901 803 se;
1925 774 1955 798 et
1978 778 2043 798 non
2068 768 2192 799 errabis.

1430 852 1534 859 mm

1129 914 1444 963 ARTICULUS
1473 923 1679 964 SEXTUS

699 1008 854 1040 UTRUM
877 1010 1116 1042 REMANEAT
1141 1011 1324 1043 CARITAS
1347 1013 1456 1044 POST
1479 1014 1599 1045 HANG
1624 1015 1762 1045 VITAM
1786 1016 1828 1046 IN
1852 1015 2013 1046 GLORIA

554 1085 585 1110 ΙΙΙ
604 1086 685 1116 Sent„
705 1087 762 1112 dist.
781 1096 846 1119 xxxi,
866 1095 909 1120 qu.
928 1096 955 1119 n,
975 1094 1021 1114 art.
1042 1096 1055 1113 2
1062 1096 1069 1119 ;
1090 1090 1131 1114 De
1155 1090 1243 1119 Verit„
1263 1098 1308 1123 qu.
1325 1099 1401 1121 xxvu,
1421 1097 1467 1116 art.
1484 1091 1506 1121 5,
1526 1092 1557 1116 ad
1576 1091 1604 1122 ὃς
1625 1093 1666 1117 De
1687 1093 1792 1121 Vir-tut„
1812 1101 1856 1125 qu.
1874 1101 1907 1123 ιν,
1927 1099 1973 1118 art.
1991 1101 2021 1124 4,
2041 1094 2072 1118 ad
2091 1101 2115 1126 7,
2138 1093 2177 1124 13,
2200 1101 2244 1125 ¹43

1209 1125 1218 1149 1
1240 1126 1308 1154 Cor„
1328 1133 1383 1158 cap.
1401 1132 1454 1158 xm,
1474 1127 1531 1151 lect.
1548 1133 1585 1151 111.

526 1223 549 1247 D
578 1223 718 1248 SEXTUM
738 1223 791 1247 sm
819 1222 1057 1248 PROCEDITUR.
1079 1212 1239 1250 Videtur
1265 1213 1368 1261 quod

499 1263 660 1299 caritas
694 1276 773 1300 non
809 1272 963 1300 maneat
998 1272 1085 1312 post
1116 1266 1215 1301 hanc
1248 1266 1366 1302 vitam

349 1221 413 1264 ³525}
430 1225 448 1253 s

342 1252 388 1304 ³5³³.

372 1379 382 1390 ⁸
509 1379 611 1406 cum
638 1369 783 1405 venerit
814 1369 915 1415 quod
942 1371 1152 1417 perfectum
1180 1376 1250 1415 est,
1282 1382 1367 1406 eva-

257 1468 261 1469 ?
313 1418 604 1468 agamur-quod
620 1431 670 1457 ex
690 1426 805 1468 parte.
820 1426 882 1466 est,
901 1420 998 1457 idest
1021 1423 1126 1469 quod
1152 1429 1207 1458 est
1229 1422 1366 1470 imper-

312 1471 465 1509 fectum.
482 1472 560 1509 Sed
575 1472 707 1508 caritas
725 1472 811 1508 viae
831 1479 886 1508 est
904 1472 1137 1520 imperfecta.
1154 1474 1256 1521 Ergo
1278 1486 1364 1511 eva-

312 1523 495 1571 euabitur,
524 1524 747 1561 adveniente
775 1525 1006 1573 perfectione
1033 1525 1185 1572 gloriae.

344 1583 405 1614 *25
420 1577 653 1623 PRAETEREA,
668 1576 817 1614 habitus
837 1584 873 1613 et
892 1585 996 1614 actus
1016 1577 1291 1625 distinguuntur
1310 1590 1364 1614 se-

308 1620 478 1669 ffimdum
498 1629 656 1667 obiecta.
676 1630 753 1667 Sed
772 1629 963 1667 obiectum
984 1629 1124 1667 amoris
1145 1638 1200 1667 est
1218 1631 1364 1676 bonum

309 1682 602 1730 apprehensum.
620 1682 720 1719 Cum
740 1694 829 1730 ergo
849 1683 918 1719 alia
933 1682 977 1719 sit
991 1683 1242 1731 apprehensio
1257 1696 1364 1731 prae-

257 1738 261 1742 ”
307 1734 422 1774 sentis
441 1734 553 1781 vitae,
575 1742 611 1773 et
628 1734 700 1772 alia
724 1735 976 1783 apprehensio
1000 1735 1146 1772 futurae
1164 1735 1282 1781 vitae3
1308 1736 1363 1774 vi-

307 1786 417 1827 detur
443 1788 548 1835 quod
571 1799 650 1826 non
668 1795 821 1824 maneat
839 1788 975 1825 eadem
997 1788 1129 1826 caritas
1147 1789 1362 1837 utrobique.

342 1841 396 1879 3..
416 1840 648 1886 PRAETERE‘A,
678 1852 812 1879 eorum
836 1853 934 1888 quae
954 1849 1041 1878 sunt
1064 1841 1361 1889 uniusrationis,

304 1891 568 1941 imperfectum
595 1899 721 1942 potest
737 1893 870 1931 venire
890 1894 938 1930 ad
958 1893 1222 1942 aequalitatem
1240 1896 1361 1943 perfe-

305 1944 456 1992 ctionis,
483 1957 552 1994 per
584 1945 806 1983 continuum
834 1954 1093 1994 augmentum.
1119 1947 1197 1984 Sed
1230 1948 1362 1985 caritas

302 1998 390 2037 viae
416 2010 615 2046 nunquam
642 2005 766 2047 potest
792 1999 992 2047 pervenire
1018 2001 1066 2037 ad
1094 2000 1359 2047 aequalitatem

304 2050 465 2089 caritatis
492 2050 647 2099 patriae,
666 2058 1022 2100 quantumcumque
1045 2060 1237 2100 augeatur.
1258 2054 1360 2101 Ergo

301 2103 453 2142 videtur
481 2103 586 2152 quod
605 2104 737 2141 caritas
755 2103 842 2140 viae
861 2116 939 2141 non
959 2113 1153 2142 remaneat
1171 2105 1208 2142 in
1227 2106 1358 2153 patria.

352 2157 432 2195 ‚SED
464 2168 610 2194 CONTRA
649 2168 715 2194 EST
753 2156 858 2205 quod
884 2158 1092 2205 Apostolus
1127 2158 1233 2205 dicit,
1265 2160 1278 2195 Ι
1310 2160 1362 2196 ad

306 2210 394 2247 Cor.
410 2221 474 2246 *xm
492 2209 531 2246 *ε
565 2209 713 2247 Caritas
740 2221 932 2258 nunquam
961 2210 1107 2247 excidit.

355 2263 580 2299 Respounsso
599 2273 783 2299 DICENDUM
802 2262 918 2310 quod,
939 2262 1035 2299 sicut
1053 2275 1166 2311 supra
1179 2263 1199 2285 ’¹‘
1218 2263 1359 2300 dictum

302 2322 374 2361 est,
403 2315 557 2363 quando
585 2314 818 2363 imperfectio
853 2315 1010 2351 alicuius
1038 2315 1092 2352 rei
1119 2328 1198 2352 non
1227 2324 1282 2353 est
1311 2317 1358 2353 de

300 2367 445 2405 ratione
464 2366 604 2415 speciei
622 2367 751 2415 ipsius,
767 2366 859 2404 nihil
877 2367 1054 2415 prohibet
1071 2368 1175 2405 idem
1195 2381 1357 2406 numero

301 2421 409 2468 quod·
433 2420 535 2468 prius
567 2419 635 2456 fuit
664 2420 947 2468 imperfectum,
980 2427 1114 2469 postea
1144 2421 1355 2469 perfectum

1421 1227 1524 1250 esse:
1559 1214 1654 1251 sicut
1685 1216 1803 1252 homo
1832 1229 1901 1264 per
1929 1224 2173 1263 augmentum
2205 1218 2411 1266 perficitur,
2443 1225 2479 1254 et

1421 1267 1557 1303 albedo
1586 1280 1654 1316 per
1678 1268 1943 1305 intensionem.
1966 1268 2109 1305 Caritas
2129 1276 2256 1305 autem
2277 1277 2331 1306 est
2350 1283 2475 1316 amor3

1422 1319 1468 1355 de
1498 1319 1602 1356 cuius
1632 1320 1774 1357 ratione
1804 1333 1882 1357 non
1910 1329 1966 1357 est
1993 1321 2118 1368 aliqua
2137 1321 2388 1369 imperfectio:
2409 1335 2478 1370 po-

1420 1378 1491 1407 test
1519 1372 1620 1408 enirn
1650 1384 1731 1409 esse
1761 1380 1796 1409 et
1823 1373 1940 1410 habiti
1968 1381 2003 1409 et
2031 1385 2109 1409 non
2136 1374 2265 1420 habiti,
2296 1381 2332 1410 et
2349 1375 2421 1411 visi
2441 1382 2477 1411 et

1419 1435 1498 1460 non
1525 1424 1608 1460 visi.
1638 1425 1749 1461 Unde
1774 1425 1906 1462 caritas
1927 1438 2006 1462 non
2025 1433 2230 1462 evacuatur
2247 1438 2317 1474 per
2334 1427 2475 1474 gloriae

1419 1476 1702 1523 perfectionem,
1724 1478 1791 1514 sed
1821 1478 1955 1514 eadem
1983 1490 2144 1514 numero
2174 1485 2314 1515 manet.

1470 1529 1529 1564 An
1550 1540 1686 1565 Palmum
1705 1541 1803 1565 ERGO
1822 1541 2006 1567 DicENDUM
2035 1530 2139 1578 quod
2162 1530 2394 1579 imperfectio
2415 1543 2474 1568 ca-

1419 1579 1533 1616 ritatis
1553 1593 1621 1628 per
1649 1581 1823 1617 accidens
1843 1594 1882 1617 se
1909 1583 2024 1618 habet
2049 1582 2097 1619 ad
2117 1582 2259 1630 ipsam:
2289 1583 2376 1631 quia
2396 1596 2474 1620 non

1419 1639 1474 1668 est
1502 1633 1550 1669 de
1569 1633 1712 1669 ratione
1732 1633 1873 1670 amoris
1893 1634 2139 1682 imperfectio.
2160 1636 2324 1671 Remoto
2345 1643 2473 1672 autem

1418 1696 1464 1720 eo
1493 1686 1598 1733 quod
1627 1694 1682 1722 est
1708 1698 1777 1734 per
1804 1686 1996 1732 accidens,
2030 1687 2272 1723 nihilominus
2305 1695 2475 1724 remanet

1417 1738 1622 1774 substantia
1647 1738 1710 1775 rei.
1731 1739 1852 1784 Unde,
1875 1745 2058 1774 evacuata
2075 1738 2360 1786 imperfectione
2381 1740 2472 1776 cari-

1415 1790 1510 1837 tatis,
1540 1803 1619 1828 non
1648 1799 1853 1828 evacuatur
1881 1791 1961 1839 ipsa
1990 1791 2136 1827 caritas.

1467 1845 1526 1880 AD
1546 1855 1735 1881 SECUNDUM
1762 1855 1946 1880 mcENDUM
1974 1844 2076 1892 quod
2106 1843 2238 1879 caritas
2262 1855 2341 1880 non
2359 1843 2474 1880 habet

1391 1893 1393 1895 ’
1414 1908 1483 1943 pro
1500 1896 1648 1932 obiecto
1663 1896 1786 1944 ipsam
1802 1895 2071 1943 cognitionem:
2094 1895 2147 1932 sic
2166 1895 2267 1932 enim
2281 1908 2359 1932 non
2375 1902 2473 1932 esset

1415 1948 1550 1985 eadem
1578 1948 1617 1985 in
1644 1949 1707 1985 via
1735 1956 1771 1985 et
1797 1948 1836 1985 in
1863 1948 1994 1996 patria.
2024 1949 2101 1985 Sed
2128 1948 2243 1984 habet
2268 1960 2338 1996 pro
2368 1948 2470 1985 obie-

1415 2009 1474 2038 cto
1499 2002 1621 2050 ipsam
1642 2013 1723 2038 rem
1748 2001 1949 2048 cognitam,
1969 2013 2068 2049 quae
2088 2008 2144 2037 est
2163 2001 2311 2048 eadem,
2332 2001 2471 2038 scilicet

1413 2054 1539 2102 ipsum
1567 2055 1705 2090 Deum.

1465 2109 1524 2143 An
1556 2118 1715 2144 TERT1UM
1751 2118 1936 2143 D1CENDUM
1971 2105 2078 2153 quod
2115 2106 2247 2142 caritas
2279 2106 2365 2143 viae
2401 2119 2470 2155 per

1413 2167 1660 2207 augmentum
1695 2171 1773 2195 non
1806 2166 1931 2207 potest
1960 2159 2159 2206 pervenire
2187 2159 2237 2195 ad
2268 2159 2470 2208 aequalita-

1412 2221 1489 2249 tem
1517 2212 1676 2249 caritatis
1703 2211 1846 2260 patriae
1864 2211 1896 2257 ²⁸,
1919 2218 2074 2259 propter
2101 2211 2351 2248 differentiam
2372 2224 2469 2260 quae

1413 2273 1467 2302 est
1487 2277 1531 2301 ex
1549 2272 1654 2313 parte
1675 2276 1827 2300 causae:
1851 2263 1948 2301 visio
1973 2263 2073 2300 enim
2095 2271 2150 2300 est
2172 2265 2361 2311 quaedam
2382 2269 2469 2300 cau-

1411 2330 1452 2354 sa
1480 2317 1633 2363 amoris,
1661 2324 1703 2353 ut
1732 2316 1865 2352 dicitur
1891 2316 1930 2352 in
1958 2317 2011 2352 IX
2037 2317 2156 2352 Ethic.
2172 2316 2192 2337 '¹‘
2216 2317 2321 2352 Deus
2341 2324 2467 2352 autem

1411 2377 1552 2418 quanto
1591 2369 1791 2417 perfectius
1828 2367 2087 2415 cognoscitur,
2125 2375 2228 2404 tanto
2269 2368 2468 2417 perfectius

1410 2429 1569 2459 amatur.

973 2516 1304 2550 Commenta-ia
1326 2516 1576 2550 cardinalis
1599 2517 1798 2550 Caietani

330 2610 351 2636 u
374 2603 506 2637 articulo
529 2611 615 2635 sexto
643 2604 785 2636 eiusdem
817 2604 1176 2644 sexagesimaeseptimae
1199 2603 1355 2644 quaestio-

328 2647 389 2686 nis,
406 2648 440 2678 in
457 2649 663 2688 responsione
686 2649 726 2678 ad
748 2649 934 2684 secundum,
951 2655 1027 2678 nota
1047 2648 1136 2688 quod
1158 2647 1202 2678 ibi
1225 2654 1356 2687 negatur

301 2692 434 2724 caritatis
463 2692 623 2723 obiectum
651 2701 717 2722 esse
746 2692 852 2722 Deum
884 2692 1063 2732 cognitum,
1091 2699 1121 2722 et
1148 2691 1261 2722 dicitur
1288 2702 1356 2722 esse

300 2737 407 2777 ipsum
429 2737 536 2767 Deum
554 2736 715 2774 absolute;
740 2745 805 2766 non
821 2736 909 2776 quod
931 2735 1032 2775 possit
1051 2735 1136 2775 diligi
1160 2746 1226 2766 non
1249 2736 1355 2775 cogni-

301 2787 368 2816 tus3
394 2780 448 2810 sed
471 2779 547 2821 quia
565 2779 704 2819 cognitio
727 2786 812 2810 tenet
831 2790 872 2815 se,
888 2787 1030 2819 respectu
1046 2779 1136 2810 istius
1158 2779 1283 2810 habitus
1300 2779 1355 2820 qui

301 2831 347 2855 est
369 2823 488 2860 caritas,
505 2833 570 2853 non
594 2833 631 2853 ex
653 2830 740 2864 parte
762 2822 886 2859 obiecti,
904 2823 958 2853 sed
981 2823 1122 2854 subiecti.
1147 2823 1179 2854 Si
1203 2823 1288 2853 enim
1311 2830 1355 2854 te-

300 2871 389 2899 neret
409 2876 443 2898 se
465 2877 502 2899 ex
519 2873 611 2907 -parte
627 2866 749 2903 obiecti,
768 2875 842 2897 cum
865 2866 990 2897 alterius
1006 2867 1135 2898 rationis
1159 2867 1198 2897 sit
1216 2866 1354 2907 cognitio

299 2910 369 2942 viae
390 2918 424 2941 et
445 2911 572 2951 patriae,
601 2910 710 2941 caritas
733 2917 813 2941 esset
836 2910 961 2941 alterius
985 2910 1108 2950 speciei.
1133 2911 1174 2941 Et
1202 2911 1355 2951 quoniam

299 2955 484 2995 imperfecta
506 2955 557 2984 vel
578 2953 714 2994 perfecta
738 2955 877 2994 cognitio
897 2962 1005 2985 tenens
1027 2964 1061 2984 se
1084 2964 1121 2984 ex
1143 2961 1230 2994 parte
1253 2954 1355 2985 subie-

301 2999 355 3035 cti,
375 3008 432 3039 per
453 2997 596 3030 accidens
619 3008 653 3028 se
675 2998 769 3029 habet
791 2998 831 3028 ad
854 2998 1029 3034 caritatem
1053 2998 1125 3028 ideo
1149 2998 1258 3028 caritas
1281 3008 1355 3028 cum

300 3049 434 3083 utraque
456 3049 527 3078 stat,
549 3049 579 3072 et
602 3052 639 3073 ex
657 3042 797 3072 neutrius
817 3041 939 3072 defectu
959 3048 1136 3072 evacuatur.
1152 3042 1227 3071 Non
1243 3041 1286 3071 sic
1302 3052 1356 3072 au—

299 3093 365 3122 tem
388 3093 434 3117 est
456 3085 495 3116 de
517 3085 756 3126 imperfectione
772 3095 808 3116 ex
823 3092 909 3125 parte
925 3085 1065 3121 subiecti,
1082 3092 1224 3124 respectu
1238 3085 1310 3115 fidei
1327 3093 1358 3116 et

265 3152 271 3158 .
300 3129 381 3170 spei:
406 3129 559 3170 quoniam
574 3138 629 3169 per
644 3140 677 3159 se
700 3130 739 3159 ad
753 3129 821 3159 illas
844 3129 986 3169 pertinet,
1003 3135 1039 3159 ut
1061 3135 1146 3168 patet
1165 3138 1201 3158 ex
1225 3128 1312 3159 dictis
1327 3128 1354 3159 *.

354 3174 390 3204 11.
412 3174 446 3203 ln
463 3173 604 3204 eiusdem
623 3173 743 3204 articuli
757 3172 964 3213 responsione
978 3173 1018 3202 ad
1033 3172 1170 3208 tertium,
1187 3179 1263 3202 nota
1279 3173 1355 3203 duo.

300 3217 424 3254 Primo,
454 3218 543 3258 quod
570 3217 679 3247 caritas
705 3217 774 3247 viae
802 3226 968 3256 nunquam
997 3222 1101 3256 potest
1127 3216 1288 3255 pervenire
1317 3217 1356 3246 ad

301 3261 521 3303 aequalitatem
554 3261 688 3292 caritatis
717 3260 844 3301 patriae.
878 3261 918 3291 Et
947 3265 1174 3300 consequenter
1201 3259 1357 3290 maximus

1407 2603 1510 2634 viator
1532 2614 1698 2644 nunquam
1721 2605 1754 2634 in
1777 2604 1835 2634 hac
1857 2604 1920 2634 vita
1935 2604 2028 2635 habet
2043 2604 2202 2634 caritatem
2226 2605 2390 2644 aequalem
2406 2605 2466 2635 mi-

1408 2647 1496 2678 nimo
1520 2648 1701 2684 beatorum;
1726 2658 1824 2688 quem
1845 2654 1951 2679 tamen
1974 2648 2007 2678 in
2029 2647 2131 2688 patria
2146 2648 2272 2678 excedet
2293 2648 2327 2678 in
2342 2649 2466 2679 caritate

1408 2692 1557 2722 multum.

1461 2736 1619 2772 Secundo,
1644 2736 1731 2776 quod
1755 2746 1848 2766 causa
1870 2735 1965 2766 huius
1989 2741 2036 2765 est
2053 2735 2128 2776 quia
2150 2735 2229 2765 visio
2251 2742 2296 2765 est
2310 2736 2466 2776 quaedam

1409 2790 1502 2810 causa
1525 2779 1653 2810 amoris.
1677 2780 1718 2810 Et
1740 2779 1821 2809 hanc
1851 2789 1977 2810 causam
2000 2785 2034 2809 tu
2058 2778 2246 2818 ponderabis
2277 2779 2310 2808 in
2334 2779 2370 2809 ΙΙ·
2397 2779 2464 2816 ῙΙ“·,

1408 2834 1462 2864 qu.
1479 2833 1559 2859 xxiv,
1576 2830 1631 2854 art.
1656 2834 1675 2864 7
1691 2822 1718 2853 θ.
1744 2823 1836 2853 Nunc
1859 2829 1965 2854 autem
1988 2822 2160 2863 praelibato
2191 2823 2279 2862 quod
2309 2823 2465 2862 quantitas

1409 2866 1541 2898 caritatis
1565 2874 1611 2897 est
1634 2867 1764 2906 duplex,
1789 2866 1905 2897 scilicet
1927 2876 1964 2896 ex
1986 2873 2072 2906 parte
2103 2865 2233 2896 subiecti
2264 2872 2294 2896 et
2317 2876 2355 2896 ex
2377 2873 2464 2906 parte

1409 2911 1539 2947 obiecti,
1565 2917 1595 2940 et
1618 2916 1691 2941 sunt
1714 2910 1839 2941 alterius
1861 2910 1990 2940 rationis
2013 2910 2052 2940 ad
2080 2909 2229 2940 invicem:
2254 2916 2284 2940 et
2306 2909 2359 2940 illa
2383 2920 2464 2950 quae

1409 2955 1546 2985 nascitur
1569 2958 1605 2984 ex
1632 2954 1770 2990 visione,
1795 2964 1832 2984 ex
1859 2961 1946 2994 parte
1968 2953 2098 2984 subiecti
2129 2963 2161 2983 se
2191 2959 2289 2989 tenet;
2312 2954 2366 2983 illa
2388 2964 2463 2984 vero

1409 3008 1490 3039 quae
1505 3008 1542 3028 ex
1557 3005 1668 3028 natura
1684 2998 1806 3034 obiecti,
1823 3008 1860 3028 ex
1882 3004 1970 3037 parte
1993 2997 2091 3037 ipsius
2115 2996 2229 3026 obiecti
2252 3007 2284 3026 se
2308 3003 2401 3028 tenet.
2423 2997 2464 3028 Et

1409 3042 1481 3072 hinc
1505 3042 1650 3082 provenit
1673 3042 1776 3082 quod,
1801 3048 2094 3082 quantumcumque
2118 3047 2234 3070 crescat
2265 3040 2315 3070 hic
2339 3041 2462 3078 caritas,

1409 3095 1574 3125 nunquam
1599 3085 1656 3115 erit
1677 3084 1815 3125 aequalis
1838 3085 1900 3121 illi,
1925 3091 2060 3125 quantae
2092 3084 2214 3114 duabus
2238 3084 2464 3124 quantitatibus

1409 3129 1601 3159 diversarum
1624 3128 1799 3158 rationum:
1825 3128 1904 3158 sicut
1919 3134 2213 3168 quantumcumque
2237 3134 2353 3158 crescat
2371 3128 2462 3164 linea,

1410 3182 1574 3212 nunquam
1607 3172 1663 3202 erit
1685 3171 1824 3212 aequalis
1855 3171 2039 3212 superficiei.
2064 3171 2126 3202 Sed
2152 3171 2307 3212 quoniam
2334 3171 2463 3202 inferius

1410 3227 1447 3247 ex
1469 3215 1634 3256 proposito
1658 3216 1787 3246 materia
1809 3216 1886 3246 haec
1908 3216 2068 3246 tractanda
2086 3221 2141 3251 est,
2166 3215 2199 3245 in
2221 3215 2294 3245 loco
2318 3215 2462 3255 allegam,

1409 3267 1613 3290 transeamus.

803 3417 1962 3469 *mh—hasgs—-fflffl

2513 427 2521 436 ·
2535 426 2586 448 Art.
2599 433 2621 454 3.

2508 637 2518 648 “
2538 637 2573 659 Cf.
2592 644 2612 659 s.
2623 637 2668 660 Th.
2686 638 2720 659 111

2507 668 2580 695 sent„
2591 668 2644 690 dist.
2654 674 2718 695 xxxi,

2508 704 2547 726 qu.
2556 704 2579 725 ιι,
2592 702 2660 726 art-1,
2675 701 2718 726 qu*

1427 729 1513 762 parte
1538 724 1646 759 nostri,
1662 723 1742 754 idest
1767 724 1942 754 secundum
1965 724 1997 754 id
2020 725 2109 764 quod
2131 725 2225 756 habet
2248 735 2284 755 ex
2306 731 2393 765 parte
2417 735 2480 756 cre·
2522 747 2528 753 .

2496 2219 2505 2228 '
2519 2218 2548 2239 D.
2564 2224 2610 2246 3¹0·

2591 2333 2605 2347 v
2628 2333 2706 2355 n.3.-

2494 2326 2506 2337 *
2520 2326 2552 2347 ea

2494 2351 2519 2373 s.
2529 2333 2576 2374 ‘riis
2589 2343 2641 2375 ie’ct.
2656 2360 2678 2375 v.

2491 2829 2501 2838 ‘
2515 2828 2540 2849 ln
2557 2834 2619 2855 resp.
2637 2829 2667 2850 ad
2679 2835 2702 2857 3.
