2852 4152
104 517 113 525 ·
120 515 250 537 Commeat.
259 521 312 537 nar.
340 519 396 540 vae

91 1873 101 1881 ‘¹
115 1873 165 1893 Art.
183 1871 287 1899 praeced.

91 2137 100 2146 ·
111 2135 146 2157 De
156 2135 213 2156 Fide
226 2134 302 2162 Orth„

89 2162 129 2183 lib.
145 2162 180 2189 11,
197 2168 246 2190 cap.
261 2167 300 2183 xu.

89 2453 99 2462 ⁸
115 2451 171 2478 cap.
184 2457 216 2477 ιι,
232 2456 254 2472 11.
267 2456 299 2471 ιο.

90 2606 100 2615 ‘¹
116 2605 172 2632 Cap.
186 2610 249 2626 xxw.

94 2949 103 2958 ·
117 2948 169 2969 Art.
185 2946 291 2974 praeced.

95 3245 105 3253 ·
122 3242 152 3264 D.
166 3241 220 3268 690.

99 3354 109 3363 ·
124 3352 176 3373 Art.
191 3355 272 3378 praece

345 209 418 245 250

1001 211 1266 258 QUAESTIO
1297 214 1472 259 xxxva
1502 212 1796 250 ART1CULUS
1827 214 1858 250 11

1017 333 1346 365 Commentaria
1369 332 1618 365 cardinalis
1640 333 1839 366 Caietani

371 431 391 451 N
419 421 523 462 primo
546 421 677 452 articulo
701 422 894 462 quaestionis
921 422 1216 461 trigesimaesextae,
1241 427 1402 451 memento

345 433 531 496 Idoctrinae
543 466 687 506 superius
703 466 791 496 datae
804 466 835 495 in
851 466 955 506 primo
968 464 1099 495 articulo
1110 465 1302 505 quaestionis
1318 471 1401 494 octa-

419 507 450 546 *‚
473 510 639 550 quomodo
663 510 853 549 privationes
877 509 1072 548 accipiuntur
1098 515 1133 538 ut
1156 508 1239 538 entia
1263 515 1293 538 et
1316 508 1400 538 bona

340 553 372 582 in
396 554 525 584 ratione.
547 554 670 584 Eodem
695 553 779 583 enim
796 553 912 583 iudicio
937 559 1068 582 sumunt
1095 551 1249 581 rationem
1279 559 1400 582 contra-

340 597 377 626 rii
394 597 483 627 mali:
509 597 589 627 sicut
604 597 688 627 enim
713 597 877 626 mulierem
902 606 965 625 non
987 603 1111 634 tangere
1130 595 1266 626 sumitur
1286 602 1320 626 ut
1344 596 1399 626 bo-

341 651 430 677 num,
454 641 495 672 ita
519 641 612 671 etiam
637 641 772 671 sumitur
795 647 830 670 ut
853 640 983 669 malum.

396 685 457 715 Sed
481 685 615 715 occurrit
638 694 739 714 unum
760 684 892 713 dubium
916 693 981 712 non
1001 682 1276 713 dissimulandum.
1295 683 1326 713 Si
1343 684 1399 713 bo-

340 738 419 758 num
448 729 601 758 amissum
632 735 661 758 et
688 727 808 756 malum
837 726 1044 756 coniunctum
1073 726 1104 756 in
1138 736 1170 756 re
1198 726 1397 763 coincidunt,

340 772 414 812 quia
438 773 558 802 malum
581 772 613 802 in
645 770 818 810 privatione
842 770 917 800 boni
945 770 1101 806 consistit;
1124 777 1155 800 et
1177 777 1342 810 propterea
1366 771 1398 801 in

340 823 430 846 motu
455 815 587 846 naturali
611 815 697 844 nulla
721 814 962 854 quodammodo
987 821 1067 844 esset
1089 814 1165 844 haec
1189 815 1342 855 quaestio,
1364 822 1400 845 ut

339 860 371 890 in
395 860 494 896 littera
525 859 649 889 dicitur:
673 868 746 888 cum
769 857 801 887 in
826 857 945 899 ratione
976 864 1148 898 utrumque
1171 858 1282 889 induat
1305 859 1397 890 ratio-

339 913 413 933 nem
429 903 517 936 entis.
534 912 614 942 quae
630 908 723 932 restat
741 901 821 931 inter
844 911 879 931 ea
896 901 1076 938 differentia,
1094 902 1135 932 ob
1160 912 1256 943 quam
1276 903 1397 933 malum

340 947 545 977 coniunctum
569 946 716 975 sortiatur
738 945 894 975 rationem
925 945 1070 975 contrarii
1094 946 1201 985 potius
1221 957 1317 986 quam
1341 947 1397 976 bo-

339 1001 417 1020 num
441 990 602 1025 amissum,
620 996 650 1019 et
673 990 714 1019 ob
738 999 834 1029 quarn
863 989 984 1020 tristitia
1008 989 1133 1029 respicit
1160 991 1282 1020 bonum
1306 991 1397 1020 amis-

338 1044 409 1064 sum
434 1034 491 1063 sub
515 1034 635 1063 ratione
659 1033 733 1062 mali
759 1033 928 1069 coniuncti,
946 1041 975 1064 et
998 1043 1064 1063 non
1089 1044 1105 1067 e
1130 1032 1305 1064 converso?

392 1078 428 1107 Il.
446 1077 497 1107 Ad
521 1078 582 1107 hoc
606 1077 718 1107 dicitur
741 1078 844 1117 quod,
863 1077 935 1107 licet
957 1085 1022 1107 tam
1046 1077 1173 1107 amissio
1198 1077 1273 1107 boni
1298 1087 1396 1117 quarn

335 1122 457 1151 malum
473 1121 574 1160 possit
596 1122 709 1152 habere
725 1121 880 1152 rationem
903 1122 998 1158 entis,
1023 1122 1216 1161 apprehendi
1239 1121 1397 1162 siquidem

334 1172 440 1205 potest
463 1171 493 1195 et
520 1165 648 1195 amissio
671 1165 753 1196 vitae
786 1172 815 1195 et
838 1165 959 1195 malum
983 1165 1093 1196 mortis
1124 1165 1182 1195 sub
1206 1165 1326 1196 ratione
1350 1176 1396 1195 sa-

337 1208 440 1239 crificii
457 1209 563 1245 divini,
581 1217 655 1245 etc.;
673 1210 754 1239 inter
769 1209 837 1249 ipsa
856 1217 960 1239 tamen
982 1209 1014 1238 in
1038 1219 1070 1238 re
1091 1216 1121 1239 et
1143 1209 1175 1238 in
1196 1209 1315 1240 ratione
1334 1209 1396 1240 hoc

334 1253 470 1289 interest,
494 1254 582 1294 quod
605 1253 637 1283 in
661 1263 693 1283 re
714 1253 878 1293 utriusque
902 1253 981 1283 ratio
1001 1252 1143 1283 consistit
1165 1253 1197 1283 in
1222 1253 1396 1293 privatione

335 1297 420 1333 boni,
439 1304 475 1327 ut
497 1297 530 1327 in
553 1297 653 1327 littera
676 1297 854 1333 deducitur;
879 1297 911 1327 in
935 1297 1056 1327 ratione
1079 1304 1196 1333 autem,
1217 1297 1296 1328 ratio
1319 1297 1396 1328 boni

333 1341 441 1371 amissi
466 1341 608 1372 consistit
629 1341 663 1371 in
686 1341 875 1381 privatione,
900 1341 979 1372 ratio
1003 1351 1078 1372 vero
1101 1341 1177 1372 mali
1201 1342 1344 1372 consistit
1363 1342 1396 1372 in

1455 421 1623 460 positione.
1649 422 1787 452 Amissio
1812 422 1970 463 siquidem
1998 424 2074 454 boni
2103 432 2319 465 praesentatur
2339 423 2373 456 in
2395 426 2517 458 ratione

1455 465 1638 504 privationis
1654 466 1877 503 convenientis,
1895 474 1930 498 ut
1953 474 2051 507 patet:
2077 469 2198 499 malum
2214 479 2288 499 vero
2309 469 2515 502 coniunctum

1455 516 1669 548 praesentatur
1691 509 1839 540 indutum
1862 511 2016 542 rationem
2040 512 2314 550 disconvenientis,
2331 514 2419 554 quod
2443 525 2517 545 con-

1455 559 1514 582 stat
1543 553 1656 583 habere
1689 554 1843 584 rationem
1867 555 1946 585 entis
1979 557 2125 586 contrarii
2155 558 2242 587 bono
2272 557 2403 594 amisso,
2427 560 2514 599 quod

1453 596 1548 626 habet
1570 597 1724 627 rationem
1741 599 1965 630 convenientis.
1983 600 2027 631 Ita
2042 601 2130 641 quod
2149 601 2268 631 illamet
2284 602 2416 641 privatio
2433 612 2515 642 quae

1453 639 1486 669 in
1509 650 1541 670 re
1565 647 1612 670 est
1634 641 1767 680 privatio
1792 642 1867 672 boni
1894 650 1924 673 et
1946 644 2077 680 malum,
2101 645 2295 684 apprehensa
2321 652 2356 676 ut
2378 645 2511 686 privatio

1453 684 1539 720 boni,
1561 684 1688 715 offertur
1712 692 1747 715 ut
1770 685 1918 725 privatio:
1943 695 1973 718 et
1996 696 2151 728 quantum
2175 696 2221 719 est
2244 699 2280 719 ex
2304 699 2346 726 se,
2372 697 2514 720 moveret

1452 728 1629 767 appetitum
1662 734 1697 759 ut
1723 729 1856 768 privatio
1886 731 2110 763 convenientis.
2134 733 2341 773 Apprehensa
2371 744 2446 764 vero
2478 741 2513 765 ut

1453 772 1585 810 malum,
1602 772 1739 809 offertur,
1758 779 1788 803 et
1811 781 1919 804 movet
1941 775 2127 815 appetitum,
2145 783 2181 806 ut
2203 777 2455 814 disconveniens,
2477 788 2512 808 ac

1452 826 1507 855 per
1530 816 1590 846 hoc
1619 823 1653 846 ut
1684 826 1738 846 ens
1762 817 1963 848 contrarium.
1989 818 2030 849 Et
2059 818 2120 849 hoc
2145 821 2322 860 experimur
2345 821 2378 852 in
2401 821 2509 858 nobis,

1452 860 1539 896 dum,
1553 860 1664 899 privati
1678 861 1781 897 rebus,
1794 861 1908 898 amico,
1921 862 1971 892 vel
1985 872 2188 903 quacumque
2202 874 2244 900 re,
2257 872 2288 895 et
2301 865 2511 905 privationem

1451 904 1674 941 convenientis,
1698 911 1728 935 et
1750 905 1985 945 appositionem
2016 906 2278 938 disconvenientis
2302 909 2510 940 diversimode

1451 947 1579 984 flemus,
1597 949 1676 978 illud
1699 948 1863 979 referendo
1888 949 1926 979 ad
1950 959 1986 980 ea
2009 960 2091 990 quae
2114 950 2306 982 habebamus
2335 953 2385 983 vel
2408 963 2512 992 spera-

1450 991 1577 1027 bamus,
1603 998 1633 1021 et
1657 992 1717 1022 hoc
1748 993 1786 1022 ad
1811 1003 1847 1022 ea
1875 1003 1956 1033 quae
1980 994 2118 1033 patimur
2141 1001 2195 1024 aut
2217 994 2376 1027 timemus.
2402 997 2511 1038 Usque

1450 1041 1557 1064 tamen
1580 1035 1660 1065 adeo
1683 1036 1805 1066 malum
1827 1037 1965 1067 vindicat
1988 1038 2046 1067 sibi
2070 1048 2198 1068 movere
2222 1039 2261 1068 ad
2284 1039 2455 1077 tristitiam,
2476 1047 2512 1071 ut

1451 1078 1545 1108 etiam
1569 1079 1637 1118 ipsa
1653 1080 1787 1118 privatio
1811 1080 1887 1110 boni
1911 1091 1976 1110 non
2001 1089 2107 1112 causet
2130 1092 2210 1118 eam,
2227 1083 2287 1112 nisi
2310 1090 2346 1113 ut
2369 1084 2450 1124 sapit
2465 1095 2511 1115 ra-

1453 1122 1574 1152 tionem
1597 1122 1686 1153 mali:
1712 1124 1786 1164 quia
1810 1134 1876 1154 non
1899 1124 1959 1154 nisi
1983 1131 2019 1155 ut
2042 1126 2122 1165 sapit
2145 1126 2455 1164 disconvenientiam,
2477 1135 2513 1159 ut

1449 1166 1481 1195 in
1506 1167 1711 1206 responsione
1735 1168 1774 1197 ad
1789 1168 1928 1207 primum
1951 1168 1984 1198 in
2009 1169 2109 1200 littera
2124 1170 2270 1207 habetur;
2293 1171 2352 1200 nisi
2376 1171 2461 1201 enim
2476 1179 2512 1203 ut

1450 1210 1751 1242 disconvenientiam
1775 1212 1963 1252 participans
1991 1213 2172 1250 haberetur,
2197 1224 2261 1244 non
2287 1215 2511 1255 deploraretur.

1449 1254 1571 1285 Malum
1595 1265 1669 1295 ergo
1693 1256 1901 1287 coniunctum
1924 1263 1970 1288 est
1993 1264 2048 1298 per
2071 1267 2104 1288 se
2126 1257 2231 1298 primo
2260 1269 2391 1290 causans
2419 1259 2511 1290 tristi-

1450 1298 1544 1336 tiam,
1574 1299 1697 1329 bonum
1725 1306 1832 1330 autem
1855 1300 2008 1331 amissum
2035 1311 2092 1341 per
2120 1312 2152 1332 se
2177 1303 2334 1340 secundo,
2359 1313 2397 1334 ex
2424 1309 2512 1344 parte

1449 1342 1573 1374 obiecti.

1098 1504 1413 1546 ARTICULUS
1444 1505 1740 1547 SECUNDUS

913 1605 1067 1636 UTRUM
1093 1605 1467 1638 CONCUPISCENTIA
1491 1607 1557 1637 SIT
1581 1607 1721 1637 CAUSA
1743 1607 1932 1638 DOLORIS

358 1718 420 1744 )2-„t

353 1735 527 1821 (ἔξω
542 1755 847 1803 concupiscentia
866 1767 945 1791 non
964 1755 1010 1791 sit
1030 1767 1143 1791 causa
1163 1755 1306 1791 doloris
1323 1767 1390 1791 seu

363 1841 368 1854 ,
402 1823 465 1852 «ψ,
486 1811 508 1855 ἦ
541 1807 718 1844 tristitiae.
735 1807 902 1844 Tristitia
931 1808 1030 1844 enim
1060 1820 1129 1855 per
1166 1820 1205 1843 se
1242 1808 1392 1855 respicit

384 1836 481 1893 ἐξ’ὲῖΐῧ
541 1861 698 1906 1113111111,
719 1868 760 1896 ut
779 1860 922 1897 dictum
942 1867 996 1896 est
1015 1859 1045 1896 ²¹².
1075 1860 1390 1907 Concupiscentia

330 1921 458 1950 autem
497 1920 552 1948 est
584 1920 711 1949 motus
748 1913 905 1960 quidam
939 1912 1126 1960 appetitus
1158 1912 1196 1948 in
1230 1913 1389 1949 bonum.

330 1967 460 2003 Motus
488 1972 616 2001 autem
644 1965 708 2012 qui
737 1972 792 2001 est
819 1964 857 2000 in
884 1977 1004 2001 unum
1035 1965 1282 2011 contrarium,
1312 1977 1391 2002 non

330 2026 386 2055 est
423 2030 537 2054 causa
568 2025 694 2054 motus
728 2017 792 2065 qui
829 2017 977 2065 respicit
1008 2017 1109 2054 aliud
1147 2017 1389 2055 contrarium.

330 2072 430 2119 Ergo
461 2070 767 2118 concupiscentia
795 2082 872 2106 non
902 2077 956 2106 est
985 2082 1097 2106 causa
1131 2069 1283 2107 doloris.

384 2136 418 2160 2.
440 2123 672 2169 PRAETEREA‚
694 2123 813 2169 dolor,
834 2124 1043 2159 secundum
1059 2124 1344 2159 Damascenum
1359 2122 1390 2170 ²¹⁶,

331 2184 386 2213 est
411 2177 457 2212 de
486 2175 688 2224 praesenti,
719 2175 1026 2224 concupiscentia
1046 2183 1174 2211 autem
1195 2182 1251 2211 est
1270 2176 1316 2212 de
1337 2175 1392 2211 fu-

331 2237 428 2265 turo.
459 2229 560 2275 Ergo
591 2228 894 2275 concupiscentia
914 2239 993 2264 non
1022 2235 1078 2263 est
1102 2239 1215 2263 causa
1236 2228 1389 2264 doloris.

386 2283 419 2318 3.
449 2282 687 2326 PRAETEREA,
717 2280 756 2316 id
784 2280 890 2328 quod
919 2287 973 2316 est
1001 2292 1069 2328 per
1096 2292 1137 2316 se
1158 2280 1388 2326 delectabile,

329 2346 408 2371 non
437 2341 493 2370 est
513 2345 626 2370 causa
651 2332 803 2369 doloris.
835 2333 912 2369 Sed
932 2332 1239 2380 concupiscentia
1259 2340 1315 2369 est
1334 2345 1390 2369 se-

331 2387 498 2424 cundum
517 2385 682 2434 seipsam
699 2385 940 2431 delectabilis,
956 2392 997 2421 ut
1015 2385 1270 2433 Philosophus
1291 2385 1389 2432 dicit,

329 2440 367 2476 in
388 2441 401 2475 I
416 2439 605 2476 Rhetoric.
622 2438 641 2459 ²¹*
669 2439 770 2485 Ergo
788 2438 1093 2486 concupiscentia
1109 2450 1186 2475 non
1208 2445 1263 2474 est
1278 2450 1391 2475 causa

330 2492 471 2529 doloris
501 2504 567 2527 seu
596 2490 773 2527 tristitiae.

383 2545 456 2581 SED
485 2555 631 2580 CONTRA
658 2554 724 2579 EST
752 2542 857 2591 quod
876 2542 1109 2589 Augustinus
1138 2542 1236 2588 dicit,
1258 2542 1297 2578 in
1313 2544 1391 2579 En-

330 2597 459 2634 chirid.
485 2596 525 2633 *:
566 2596 867 2632 Subintrantibus
900 2595 1116 2644 ignorantia
1153 2596 1391 2644 agendarum

330 2662 471 2695 rerum,
501 2655 536 2686 et
562 2649 858 2696 concupiscentia
886 2649 1103 2693 noxiarum,
1131 2648 1283 2684 comites
1306 2648 1391 2684 sub-

331 2704 545 2751 inferuntur
563 2713 673 2738 error
691 2707 726 2737 et
743 2701 861 2737 dolor.
884 2702 961 2737 Sed
981 2700 1190 2747 ignorantia
1207 2708 1262 2736 est
1276 2712 1390 2736 causa

334 2755 482 2792 erroris.
513 2756 614 2801 Ergo
646 2753 949 2801 concupiscentia
979 2762 1033 2790 est
1063 2765 1177 2790 causa
1205 2752 1358 2790 doloris.

385 2809 609 2845 RESPONDEO
638 2818 822 2843 DICENDUM
860 2807 965 2854 quod
1002 2805 1145 2842 tristitia
1183 2813 1238 2842 est
1266 2813 1393 2841 motus

332 2861 488 2910 quidam
517 2859 705 2908 appetitus
734 2858 914 2895 animalis.
945 2859 1075 2895 Motus
1099 2866 1225 2894 autem
1251 2857 1393 2906 appeti—

333 2914 431 2950 tivus
447 2918 463 2934 α
483 2913 609 2958 habet,
631 2912 723 2948 sicut
743 2911 882 2948 dictum
904 2918 959 2947 est
972 2910 1004 2958 ³⁸,
1025 2910 1307 2947 similitudinem
1330 2923 1394 2958 ap-

333 2966 470 3014 petitus
490 2964 680 3002 naturalis.
699 2964 816 3000 Cuius
836 2965 974 3012 duplex
993 2976 1107 3000 causa
1127 2963 1307 3011 assignari
1326 2975 1394 3011 po-

333 3026 424 3055 test:
453 3031 530 3055 una
558 3030 626 3066 per
659 3017 819 3054 modurn
849 3016 957 3061 finis;
987 3016 1059 3053 alia
1087 3016 1182 3052 sicut
1209 3016 1311 3052 unde
1341 3023 1396 3052 est

334 3070 562 3120 principium
578 3077 716 3106 motus.
734 3069 838 3105 Sicut
853 3068 1110 3106 descensionis
1130 3068 1299 3117 corporis
1314 3080 1395 3116 gra-

334 3124 537 3161 vis'causa
566 3122 660 3158 sicut
687 3122 786 3167 finis,
817 3129 871 3158 est
899 3123 1005 3158 locus
1031 3122 1232 3158 deorsum:
1261 3121 1397 3170 princi-

336 3177 443 3226 pium
473 3183 599 3212 autern
629 3183 756 3211 motus
785 3182 839 3210 est
868 3174 1057 3211 inclinatio
1087 3174 1277 3220 naturalis,
1298 3186 1396 3222 quae

338 3237 394 3266 est
423 3241 466 3265 ex
495 3227 677 3276 gravitate
696 3227 727 3263 ²³².

391 3283 518 3318 Causa
533 3288 659 3317 autem
676 3287 802 3316 motus
818 3279 1011 3328 appetitivi
1031 3292 1099 3327 per
1117 3280 1278 3316 modum
1298 3278 1396 3325 finis,

273 3349 296 3370 α.
340 3343 393 3372 est
429 3335 508 3371 eius
542 3333 746 3369 obiectum.
782 3333 830 3368 Et
858 3333 909 3368 sic
937 3331 951 3361 β
980 3345 1092 3380 supra
1120 3331 1139 3353 '¹‘
1169 3331 1308 3368 dictum
1344 3339 1398 3367 est

462 1724 513 1765 „qs
540 1715 562 1739 D
582 1713 771 1739 SECUNDUM
786 1714 839 1738 stc
855 1713 1094 1739 PaocEmTua.
1111 1702 1270 1739 Videtur
1285 1703 1390 1751 quod
1447 1702 1552 1750 quod
1581 1714 1694 1738 causa
1723 1702 1865 1738 doloris
1894 1714 1962 1739 seu
1989 1702 2154 1739 tristitiae
2179 1710 2235 1740 est
2253 1705 2398 1740 malum
2418 1716 2509 1742 con-

1444 1754 1628 1791 iunctum.
1640 1775 1664 1782 -
1677 1755 1802 1791 Causa
1822 1762 1949 1791 autem
1970 1755 2064 1792 sicut
2082 1756 2184 1792 unde
2205 1763 2260 1792 est
2278 1756 2507 1805 principium

1444 1807 1526 1843 talis
1555 1815 1694 1854 motus,
1725 1815 1781 1843 est
1809 1807 1962 1844 interior
1988 1808 2178 1845 inclinatio
2207 1809 2405 1857 appetitus.
2431 1809 2508 1856 Qui

1445 1859 1602 1907 quidem
1620 1872 1690 1908 per
1707 1860 1811 1908 prius
1831 1860 2028 1898 inclinatur
2046 1861 2095 1898 ad
2115 1861 2280 1907 bonum;
2296 1869 2333 1898 et
2353 1873 2398 1898 ex
2418 1874 2506 1899 con-

1445 1913 1617 1959 sequenti
1645 1912 1695 1949 ad
1719 1913 1998 1961 repudiandum
2019 1914 2164 1950 malum
2186 1914 2427 1951 contrarium.
2457 1915 2507 1951 Et

1445 1963 1532 2000 ideo
1561 1964 1781 2002 huiusmodi
1808 1973 1935 2002 motus
1964 1966 2160 2014 appetitivi
2184 1966 2352 2014 primum
2371 1967 2506 2015 princi·

1444 2016 1552 2064 pium
1581 2024 1637 2054 est
1664 2029 1786 2063 arnor,
1809 2018 1872 2065 qui
1892 2026 1948 2054 est
1966 2018 2089 2066 prima
2107 2018 2298 2055 inclinatio
2318 2019 2506 2067 appetitus

1445 2070 1493 2105 ad
1508 2069 1655 2106 bonurn
1672 2070 2003 2117 consequendum:
2025 2071 2237 2108 secundum
2257 2078 2386 2108 autem
2405 2071 2506 2119 prin*-

1446 2122 1587 2170 cipium
1612 2129 1667 2158 est
1695 2122 1838 2169 odium,
1861 2124 1964 2171 quod
1993 2130 2048 2160 est
2076 2123 2265 2160 inclinatio
2293 2123 2417 2172 prima
2441 2136 2506 2172 ap-

1444 2174 1582 2222 petitus
1610 2175 1660 2211 ad
1687 2175 1833 2211 malum
1858 2175 2092 2223 fugiendum.
2123 2176 2201 2212 Sed
2218 2175 2308 2224 quia
2326 2177 2506 2225 concupi-

1445 2227 1586 2263 scentia
1612 2228 1675 2264 vel
1705 2227 1888 2275 cupiditas
1914 2235 1969 2264 est
1995 2228 2141 2276 primus
2170 2228 2328 2267 effectus
2351 2229 2505 2276 amoris,

1445 2291 1522 2327 quo
1542 2280 1708 2316 maxime
1729 2280 1961 2316 delectamur
1980 2285 2007 2327 Υ,
2032 2287 2073 2316 ut
2092 2292 2206 2328 supra
2225 2280 2246 2302 ’Β
2265 2281 2407 2318 dictum
2426 2288 2503 2326 est3

1443 2331 1531 2369 ideo
1560 2332 1776 2380 frequenter
1803 2332 2035 2378 Augustinus
2065 2332 2307 2379 cupiditatem
2326 2333 2388 2369 vel
2417 2345 2506 2370 con-

1445 2384 1715 2433 cupiscentiam
1731 2396 1801 2432 pro
1824 2396 1955 2420 amore
1975 2384 2093 2433 ponit,
2114 2391 2155 2420 ut
2183 2384 2296 2421 etiam
2315 2383 2329 2406 ⁶
2358 2397 2472 2433 supra
2486 2385 2506 2408 *

1445 2437 1588 2474 dictum
1609 2444 1674 2473 est.
1696 2437 1744 2473 Et
1763 2437 1837 2473 hoc
1865 2437 1984 2473 rnodo
2010 2436 2356 2485 concupiscentiam
2379 2437 2506 2475 dicit*

1447 2501 1528 2526 esse
1547 2489 1802 2525 universalem
1834 2501 1988 2525 causam
2018 2489 2171 2526 doloris.
2198 2521 2201 2523 .
2239 2510 2242 2512 ·

1500 2542 1578 2578 Sed
1604 2541 1686 2589 ipsa
1719 2541 2037 2589 concupiscentia,
2066 2543 2279 2578 secundum
2311 2542 2507 2590 propriam

1446 2594 1631 2631 rationem
1661 2593 1908 2639 considerata,
1939 2601 1994 2630 est
2011 2598 2024 2614 ⁸
2052 2593 2242 2631 interdum
2267 2606 2381 2630 causa
2401 2594 2507 2631 dolo-

1447 2647 1508 2683 ris.
1539 2647 1666 2683 Omne
1697 2645 1799 2682 enim
1836 2646 1939 2694 quod
1974 2646 2134 2693 impedit
2167 2654 2316 2683 motum
2345 2659 2393 2684 ne
2422 2658 2507 2695 per-

1445 2699 1574 2736 veniat
1601 2699 1651 2735 ad
1678 2698 1897 2745 terminum,
1919 2706 1974 2735 est
1997 2698 2230 2735 contrarium
2250 2699 2382 2736 motui.
2413 2699 2507 2736 Illud

1447 2759 1574 2788 autem
1603 2751 1709 2798 quod
1738 2758 1794 2787 est
1821 2750 2053 2787 contrarium
2082 2751 2203 2787 motui
2231 2752 2432 2800 appetitus,
2453 2758 2509 2789 est

1448 2804 1683 2846 contristans.
1705 2804 1753 2839 Et
1780 2803 1833 2839 sic
1857 2815 1925 2851 per
1944 2815 2182 2851 consequens
2203 2803 2508 2852 concupiscentia

1447 2857 1490 2894 fit
1509 2869 1623 2893 causa
1643 2855 1820 2901 tristitiae,
1842 2856 2068 2904 inquantum
2085 2856 2133 2893 de
2149 2856 2400 2894 retardatione
2416 2856 2508 2894 boni

1449 2909 1649 2957 concupiti,
1674 2910 1736 2945 vel
1765 2908 1869 2945 totali
1895 2909 2096 2955 ablatione,
2120 2909 2322 2946 tristamur.
2348 2910 2508 2946 Univer-

1449 2962 1535 2999 salis
1564 2969 1691 2998 autem
1722 2973 1835 2998 causa
1865 2961 2005 2998 doloris
2034 2973 2115 2998 esse
2144 2974 2222 2998 non
2246 2969 2391 3010 potest:
2420 2962 2509 3010 quia

1449 3014 1568 3063 magis
1583 3015 1760 3052 dolemus
1780 3015 1827 3051 de
1847 3014 2100 3051 subtractione
2120 3015 2311 3051 bonorum
2332 3024 2508 3063 praesen*

1449 3068 1555 3114 tium,
1572 3067 1609 3104 in
1629 3067 1767 3115 quibus
1787 3067 1863 3103 iarn
1884 3067 2127 3114 delectamur,
2143 3079 2260 3114 quam
2280 3067 2507 3115 futurorum,

1450 3133 1548 3168 quae
1579 3119 1895 3168 concupiscimus.

1503 3175 1561 3209 AD
1589 3184 1726 3210 PRIMUM
1754 3184 1852 3209 ERGO
1880 3184 2062 3209 DlCENDUM
2092 3172 2198 3219 quod
2226 3172 2415 3210 inclinatio
2443 3184 2508 3221 ap-

1450 3225 1587 3274 petitus
1616 3226 1664 3262 ad
1693 3226 1839 3262 bonum
1868 3226 2199 3274 consequendum,
2230 3233 2285 3262 est
2313 3237 2426 3262 causa
2453 3224 2508 3261 in·

1452 3278 1659 3315 clinationis
1687 3277 1874 3326 appetitus
1902 3278 1950 3314 ad
1979 3279 2123 3314 malum
2152 3277 2384 3325 fugiendum,
2413 3277 2508 3314 sicut

1453 3331 1594 3368 dictum
1626 3338 1680 3367 est
1698 3330 1728 3367 ³¹³.
1760 3331 1808 3367 Et
1841 3342 1885 3366 ex
1918 3331 1992 3367 hoc
2029 3331 2209 3378 contingit
2242 3330 2346 3379 quod
2380 3337 2506 3366 motus

393 3458 420 3489 α)
439 3456 607 3488 appetitivus.
625 3470 643 3474 -
661 3455 794 3487 appetitus
813 3454 1080 3486 ABCEFGHIKLpD.

395 3492 419 3524 β)
438 3493 483 3517 sic.
501 3506 519 3510 -
537 3492 605 3516 sicut
624 3491 699 3515 ΑΒΚ.

394 3528 420 3561 γ)
441 3528 611 3552 delectamur.
628 3540 646 3544 -
666 3526 811 3550 delectatur
829 3524 940 3549 codices.

1505 3452 1530 3485 δ)
1550 3454 1640 3478 etiam.
1657 3467 1676 3472 -
1694 3453 1755 3478 Om.
1775 3453 1888 3477 PEFKa.

1506 3489 1527 3521 ε)
1547 3493 1594 3514 est.
1612 3503 1631 3507 -
1650 3491 1689 3513 est
1707 3488 1811 3520 quidem
1831 3488 1941 3512 codices.

2557 2309 2606 2336 Qu.
2616 2314 2688 2334 xxxxi.
2702 2312 2746 2331 art.

2534 2409 2543 2419 ·
2552 2408 2600 2436 Qu.
2608 2414 2663 2435 xxx,
2671 2412 2714 2431 art.
2722 2414 2742 2435 2,

2533 2434 2618 2510 ἓξὲξ-’.α
2627 2467 2675 2488 erg.
2697 2460 2746 2483 Sed

2534 3341 2543 3351 ·
2558 3339 2583 3362 In
2599 3345 2705 3368 corpore.
