2852 4152
122 840 204 888 {203³}-
219 846 301 887 a

125 900 163 914 XV-

125 952 133 959 ·
151 949 184 970 ea
172 955 230 980 amp
268 947 333 995 -lcs

126 1001 211 1027 xv111,
226 955 324 1028 ‹Liifhm

223 1037 238 1052 α

127 1214 135 1222 ·
151 1212 199 1238 Qu.
214 1215 248 1237 ιιι,
260 1213 301 1231 art.
311 1209 333 1231 8.

124 1478 255 1505 “Cnpfflv
245 1476 336 1499 -.eCfd

125 1504 334 1578 BRItCXXX
313 1507 335 1524 et

128 1557 146 1578 C
170 1556 324 1604 X1,adPro

129 1583 187 1610 ba,m
203 1589 277 1610 cap-v

130 2267 139 2276 '
155 2267 207 2288 Art.
222 2271 241 2293 3,
256 2272 279 2292 4.

1054 193 1318 239 QUAESTIO
1347 193 1396 239 v,
1427 192 1720 229 ART1CuLus
1749 192 1834 228 v111

1139 333 1453 376 ARTICULUS
1483 333 1754 377 OCTAVUS

925 435 1079 466 UTRUM
1103 434 1234 465 OMN1s
1258 433 1386 464 HOMO
1411 433 1609 463 APPETAT
1632 400 1963 464 BEATITUDINEMA

1141 522 1173 545 IV
1194 521 1275 550 Seni„
1296 521 1355 546 dist.
1373 528 1438 550 nix,
1459 528 1503 553 qu.
1515 528 1533 552 1,
1554 526 1599 546 art.
1621 521 1643 551 3,
1663 522 1709 553 qu·
1724 528 1743 545 1.

445 639 453 653 ι
478 643 538 673 ,15-
570 634 592 658 D
613 633 784 658 OCTAVUM
804 632 856 657 εις
876 630 1113 656 PRocamTun.
1134 617 1293 655 Videtur
1312 618 1415 666 quod
1441 617 1443 628 '

395 655 435 719 ,εὖ
497 703 545 725 χ
570 687 648 710 non
667 686 801 710 omnes
818 679 998 720 appetant
1017 671 1301 708 beatitudinem.
1322 671 1416 708 Nul-

471 757 475 760 ,
530 716 626 777 {slus
647 726 748 762 enim
768 733 892 774 potest
921 732 1098 773 appetere
1123 724 1228 783 quod
1248 723 1413 771 ignorat.

502 771 657 816 'Reum
678 780 822 814 bonum
843 778 1127 826 apprehensum
1156 777 1200 813 sit
1223 777 1415 814 obiectum

303 846 333 886 4'.
360 793 557 879 appetitus,
578 839 618 867 ut
638 831 770 868 dicitur
797 830 835 866 in
865 831 914 866 III
935 831 980 866 de
997 830 1137 866 Anima
1156 829 1187 866 *.
1210 830 1286 866 Sed
1311 829 1417 866 multi

359 884 532 920 nesciunt
559 884 650 943 quid
679 884 724 920 sit
742 883 957 919 beatitudo,
979 883 1095 933 quod,
1121 883 1215 919 sicut
1243 882 1417 930 Augusti-

360 949 431 973 nus
460 936 547 972 dicit
574 937 611 973 in
641 937 727 972 XIII
747 936 793 972 de
824 937 860 972 T
856 948 927 972 rzn
950 936 980 982 *,
1001 943 1104 996 patet
1132 947 1177 972 ex
1205 936 1291 983 hoc,
1313 936 1417 984 quod

326 989 512 1037 quidam
524 994 736 1036 posuerunt
752 989 1013 1025 beatitudinem
1033 989 1071 1025 in
1090 966 1315 1036 voluptate&
1333 1000 1419 1024 cor-

354 1041 480 1090 poris,
507 1042 659 1089 quidam
684 1041 721 1077 in
749 1042 885 1078 virtute
912 1042 1049 1087 animi,
1083 1042 1235 1089 quidam
1265 1042 1301 1077 in
1335 1041 1418 1077 aliis

360 1095 481 1130 rebus.
511 1094 603 1131 Non
632 1106 721 1142 ergo
750 1105 886 1131 omnes
924 1094 1194 1132 beatitudinem
1224 1100 1416 1142 appetunt.

415 1158 449 1183 2.
485 1147 724 1193 PRAm-EREA,
763 1147 925 1184 essentia
957 1146 1197 1183 beatitudinis
1232 1154 1287 1182 est
1321 1146 1418 1182 visio

362 1199 546 1236 essentiae
579 1200 752 1247 divinae,
785 1208 826 1237 ut
859 1200 1001 1237 dictum
1036 1206 1090 1236 est
1121 1200 1150 1235 *.
1191 1199 1268 1235 Sed
1306 1199 1419 1246 aliqui

362 1252 562 1301 opinantur
589 1254 664 1289 hoc
692 1265 774 1289 esse
803 1252 1055 1301 impossibile,
1085 1252 1191 1301 quod
1218 1253 1324 1289 Deus
1352 1263 1421 1300 per

362 1305 563 1342 essentiam
596 1307 644 1342 ab
672 1305 827 1342 homine
862 1305 1055 1342 vid-eatur:
1090 1305 1193 1353 unde
1230 1306 1304 1342 hoc
1341 1312 1420 1342 non

362 1365 553 1407 appetunt.
592 1359 692 1406 Ergo
731 1370 809 1395 non
845 1369 981 1395 omnes
1022 1358 1198 1395 homines
1239 1365 1421 1407 appetunt

361 1410 644 1448 beatitudinem.
1112 1430 1115 1436 ι

417 1465 451 1500 3.
468 1465 700 1510 PRAETEREA,
712 1463 943 1512 Augustinus
955 1463 1053 1510 dicit,
1070 1463 1107 1500 in
1123 1464 1209 1500 XIII
1222 1464 1268 1500 de
1281 1463 1419 1511 Trin.*,

363 1517 466 1565 quod
495 1517 623 1554 beatus
660 1522 714 1553 est
739 1517 804 1565 qui
829 1518 940 1554 habet
966 1517 1094 1554 omnia
1131 1528 1228 1565 quae
1259 1515 1358 1562 vult,
1387 1522 1424 1553 et

325 1567 455 1606 nihil
480 1569 579 1606 male
605 1569 694 1607 vult.
717 1569 794 1607 Sed
813 1582 891 1607 non
912 1582 1047 1607 omnes
1072 1570 1146 1606 hoc
1164 1571 1318 1606 volunt:
1339 1570 1420 1618 qui-

363 1622 452 1660 dam
482 1623 584 1659 enim
613 1618 712 1660 male
740 1623 865 1671 aliqua
890 1623 1038 1668 volunt,
1069 1629 1106 1659 et
1132 1630 1260 1659 tamen
1288 1623 1423 1660 volunt

362 1675 423 1726 illa
439 1688 478 1713 se
493 1677 602 1713 velle.
623 1677 715 1713 Non
731 1688 820 1724 ergo
835 1688 971 1713 omnes
985 1676 1120 1712 volunt
1134 1675 1419 1725 beatitudinem.

417 1730 491 1766 SED
521 1741 665 1766 CONTRA
689 1741 754 1766 EST
778 1729 884 1777 quod
903 1728 1135 1777 Augustinus
1156 1729 1253 1776 dicit,
1269 1729 1356 1766 XIII
1377 1730 1422 1766 de

367 1783 404 1818 T
400 1794 471 1819 rm
482 1782 518 1819 *z
541 1781 585 1818 Si
594 1783 737 1819 mimus
756 1783 919 1829 dixisset,
941 1798 960 1816 α
979 1782 1115 1819 Omnes
1133 1782 1231 1819 beati
1247 1794 1325 1819 esse
1342 1783 1422 1819 vul-

365 1836 419 1882 tis,
436 1836 575 1872 miseri
595 1842 673 1872 esse
692 1847 766 1872 non
780 1835 898 1873 vultis
919 1851 954 1882 ιο,
977 1835 1129 1872 dixisset
1155 1834 1297 1883 ahquid
1323 1836 1424 1883 quod

365 1888 488 1926 nullus
517 1889 554 1925 in
582 1900 651 1925 sua
671 1900 744 1925 non
765 1894 1008 1938 cognosceret
1031 1889 1232 1926 voluntate.
1254 1888 1423 1935 Quilibet

367 1949 454 1991 ergo
483 1942 564 1978 vult
592 1953 674 1978 esse
703 1942 846 1978 beatus.

371 2008 380 2012 ·
419 1994 644 2032 Responmso
671 2000 856 2031 mesanum
884 1993 989 2042 quod
1009 1994 1203 2030 beatitudo
1227 1993 1425 2042 dupliciter

365 2054 490 2097 potest
509 2046 751 2084 considerari.
764 2047 854 2084 Uno
870 2047 1002 2094 modo,
1019 2047 1231 2084 secundum
1251 2057 1424 2091 commu-

366 2112 456 2138 nem
472 2100 657 2137 tationem
673 2099 923 2137 beatitudinis.
945 2101 993 2137 Et
1008 2099 1060 2137 sic
1080 2111 1235 2137 necesse
1252 2107 1307 2136 est
1321 2099 1424 2148 quod

367 2153 492 2191 omnis
511 2154 631 2191 homo
650 2153 923 2190 beatitudinem
941 2152 1043 2190 velit.
1058 2153 1172 2190 Ratio
1194 2154 1321 2190 autem
1337 2154 1426 2195 bea-

366 2207 536 2244 titudinis
561 2207 776 2243 communis
805 2210 861 2243 e'st
887 2213 928 2243 ut
956 2206 1001 2243 sit
1025 2206 1172 2243 bonum
1200 2206 1424 2254 perfectum,

367 2261 462 2297 sicut
489 2260 630 2298 dictum
660 2267 715 2296 est
733 2260 765 2296 ²¹².
796 2260 896 2296 Cum
926 2267 1054 2296 autem
1072 2259 1219 2296 bonum
1250 2259 1295 2296 sit
1322 2258 1426 2295 obie-

369 2318 471 2361 ctum
498 2313 715 2359 voluntatis,
743 2313 953 2361 perfectum
980 2312 1138 2362 *bonum
1169 2319 1224 2349 est
1251 2311 1426 2357 alicuius,

368 2366 472 2416 quod
499 2367 660 2403 totaliter
689 2366 768 2403 eius
794 2365 980 2403 voluntati
1009 2365 1195 2402 satisfacit.
1223 2365 1335 2402 Unde
1363 2377 1428 2414 ap-

367 2427 496 2468 petere
525 2419 796 2456 beatitudinem
832 2418 922 2456 nihil
950 2418 1051 2456 aliud
1080 2427 1134 2455 est
1167 2429 1284 2466 quarn
1313 2429 1428 2467 appe-

367 2479 446 2509 tere
458 2480 506 2519 uut
523 2473 699 2509 voluntas
719 2472 882 2509 satietur.
904 2472 1018 2518 Quod
1045 2471 1202 2519 quilibet
1227 2472 1319 2508 vult.

414 2525 507 2574 ,Alio
526 2525 644 2563 modo
672 2537 879 2574 possumus
906 2524 1010 2574 loqui
1039 2524 1085 2561 de
1115 2524 1344 2562 beatitudine
1372 2535 1429 2560 se-

370 2579 539 2616 cundum
569 2579 771 2628 specialem
800 2578 1004 2623 rationem,
1034 2585 1219 2626 quantum
1248 2577 1296 2614 ad
1324 2576 1362 2614 id
1389 2576 1428 2613 in

336 2638 339 2639 ’
369 2643 447 2680 quo
471 2631 664 2669 beatitudo
685 2631 863 2668 consistit.
885 2631 937 2668 Et'
961 2630 1015 2668 sic
1035 2643 1113 2668 non
1133 2630 1270 2668 ornnes
1290 2641 1430 2678 cogno-

369 2692 477 2731 scunt
495 2685 782 2730 beatitudinem:
805 2685 892 2733 quia
912 2683 1083 2721 nesciunt
1103 2684 1162 2720 cui
1187 2683 1238 2720 rei
1257 2695 1430 2720 commu-

423 2817 450 2849 α)
470 2817 641 2848 voluptatate.
659 2830 678 2834 —
697 2816 876 2848 voluptatibus
896 2815 969 2840 Pa„-
981 2815 1094 2839 Eaedem
1114 2822 1162 2848 pro
1180 2814 1274 2843 animi,
1292 2814 1406 2839 animae.

424 2851 450 2884 β)
469 2852 514 2876 sic.
532 2865 552 2870 -
570 2851 659 2883 utique
678 2852 774 2876 addunt
793 2851 844 2876 FE.

1470 617 1526 654 nis
1561 617 1654 654 ratio
1684 618 1924 656 beatitudinis
1962 619 2174 666 conveniat.
2213 620 2262 656 Et
2293 632 2362 668 per
2398 631 2528 656 conse-

1471 683 1602 719 quens,
1623 678 1808 718 quantum
1832 671 1880 708 ad
1899 673 1986 719 hoc,
2007 685 2085 709 non
2114 684 2250 709 omnes
2271 685 2355 709 eam
2381 673 2526 709 volunt.

1523 723 1634 760 Unde
1664 730 1765 771 patet
1793 724 1989 772 responsio
2019 726 2068 762 ad
2094 725 2276 774 primum.

1523 778 1582 813 An
1611 787 1800 812 SECUNDUM
1824 787 2007 813 meantum
2027 778 2143 825 quod,
2165 790 2252 814 cum
2276 778 2452 815 voluntas
2473 790 2528 814 se-

1471 836 1606 879 quatur
1643 828 1987 877 apprehensionem
2019 829 2226 868 intellectus
2259 843 2327 867 seu
2355 830 2528 877 rationis,

1471 881 1566 918 sicut
1593 880 1772 929 contingit
1799 882 1905 930 quod
1933 881 2072 929 aliquid
2104 890 2160 919 est
2186 883 2289 919 idem
2316 883 2528 921 secundum

1472 946 1566 993 rem,
1587 935 1691 982 quod
1719 942 1847 971 tamen
1877 943 1932 971 est
1961 934 2159 971 diversum
2181 936 2393 973 secundum
2418 935 2530 977 ratio-

1471 987 1527 1023 nis
1556 987 1922 1032 considerationem3
1951 986 2001 1023 ita
2037 987 2217 1034 contingit
2248 989 2367 1047 quod
2390 987 2530 1037 aliquid

1474 1046 1528 1075 est
1564 1039 1666 1076 idem
1702 1040 1914 1076 secundum
1947 1051 2050 1086 rem,
2082 1047 2117 1076 et
2143 1047 2281 1077 tamen
2288 1036 2378 1078 uni)
2410 1041 2531 1078 modo

1472 1092 1670 1140 appetitur,
1687 1092 1760 1128 alio
1774 1093 1894 1129 modo
1909 1103 1989 1129 non
2007 1092 2205 1141 appetitur.
2220 1093 2424 1130 Beatitudo
2442 1101 2530 1141 ergo

1471 1151 1597 1192 potest
1614 1144 1844 1182 considerari
1873 1145 1944 1181 sub
1964 1145 2108 1181 ratione
2135 1145 2259 1182 finalis
2276 1146 2370 1182 ‘boni
2394 1153 2431 1182 et
2448 1150 2534 1194 per*

1473 1197 1578 1258 fecti,
1608 1209 1706 1245 quae
1736 1205 1791 1234 est
1819 1198 2035 1234 communis
2073 1198 2167 1234 ratio
2206 1198 2465 1237 beatitudinist
2497 1204 2533 1234 et

1474 1250 1527 1287 sic
1551 1251 1770 1287 naturaiiter
1795 1258 1831 1287 et
1858 1261 1904 1287 ex
1933 1249 2155 1288 necessitate
2173 1251 2351 1288 voluntas
2377 1251 2434 1288 in
2443 1251 2533 1288 illud

1473 1296 1602 1350 tendit,
1623 1311 1664 1341 ut
1691 1304 1833 1342 dictum
1864 1310 1919 1340 est
1942 1303 1974 1341 ⁶⁸.
2005 1305 2135 1341 Potest
2162 1304 2275 1341 etiam
2305 1304 2535 1342 considerari
2562 1303 2774 1345 Ἶιιέσὲιὶόκὶἂιξ

1474 1356 1685 1394 secundum
1713 1355 1804 1394 alias
1832 1357 2014 1405 speciales
2044 1356 2378 1404 considerationes,
2398 1358 2460 1406 v'el
2489 1366 2535 1394 ex
2563 1343 2740 1371 “m'⁴'⁸‘¹²'

1473 1417 1579 1458 parte
1606 1410 1738 1458 ipsius
1761 1409 2012 1458 operationis,
2040 1411 2103 1447 vel
2132 1421 2178 1446 ex
2204 1417 2310 1460 parte
2342 1410 2536 1459 potentiae

1475 1462 1714 1511 operativae,
1728 1463 1804 1499 vel
1833 1474 1877 1499 ex
1904 1469 2011 1511 parte
2044 1462 2202 1500 obiecti:
2232 1470 2270 1500 et
2297 1462 2355 1499 sic
2380 1469 2476 1522 non
2486 1467 2538 1500 'ex‘

1474 1514 1694 1552 necessitate
1722 1515 1898 1552 voluntas
1925 1514 2046 1552 tendit
2069 1515 2108 1552 in
2135 1514 2270 1575 ipsam.

1527 1569 1586 1605 AD
1614 1578 1774 1605 Teanum
1802 1579 1985 1605 monimum
2008 1567 2119 1616 quod
2151 1567 2220 1604 ista
2247 1560 2418 1605 definitio
2447 1568 2539 1604 beau

1474 1620 1641 1657 titudinis
1665 1633 1783 1668 quam
1811 1620 1968 1669 quidam
1992 1626 2212 1670 posuerunt,
2232 1621 2387 1657 Beatus-
2384 1624 2455 1673 {est
2468 1620 2541 1675 qzt’i‘

1474 1675 1584 1711 habet
1610 1674 1738 1710 omnia
1758 1684 1854 1722 quae
1877 1673 1966 1720 vult,
1988 1674 2063 1720 vel,
2084 1674 2148 1710 cui
2163 1667 2290 1710 οηιηίά
2310 1666 2450 1721 optd'ta
2454 1677 2540 1710 sut-³

1474 1727 1619 1773 cedunt,
1648 1727 1817 1775 quodam
1846 1726 1966 1763 modo
1993 1726 2191 1774 intellecta,
2211 1731 2267 1763 est
2285 1726 2388 1763 bona
2401 1732 2445 1764 et
2461 1726 2540 1763 's'tffl

1475 1780 1624 1826 ficiens3
1654 1780 1745 1816 alio
1754 1791 1848 1817 vero
1873 1780 2005 1831 modo,
2031 1787 2086 1816 est
2108 1779 2340 1828 imperfecta.
2366 1779 2410 1816 Si
2432 1778 2542 1835 enim

1475 1833 1699 1883 intelligatur
1713 1832 1930 1882 simpliciter
1944 1833 1992 1870 de
2009 1832 2187 1884 omnibus
2202 1843 2301 1880 quae
2319 1824 2405 1869 vult
2415 1824 2542 1869 hbffle'

1476 1886 1634 1923 naturali
1653 1885 1842 1935 appetitu,
1855 1886 1915 1922 sic
1932 1883 1950 1916 β
1967 1897 2104 1923 verum
2126 1893 2182 1923 est
2210 1885 2315 1934 quod
2360 1884 2401 1922 ui
2423 1878 2539 1933 habet
2651 1881 2679 1916 ⁴¹⁵
2704 1888 2713 1894 ”
2730 1890 2732 1892 ’
2751 1882 2754 1884 ’

1477 1939 1608 1976 omnia
1639 1950 1739 1988 quae
1765 1939 1868 1985 vult,
1899 1947 1954 1975 est
1981 1939 2134 1976 beatus:
2163 1938 2256 1975 nihil
2293 1944 2394 1975 enim
2430 1931 2542 1975 satiat

1478 1992 1686 2029 naturalem
1714 1991 1881 2028 hominis
1900 1991 2123 2040 appetitum,
2143 1991 2215 2028 nisi
2242 1984 2409 2028 bonum·
2406 1981 2543 2040 periet

1479 2052 1594 2092 ctum,
1615 2041 1733 2093 quo'd'
1748 2051 1804 2081 est
1832 2044 2037 2092 beatitudo.
2058 2044 2099 2081 Si
2117 2045 2212 2081 vero
2240 2036 2485 2092 intelligatur
2483 2035 2540 2080 'de

1479 2098 1536 2134 his
1559 2102 1663 2146 quae
1691 2098 1812 2134 homo
1843 2098 1926 2134 vult
1953 2087 2166 2134 secundum
2194 2096 2540 2156 apprehensionem

1479 2150 1653 2198 rationis,
1684 2150 1737 2188 sic
1763 2143 1905 2187 habere
1934 2151 2123 2212 quaedam
2157 2152 2255 2207 quae
2291 2144 2409 2186 home
2431 2149 2543 2195 vult*

1481 2216 1558 2241 non
1586 2203 1747 2252 pertinet
1775 2203 1824 2240 ad
1853 2199 2136 2250 beatitudinem,
2157 2202 2246 2240 sed
2242 2201 2367 2250 magis
2395 2202 2443 2239 ad
2464 2177 2542 2240 issi-'²

1481 2254 1636 2303 seriam,
1664 2256 1890 2304 inquantum
1918 2255 2138 2293 huiusmodi
2173 2255 2302 2292 habita
2328 2247 2542 2304 impediunt

1480 2309 1679 2347 hominem
1700 2321 1748 2346 ne
1771 2309 1909 2353 habeat
1931 2319 2198 2369 quaecumque
2213 2308 2433 2354 namralitei·
2441 2308 2540 2345 vult.
2616 2306 2639 2322 ·’·’
2740 2306 2754 2322 ”
2774 2306 2777 2309 ’

1482 2364 1577 2400 sicut
1605 2362 1718 2399 etiam
1747 2362 1841 2399 ratio
1870 2362 2005 2411 accipit
2030 2369 2072 2399 ut
2105 2374 2198 2399 vera
2225 2360 2422 2398 interdum
2441 2363 2540 2408 quae

1482 2415 1696 2464 impediunt
1727 2427 1749 2452 a
1786 2414 2001 2463 cognitione
2037 2414 2213 2452 veritatis.
2224 2413 2292 2450 Et
2328 2413 2541 2451 secundu'tfi

1482 2470 1581 2506 hanc
1617 2467 1980 2515 considerationem,
2014 2467 2246 2515 Augustinus
2278 2466 2422 2504 addidit
2448 2470 2464 2495 Τ
2493 2466 2542 2503 ad
2663 2470 2681 2496 ἵ

1482 2521 1756 2580 perfectionem
1785 2519 2042 2568 beatitudinis,
2074 2520 2178 2569 quod
2207 2519 2301 2557 nihil
2323 2519 2418 2556 mali
2442 2510 2540 2557 velit

1484 2574 1672 2622 Quamvis
1699 2573 1868 2623 primum
1887 2581 2016 2623 posset
2043 2573 2230 2620 sufficere,
2255 2572 2286 2610 si
2314 2579 2415 2609 recte
2437 2572 2542 2609 intel

1483 2629 1670 2676 figeretur,
1691 2627 1830 2664 scilicet
1856 2627 1959 2676 qu'od
1975 2627 2104 2664 beatus
2131 2631 2186 2663 est
2201 2625 2268 2675 qui
2282 2625 2395 2663 habet
2415 2625 2543 2698 omnib

1484 2693 1583 2731 quae
1608 2681 1696 2718 vult.
2537 2696 2541 2701 2

1537 2814 1563 2846 γ)
1583 2813 1698 2839 addidit.
1715 2827 1734 2831 -
1752 2813 1829 2837 addit
1848 2813 1894 2837 Pa.

1045 2936 1376 2969 Commenta-tia
1400 2935 1650 2968 Cardinalis
1672 2933 1873 2967 Caietam

375 3037 421 3100 IN
438 3026 574 3058 articulis
591 3034 688 3063 sexto,
706 3027 841 3067 septimo
857 3034 888 3058 et
902 3034 1024 3063 octavo,
1042 3026 1120 3057 nihil
1136 3025 1221 3056 aliud
1233 3025 1433 3056 scribendum

403 3071 547 3107 occurrit,
570 3071 631 3101 nisi
654 3072 742 3112 quod
766 3071 895 3102 materia
918 3070 1019 3102 octavi
1041 3070 1162 3101 articuli
1183 3076 1311 3101 tractata
1333 3076 1379 3100 est
1400 3069 1433 3100 in

1488 3025 1577 3060 Ilib.‚
1589 3033 1643 3065 qu.
1653 3034 1764 3061 Lxxx11‚
1778 3030 1833 3054 art.
1843 3023 1889 3060 1*,
1901 2999 1956 3054 ubi
1968 3023 2090 3054 solutae
2102 3028 2176 3053 sunt
2186 3021 2322 3053 rationes
2334 3021 2429 3053 Scoti.
2441 3013 2586 3059 Quare
2600 3030 2636 3054 ef.
2651 3029 2786 3053 Commeat.
2806 3034 2809 3038 ·
2850 3019 2852 3022 ⁴

1486 3069 1557 3099 vide
1572 3069 1663 3099 ibi.—
1678 3068 1719 3099 Et
1734 3047 1785 3099 hic
1801 3068 1979 3108 completur
1993 3073 2140 3099 tractatus
2156 3061 2278 3107 primus
2293 3066 2389 3097 huius
2402 3065 2483 3121 libri.
2574 3063 2641 3081 '¹¹¹²‘
2654 3063 2679 3080 '¹
2693 3062 2745 3086 Ἢ·

982 3276 1564 3330 ss—...mtffiffi
