<?xml version="1.0" encoding="UTF-8"?>
<!DOCTYPE html PUBLIC "-//W3C//DTD XHTML 1.0 Transitional//EN"
    "http://www.w3.org/TR/xhtml1/DTD/xhtml1-transitional.dtd">
<html xmlns="http://www.w3.org/1999/xhtml" xml:lang="en" lang="en">
 <head>
  <title>
</title>
<meta http-equiv="Content-Type" content="text/html;charset=utf-8" />
  <meta name='ocr-system' content='tesseract 3.04.00' />
  <meta name='ocr-capabilities' content='ocr_page ocr_carea ocr_par ocr_line ocrx_word'/>
</head>
<body>
  <div class='ocr_page' id='page_1' title='image "./operaomniaiussui06thom/operaomniaiussui06thom_0120.png"; bbox 0 0 2852 4152; ppageno 0'>
   <div class='ocr_carea' id='block_1_1' title="bbox 147 824 356 898">
    <p class='ocr_par' dir='ltr' id='par_1_1' title="bbox 147 824 356 898">
     <span class='ocr_line' id='line_1_1' title="bbox 147 824 356 877; baseline -0.005 -6"><span class='ocrx_word' id='word_1_1' title='bbox 147 824 356 877; x_wconf 58' lang='lat' dir='ltr'>2593¹⁹s³3÷¹f13³12¹0³13</span> 
     </span>
     <span class='ocr_line' id='line_1_2' title="bbox 148 882 197 898; baseline 0 -1"><span class='ocrx_word' id='word_1_2' title='bbox 148 882 197 898; x_wconf 80' lang='lat' dir='ltr'>vm.</span> 
     </span>
    </p>
   </div>
   <div class='ocr_carea' id='block_1_2' title="bbox 246 972 260 1005">
    <p class='ocr_par' dir='ltr' id='par_1_2' title="bbox 246 972 260 1005">
     <span class='ocr_line' id='line_1_3' title="bbox 246 972 260 1005; baseline 0 0"><span class='ocrx_word' id='word_1_3' title='bbox 246 972 260 1005; x_wconf 84' lang='grc' dir='ltr'>β</span> 
     </span>
    </p>
   </div>
   <div class='ocr_carea' id='block_1_3' title="bbox 148 1136 357 1164">
    <p class='ocr_par' dir='ltr' id='par_1_3' title="bbox 148 1136 357 1164">
     <span class='ocr_line' id='line_1_4' title="bbox 148 1136 357 1164; baseline -0.005 -6"><span class='ocrx_word' id='word_1_4' title='bbox 148 1136 357 1164; x_wconf 69' lang='lat' dir='ltr'>·1bid.‚oid.n.n.</span> 
     </span>
    </p>
   </div>
   <div class='ocr_carea' id='block_1_4' title="bbox 391 216 461 250">
    <p class='ocr_par' dir='ltr' id='par_1_4' title="bbox 391 216 461 250">
     <span class='ocr_line' id='line_1_5' title="bbox 391 216 461 250; baseline 0.014 -1"><span class='ocrx_word' id='word_1_5' title='bbox 391 216 461 250; x_wconf 90' lang='lat'>108</span> 
     </span>
    </p>
   </div>
   <div class='ocr_carea' id='block_1_5' title="bbox 383 291 1448 1499">
    <p class='ocr_par' dir='ltr' id='par_1_5' title="bbox 384 291 1445 751">
     <span class='ocr_line' id='line_1_6' title="bbox 440 291 1441 340; baseline -0.002 -11"><span class='ocrx_word' id='word_1_6' title='bbox 440 305 473 330; x_wconf 88' lang='lat'>2.</span> <span class='ocrx_word' id='word_1_7' title='bbox 495 294 727 339; x_wconf 78' lang='lat' dir='ltr'>PRAETEREA,</span> <span class='ocrx_word' id='word_1_8' title='bbox 748 292 946 329; x_wconf 91' lang='lat' dir='ltr'>consilium</span> <span class='ocrx_word' id='word_1_9' title='bbox 976 300 1031 329; x_wconf 90' lang='lat' dir='ltr'>est</span> <span class='ocrx_word' id='word_1_10' title='bbox 1055 291 1245 340; x_wconf 88' lang='lat' dir='ltr'>inquisitio</span> <span class='ocrx_word' id='word_1_11' title='bbox 1275 291 1441 328; x_wconf 90' lang='lat' dir='ltr'>rationis.</span> 
     </span>
     <span class='ocr_line' id='line_1_7' title="bbox 386 343 1444 394; baseline -0.003 -12"><span class='ocrx_word' id='word_1_12' title='bbox 386 346 464 382; x_wconf 86' lang='lat' dir='ltr'>Sed</span> <span class='ocrx_word' id='word_1_13' title='bbox 501 345 594 382; x_wconf 89' lang='lat' dir='ltr'>ratio</span> <span class='ocrx_word' id='word_1_14' title='bbox 623 357 646 382; x_wconf 88' lang='lat' dir='ltr'>a</span> <span class='ocrx_word' id='word_1_15' title='bbox 673 344 860 394; x_wconf 90' lang='lat' dir='ltr'>prioribus</span> <span class='ocrx_word' id='word_1_16' title='bbox 898 345 1045 394; x_wconf 89' lang='lat' dir='ltr'>incipit,</span> <span class='ocrx_word' id='word_1_17' title='bbox 1076 352 1112 381; x_wconf 90' lang='lat' dir='ltr'>et</span> <span class='ocrx_word' id='word_1_18' title='bbox 1149 345 1197 381; x_wconf 92' lang='lat' dir='ltr'>ad</span> <span class='ocrx_word' id='word_1_19' title='bbox 1233 343 1444 392; x_wconf 86' lang='lat' dir='ltr'>posteriora</span> 
     </span>
     <span class='ocr_line' id='line_1_8' title="bbox 386 396 1441 444; baseline -0.004 -9"><span class='ocrx_word' id='word_1_20' title='bbox 386 398 561 444; x_wconf 87' lang='lat' dir='ltr'>devenit,</span> <span class='ocrx_word' id='word_1_21' title='bbox 601 398 811 434; x_wconf 92' lang='lat' dir='ltr'>secundum</span> <span class='ocrx_word' id='word_1_22' title='bbox 859 397 1208 435; x_wconf 86' lang='lat' dir='ltr'>convenientiorem</span> <span class='ocrx_word' id='word_1_23' title='bbox 1256 396 1441 432; x_wconf 88' lang='lat' dir='ltr'>ordinem.</span> 
     </span>
     <span class='ocr_line' id='line_1_9' title="bbox 387 448 1445 499; baseline -0.005 -12"><span class='ocrx_word' id='word_1_24' title='bbox 387 452 487 488; x_wconf 91' lang='lat' dir='ltr'>Cum</span> <span class='ocrx_word' id='word_1_25' title='bbox 507 450 616 498; x_wconf 90' lang='lat' dir='ltr'>igitur</span> <span class='ocrx_word' id='word_1_26' title='bbox 644 450 842 499; x_wconf 89' lang='lat' dir='ltr'>praeterita</span> <span class='ocrx_word' id='word_1_27' title='bbox 862 450 934 486; x_wconf 90' lang='lat' dir='ltr'>sint</span> <span class='ocrx_word' id='word_1_28' title='bbox 960 450 1088 498; x_wconf 89' lang='lat' dir='ltr'>priora</span> <span class='ocrx_word' id='word_1_29' title='bbox 1112 448 1386 497; x_wconf 86' lang='lat' dir='ltr'>praesentibus,</span> <span class='ocrx_word' id='word_1_30' title='bbox 1409 455 1445 483; x_wconf 88' lang='lat' dir='ltr'>et</span> 
     </span>
     <span class='ocr_line' id='line_1_10' title="bbox 384 500 1445 553; baseline -0.004 -13"><span class='ocrx_word' id='word_1_31' title='bbox 384 503 597 553; x_wconf 89' lang='lat' dir='ltr'>praesentia</span> <span class='ocrx_word' id='word_1_32' title='bbox 633 503 759 552; x_wconf 89' lang='lat' dir='ltr'>priora</span> <span class='ocrx_word' id='word_1_33' title='bbox 786 503 937 549; x_wconf 89' lang='lat' dir='ltr'>futuris,</span> <span class='ocrx_word' id='word_1_34' title='bbox 967 502 1005 538; x_wconf 92' lang='lat' dir='ltr'>in</span> <span class='ocrx_word' id='word_1_35' title='bbox 1034 500 1267 538; x_wconf 88' lang='lat' dir='ltr'>consiliando</span> <span class='ocrx_word' id='word_1_36' title='bbox 1295 500 1445 537; x_wconf 90' lang='lat' dir='ltr'>videtur</span> 
     </span>
     <span class='ocr_line' id='line_1_11' title="bbox 387 552 1444 604; baseline -0.005 -11"><span class='ocrx_word' id='word_1_37' title='bbox 387 568 469 593; x_wconf 90' lang='lat' dir='ltr'>esse</span> <span class='ocrx_word' id='word_1_38' title='bbox 497 556 784 604; x_wconf 89' lang='lat' dir='ltr'>procedendum</span> <span class='ocrx_word' id='word_1_39' title='bbox 814 568 835 592; x_wconf 92' lang='lat' dir='ltr'>a</span> <span class='ocrx_word' id='word_1_40' title='bbox 863 554 1124 603; x_wconf 90' lang='lat' dir='ltr'>praesentibus</span> <span class='ocrx_word' id='word_1_41' title='bbox 1163 561 1199 589; x_wconf 91' lang='lat' dir='ltr'>et</span> <span class='ocrx_word' id='word_1_42' title='bbox 1236 552 1444 600; x_wconf 87' lang='lat' dir='ltr'>praeteritis</span> 
     </span>
     <span class='ocr_line' id='line_1_12' title="bbox 386 605 1444 656; baseline -0.005 -11"><span class='ocrx_word' id='word_1_43' title='bbox 386 609 424 645; x_wconf 93' lang='lat' dir='ltr'>in</span> <span class='ocrx_word' id='word_1_44' title='bbox 452 609 587 645; x_wconf 85' lang='lat' dir='ltr'>futura.</span> <span class='ocrx_word' id='word_1_45' title='bbox 609 609 725 655; x_wconf 89' lang='lat' dir='ltr'>Quod</span> <span class='ocrx_word' id='word_1_46' title='bbox 753 620 831 645; x_wconf 93' lang='lat' dir='ltr'>non</span> <span class='ocrx_word' id='word_1_47' title='bbox 850 607 1010 656; x_wconf 88' lang='lat' dir='ltr'>pertinet</span> <span class='ocrx_word' id='word_1_48' title='bbox 1037 606 1084 643; x_wconf 89' lang='lat' dir='ltr'>ad</span> <span class='ocrx_word' id='word_1_49' title='bbox 1105 605 1279 642; x_wconf 89' lang='lat' dir='ltr'>ordinem</span> <span class='ocrx_word' id='word_1_50' title='bbox 1304 606 1444 641; x_wconf 91' lang='lat' dir='ltr'>resolu-</span> 
     </span>
     <span class='ocr_line' id='line_1_13' title="bbox 386 657 1443 708; baseline -0.004 -10"><span class='ocrx_word' id='word_1_51' title='bbox 386 661 536 698; x_wconf 91' lang='lat' dir='ltr'>torium.</span> <span class='ocrx_word' id='word_1_52' title='bbox 558 662 659 708; x_wconf 87' lang='lat' dir='ltr'>Ergo</span> <span class='ocrx_word' id='word_1_53' title='bbox 689 661 726 697; x_wconf 92' lang='lat' dir='ltr'>in</span> <span class='ocrx_word' id='word_1_54' title='bbox 755 660 914 696; x_wconf 91' lang='lat' dir='ltr'>consiliis</span> <span class='ocrx_word' id='word_1_55' title='bbox 952 671 1030 695; x_wconf 92' lang='lat' dir='ltr'>non</span> <span class='ocrx_word' id='word_1_56' title='bbox 1059 666 1230 695; x_wconf 86' lang='lat' dir='ltr'>servatur</span> <span class='ocrx_word' id='word_1_57' title='bbox 1263 657 1358 694; x_wconf 94' lang='lat' dir='ltr'>ordo</span> <span class='ocrx_word' id='word_1_58' title='bbox 1389 670 1443 694; x_wconf 92' lang='lat' dir='ltr'>re-</span> 
     </span>
     <span class='ocr_line' id='line_1_14' title="bbox 388 714 602 751; baseline 0 -1"><span class='ocrx_word' id='word_1_59' title='bbox 388 714 602 751; x_wconf 90' lang='lat' dir='ltr'>solutorius.</span> 
     </span>
    </p>

    <p class='ocr_par' dir='ltr' id='par_1_6' title="bbox 386 763 1445 1076">
     <span class='ocr_line' id='line_1_15' title="bbox 442 763 1444 812; baseline -0.004 -9"><span class='ocrx_word' id='word_1_60' title='bbox 442 768 476 803; x_wconf 89' lang='lat'>3.</span> <span class='ocrx_word' id='word_1_61' title='bbox 506 768 746 812; x_wconf 79' lang='lat' dir='ltr'>PRAETEREA,</span> <span class='ocrx_word' id='word_1_62' title='bbox 778 763 978 801; x_wconf 89' lang='lat' dir='ltr'>consilium</span> <span class='ocrx_word' id='word_1_63' title='bbox 1007 776 1086 800; x_wconf 92' lang='lat' dir='ltr'>non</span> <span class='ocrx_word' id='word_1_64' title='bbox 1121 771 1176 800; x_wconf 91' lang='lat' dir='ltr'>est</span> <span class='ocrx_word' id='word_1_65' title='bbox 1204 763 1274 799; x_wconf 93' lang='lat' dir='ltr'>nisi</span> <span class='ocrx_word' id='word_1_66' title='bbox 1305 763 1351 799; x_wconf 91' lang='lat' dir='ltr'>de</span> <span class='ocrx_word' id='word_1_67' title='bbox 1386 763 1444 800; x_wconf 90' lang='lat' dir='ltr'>his</span> 
     </span>
     <span class='ocr_line' id='line_1_16' title="bbox 387 816 1445 867; baseline -0.004 -11"><span class='ocrx_word' id='word_1_68' title='bbox 387 831 483 867; x_wconf 91' lang='lat' dir='ltr'>quae</span> <span class='ocrx_word' id='word_1_69' title='bbox 504 827 589 855; x_wconf 91' lang='lat' dir='ltr'>sunt</span> <span class='ocrx_word' id='word_1_70' title='bbox 608 818 716 855; x_wconf 92' lang='lat' dir='ltr'>nobis</span> <span class='ocrx_word' id='word_1_71' title='bbox 731 816 931 866; x_wconf 89' lang='lat' dir='ltr'>possibilia,</span> <span class='ocrx_word' id='word_1_72' title='bbox 952 824 994 853; x_wconf 92' lang='lat' dir='ltr'>ut</span> <span class='ocrx_word' id='word_1_73' title='bbox 1012 816 1147 853; x_wconf 91' lang='lat' dir='ltr'>dicitur</span> <span class='ocrx_word' id='word_1_74' title='bbox 1166 816 1203 852; x_wconf 92' lang='lat' dir='ltr'>in</span> <span class='ocrx_word' id='word_1_75' title='bbox 1225 817 1274 852; x_wconf 91' lang='lat'>111</span> <span class='ocrx_word' id='word_1_76' title='bbox 1289 816 1408 852; x_wconf 85' lang='lat' dir='ltr'>Ethic.</span> <span class='ocrx_word' id='word_1_77' title='bbox 1425 816 1445 838; x_wconf 67' lang='lat'>²¹⁶</span> 
     </span>
     <span class='ocr_line' id='line_1_17' title="bbox 387 869 1444 918; baseline -0.005 -9"><span class='ocrx_word' id='word_1_78' title='bbox 387 873 464 909; x_wconf 92' lang='lat' dir='ltr'>Sed</span> <span class='ocrx_word' id='word_1_79' title='bbox 492 884 541 908; x_wconf 90' lang='lat' dir='ltr'>an</span> <span class='ocrx_word' id='word_1_80' title='bbox 569 872 614 908; x_wconf 90' lang='lat' dir='ltr'>sit</span> <span class='ocrx_word' id='word_1_81' title='bbox 633 870 742 907; x_wconf 91' lang='lat' dir='ltr'>nobis</span> <span class='ocrx_word' id='word_1_82' title='bbox 762 869 903 917; x_wconf 92' lang='lat' dir='ltr'>aliquid</span> <span class='ocrx_word' id='word_1_83' title='bbox 922 869 1112 918; x_wconf 89' lang='lat' dir='ltr'>possibile,</span> <span class='ocrx_word' id='word_1_84' title='bbox 1133 869 1380 918; x_wconf 86' lang='lat' dir='ltr'>perpenditur</span> <span class='ocrx_word' id='word_1_85' title='bbox 1400 881 1444 905; x_wconf 88' lang='lat' dir='ltr'>ex</span> 
     </span>
     <span class='ocr_line' id='line_1_18' title="bbox 387 922 1445 972; baseline -0.004 -11"><span class='ocrx_word' id='word_1_86' title='bbox 387 937 432 961; x_wconf 92' lang='lat' dir='ltr'>eo</span> <span class='ocrx_word' id='word_1_87' title='bbox 463 924 567 972; x_wconf 88' lang='lat' dir='ltr'>quod</span> <span class='ocrx_word' id='word_1_88' title='bbox 586 935 791 972; x_wconf 90' lang='lat' dir='ltr'>possumus</span> <span class='ocrx_word' id='word_1_89' title='bbox 820 923 955 968; x_wconf 89' lang='lat' dir='ltr'>facere,</span> <span class='ocrx_word' id='word_1_90' title='bbox 975 922 1038 958; x_wconf 91' lang='lat' dir='ltr'>vel</span> <span class='ocrx_word' id='word_1_91' title='bbox 1058 934 1136 958; x_wconf 94' lang='lat' dir='ltr'>non</span> <span class='ocrx_word' id='word_1_92' title='bbox 1163 933 1369 970; x_wconf 91' lang='lat' dir='ltr'>possumus</span> <span class='ocrx_word' id='word_1_93' title='bbox 1393 922 1445 958; x_wconf 88' lang='lat' dir='ltr'>fa-</span> 
     </span>
     <span class='ocr_line' id='line_1_19' title="bbox 387 974 1444 1024; baseline -0.003 -11"><span class='ocrx_word' id='word_1_94' title='bbox 387 989 471 1013; x_wconf 90' lang='lat' dir='ltr'>cere</span> <span class='ocrx_word' id='word_1_95' title='bbox 500 975 525 1023; x_wconf 75' lang='grc' dir='ltr'>β,</span> <span class='ocrx_word' id='word_1_96' title='bbox 546 984 586 1012; x_wconf 90' lang='lat' dir='ltr'>ut</span> <span class='ocrx_word' id='word_1_97' title='bbox 613 975 883 1024; x_wconf 87' lang='lat' dir='ltr'>perveniamus</span> <span class='ocrx_word' id='word_1_98' title='bbox 912 975 950 1011; x_wconf 90' lang='lat' dir='ltr'>in</span> <span class='ocrx_word' id='word_1_99' title='bbox 977 974 1080 1011; x_wconf 90' lang='lat' dir='ltr'>illud.</span> <span class='ocrx_word' id='word_1_100' title='bbox 1103 975 1204 1022; x_wconf 91' lang='lat' dir='ltr'>Ergo</span> <span class='ocrx_word' id='word_1_101' title='bbox 1226 974 1264 1011; x_wconf 92' lang='lat' dir='ltr'>in</span> <span class='ocrx_word' id='word_1_102' title='bbox 1292 974 1444 1022; x_wconf 90' lang='lat' dir='ltr'>inquisi-</span> 
     </span>
     <span class='ocr_line' id='line_1_20' title="bbox 386 1027 1380 1076; baseline -0.002 -11"><span class='ocrx_word' id='word_1_103' title='bbox 386 1030 487 1066; x_wconf 90' lang='lat' dir='ltr'>tione</span> <span class='ocrx_word' id='word_1_104' title='bbox 517 1028 659 1065; x_wconf 91' lang='lat' dir='ltr'>consilii</span> <span class='ocrx_word' id='word_1_105' title='bbox 686 1040 708 1064; x_wconf 91' lang='lat' dir='ltr'>a</span> <span class='ocrx_word' id='word_1_106' title='bbox 735 1027 998 1076; x_wconf 90' lang='lat' dir='ltr'>praesentibus</span> <span class='ocrx_word' id='word_1_107' title='bbox 1027 1027 1192 1075; x_wconf 90' lang='lat' dir='ltr'>incipere</span> <span class='ocrx_word' id='word_1_108' title='bbox 1221 1034 1380 1075; x_wconf 89' lang='lat' dir='ltr'>oportet.</span> 
     </span>
    </p>

    <p class='ocr_par' dir='ltr' id='par_1_7' title="bbox 383 1078 1445 1223">
     <span class='ocr_line' id='line_1_21' title="bbox 439 1078 1443 1129; baseline -0.004 -11"><span class='ocrx_word' id='word_1_109' title='bbox 439 1083 512 1118; x_wconf 80' lang='lat' dir='ltr'>SED</span> <span class='ocrx_word' id='word_1_110' title='bbox 541 1093 686 1118; x_wconf 79' lang='lat' dir='ltr'>CONTRA</span> <span class='ocrx_word' id='word_1_111' title='bbox 714 1092 779 1117; x_wconf 82' lang='lat' dir='ltr'>EST</span> <span class='ocrx_word' id='word_1_112' title='bbox 798 1081 903 1129; x_wconf 90' lang='lat' dir='ltr'>quod</span> <span class='ocrx_word' id='word_1_113' title='bbox 923 1079 1178 1128; x_wconf 84' lang='lat' dir='ltr'>Philosophus</span> <span class='ocrx_word' id='word_1_114' title='bbox 1207 1079 1306 1126; x_wconf 91' lang='lat' dir='ltr'>dicit,</span> <span class='ocrx_word' id='word_1_115' title='bbox 1336 1078 1373 1115; x_wconf 89' lang='lat' dir='ltr'>in</span> <span class='ocrx_word' id='word_1_116' title='bbox 1394 1080 1443 1114; x_wconf 94' lang='lat' dir='ltr'>III</span> 
     </span>
     <span class='ocr_line' id='line_1_22' title="bbox 383 1133 1445 1182; baseline -0.003 -12"><span class='ocrx_word' id='word_1_117' title='bbox 383 1135 505 1170; x_wconf 81' lang='lat' dir='ltr'>Ethic.</span> <span class='ocrx_word' id='word_1_118' title='bbox 530 1134 559 1181; x_wconf 70' lang='lat'>²³⁶,</span> <span class='ocrx_word' id='word_1_119' title='bbox 582 1133 686 1182; x_wconf 89' lang='lat' dir='ltr'>quod</span> <span class='ocrx_word' id='word_1_120' title='bbox 715 1133 775 1170; x_wconf 89' lang='lat' dir='ltr'>ille</span> <span class='ocrx_word' id='word_1_121' title='bbox 802 1133 866 1182; x_wconf 84' lang='lat' dir='ltr'>qui</span> <span class='ocrx_word' id='word_1_122' title='bbox 894 1133 1126 1178; x_wconf 81' lang='lat' dir='ltr'>consiliatur,</span> <span class='ocrx_word' id='word_1_123' title='bbox 1159 1133 1305 1169; x_wconf 76' lang='lat' dir='ltr'>videtur</span> <span class='ocrx_word' id='word_1_124' title='bbox 1334 1142 1445 1179; x_wconf 86' lang='lat' dir='ltr'>quae-</span> 
     </span>
     <span class='ocr_line' id='line_1_23' title="bbox 387 1186 756 1223; baseline -0.003 0"><span class='ocrx_word' id='word_1_125' title='bbox 387 1199 470 1223; x_wconf 85' lang='lat' dir='ltr'>rere</span> <span class='ocrx_word' id='word_1_126' title='bbox 498 1193 533 1223; x_wconf 87' lang='lat' dir='ltr'>et</span> <span class='ocrx_word' id='word_1_127' title='bbox 560 1186 756 1223; x_wconf 76' lang='lat' dir='ltr'>resolvere.</span> 
     </span>
    </p>

    <p class='ocr_par' dir='ltr' id='par_1_8' title="bbox 384 1236 1448 1499">
     <span class='ocr_line' id='line_1_24' title="bbox 439 1236 1444 1287; baseline -0.004 -11"><span class='ocrx_word' id='word_1_128' title='bbox 439 1241 662 1276; x_wconf 80' lang='lat' dir='ltr'>RESPONDEO</span> <span class='ocrx_word' id='word_1_129' title='bbox 692 1250 875 1275; x_wconf 78' lang='lat' dir='ltr'>DICENDUM</span> <span class='ocrx_word' id='word_1_130' title='bbox 895 1238 1000 1287; x_wconf 93' lang='lat' dir='ltr'>quod</span> <span class='ocrx_word' id='word_1_131' title='bbox 1019 1238 1057 1274; x_wconf 93' lang='lat' dir='ltr'>in</span> <span class='ocrx_word' id='word_1_132' title='bbox 1077 1237 1184 1274; x_wconf 88' lang='lat' dir='ltr'>omni</span> <span class='ocrx_word' id='word_1_133' title='bbox 1203 1236 1444 1286; x_wconf 82' lang='lat' dir='ltr'>inquisitione</span> 
     </span>
     <span class='ocr_line' id='line_1_25' title="bbox 386 1289 1447 1341; baseline -0.003 -12"><span class='ocrx_word' id='word_1_134' title='bbox 386 1300 535 1340; x_wconf 90' lang='lat' dir='ltr'>oportet</span> <span class='ocrx_word' id='word_1_135' title='bbox 561 1292 724 1341; x_wconf 90' lang='lat' dir='ltr'>incipere</span> <span class='ocrx_word' id='word_1_136' title='bbox 753 1292 801 1328; x_wconf 89' lang='lat' dir='ltr'>ab</span> <span class='ocrx_word' id='word_1_137' title='bbox 839 1291 963 1338; x_wconf 89' lang='lat' dir='ltr'>aliquo</span> <span class='ocrx_word' id='word_1_138' title='bbox 992 1290 1189 1339; x_wconf 90' lang='lat' dir='ltr'>principio.</span> <span class='ocrx_word' id='word_1_139' title='bbox 1221 1289 1337 1336; x_wconf 93' lang='lat' dir='ltr'>Quod</span> <span class='ocrx_word' id='word_1_140' title='bbox 1366 1289 1447 1338; x_wconf 91' lang='lat' dir='ltr'>qui-</span> 
     </span>
     <span class='ocr_line' id='line_1_26' title="bbox 386 1342 1448 1392; baseline -0.003 -10"><span class='ocrx_word' id='word_1_141' title='bbox 386 1346 475 1382; x_wconf 90' lang='lat' dir='ltr'>dem</span> <span class='ocrx_word' id='word_1_142' title='bbox 495 1345 536 1392; x_wconf 91' lang='lat' dir='ltr'>si,</span> <span class='ocrx_word' id='word_1_143' title='bbox 558 1346 652 1382; x_wconf 92' lang='lat' dir='ltr'>sicut</span> <span class='ocrx_word' id='word_1_144' title='bbox 672 1352 727 1381; x_wconf 87' lang='lat' dir='ltr'>est</span> <span class='ocrx_word' id='word_1_145' title='bbox 753 1343 857 1392; x_wconf 89' lang='lat' dir='ltr'>prius</span> <span class='ocrx_word' id='word_1_146' title='bbox 877 1344 915 1380; x_wconf 90' lang='lat' dir='ltr'>in</span> <span class='ocrx_word' id='word_1_147' title='bbox 935 1343 1161 1391; x_wconf 87' lang='lat' dir='ltr'>cognitione,</span> <span class='ocrx_word' id='word_1_148' title='bbox 1191 1343 1241 1381; x_wconf 89' lang='lat' dir='ltr'>ita</span> <span class='ocrx_word' id='word_1_149' title='bbox 1261 1343 1375 1380; x_wconf 90' lang='lat' dir='ltr'>etiarn</span> <span class='ocrx_word' id='word_1_150' title='bbox 1402 1342 1448 1379; x_wconf 91' lang='lat' dir='ltr'>sit</span> 
     </span>
     <span class='ocr_line' id='line_1_27' title="bbox 384 1395 1446 1446; baseline -0.002 -12"><span class='ocrx_word' id='word_1_151' title='bbox 384 1398 489 1446; x_wconf 94' lang='lat' dir='ltr'>prius</span> <span class='ocrx_word' id='word_1_152' title='bbox 508 1398 546 1435; x_wconf 92' lang='lat' dir='ltr'>in</span> <span class='ocrx_word' id='word_1_153' title='bbox 575 1410 668 1443; x_wconf 88' lang='lat' dir='ltr'>esse,</span> <span class='ocrx_word' id='word_1_154' title='bbox 690 1409 768 1434; x_wconf 92' lang='lat' dir='ltr'>non</span> <span class='ocrx_word' id='word_1_155' title='bbox 797 1404 852 1433; x_wconf 91' lang='lat' dir='ltr'>est</span> <span class='ocrx_word' id='word_1_156' title='bbox 870 1408 1071 1445; x_wconf 87' lang='lat' dir='ltr'>processus</span> <span class='ocrx_word' id='word_1_157' title='bbox 1100 1396 1355 1442; x_wconf 91' lang='lat' dir='ltr'>resolutorius,</span> <span class='ocrx_word' id='word_1_158' title='bbox 1378 1395 1446 1432; x_wconf 91' lang='lat' dir='ltr'>sed</span> 
     </span>
     <span class='ocr_line' id='line_1_28' title="bbox 385 1448 1446 1499; baseline -0.001 -12"><span class='ocrx_word' id='word_1_159' title='bbox 385 1451 503 1499; x_wconf 88' lang='lat' dir='ltr'>magis</span> <span class='ocrx_word' id='word_1_160' title='bbox 533 1450 824 1499; x_wconf 88' lang='lat' dir='ltr'>compositivus:</span> <span class='ocrx_word' id='word_1_161' title='bbox 846 1450 1054 1498; x_wconf 89' lang='lat' dir='ltr'>procedere</span> <span class='ocrx_word' id='word_1_162' title='bbox 1075 1449 1177 1486; x_wconf 89' lang='lat' dir='ltr'>enim</span> <span class='ocrx_word' id='word_1_163' title='bbox 1206 1461 1229 1486; x_wconf 87' lang='lat' dir='ltr'>a</span> <span class='ocrx_word' id='word_1_164' title='bbox 1257 1449 1379 1486; x_wconf 91' lang='lat' dir='ltr'>causis</span> <span class='ocrx_word' id='word_1_165' title='bbox 1408 1448 1446 1485; x_wconf 89' lang='lat' dir='ltr'>in</span> 
     </span>
    </p>
   </div>
   <div class='ocr_carea' id='block_1_6' title="bbox 385 1563 1447 1632">
    <p class='ocr_par' dir='ltr' id='par_1_9' title="bbox 385 1563 1447 1632">
     <span class='ocr_line' id='line_1_29' title="bbox 439 1563 1447 1598; baseline -0.003 -8"><span class='ocrx_word' id='word_1_166' title='bbox 439 1565 463 1598; x_wconf 84' lang='grc' dir='ltr'>β)</span> <span class='ocrx_word' id='word_1_167' title='bbox 480 1572 621 1597; x_wconf 79' lang='lat' dir='ltr'>possumus</span> <span class='ocrx_word' id='word_1_168' title='bbox 665 1565 768 1598; x_wconf 84' lang='lat' dir='ltr'>facere.</span> <span class='ocrx_word' id='word_1_169' title='bbox 779 1578 798 1582; x_wconf 97' lang='lat'><em>-</em></span> <span class='ocrx_word' id='word_1_170' title='bbox 811 1571 862 1588; x_wconf 89' lang='lat' dir='ltr'>non</span> <span class='ocrx_word' id='word_1_171' title='bbox 876 1571 1019 1595; x_wconf 82' lang='lat' dir='ltr'>possumus</span> <span class='ocrx_word' id='word_1_172' title='bbox 1031 1563 1125 1597; x_wconf 83' lang='lat' dir='ltr'>facere</span> <span class='ocrx_word' id='word_1_173' title='bbox 1139 1563 1240 1592; x_wconf 81' lang='lat' dir='ltr'>AEHL.</span> <span class='ocrx_word' id='word_1_174' title='bbox 1250 1570 1393 1595; x_wconf 81' lang='lat' dir='ltr'>possumus</span> <span class='ocrx_word' id='word_1_175' title='bbox 1401 1563 1447 1596; x_wconf 80' lang='lat' dir='ltr'>sa-</span> 
     </span>
     <span class='ocr_line' id='line_1_30' title="bbox 385 1598 1447 1632; baseline -0.004 -5"><span class='ocrx_word' id='word_1_176' title='bbox 385 1609 443 1627; x_wconf 80' lang='lat' dir='ltr'>cere</span> <span class='ocrx_word' id='word_1_177' title='bbox 462 1602 502 1626; x_wconf 84' lang='lat' dir='ltr'>vel</span> <span class='ocrx_word' id='word_1_178' title='bbox 521 1608 572 1625; x_wconf 90' lang='lat' dir='ltr'>non</span> <span class='ocrx_word' id='word_1_179' title='bbox 588 1607 730 1632; x_wconf 81' lang='lat' dir='ltr'>possumus</span> <span class='ocrx_word' id='word_1_180' title='bbox 749 1599 862 1629; x_wconf 79' lang='lat' dir='ltr'>CDKsB,</span> <span class='ocrx_word' id='word_1_181' title='bbox 879 1606 1020 1631; x_wconf 81' lang='lat' dir='ltr'>possumus</span> <span class='ocrx_word' id='word_1_182' title='bbox 1033 1599 1074 1624; x_wconf 85' lang='lat' dir='ltr'>vel</span> <span class='ocrx_word' id='word_1_183' title='bbox 1093 1606 1144 1623; x_wconf 86' lang='lat' dir='ltr'>non</span> <span class='ocrx_word' id='word_1_184' title='bbox 1155 1605 1298 1631; x_wconf 81' lang='lat' dir='ltr'>possumus</span> <span class='ocrx_word' id='word_1_185' title='bbox 1311 1598 1406 1631; x_wconf 80' lang='lat' dir='ltr'>facere</span> <span class='ocrx_word' id='word_1_186' title='bbox 1419 1599 1447 1629; x_wconf 82' lang='lat' dir='ltr'>F,</span> 
     </span>
    </p>
   </div>
   <div class='ocr_carea' id='block_1_7' title="bbox 1472 1337 1476 1496">
    <p class='ocr_par' dir='ltr' id='par_1_10' title="bbox 1472 1337 1476 1496">
     <span class='ocr_line' id='line_1_31' title="bbox 1472 1337 1476 1496; baseline 0 0"><span class='ocrx_word' id='word_1_187' title='bbox 1472 1337 1476 1496; x_wconf 95' lang='lat' dir='ltr'> </span> 
     </span>
    </p>
   </div>
   <div class='ocr_carea' id='block_1_8' title="bbox 1471 1562 1477 1667">
    <p class='ocr_par' dir='ltr' id='par_1_11' title="bbox 1471 1562 1477 1667">
     <span class='ocr_line' id='line_1_32' title="bbox 1471 1562 1477 1667; baseline 0 0"><span class='ocrx_word' id='word_1_188' title='bbox 1471 1562 1477 1667; x_wconf 95' lang='lat' dir='ltr'> </span> 
     </span>
    </p>
   </div>
   <div class='ocr_carea' id='block_1_9' title="bbox 1078 212 1877 260">
    <p class='ocr_par' dir='ltr' id='par_1_12' title="bbox 1078 212 1877 260">
     <span class='ocr_line' id='line_1_33' title="bbox 1078 212 1877 260; baseline -0.004 -10"><span class='ocrx_word' id='word_1_189' title='bbox 1078 213 1342 260; x_wconf 83' lang='lat' dir='ltr'>QUAEST1o</span> <span class='ocrx_word' id='word_1_190' title='bbox 1371 214 1474 259; x_wconf 84' lang='lat' dir='ltr'>XIV,</span> <span class='ocrx_word' id='word_1_191' title='bbox 1504 212 1799 249; x_wconf 84' lang='lat' dir='ltr'><strong>ARTICULUS</strong></span> <span class='ocrx_word' id='word_1_192' title='bbox 1827 212 1877 248; x_wconf 80' lang='lat' dir='ltr'>vi</span> 
     </span>
    </p>
   </div>
   <div class='ocr_carea' id='block_1_10' title="bbox 1497 290 2563 1497">
    <p class='ocr_par' dir='ltr' id='par_1_13' title="bbox 1497 290 2558 863">
     <span class='ocr_line' id='line_1_34' title="bbox 1499 290 2555 339; baseline -0.002 -12"><span class='ocrx_word' id='word_1_193' title='bbox 1499 291 1666 337; x_wconf 86' lang='lat' dir='ltr'>effectus,</span> <span class='ocrx_word' id='word_1_194' title='bbox 1688 298 1743 327; x_wconf 87' lang='lat' dir='ltr'>est</span> <span class='ocrx_word' id='word_1_195' title='bbox 1761 299 1961 338; x_wconf 89' lang='lat' dir='ltr'>processus</span> <span class='ocrx_word' id='word_1_196' title='bbox 1982 290 2278 339; x_wconf 89' lang='lat' dir='ltr'>compositivus,</span> <span class='ocrx_word' id='word_1_197' title='bbox 2308 302 2397 327; x_wconf 89' lang='lat' dir='ltr'>nam</span> <span class='ocrx_word' id='word_1_198' title='bbox 2419 301 2555 326; x_wconf 87' lang='lat' dir='ltr'>causae</span> 
     </span>
     <span class='ocr_line' id='line_1_35' title="bbox 1498 342 2557 391; baseline -0.002 -11"><span class='ocrx_word' id='word_1_199' title='bbox 1498 351 1585 380; x_wconf 89' lang='lat' dir='ltr'>sunt</span> <span class='ocrx_word' id='word_1_200' title='bbox 1604 343 1853 391; x_wconf 87' lang='lat' dir='ltr'>simpliciores</span> <span class='ocrx_word' id='word_1_201' title='bbox 1874 342 2080 379; x_wconf 88' lang='lat' dir='ltr'>effectibus.</span> <span class='ocrx_word' id='word_1_202' title='bbox 2109 343 2149 380; x_wconf 89' lang='lat' dir='ltr'>Si</span> <span class='ocrx_word' id='word_1_203' title='bbox 2170 350 2298 380; x_wconf 89' lang='lat' dir='ltr'>autem</span> <span class='ocrx_word' id='word_1_204' title='bbox 2317 342 2357 379; x_wconf 92' lang='lat' dir='ltr'>id</span> <span class='ocrx_word' id='word_1_205' title='bbox 2377 342 2482 391; x_wconf 93' lang='lat' dir='ltr'>quod</span> <span class='ocrx_word' id='word_1_206' title='bbox 2501 349 2557 378; x_wconf 91' lang='lat' dir='ltr'>est</span> 
     </span>
     <span class='ocr_line' id='line_1_36' title="bbox 1497 394 2556 444; baseline -0.001 -12"><span class='ocrx_word' id='word_1_207' title='bbox 1497 396 1599 443; x_wconf 92' lang='lat' dir='ltr'>prius</span> <span class='ocrx_word' id='word_1_208' title='bbox 1628 395 1666 431; x_wconf 91' lang='lat' dir='ltr'>in</span> <span class='ocrx_word' id='word_1_209' title='bbox 1686 394 1911 442; x_wconf 88' lang='lat' dir='ltr'>cognitione,</span> <span class='ocrx_word' id='word_1_210' title='bbox 1942 395 1988 431; x_wconf 89' lang='lat' dir='ltr'>sit</span> <span class='ocrx_word' id='word_1_211' title='bbox 2005 395 2191 443; x_wconf 89' lang='lat' dir='ltr'>posterius</span> <span class='ocrx_word' id='word_1_212' title='bbox 2211 395 2250 432; x_wconf 93' lang='lat' dir='ltr'>in</span> <span class='ocrx_word' id='word_1_213' title='bbox 2271 407 2365 442; x_wconf 82' lang='lat' dir='ltr'>esse,</span> <span class='ocrx_word' id='word_1_214' title='bbox 2397 402 2452 431; x_wconf 91' lang='lat' dir='ltr'>est</span> <span class='ocrx_word' id='word_1_215' title='bbox 2469 406 2556 444; x_wconf 95' lang='lat' dir='ltr'>pro-</span> 
     </span>
     <span class='ocr_line' id='line_1_37' title="bbox 1499 446 2557 495; baseline 0 -11"><span class='ocrx_word' id='word_1_216' title='bbox 1499 460 1626 484; x_wconf 90' lang='lat' dir='ltr'>cessus</span> <span class='ocrx_word' id='word_1_217' title='bbox 1646 446 1907 484; x_wconf 87' lang='lat' dir='ltr'>resolutorius:</span> <span class='ocrx_word' id='word_1_218' title='bbox 1933 454 2062 495; x_wconf 89' lang='lat' dir='ltr'>utpote</span> <span class='ocrx_word' id='word_1_219' title='bbox 2083 460 2171 484; x_wconf 90' lang='lat' dir='ltr'>curn</span> <span class='ocrx_word' id='word_1_220' title='bbox 2192 448 2239 485; x_wconf 91' lang='lat' dir='ltr'>de</span> <span class='ocrx_word' id='word_1_221' title='bbox 2261 447 2457 484; x_wconf 84' lang='lat' dir='ltr'>effectibus</span> <span class='ocrx_word' id='word_1_222' title='bbox 2476 459 2557 484; x_wconf 90' lang='lat' dir='ltr'>ma-</span> 
     </span>
     <span class='ocr_line' id='line_1_38' title="bbox 1498 499 2555 548; baseline 0 -12"><span class='ocrx_word' id='word_1_223' title='bbox 1498 500 1639 536; x_wconf 87' lang='lat' dir='ltr'>nifestis</span> <span class='ocrx_word' id='word_1_224' title='bbox 1658 499 1882 546; x_wconf 88' lang='lat' dir='ltr'>iudicamus,</span> <span class='ocrx_word' id='word_1_225' title='bbox 1903 500 2131 537; x_wconf 92' lang='lat' dir='ltr'>resolvendo</span> <span class='ocrx_word' id='word_1_226' title='bbox 2146 500 2184 537; x_wconf 90' lang='lat' dir='ltr'>in</span> <span class='ocrx_word' id='word_1_227' title='bbox 2201 513 2333 537; x_wconf 87' lang='lat' dir='ltr'>causas</span> <span class='ocrx_word' id='word_1_228' title='bbox 2353 500 2555 548; x_wconf 90' lang='lat' dir='ltr'>simplices.</span> 
     </span>
     <span class='ocr_line' id='line_1_39' title="bbox 1498 552 2555 601; baseline -0.001 -12"><span class='ocrx_word' id='word_1_229' title='bbox 1498 552 1729 600; x_wconf 86' lang='lat' dir='ltr'>Principium</span> <span class='ocrx_word' id='word_1_230' title='bbox 1749 559 1877 588; x_wconf 88' lang='lat' dir='ltr'>autem</span> <span class='ocrx_word' id='word_1_231' title='bbox 1897 552 1936 588; x_wconf 89' lang='lat' dir='ltr'>in</span> <span class='ocrx_word' id='word_1_232' title='bbox 1949 552 2190 601; x_wconf 90' lang='lat' dir='ltr'>inquisitione</span> <span class='ocrx_word' id='word_1_233' title='bbox 2219 553 2363 590; x_wconf 90' lang='lat' dir='ltr'>consilii</span> <span class='ocrx_word' id='word_1_234' title='bbox 2383 560 2439 589; x_wconf 90' lang='lat' dir='ltr'>est</span> <span class='ocrx_word' id='word_1_235' title='bbox 2457 552 2555 599; x_wconf 89' lang='lat' dir='ltr'>finis,</span> 
     </span>
     <span class='ocr_line' id='line_1_40' title="bbox 1499 604 2556 654; baseline 0.001 -14"><span class='ocrx_word' id='word_1_236' title='bbox 1499 605 1563 653; x_wconf 91' lang='lat' dir='ltr'>qui</span> <span class='ocrx_word' id='word_1_237' title='bbox 1592 604 1747 653; x_wconf 87' lang='lat' dir='ltr'>quidem</span> <span class='ocrx_word' id='word_1_238' title='bbox 1777 611 1833 641; x_wconf 88' lang='lat' dir='ltr'>est</span> <span class='ocrx_word' id='word_1_239' title='bbox 1850 604 1954 653; x_wconf 91' lang='lat' dir='ltr'>prior</span> <span class='ocrx_word' id='word_1_240' title='bbox 1980 605 2019 642; x_wconf 90' lang='lat' dir='ltr'>in</span> <span class='ocrx_word' id='word_1_241' title='bbox 2047 605 2266 652; x_wconf 89' lang='lat' dir='ltr'>intentione,</span> <span class='ocrx_word' id='word_1_242' title='bbox 2295 605 2483 654; x_wconf 87' lang='lat' dir='ltr'>posterior</span> <span class='ocrx_word' id='word_1_243' title='bbox 2503 612 2556 641; x_wconf 90' lang='lat' dir='ltr'>ta-</span> 
     </span>
     <span class='ocr_line' id='line_1_41' title="bbox 1499 657 2557 707; baseline 0.001 -14"><span class='ocrx_word' id='word_1_244' title='bbox 1499 670 1588 694; x_wconf 90' lang='lat' dir='ltr'>men</span> <span class='ocrx_word' id='word_1_245' title='bbox 1607 657 1645 693; x_wconf 92' lang='lat' dir='ltr'>in</span> <span class='ocrx_word' id='word_1_246' title='bbox 1666 669 1759 693; x_wconf 90' lang='lat' dir='ltr'>esse.</span> <span class='ocrx_word' id='word_1_247' title='bbox 1789 658 1838 693; x_wconf 95' lang='lat' dir='ltr'>Et</span> <span class='ocrx_word' id='word_1_248' title='bbox 1857 658 2068 695; x_wconf 89' lang='lat' dir='ltr'>secundum</span> <span class='ocrx_word' id='word_1_249' title='bbox 2087 659 2174 706; x_wconf 91' lang='lat' dir='ltr'>hoc,</span> <span class='ocrx_word' id='word_1_250' title='bbox 2196 666 2346 707; x_wconf 89' lang='lat' dir='ltr'>oportet</span> <span class='ocrx_word' id='word_1_251' title='bbox 2372 658 2478 706; x_wconf 90' lang='lat' dir='ltr'>quod</span> <span class='ocrx_word' id='word_1_252' title='bbox 2502 657 2557 694; x_wconf 91' lang='lat' dir='ltr'>in-</span> 
     </span>
     <span class='ocr_line' id='line_1_42' title="bbox 1498 709 2558 760; baseline -0.001 -13"><span class='ocrx_word' id='word_1_253' title='bbox 1498 710 1647 759; x_wconf 88' lang='lat' dir='ltr'>quisitio</span> <span class='ocrx_word' id='word_1_254' title='bbox 1678 709 1821 746; x_wconf 91' lang='lat' dir='ltr'>consilii</span> <span class='ocrx_word' id='word_1_255' title='bbox 1849 710 1894 746; x_wconf 91' lang='lat' dir='ltr'>sit</span> <span class='ocrx_word' id='word_1_256' title='bbox 1922 711 2144 759; x_wconf 80' lang='lat' dir='ltr'>resolutiva,</span> <span class='ocrx_word' id='word_1_257' title='bbox 2174 711 2389 760; x_wconf 89' lang='lat' dir='ltr'>incipiendo</span> <span class='ocrx_word' id='word_1_258' title='bbox 2418 710 2558 747; x_wconf 90' lang='lat' dir='ltr'>scilicet</span> 
     </span>
     <span class='ocr_line' id='line_1_43' title="bbox 1499 761 2558 812; baseline 0 -12"><span class='ocrx_word' id='word_1_259' title='bbox 1499 764 1546 800; x_wconf 90' lang='lat' dir='ltr'>ab</span> <span class='ocrx_word' id='word_1_260' title='bbox 1568 775 1614 799; x_wconf 94' lang='lat' dir='ltr'>eo</span> <span class='ocrx_word' id='word_1_261' title='bbox 1630 763 1735 810; x_wconf 90' lang='lat' dir='ltr'>quod</span> <span class='ocrx_word' id='word_1_262' title='bbox 1755 761 1793 799; x_wconf 91' lang='lat' dir='ltr'>in</span> <span class='ocrx_word' id='word_1_263' title='bbox 1812 762 1936 798; x_wconf 87' lang='lat' dir='ltr'>futuro</span> <span class='ocrx_word' id='word_1_264' title='bbox 1962 762 2176 811; x_wconf 87' lang='lat' dir='ltr'>intenditur,</span> <span class='ocrx_word' id='word_1_265' title='bbox 2202 776 2404 812; x_wconf 90' lang='lat' dir='ltr'>quousque</span> <span class='ocrx_word' id='word_1_266' title='bbox 2423 775 2558 812; x_wconf 88' lang='lat' dir='ltr'>perve-</span> 
     </span>
     <span class='ocr_line' id='line_1_44' title="bbox 1499 814 2364 863; baseline 0.001 -11"><span class='ocrx_word' id='word_1_267' title='bbox 1499 816 1620 852; x_wconf 91' lang='lat' dir='ltr'>niatur</span> <span class='ocrx_word' id='word_1_268' title='bbox 1648 815 1696 852; x_wconf 93' lang='lat' dir='ltr'>ad</span> <span class='ocrx_word' id='word_1_269' title='bbox 1724 814 1762 851; x_wconf 92' lang='lat' dir='ltr'>id</span> <span class='ocrx_word' id='word_1_270' title='bbox 1790 815 1896 863; x_wconf 91' lang='lat' dir='ltr'>quod</span> <span class='ocrx_word' id='word_1_271' title='bbox 1924 815 2047 852; x_wconf 91' lang='lat' dir='ltr'>statim</span> <span class='ocrx_word' id='word_1_272' title='bbox 2077 816 2268 863; x_wconf 90' lang='lat' dir='ltr'>agendum</span> <span class='ocrx_word' id='word_1_273' title='bbox 2297 824 2364 853; x_wconf 93' lang='lat' dir='ltr'>est.</span> 
     </span>
    </p>

    <p class='ocr_par' dir='ltr' id='par_1_14' title="bbox 1498 869 2559 1075">
     <span class='ocr_line' id='line_1_45' title="bbox 1550 869 2559 918; baseline -0.001 -13"><span class='ocrx_word' id='word_1_274' title='bbox 1550 870 1609 905; x_wconf 84' lang='lat' dir='ltr'>AD</span> <span class='ocrx_word' id='word_1_275' title='bbox 1638 880 1775 905; x_wconf 82' lang='lat' dir='ltr'><strong>PRIMUM</strong></span> <span class='ocrx_word' id='word_1_276' title='bbox 1803 879 1901 904; x_wconf 79' lang='lat' dir='ltr'>ERGO</span> <span class='ocrx_word' id='word_1_277' title='bbox 1931 879 2115 905; x_wconf 79' lang='lat' dir='ltr'>mcENDUM</span> <span class='ocrx_word' id='word_1_278' title='bbox 2142 869 2247 918; x_wconf 87' lang='lat' dir='ltr'>quod</span> <span class='ocrx_word' id='word_1_279' title='bbox 2276 869 2474 906; x_wconf 89' lang='lat' dir='ltr'>consilium</span> <span class='ocrx_word' id='word_1_280' title='bbox 2505 875 2559 905; x_wconf 90' lang='lat' dir='ltr'>est</span> 
     </span>
     <span class='ocr_line' id='line_1_46' title="bbox 1498 920 2558 971; baseline 0 -13"><span class='ocrx_word' id='word_1_281' title='bbox 1498 921 1653 970; x_wconf 91' lang='lat' dir='ltr'>quidem</span> <span class='ocrx_word' id='word_1_282' title='bbox 1667 926 1682 949; x_wconf 74' lang='grc' dir='ltr'>ἵ</span> <span class='ocrx_word' id='word_1_283' title='bbox 1703 921 1750 958; x_wconf 94' lang='lat' dir='ltr'>de</span> <span class='ocrx_word' id='word_1_284' title='bbox 1766 920 2061 969; x_wconf 91' lang='lat' dir='ltr'>operationibus.</span> <span class='ocrx_word' id='word_1_285' title='bbox 2084 921 2160 958; x_wconf 90' lang='lat' dir='ltr'>Sed</span> <span class='ocrx_word' id='word_1_286' title='bbox 2179 921 2273 958; x_wconf 88' lang='lat' dir='ltr'>ratio</span> <span class='ocrx_word' id='word_1_287' title='bbox 2294 921 2558 971; x_wconf 84' lang='lat' dir='ltr'>operationum</span> 
     </span>
     <span class='ocr_line' id='line_1_47' title="bbox 1498 973 2558 1022; baseline 0 -12"><span class='ocrx_word' id='word_1_288' title='bbox 1498 974 1678 1022; x_wconf 90' lang='lat' dir='ltr'>accipitur</span> <span class='ocrx_word' id='word_1_289' title='bbox 1707 986 1751 1010; x_wconf 87' lang='lat' dir='ltr'>ex</span> <span class='ocrx_word' id='word_1_290' title='bbox 1779 974 1877 1011; x_wconf 88' lang='lat' dir='ltr'>fine:</span> <span class='ocrx_word' id='word_1_291' title='bbox 1908 981 1945 1010; x_wconf 89' lang='lat' dir='ltr'>et</span> <span class='ocrx_word' id='word_1_292' title='bbox 1972 974 2058 1010; x_wconf 90' lang='lat' dir='ltr'>ideo</span> <span class='ocrx_word' id='word_1_293' title='bbox 2097 973 2193 1010; x_wconf 91' lang='lat' dir='ltr'>ordo</span> <span class='ocrx_word' id='word_1_294' title='bbox 2227 974 2474 1012; x_wconf 87' lang='lat' dir='ltr'>ratiocinandi</span> <span class='ocrx_word' id='word_1_295' title='bbox 2511 975 2558 1011; x_wconf 91' lang='lat' dir='ltr'>de</span> 
     </span>
     <span class='ocr_line' id='line_1_48' title="bbox 1499 1026 2487 1075; baseline 0.002 -13"><span class='ocrx_word' id='word_1_296' title='bbox 1499 1026 1795 1075; x_wconf 88' lang='lat' dir='ltr'>operationibus,</span> <span class='ocrx_word' id='word_1_297' title='bbox 1822 1034 1876 1063; x_wconf 91' lang='lat' dir='ltr'>est</span> <span class='ocrx_word' id='word_1_298' title='bbox 1905 1026 2113 1063; x_wconf 89' lang='lat' dir='ltr'>contrarius</span> <span class='ocrx_word' id='word_1_299' title='bbox 2141 1026 2264 1063; x_wconf 85' lang='lat' dir='ltr'>ordini</span> <span class='ocrx_word' id='word_1_300' title='bbox 2292 1027 2487 1075; x_wconf 88' lang='lat' dir='ltr'>operandi.</span> 
     </span>
    </p>

    <p class='ocr_par' dir='ltr' id='par_1_15' title="bbox 1497 1079 2560 1233">
     <span class='ocr_line' id='line_1_49' title="bbox 1551 1079 2559 1128; baseline 0.001 -13"><span class='ocrx_word' id='word_1_301' title='bbox 1551 1081 1610 1115; x_wconf 82' lang='lat' dir='ltr'>An</span> <span class='ocrx_word' id='word_1_302' title='bbox 1639 1090 1828 1115; x_wconf 78' lang='lat' dir='ltr'>SECUNDUM</span> <span class='ocrx_word' id='word_1_303' title='bbox 1862 1090 2046 1115; x_wconf 61' lang='lat' dir='ltr'>melerinum</span> <span class='ocrx_word' id='word_1_304' title='bbox 2075 1079 2181 1126; x_wconf 92' lang='lat' dir='ltr'>quod</span> <span class='ocrx_word' id='word_1_305' title='bbox 2218 1079 2312 1116; x_wconf 89' lang='lat' dir='ltr'>ratio</span> <span class='ocrx_word' id='word_1_306' title='bbox 2346 1079 2475 1128; x_wconf 90' lang='lat' dir='ltr'>incipit</span> <span class='ocrx_word' id='word_1_307' title='bbox 2511 1080 2559 1116; x_wconf 90' lang='lat' dir='ltr'>ab</span> 
     </span>
     <span class='ocr_line' id='line_1_50' title="bbox 1500 1130 2560 1179; baseline 0.001 -12"><span class='ocrx_word' id='word_1_308' title='bbox 1500 1143 1546 1167; x_wconf 89' lang='lat' dir='ltr'>eo</span> <span class='ocrx_word' id='word_1_309' title='bbox 1576 1131 1682 1179; x_wconf 92' lang='lat' dir='ltr'>quod</span> <span class='ocrx_word' id='word_1_310' title='bbox 1711 1139 1765 1168; x_wconf 90' lang='lat' dir='ltr'>est</span> <span class='ocrx_word' id='word_1_311' title='bbox 1789 1130 1893 1179; x_wconf 90' lang='lat' dir='ltr'>prius</span> <span class='ocrx_word' id='word_1_312' title='bbox 1921 1131 2132 1168; x_wconf 89' lang='lat' dir='ltr'>secundum</span> <span class='ocrx_word' id='word_1_313' title='bbox 2154 1131 2358 1168; x_wconf 91' lang='lat' dir='ltr'>rationem:</span> <span class='ocrx_word' id='word_1_314' title='bbox 2388 1144 2467 1168; x_wconf 92' lang='lat' dir='ltr'>non</span> <span class='ocrx_word' id='word_1_315' title='bbox 2495 1143 2560 1168; x_wconf 88' lang='lat' dir='ltr'>au-</span> 
     </span>
     <span class='ocr_line' id='line_1_51' title="bbox 1497 1184 2470 1233; baseline 0 -13"><span class='ocrx_word' id='word_1_316' title='bbox 1497 1191 1576 1220; x_wconf 91' lang='lat' dir='ltr'>tem</span> <span class='ocrx_word' id='word_1_317' title='bbox 1605 1196 1758 1232; x_wconf 91' lang='lat' dir='ltr'>semper</span> <span class='ocrx_word' id='word_1_318' title='bbox 1785 1184 1832 1220; x_wconf 93' lang='lat' dir='ltr'>ab</span> <span class='ocrx_word' id='word_1_319' title='bbox 1862 1196 1909 1221; x_wconf 88' lang='lat' dir='ltr'>eo</span> <span class='ocrx_word' id='word_1_320' title='bbox 1938 1184 2042 1232; x_wconf 92' lang='lat' dir='ltr'>quod</span> <span class='ocrx_word' id='word_1_321' title='bbox 2072 1191 2127 1221; x_wconf 92' lang='lat' dir='ltr'>est</span> <span class='ocrx_word' id='word_1_322' title='bbox 2154 1184 2257 1233; x_wconf 89' lang='lat' dir='ltr'>prius</span> <span class='ocrx_word' id='word_1_323' title='bbox 2285 1192 2470 1233; x_wconf 90' lang='lat' dir='ltr'>tempore.</span> 
     </span>
    </p>

    <p class='ocr_par' dir='ltr' id='par_1_16' title="bbox 1501 1237 2563 1497">
     <span class='ocr_line' id='line_1_52' title="bbox 1552 1237 2561 1286; baseline -0.001 -13"><span class='ocrx_word' id='word_1_324' title='bbox 1552 1238 1611 1274; x_wconf 84' lang='grc' dir='ltr'>Αι)</span> <span class='ocrx_word' id='word_1_325' title='bbox 1630 1248 1790 1274; x_wconf 82' lang='lat' dir='ltr'><strong>TERTIUM</strong></span> <span class='ocrx_word' id='word_1_326' title='bbox 1809 1249 1993 1274; x_wconf 81' lang='lat' dir='ltr'>DlCENDUM</span> <span class='ocrx_word' id='word_1_327' title='bbox 2009 1237 2113 1286; x_wconf 89' lang='lat' dir='ltr'>quod</span> <span class='ocrx_word' id='word_1_328' title='bbox 2130 1237 2176 1274; x_wconf 92' lang='lat' dir='ltr'>de</span> <span class='ocrx_word' id='word_1_329' title='bbox 2193 1249 2239 1274; x_wconf 91' lang='lat' dir='ltr'>eo</span> <span class='ocrx_word' id='word_1_330' title='bbox 2255 1237 2360 1286; x_wconf 90' lang='lat' dir='ltr'>quod</span> <span class='ocrx_word' id='word_1_331' title='bbox 2377 1244 2434 1274; x_wconf 90' lang='lat' dir='ltr'>est</span> <span class='ocrx_word' id='word_1_332' title='bbox 2448 1248 2561 1284; x_wconf 88' lang='lat' dir='ltr'>agen-</span> 
     </span>
     <span class='ocr_line' id='line_1_53' title="bbox 1501 1288 2563 1338; baseline -0.001 -11"><span class='ocrx_word' id='word_1_333' title='bbox 1501 1291 1595 1328; x_wconf 92' lang='lat' dir='ltr'>dum</span> <span class='ocrx_word' id='word_1_334' title='bbox 1615 1297 1771 1338; x_wconf 92' lang='lat' dir='ltr'>propter</span> <span class='ocrx_word' id='word_1_335' title='bbox 1789 1290 1920 1336; x_wconf 89' lang='lat' dir='ltr'>finem,</span> <span class='ocrx_word' id='word_1_336' title='bbox 1942 1302 2020 1326; x_wconf 94' lang='lat' dir='ltr'>non</span> <span class='ocrx_word' id='word_1_337' title='bbox 2041 1302 2312 1338; x_wconf 88' lang='lat' dir='ltr'>quaereremus</span> <span class='ocrx_word' id='word_1_338' title='bbox 2333 1289 2427 1326; x_wconf 92' lang='lat' dir='ltr'>scire</span> <span class='ocrx_word' id='word_1_339' title='bbox 2448 1301 2496 1326; x_wconf 91' lang='lat' dir='ltr'>an</span> <span class='ocrx_word' id='word_1_340' title='bbox 2516 1288 2563 1326; x_wconf 88' lang='lat' dir='ltr'>sit</span> 
     </span>
     <span class='ocr_line' id='line_1_54' title="bbox 1501 1341 2560 1392; baseline -0.001 -13"><span class='ocrx_word' id='word_1_341' title='bbox 1501 1342 1701 1392; x_wconf 90' lang='lat' dir='ltr'>possibile,</span> <span class='ocrx_word' id='word_1_342' title='bbox 1732 1342 1762 1379; x_wconf 93' lang='lat' dir='ltr'>si</span> <span class='ocrx_word' id='word_1_343' title='bbox 1795 1355 1873 1379; x_wconf 91' lang='lat' dir='ltr'>non</span> <span class='ocrx_word' id='word_1_344' title='bbox 1909 1350 2006 1379; x_wconf 91' lang='lat' dir='ltr'>esset</span> <span class='ocrx_word' id='word_1_345' title='bbox 2039 1355 2250 1391; x_wconf 87' lang='lat' dir='ltr'>congruum</span> <span class='ocrx_word' id='word_1_346' title='bbox 2281 1342 2361 1379; x_wconf 90' lang='lat' dir='ltr'>fini.</span> <span class='ocrx_word' id='word_1_347' title='bbox 2396 1343 2447 1379; x_wconf 86' lang='lat' dir='ltr'>Et</span> <span class='ocrx_word' id='word_1_348' title='bbox 2472 1341 2560 1379; x_wconf 91' lang='lat' dir='ltr'>ideo</span> 
     </span>
     <span class='ocr_line' id='line_1_55' title="bbox 1501 1394 2561 1445; baseline 0 -13"><span class='ocrx_word' id='word_1_349' title='bbox 1501 1396 1605 1445; x_wconf 92' lang='lat' dir='ltr'>prius</span> <span class='ocrx_word' id='word_1_350' title='bbox 1634 1402 1784 1444; x_wconf 92' lang='lat' dir='ltr'>oportet</span> <span class='ocrx_word' id='word_1_351' title='bbox 1815 1395 2004 1444; x_wconf 90' lang='lat' dir='ltr'>inquirere</span> <span class='ocrx_word' id='word_1_352' title='bbox 2033 1407 2082 1432; x_wconf 88' lang='lat' dir='ltr'>an</span> <span class='ocrx_word' id='word_1_353' title='bbox 2110 1395 2312 1432; x_wconf 88' lang='lat' dir='ltr'>conveniat</span> <span class='ocrx_word' id='word_1_354' title='bbox 2341 1395 2390 1432; x_wconf 93' lang='lat' dir='ltr'>ad</span> <span class='ocrx_word' id='word_1_355' title='bbox 2419 1394 2561 1432; x_wconf 86' lang='lat' dir='ltr'>dueen-</span> 
     </span>
     <span class='ocr_line' id='line_1_56' title="bbox 1502 1446 2559 1497; baseline -0.002 -11"><span class='ocrx_word' id='word_1_356' title='bbox 1502 1449 1595 1486; x_wconf 89' lang='lat' dir='ltr'>dum</span> <span class='ocrx_word' id='word_1_357' title='bbox 1611 1448 1649 1485; x_wconf 90' lang='lat' dir='ltr'>in</span> <span class='ocrx_word' id='word_1_358' title='bbox 1665 1449 1797 1495; x_wconf 88' lang='lat' dir='ltr'>finem,</span> <span class='ocrx_word' id='word_1_359' title='bbox 1818 1460 1934 1497; x_wconf 90' lang='lat' dir='ltr'>quam</span> <span class='ocrx_word' id='word_1_360' title='bbox 1956 1448 2215 1486; x_wconf 87' lang='lat' dir='ltr'>consideretur</span> <span class='ocrx_word' id='word_1_361' title='bbox 2233 1461 2282 1485; x_wconf 92' lang='lat' dir='ltr'>an</span> <span class='ocrx_word' id='word_1_362' title='bbox 2302 1448 2350 1485; x_wconf 91' lang='lat' dir='ltr'>sit</span> <span class='ocrx_word' id='word_1_363' title='bbox 2367 1446 2559 1496; x_wconf 89' lang='lat' dir='ltr'>possibile.</span> 
     </span>
    </p>
   </div>
   <div class='ocr_carea' id='block_1_11' title="bbox 1499 1561 2563 1666">
    <p class='ocr_par' dir='ltr' id='par_1_17' title="bbox 1499 1561 2563 1666">
     <span class='ocr_line' id='line_1_57' title="bbox 1501 1561 2563 1596; baseline -0.001 -9"><span class='ocrx_word' id='word_1_364' title='bbox 1501 1570 1553 1588; x_wconf 82' lang='lat' dir='ltr'>non</span> <span class='ocrx_word' id='word_1_365' title='bbox 1569 1570 1712 1594; x_wconf 75' lang='lat' dir='ltr'>possumus</span> <span class='ocrx_word' id='word_1_366' title='bbox 1724 1563 1818 1596; x_wconf 82' lang='lat' dir='ltr'>facere</span> <span class='ocrx_word' id='word_1_367' title='bbox 1836 1563 1877 1587; x_wconf 79' lang='lat' dir='ltr'>vel</span> <span class='ocrx_word' id='word_1_368' title='bbox 1896 1570 1947 1587; x_wconf 84' lang='lat' dir='ltr'>non</span> <span class='ocrx_word' id='word_1_369' title='bbox 1958 1569 2101 1594; x_wconf 76' lang='lat' dir='ltr'>possumus</span> <span class='ocrx_word' id='word_1_370' title='bbox 2115 1562 2187 1594; x_wconf 84' lang='lat' dir='ltr'>GpB,</span> <span class='ocrx_word' id='word_1_371' title='bbox 2203 1569 2254 1586; x_wconf 83' lang='lat' dir='ltr'>non</span> <span class='ocrx_word' id='word_1_372' title='bbox 2265 1568 2407 1593; x_wconf 74' lang='lat' dir='ltr'>possumus</span> <span class='ocrx_word' id='word_1_373' title='bbox 2414 1561 2510 1595; x_wconf 80' lang='lat' dir='ltr'>facere</span> <span class='ocrx_word' id='word_1_374' title='bbox 2523 1562 2563 1586; x_wconf 70' lang='lat' dir='ltr'>vel</span> 
     </span>
     <span class='ocr_line' id='line_1_58' title="bbox 1499 1598 1782 1630; baseline 0 -8"><span class='ocrx_word' id='word_1_375' title='bbox 1499 1605 1640 1630; x_wconf 85' lang='lat' dir='ltr'>possumus</span> <span class='ocrx_word' id='word_1_376' title='bbox 1653 1598 1746 1630; x_wconf 79' lang='lat' dir='ltr'>facere</span> <span class='ocrx_word' id='word_1_377' title='bbox 1765 1598 1782 1622; x_wconf 90' lang='lat' dir='ltr'>l.</span> 
     </span>
     <span class='ocr_line' id='line_1_59' title="bbox 1555 1633 1895 1666; baseline -0.003 -8"><span class='ocrx_word' id='word_1_378' title='bbox 1555 1634 1581 1666; x_wconf 80' lang='grc' dir='ltr'>γ)</span> <span class='ocrx_word' id='word_1_379' title='bbox 1600 1633 1715 1665; x_wconf 84' lang='lat' dir='ltr'>quidem.</span> <span class='ocrx_word' id='word_1_380' title='bbox 1732 1646 1751 1652; x_wconf 89' lang='lat'><em>-</em></span> <span class='ocrx_word' id='word_1_381' title='bbox 1769 1633 1830 1657; x_wconf 89' lang='lat' dir='ltr'>Om.</span> <span class='ocrx_word' id='word_1_382' title='bbox 1850 1633 1895 1657; x_wconf 84' lang='lat' dir='ltr'>Pa.</span> 
     </span>
    </p>
   </div>
   <div class='ocr_carea' id='block_1_12' title="bbox 1055 1712 1884 1746">
    <p class='ocr_par' dir='ltr' id='par_1_18' title="bbox 1055 1712 1884 1746">
     <span class='ocr_line' id='line_1_60' title="bbox 1055 1712 1884 1746; baseline -0.004 0"><span class='ocrx_word' id='word_1_383' title='bbox 1055 1713 1388 1746; x_wconf 62' lang='lat' dir='ltr'>Commentariis.</span> <span class='ocrx_word' id='word_1_384' title='bbox 1411 1712 1662 1744; x_wconf 73' lang='lat' dir='ltr'>Cardinalis</span> <span class='ocrx_word' id='word_1_385' title='bbox 1683 1712 1884 1745; x_wconf 76' lang='lat' dir='ltr'>Caietam</span> 
     </span>
    </p>
   </div>
   <div class='ocr_carea' id='block_1_13' title="bbox 386 1791 1451 2934">
    <p class='ocr_par' dir='ltr' id='par_1_19' title="bbox 386 1791 1447 2093">
     <span class='ocr_line' id='line_1_61' title="bbox 417 1791 1446 1836; baseline -0.006 -9"><span class='ocrx_word' id='word_1_386' title='bbox 417 1806 437 1826; x_wconf 81' lang='lat' dir='ltr'>N</span> <span class='ocrx_word' id='word_1_387' title='bbox 461 1796 573 1836; x_wconf 87' lang='lat' dir='ltr'>quinto</span> <span class='ocrx_word' id='word_1_388' title='bbox 597 1800 704 1825; x_wconf 88' lang='lat' dir='ltr'>autem</span> <span class='ocrx_word' id='word_1_389' title='bbox 723 1793 854 1823; x_wconf 86' lang='lat' dir='ltr'>articulo</span> <span class='ocrx_word' id='word_1_390' title='bbox 876 1792 1011 1823; x_wconf 91' lang='lat' dir='ltr'>dubium</span> <span class='ocrx_word' id='word_1_391' title='bbox 1034 1798 1091 1830; x_wconf 85' lang='lat' dir='ltr'>est,</span> <span class='ocrx_word' id='word_1_392' title='bbox 1107 1791 1182 1832; x_wconf 88' lang='lat' dir='ltr'>quia</span> <span class='ocrx_word' id='word_1_393' title='bbox 1200 1791 1301 1822; x_wconf 84' lang='lat' dir='ltr'>littera</span> <span class='ocrx_word' id='word_1_394' title='bbox 1325 1798 1446 1822; x_wconf 86' lang='lat' dir='ltr'>contra-</span> 
     </span>
     <span class='ocr_line' id='line_1_62' title="bbox 390 1808 1447 1878; baseline -0.003 -10"><span class='ocrx_word' id='word_1_395' title='bbox 390 1808 519 1870; x_wconf 83' lang='lat' dir='ltr'>Idicere</span> <span class='ocrx_word' id='word_1_396' title='bbox 542 1839 601 1869; x_wconf 90' lang='lat' dir='ltr'>sibi</span> <span class='ocrx_word' id='word_1_397' title='bbox 623 1838 684 1878; x_wconf 89' lang='lat' dir='ltr'>ipsi</span> <span class='ocrx_word' id='word_1_398' title='bbox 706 1837 838 1867; x_wconf 89' lang='lat' dir='ltr'>videtur.</span> <span class='ocrx_word' id='word_1_399' title='bbox 862 1836 917 1867; x_wconf 89' lang='lat' dir='ltr'>Ait</span> <span class='ocrx_word' id='word_1_400' title='bbox 943 1836 1030 1867; x_wconf 90' lang='lat' dir='ltr'>enim</span> <span class='ocrx_word' id='word_1_401' title='bbox 1062 1842 1092 1866; x_wconf 93' lang='lat' dir='ltr'>et</span> <span class='ocrx_word' id='word_1_402' title='bbox 1119 1835 1208 1876; x_wconf 92' lang='lat' dir='ltr'>quod</span> <span class='ocrx_word' id='word_1_403' title='bbox 1240 1845 1406 1875; x_wconf 87' lang='lat' dir='ltr'>processus</span> <span class='ocrx_word' id='word_1_404' title='bbox 1429 1845 1447 1865; x_wconf 91' lang='lat' dir='ltr'>a</span> 
     </span>
     <span class='ocr_line' id='line_1_63' title="bbox 387 1879 1447 1920; baseline -0.007 -5"><span class='ocrx_word' id='word_1_405' title='bbox 387 1884 488 1915; x_wconf 87' lang='lat' dir='ltr'>causis</span> <span class='ocrx_word' id='word_1_406' title='bbox 511 1884 550 1913; x_wconf 91' lang='lat' dir='ltr'>ad</span> <span class='ocrx_word' id='word_1_407' title='bbox 567 1882 693 1913; x_wconf 88' lang='lat' dir='ltr'>effectus</span> <span class='ocrx_word' id='word_1_408' title='bbox 712 1887 759 1911; x_wconf 91' lang='lat' dir='ltr'>est</span> <span class='ocrx_word' id='word_1_409' title='bbox 778 1880 1021 1920; x_wconf 88' lang='lat' dir='ltr'>compositivus;</span> <span class='ocrx_word' id='word_1_410' title='bbox 1039 1886 1070 1910; x_wconf 89' lang='lat' dir='ltr'>et</span> <span class='ocrx_word' id='word_1_411' title='bbox 1085 1879 1173 1920; x_wconf 93' lang='lat' dir='ltr'>quod</span> <span class='ocrx_word' id='word_1_412' title='bbox 1190 1889 1354 1919; x_wconf 87' lang='lat' dir='ltr'>processus</span> <span class='ocrx_word' id='word_1_413' title='bbox 1372 1889 1447 1909; x_wconf 94' lang='lat' dir='ltr'>con-</span> 
     </span>
     <span class='ocr_line' id='line_1_64' title="bbox 387 1923 1447 1965; baseline -0.006 -6"><span class='ocrx_word' id='word_1_414' title='bbox 387 1928 446 1959; x_wconf 90' lang='lat' dir='ltr'>silii</span> <span class='ocrx_word' id='word_1_415' title='bbox 462 1934 508 1958; x_wconf 91' lang='lat' dir='ltr'>est</span> <span class='ocrx_word' id='word_1_416' title='bbox 530 1937 548 1957; x_wconf 85' lang='lat' dir='ltr'>a</span> <span class='ocrx_word' id='word_1_417' title='bbox 571 1926 633 1957; x_wconf 92' lang='lat' dir='ltr'>fine</span> <span class='ocrx_word' id='word_1_418' title='bbox 649 1926 690 1956; x_wconf 90' lang='lat' dir='ltr'>ad</span> <span class='ocrx_word' id='word_1_419' title='bbox 712 1925 744 1956; x_wconf 89' lang='lat' dir='ltr'>id</span> <span class='ocrx_word' id='word_1_420' title='bbox 766 1925 856 1965; x_wconf 91' lang='lat' dir='ltr'>quod</span> <span class='ocrx_word' id='word_1_421' title='bbox 871 1931 918 1955; x_wconf 89' lang='lat' dir='ltr'>est</span> <span class='ocrx_word' id='word_1_422' title='bbox 939 1924 979 1954; x_wconf 89' lang='lat' dir='ltr'>ad</span> <span class='ocrx_word' id='word_1_423' title='bbox 1002 1923 1114 1959; x_wconf 88' lang='lat' dir='ltr'>finem;</span> <span class='ocrx_word' id='word_1_424' title='bbox 1139 1930 1170 1953; x_wconf 89' lang='lat' dir='ltr'>et</span> <span class='ocrx_word' id='word_1_425' title='bbox 1189 1929 1296 1954; x_wconf 88' lang='lat' dir='ltr'>tamen</span> <span class='ocrx_word' id='word_1_426' title='bbox 1319 1923 1447 1954; x_wconf 89' lang='lat' dir='ltr'>conclu-</span> 
     </span>
     <span class='ocr_line' id='line_1_65' title="bbox 388 1966 1447 2012; baseline -0.006 -10"><span class='ocrx_word' id='word_1_427' title='bbox 388 1972 432 2002; x_wconf 93' lang='lat' dir='ltr'>dit</span> <span class='ocrx_word' id='word_1_428' title='bbox 455 1971 544 2012; x_wconf 92' lang='lat' dir='ltr'>quod</span> <span class='ocrx_word' id='word_1_429' title='bbox 566 1980 731 2011; x_wconf 86' lang='lat' dir='ltr'>processus</span> <span class='ocrx_word' id='word_1_430' title='bbox 756 1969 878 1999; x_wconf 89' lang='lat' dir='ltr'>consilii</span> <span class='ocrx_word' id='word_1_431' title='bbox 901 1978 966 1998; x_wconf 89' lang='lat' dir='ltr'>non</span> <span class='ocrx_word' id='word_1_432' title='bbox 992 1975 1038 1998; x_wconf 90' lang='lat' dir='ltr'>est</span> <span class='ocrx_word' id='word_1_433' title='bbox 1062 1966 1301 2007; x_wconf 84' lang='lat' dir='ltr'>compositivus,</span> <span class='ocrx_word' id='word_1_434' title='bbox 1322 1967 1376 1997; x_wconf 90' lang='lat' dir='ltr'>sed</span> <span class='ocrx_word' id='word_1_435' title='bbox 1399 1977 1447 1997; x_wconf 89' lang='lat' dir='ltr'>re-</span> 
     </span>
     <span class='ocr_line' id='line_1_66' title="bbox 387 2010 1447 2051; baseline -0.006 -5"><span class='ocrx_word' id='word_1_436' title='bbox 387 2016 559 2050; x_wconf 90' lang='lat' dir='ltr'>solutivus,</span> <span class='ocrx_word' id='word_1_437' title='bbox 585 2024 620 2044; x_wconf 85' lang='lat' dir='ltr'>ac</span> <span class='ocrx_word' id='word_1_438' title='bbox 643 2013 668 2043; x_wconf 91' lang='lat' dir='ltr'>si</span> <span class='ocrx_word' id='word_1_439' title='bbox 691 2013 762 2043; x_wconf 88' lang='lat' dir='ltr'>finis</span> <span class='ocrx_word' id='word_1_440' title='bbox 786 2022 852 2042; x_wconf 93' lang='lat' dir='ltr'>non</span> <span class='ocrx_word' id='word_1_441' title='bbox 876 2019 956 2043; x_wconf 90' lang='lat' dir='ltr'>esset</span> <span class='ocrx_word' id='word_1_442' title='bbox 980 2021 1092 2047; x_wconf 80' lang='lat' dir='ltr'>causa,</span> <span class='ocrx_word' id='word_1_443' title='bbox 1119 2017 1149 2041; x_wconf 89' lang='lat' dir='ltr'>et</span> <span class='ocrx_word' id='word_1_444' title='bbox 1170 2010 1204 2040; x_wconf 93' lang='lat' dir='ltr'>id</span> <span class='ocrx_word' id='word_1_445' title='bbox 1227 2011 1316 2051; x_wconf 90' lang='lat' dir='ltr'>quod</span> <span class='ocrx_word' id='word_1_446' title='bbox 1339 2018 1386 2041; x_wconf 88' lang='lat' dir='ltr'>est</span> <span class='ocrx_word' id='word_1_447' title='bbox 1408 2011 1447 2040; x_wconf 92' lang='lat' dir='ltr'>ad</span> 
     </span>
     <span class='ocr_line' id='line_1_67' title="bbox 386 2056 1143 2093; baseline -0.008 -3"><span class='ocrx_word' id='word_1_448' title='bbox 386 2059 483 2090; x_wconf 89' lang='lat' dir='ltr'>finem</span> <span class='ocrx_word' id='word_1_449' title='bbox 507 2069 573 2089; x_wconf 91' lang='lat' dir='ltr'>non</span> <span class='ocrx_word' id='word_1_450' title='bbox 597 2064 677 2088; x_wconf 89' lang='lat' dir='ltr'>esset</span> <span class='ocrx_word' id='word_1_451' title='bbox 700 2057 836 2093; x_wconf 86' lang='lat' dir='ltr'>effectus,</span> <span class='ocrx_word' id='word_1_452' title='bbox 862 2056 917 2086; x_wconf 90' lang='lat' dir='ltr'>sed</span> <span class='ocrx_word' id='word_1_453' title='bbox 939 2066 956 2086; x_wconf 90' lang='lat' dir='ltr'>e</span> <span class='ocrx_word' id='word_1_454' title='bbox 980 2064 1143 2086; x_wconf 89' lang='lat' dir='ltr'>converso.</span> 
     </span>
    </p>

    <p class='ocr_par' dir='ltr' id='par_1_20' title="bbox 387 2098 1451 2934">
     <span class='ocr_line' id='line_1_68' title="bbox 442 2098 1448 2142; baseline -0.006 -8"><span class='ocrx_word' id='word_1_455' title='bbox 442 2103 493 2134; x_wconf 89' lang='lat' dir='ltr'>Ad</span> <span class='ocrx_word' id='word_1_456' title='bbox 515 2103 577 2133; x_wconf 91' lang='lat' dir='ltr'>hoc</span> <span class='ocrx_word' id='word_1_457' title='bbox 600 2101 713 2132; x_wconf 90' lang='lat' dir='ltr'>dicitur</span> <span class='ocrx_word' id='word_1_458' title='bbox 736 2101 834 2142; x_wconf 86' lang='lat' dir='ltr'>quod,</span> <span class='ocrx_word' id='word_1_459' title='bbox 860 2110 934 2131; x_wconf 90' lang='lat' dir='ltr'>cum</span> <span class='ocrx_word' id='word_1_460' title='bbox 955 2100 1037 2130; x_wconf 90' lang='lat' dir='ltr'>inter</span> <span class='ocrx_word' id='word_1_461' title='bbox 1059 2098 1156 2129; x_wconf 89' lang='lat' dir='ltr'>finem</span> <span class='ocrx_word' id='word_1_462' title='bbox 1180 2098 1397 2140; x_wconf 84' lang='lat' dir='ltr'>acquisibilem</span> <span class='ocrx_word' id='word_1_463' title='bbox 1418 2105 1448 2129; x_wconf 91' lang='lat' dir='ltr'>et</span> 
     </span>
     <span class='ocr_line' id='line_1_69' title="bbox 387 2141 1448 2188; baseline -0.005 -10"><span class='ocrx_word' id='word_1_464' title='bbox 387 2148 419 2178; x_wconf 89' lang='lat' dir='ltr'>id</span> <span class='ocrx_word' id='word_1_465' title='bbox 438 2147 527 2188; x_wconf 93' lang='lat' dir='ltr'>quod</span> <span class='ocrx_word' id='word_1_466' title='bbox 550 2153 597 2177; x_wconf 88' lang='lat' dir='ltr'>est</span> <span class='ocrx_word' id='word_1_467' title='bbox 612 2146 651 2176; x_wconf 86' lang='lat' dir='ltr'>ad</span> <span class='ocrx_word' id='word_1_468' title='bbox 674 2145 781 2181; x_wconf 86' lang='lat' dir='ltr'>finem,</span> <span class='ocrx_word' id='word_1_469' title='bbox 800 2145 839 2175; x_wconf 90' lang='lat' dir='ltr'>sit</span> <span class='ocrx_word' id='word_1_470' title='bbox 861 2144 979 2184; x_wconf 83' lang='lat' dir='ltr'>duplex</span> <span class='ocrx_word' id='word_1_471' title='bbox 998 2143 1131 2184; x_wconf 88' lang='lat' dir='ltr'>simplex</span> <span class='ocrx_word' id='word_1_472' title='bbox 1153 2141 1317 2179; x_wconf 86' lang='lat' dir='ltr'>habitudo,</span> <span class='ocrx_word' id='word_1_473' title='bbox 1335 2149 1366 2173; x_wconf 89' lang='lat' dir='ltr'>et</span> <span class='ocrx_word' id='word_1_474' title='bbox 1384 2152 1448 2173; x_wconf 91' lang='lat' dir='ltr'>una</span> 
     </span>
     <span class='ocr_line' id='line_1_70' title="bbox 387 2186 1447 2229; baseline -0.006 -7"><span class='ocrx_word' id='word_1_475' title='bbox 387 2190 587 2222; x_wconf 87' lang='lat' dir='ltr'>modificetur</span> <span class='ocrx_word' id='word_1_476' title='bbox 602 2191 635 2221; x_wconf 93' lang='lat' dir='ltr'>in</span> <span class='ocrx_word' id='word_1_477' title='bbox 654 2190 762 2226; x_wconf 82' lang='lat' dir='ltr'>altera;</span> <span class='ocrx_word' id='word_1_478' title='bbox 779 2195 884 2229; x_wconf 88' lang='lat' dir='ltr'>potest</span> <span class='ocrx_word' id='word_1_479' title='bbox 905 2187 1067 2229; x_wconf 88' lang='lat' dir='ltr'>tripliciter</span> <span class='ocrx_word' id='word_1_480' title='bbox 1086 2187 1214 2228; x_wconf 88' lang='lat' dir='ltr'>procedi</span> <span class='ocrx_word' id='word_1_481' title='bbox 1230 2186 1447 2218; x_wconf 82' lang='lat' dir='ltr'>ratiocinando</span> 
     </span>
     <span class='ocr_line' id='line_1_71' title="bbox 387 2230 1448 2275; baseline -0.006 -9"><span class='ocrx_word' id='word_1_482' title='bbox 387 2246 406 2266; x_wconf 89' lang='lat' dir='ltr'>a</span> <span class='ocrx_word' id='word_1_483' title='bbox 428 2235 491 2266; x_wconf 89' lang='lat' dir='ltr'>fine</span> <span class='ocrx_word' id='word_1_484' title='bbox 507 2235 547 2265; x_wconf 86' lang='lat' dir='ltr'>ad</span> <span class='ocrx_word' id='word_1_485' title='bbox 569 2245 606 2265; x_wconf 89' lang='lat' dir='ltr'>ea</span> <span class='ocrx_word' id='word_1_486' title='bbox 629 2244 710 2275; x_wconf 88' lang='lat' dir='ltr'>quae</span> <span class='ocrx_word' id='word_1_487' title='bbox 734 2240 807 2264; x_wconf 89' lang='lat' dir='ltr'>sunt</span> <span class='ocrx_word' id='word_1_488' title='bbox 830 2233 871 2264; x_wconf 87' lang='lat' dir='ltr'>ad</span> <span class='ocrx_word' id='word_1_489' title='bbox 900 2232 1006 2262; x_wconf 89' lang='lat' dir='ltr'>finem.</span> <span class='ocrx_word' id='word_1_490' title='bbox 1026 2232 1144 2268; x_wconf 90' lang='lat' dir='ltr'>Primo,</span> <span class='ocrx_word' id='word_1_491' title='bbox 1168 2231 1345 2263; x_wconf 89' lang='lat' dir='ltr'>secundum</span> <span class='ocrx_word' id='word_1_492' title='bbox 1374 2230 1448 2261; x_wconf 89' lang='lat' dir='ltr'>sirn-</span> 
     </span>
     <span class='ocr_line' id='line_1_72' title="bbox 388 2274 1449 2321; baseline -0.006 -11"><span class='ocrx_word' id='word_1_493' title='bbox 388 2279 504 2321; x_wconf 88' lang='lat' dir='ltr'>plicem</span> <span class='ocrx_word' id='word_1_494' title='bbox 526 2278 745 2309; x_wconf 80' lang='lat' dir='ltr'>habitudinem</span> <span class='ocrx_word' id='word_1_495' title='bbox 769 2286 880 2308; x_wconf 85' lang='lat' dir='ltr'>causae</span> <span class='ocrx_word' id='word_1_496' title='bbox 911 2275 1013 2307; x_wconf 82' lang='lat' dir='ltr'>finalis</span> <span class='ocrx_word' id='word_1_497' title='bbox 1037 2276 1077 2307; x_wconf 87' lang='lat' dir='ltr'>ad</span> <span class='ocrx_word' id='word_1_498' title='bbox 1106 2286 1203 2306; x_wconf 88' lang='lat' dir='ltr'>suurn</span> <span class='ocrx_word' id='word_1_499' title='bbox 1226 2274 1388 2311; x_wconf 84' lang='lat' dir='ltr'>effectum,</span> <span class='ocrx_word' id='word_1_500' title='bbox 1413 2281 1449 2305; x_wconf 95' lang='lat' dir='ltr'>ut</span> 
     </span>
     <span class='ocr_line' id='line_1_73' title="bbox 388 2318 1448 2362; baseline -0.006 -8"><span class='ocrx_word' id='word_1_501' title='bbox 388 2323 442 2354; x_wconf 89' lang='lat' dir='ltr'>sic.</span> <span class='ocrx_word' id='word_1_502' title='bbox 459 2323 500 2353; x_wconf 91' lang='lat' dir='ltr'>Et</span> <span class='ocrx_word' id='word_1_503' title='bbox 522 2322 572 2353; x_wconf 92' lang='lat' dir='ltr'>hic</span> <span class='ocrx_word' id='word_1_504' title='bbox 597 2329 642 2353; x_wconf 90' lang='lat' dir='ltr'>est</span> <span class='ocrx_word' id='word_1_505' title='bbox 665 2331 831 2362; x_wconf 90' lang='lat' dir='ltr'>processus</span> <span class='ocrx_word' id='word_1_506' title='bbox 855 2331 872 2351; x_wconf 85' lang='lat' dir='ltr'>a</span> <span class='ocrx_word' id='word_1_507' title='bbox 895 2319 958 2350; x_wconf 87' lang='lat' dir='ltr'>fine</span> <span class='ocrx_word' id='word_1_508' title='bbox 979 2326 1014 2350; x_wconf 90' lang='lat' dir='ltr'>ut</span> <span class='ocrx_word' id='word_1_509' title='bbox 1037 2320 1090 2356; x_wconf 90' lang='lat' dir='ltr'>sic,</span> <span class='ocrx_word' id='word_1_510' title='bbox 1114 2320 1154 2350; x_wconf 84' lang='lat' dir='ltr'>ad</span> <span class='ocrx_word' id='word_1_511' title='bbox 1176 2319 1209 2349; x_wconf 91' lang='lat' dir='ltr'>id</span> <span class='ocrx_word' id='word_1_512' title='bbox 1227 2318 1316 2359; x_wconf 92' lang='lat' dir='ltr'>quod</span> <span class='ocrx_word' id='word_1_513' title='bbox 1341 2325 1386 2349; x_wconf 90' lang='lat' dir='ltr'>est</span> <span class='ocrx_word' id='word_1_514' title='bbox 1409 2319 1448 2348; x_wconf 92' lang='lat' dir='ltr'>ad</span> 
     </span>
     <span class='ocr_line' id='line_1_74' title="bbox 388 2362 1448 2404; baseline -0.006 -6"><span class='ocrx_word' id='word_1_515' title='bbox 388 2366 486 2398; x_wconf 90' lang='lat' dir='ltr'>finem</span> <span class='ocrx_word' id='word_1_516' title='bbox 508 2372 544 2397; x_wconf 91' lang='lat' dir='ltr'>ut</span> <span class='ocrx_word' id='word_1_517' title='bbox 567 2366 620 2397; x_wconf 88' lang='lat' dir='ltr'>sic.</span> <span class='ocrx_word' id='word_1_518' title='bbox 640 2366 680 2397; x_wconf 95' lang='lat' dir='ltr'>Et</span> <span class='ocrx_word' id='word_1_519' title='bbox 703 2365 753 2396; x_wconf 88' lang='lat' dir='ltr'>hic</span> <span class='ocrx_word' id='word_1_520' title='bbox 777 2371 823 2395; x_wconf 87' lang='lat' dir='ltr'>est</span> <span class='ocrx_word' id='word_1_521' title='bbox 847 2364 1091 2404; x_wconf 89' lang='lat' dir='ltr'>compositivus,</span> <span class='ocrx_word' id='word_1_522' title='bbox 1122 2371 1152 2394; x_wconf 91' lang='lat' dir='ltr'>et</span> <span class='ocrx_word' id='word_1_523' title='bbox 1175 2373 1252 2394; x_wconf 90' lang='lat' dir='ltr'>suus</span> <span class='ocrx_word' id='word_1_524' title='bbox 1281 2362 1448 2402; x_wconf 83' lang='lat' dir='ltr'>oppositus</span> 
     </span>
     <span class='ocr_line' id='line_1_75' title="bbox 389 2407 1447 2447; baseline -0.006 -5"><span class='ocrx_word' id='word_1_525' title='bbox 389 2417 435 2442; x_wconf 90' lang='lat' dir='ltr'>est</span> <span class='ocrx_word' id='word_1_526' title='bbox 457 2410 662 2446; x_wconf 86' lang='lat' dir='ltr'>resolutivus;</span> <span class='ocrx_word' id='word_1_527' title='bbox 685 2409 766 2440; x_wconf 91' lang='lat' dir='ltr'>sicut</span> <span class='ocrx_word' id='word_1_528' title='bbox 788 2408 1003 2439; x_wconf 87' lang='lat' dir='ltr'>universaliter</span> <span class='ocrx_word' id='word_1_529' title='bbox 1031 2407 1208 2438; x_wconf 80' lang='lat' dir='ltr'>verificatur</span> <span class='ocrx_word' id='word_1_530' title='bbox 1231 2407 1269 2437; x_wconf 93' lang='lat' dir='ltr'>de</span> <span class='ocrx_word' id='word_1_531' title='bbox 1297 2416 1447 2447; x_wconf 90' lang='lat' dir='ltr'>processu</span> 
     </span>
     <span class='ocr_line' id='line_1_76' title="bbox 389 2451 1449 2490; baseline -0.005 -5"><span class='ocrx_word' id='word_1_532' title='bbox 389 2465 407 2485; x_wconf 85' lang='lat' dir='ltr'>a</span> <span class='ocrx_word' id='word_1_533' title='bbox 427 2465 520 2485; x_wconf 84' lang='lat' dir='ltr'>causa</span> <span class='ocrx_word' id='word_1_534' title='bbox 543 2455 582 2484; x_wconf 86' lang='lat' dir='ltr'>ad</span> <span class='ocrx_word' id='word_1_535' title='bbox 606 2454 764 2490; x_wconf 76' lang='lat' dir='ltr'>effectum,</span> <span class='ocrx_word' id='word_1_536' title='bbox 785 2460 815 2484; x_wconf 92' lang='lat' dir='ltr'>et</span> <span class='ocrx_word' id='word_1_537' title='bbox 838 2463 855 2483; x_wconf 91' lang='lat' dir='ltr'>e</span> <span class='ocrx_word' id='word_1_538' title='bbox 878 2462 1041 2484; x_wconf 84' lang='lat' dir='ltr'>converso.</span> <span class='ocrx_word' id='word_1_539' title='bbox 1059 2469 1080 2475; x_wconf 93' lang='lat'>—</span> <span class='ocrx_word' id='word_1_540' title='bbox 1097 2452 1255 2487; x_wconf 89' lang='lat' dir='ltr'>Secundo,</span> <span class='ocrx_word' id='word_1_541' title='bbox 1272 2451 1449 2481; x_wconf 89' lang='lat' dir='ltr'>secundum</span> 
     </span>
     <span class='ocr_line' id='line_1_77' title="bbox 390 2495 1449 2539; baseline -0.005 -10"><span class='ocrx_word' id='word_1_542' title='bbox 390 2499 566 2539; x_wconf 86' lang='lat' dir='ltr'>simplicem</span> <span class='ocrx_word' id='word_1_543' title='bbox 587 2497 803 2528; x_wconf 87' lang='lat' dir='ltr'>habitudinem</span> <span class='ocrx_word' id='word_1_544' title='bbox 829 2496 956 2527; x_wconf 84' lang='lat' dir='ltr'>effectus</span> <span class='ocrx_word' id='word_1_545' title='bbox 973 2495 1127 2527; x_wconf 90' lang='lat' dir='ltr'>efficiendi</span> <span class='ocrx_word' id='word_1_546' title='bbox 1143 2496 1182 2526; x_wconf 90' lang='lat' dir='ltr'>ad</span> <span class='ocrx_word' id='word_1_547' title='bbox 1205 2505 1333 2526; x_wconf 80' lang='lat' dir='ltr'>causam</span> <span class='ocrx_word' id='word_1_548' title='bbox 1347 2505 1366 2524; x_wconf 88' lang='lat' dir='ltr'>a</span> <span class='ocrx_word' id='word_1_549' title='bbox 1385 2505 1449 2535; x_wconf 90' lang='lat' dir='ltr'>qua</span> 
     </span>
     <span class='ocr_line' id='line_1_78' title="bbox 390 2539 1450 2581; baseline -0.003 -8"><span class='ocrx_word' id='word_1_550' title='bbox 390 2542 469 2573; x_wconf 89' lang='lat' dir='ltr'>effici</span> <span class='ocrx_word' id='word_1_551' title='bbox 493 2542 594 2573; x_wconf 86' lang='lat' dir='ltr'>debet.</span> <span class='ocrx_word' id='word_1_552' title='bbox 611 2542 652 2572; x_wconf 90' lang='lat' dir='ltr'>Et</span> <span class='ocrx_word' id='word_1_553' title='bbox 674 2541 725 2572; x_wconf 88' lang='lat' dir='ltr'>hic</span> <span class='ocrx_word' id='word_1_554' title='bbox 748 2548 795 2572; x_wconf 93' lang='lat' dir='ltr'>est</span> <span class='ocrx_word' id='word_1_555' title='bbox 813 2550 979 2581; x_wconf 88' lang='lat' dir='ltr'>processus</span> <span class='ocrx_word' id='word_1_556' title='bbox 1002 2541 1040 2571; x_wconf 86' lang='lat' dir='ltr'>ab</span> <span class='ocrx_word' id='word_1_557' title='bbox 1066 2539 1175 2570; x_wconf 88' lang='lat' dir='ltr'>effectu</span> <span class='ocrx_word' id='word_1_558' title='bbox 1196 2540 1235 2570; x_wconf 91' lang='lat' dir='ltr'>ad</span> <span class='ocrx_word' id='word_1_559' title='bbox 1259 2547 1401 2570; x_wconf 88' lang='lat' dir='ltr'>causam:</span> <span class='ocrx_word' id='word_1_560' title='bbox 1419 2545 1450 2570; x_wconf 90' lang='lat' dir='ltr'>et</span> 
     </span>
     <span class='ocr_line' id='line_1_79' title="bbox 390 2583 1450 2625; baseline -0.004 -8"><span class='ocrx_word' id='word_1_561' title='bbox 390 2593 436 2617; x_wconf 88' lang='lat' dir='ltr'>est</span> <span class='ocrx_word' id='word_1_562' title='bbox 458 2586 663 2622; x_wconf 76' lang='lat' dir='ltr'>resolufivus,</span> <span class='ocrx_word' id='word_1_563' title='bbox 688 2592 718 2616; x_wconf 90' lang='lat' dir='ltr'>et</span> <span class='ocrx_word' id='word_1_564' title='bbox 741 2595 818 2616; x_wconf 91' lang='lat' dir='ltr'>suus</span> <span class='ocrx_word' id='word_1_565' title='bbox 841 2584 1009 2625; x_wconf 90' lang='lat' dir='ltr'>oppositus</span> <span class='ocrx_word' id='word_1_566' title='bbox 1037 2591 1084 2615; x_wconf 90' lang='lat' dir='ltr'>est</span> <span class='ocrx_word' id='word_1_567' title='bbox 1108 2583 1351 2624; x_wconf 88' lang='lat' dir='ltr'>compositivus,</span> <span class='ocrx_word' id='word_1_568' title='bbox 1375 2583 1450 2623; x_wconf 87' lang='lat' dir='ltr'>quia</span> 
     </span>
     <span class='ocr_line' id='line_1_80' title="bbox 390 2628 1449 2667; baseline -0.004 -6"><span class='ocrx_word' id='word_1_569' title='bbox 390 2641 408 2660; x_wconf 90' lang='lat' dir='ltr'>a</span> <span class='ocrx_word' id='word_1_570' title='bbox 432 2641 524 2661; x_wconf 83' lang='lat' dir='ltr'>causa</span> <span class='ocrx_word' id='word_1_571' title='bbox 552 2630 591 2660; x_wconf 87' lang='lat' dir='ltr'>ad</span> <span class='ocrx_word' id='word_1_572' title='bbox 615 2629 771 2660; x_wconf 87' lang='lat' dir='ltr'>effectum.</span> <span class='ocrx_word' id='word_1_573' title='bbox 799 2629 918 2660; x_wconf 90' lang='lat' dir='ltr'>Neuter</span> <span class='ocrx_word' id='word_1_574' title='bbox 940 2635 1047 2659; x_wconf 87' lang='lat' dir='ltr'>autem</span> <span class='ocrx_word' id='word_1_575' title='bbox 1073 2628 1191 2659; x_wconf 89' lang='lat' dir='ltr'>horum</span> <span class='ocrx_word' id='word_1_576' title='bbox 1214 2634 1260 2658; x_wconf 90' lang='lat' dir='ltr'>est</span> <span class='ocrx_word' id='word_1_577' title='bbox 1283 2637 1449 2667; x_wconf 89' lang='lat' dir='ltr'>processus</span> 
     </span>
     <span class='ocr_line' id='line_1_81' title="bbox 391 2671 1450 2714; baseline -0.004 -9"><span class='ocrx_word' id='word_1_578' title='bbox 391 2674 523 2705; x_wconf 91' lang='lat' dir='ltr'>consilii.</span> <span class='ocrx_word' id='word_1_579' title='bbox 546 2675 621 2704; x_wconf 90' lang='lat' dir='ltr'>Non</span> <span class='ocrx_word' id='word_1_580' title='bbox 644 2674 782 2714; x_wconf 90' lang='lat' dir='ltr'>primus,</span> <span class='ocrx_word' id='word_1_581' title='bbox 808 2672 883 2713; x_wconf 87' lang='lat' dir='ltr'>quia</span> <span class='ocrx_word' id='word_1_582' title='bbox 914 2672 1085 2703; x_wconf 90' lang='lat' dir='ltr'>consilium</span> <span class='ocrx_word' id='word_1_583' title='bbox 1108 2678 1154 2702; x_wconf 90' lang='lat' dir='ltr'>est</span> <span class='ocrx_word' id='word_1_584' title='bbox 1177 2672 1215 2702; x_wconf 91' lang='lat' dir='ltr'>de</span> <span class='ocrx_word' id='word_1_585' title='bbox 1239 2671 1408 2702; x_wconf 85' lang='lat' dir='ltr'>efficiendis</span> <span class='ocrx_word' id='word_1_586' title='bbox 1432 2681 1450 2700; x_wconf 89' lang='lat' dir='ltr'>a</span> 
     </span>
     <span class='ocr_line' id='line_1_82' title="bbox 391 2715 1449 2758; baseline -0.003 -9"><span class='ocrx_word' id='word_1_587' title='bbox 391 2719 498 2755; x_wconf 92' lang='lat' dir='ltr'>nobis,</span> <span class='ocrx_word' id='word_1_588' title='bbox 523 2725 560 2749; x_wconf 90' lang='lat' dir='ltr'>ut</span> <span class='ocrx_word' id='word_1_589' title='bbox 582 2725 668 2758; x_wconf 83' lang='lat' dir='ltr'>patet</span> <span class='ocrx_word' id='word_1_590' title='bbox 689 2718 721 2748; x_wconf 91' lang='lat' dir='ltr'>in</span> <span class='ocrx_word' id='word_1_591' title='bbox 745 2724 801 2748; x_wconf 88' lang='lat' dir='ltr'>art.</span> <span class='ocrx_word' id='word_1_592' title='bbox 829 2718 845 2748; x_wconf 83' lang='lat'>3</span> <span class='ocrx_word' id='word_1_593' title='bbox 871 2723 901 2748; x_wconf 90' lang='lat' dir='ltr'>et</span> <span class='ocrx_word' id='word_1_594' title='bbox 923 2725 959 2756; x_wconf 87' lang='lat'>4:</span> <span class='ocrx_word' id='word_1_595' title='bbox 985 2716 1018 2747; x_wconf 86' lang='lat' dir='ltr'>in</span> <span class='ocrx_word' id='word_1_596' title='bbox 1040 2726 1190 2757; x_wconf 86' lang='lat' dir='ltr'>processu</span> <span class='ocrx_word' id='word_1_597' title='bbox 1214 2722 1321 2746; x_wconf 85' lang='lat' dir='ltr'>autem</span> <span class='ocrx_word' id='word_1_598' title='bbox 1344 2715 1449 2756; x_wconf 88' lang='lat' dir='ltr'>primo</span> 
     </span>
     <span class='ocr_line' id='line_1_83' title="bbox 391 2759 1450 2801; baseline -0.002 -9"><span class='ocrx_word' id='word_1_599' title='bbox 391 2763 469 2792; x_wconf 88' lang='lat' dir='ltr'>nihil</span> <span class='ocrx_word' id='word_1_600' title='bbox 493 2762 605 2793; x_wconf 90' lang='lat' dir='ltr'>dicitur</span> <span class='ocrx_word' id='word_1_601' title='bbox 632 2762 670 2792; x_wconf 92' lang='lat' dir='ltr'>de</span> <span class='ocrx_word' id='word_1_602' title='bbox 693 2762 833 2801; x_wconf 84' lang='lat' dir='ltr'>agend0‚</span> <span class='ocrx_word' id='word_1_603' title='bbox 859 2761 914 2791; x_wconf 92' lang='lat' dir='ltr'>sed</span> <span class='ocrx_word' id='word_1_604' title='bbox 941 2767 1065 2791; x_wconf 89' lang='lat' dir='ltr'>tantum</span> <span class='ocrx_word' id='word_1_605' title='bbox 1089 2761 1127 2790; x_wconf 90' lang='lat' dir='ltr'>de</span> <span class='ocrx_word' id='word_1_606' title='bbox 1149 2759 1212 2790; x_wconf 88' lang='lat' dir='ltr'>fine</span> <span class='ocrx_word' id='word_1_607' title='bbox 1237 2766 1268 2790; x_wconf 91' lang='lat' dir='ltr'>et</span> <span class='ocrx_word' id='word_1_608' title='bbox 1290 2760 1329 2790; x_wconf 87' lang='lat' dir='ltr'>ad</span> <span class='ocrx_word' id='word_1_609' title='bbox 1352 2759 1450 2790; x_wconf 85' lang='lat' dir='ltr'>finem</span> 
     </span>
     <span class='ocr_line' id='line_1_84' title="bbox 392 2803 1450 2846; baseline -0.003 -10"><span class='ocrx_word' id='word_1_610' title='bbox 392 2813 427 2836; x_wconf 92' lang='lat' dir='ltr'>ut</span> <span class='ocrx_word' id='word_1_611' title='bbox 443 2806 495 2837; x_wconf 92' lang='lat' dir='ltr'>sic.</span> <span class='ocrx_word' id='word_1_612' title='bbox 512 2824 533 2829; x_wconf 89' lang='lat'>-</span> <span class='ocrx_word' id='word_1_613' title='bbox 549 2807 614 2836; x_wconf 90' lang='lat' dir='ltr'>Nec</span> <span class='ocrx_word' id='word_1_614' title='bbox 630 2807 797 2842; x_wconf 89' lang='lat' dir='ltr'>secundus,</span> <span class='ocrx_word' id='word_1_615' title='bbox 815 2805 890 2846; x_wconf 91' lang='lat' dir='ltr'>quia</span> <span class='ocrx_word' id='word_1_616' title='bbox 908 2804 1078 2835; x_wconf 90' lang='lat' dir='ltr'>consilium</span> <span class='ocrx_word' id='word_1_617' title='bbox 1095 2811 1141 2834; x_wconf 91' lang='lat' dir='ltr'>est</span> <span class='ocrx_word' id='word_1_618' title='bbox 1157 2804 1195 2834; x_wconf 92' lang='lat' dir='ltr'>de</span> <span class='ocrx_word' id='word_1_619' title='bbox 1210 2803 1259 2834; x_wconf 85' lang='lat' dir='ltr'>his</span> <span class='ocrx_word' id='word_1_620' title='bbox 1275 2814 1357 2844; x_wconf 89' lang='lat' dir='ltr'>quae</span> <span class='ocrx_word' id='word_1_621' title='bbox 1377 2810 1450 2834; x_wconf 88' lang='lat' dir='ltr'>sunt</span> 
     </span>
     <span class='ocr_line' id='line_1_85' title="bbox 392 2847 1450 2890; baseline -0.003 -10"><span class='ocrx_word' id='word_1_622' title='bbox 392 2851 431 2880; x_wconf 88' lang='lat' dir='ltr'>ad</span> <span class='ocrx_word' id='word_1_623' title='bbox 455 2850 560 2886; x_wconf 89' lang='lat' dir='ltr'>finem,</span> <span class='ocrx_word' id='word_1_624' title='bbox 581 2857 617 2881; x_wconf 93' lang='lat' dir='ltr'>ut</span> <span class='ocrx_word' id='word_1_625' title='bbox 632 2856 717 2890; x_wconf 90' lang='lat' dir='ltr'>patet</span> <span class='ocrx_word' id='word_1_626' title='bbox 735 2850 768 2880; x_wconf 90' lang='lat' dir='ltr'>in</span> <span class='ocrx_word' id='word_1_627' title='bbox 787 2856 843 2880; x_wconf 81' lang='lat' dir='ltr'>art.</span> <span class='ocrx_word' id='word_1_628' title='bbox 862 2859 890 2879; x_wconf 88' lang='lat'>2.</span> <span class='ocrx_word' id='word_1_629' title='bbox 911 2849 952 2880; x_wconf 93' lang='lat' dir='ltr'>Et</span> <span class='ocrx_word' id='word_1_630' title='bbox 968 2849 1047 2879; x_wconf 86' lang='lat' dir='ltr'>adeo</span> <span class='ocrx_word' id='word_1_631' title='bbox 1063 2849 1125 2879; x_wconf 91' lang='lat' dir='ltr'>hoc</span> <span class='ocrx_word' id='word_1_632' title='bbox 1140 2847 1172 2878; x_wconf 91' lang='lat' dir='ltr'>in</span> <span class='ocrx_word' id='word_1_633' title='bbox 1189 2847 1395 2888; x_wconf 87' lang='lat' dir='ltr'>responsione</span> <span class='ocrx_word' id='word_1_634' title='bbox 1411 2847 1450 2877; x_wconf 90' lang='lat' dir='ltr'>ad</span> 
     </span>
     <span class='ocr_line' id='line_1_86' title="bbox 393 2891 1451 2934; baseline -0.003 -10"><span class='ocrx_word' id='word_1_635' title='bbox 393 2894 519 2924; x_wconf 91' lang='lat' dir='ltr'>tertium</span> <span class='ocrx_word' id='word_1_636' title='bbox 536 2894 630 2924; x_wconf 89' lang='lat' dir='ltr'>huius</span> <span class='ocrx_word' id='word_1_637' title='bbox 650 2894 752 2934; x_wconf 89' lang='lat' dir='ltr'>quinti</span> <span class='ocrx_word' id='word_1_638' title='bbox 768 2893 900 2930; x_wconf 82' lang='lat' dir='ltr'>articuli,</span> <span class='ocrx_word' id='word_1_639' title='bbox 923 2892 1109 2933; x_wconf 83' lang='lat' dir='ltr'>ponderavit</span> <span class='ocrx_word' id='word_1_640' title='bbox 1125 2894 1256 2928; x_wconf 86' lang='lat' dir='ltr'>Auctor,</span> <span class='ocrx_word' id='word_1_641' title='bbox 1279 2898 1315 2922; x_wconf 93' lang='lat' dir='ltr'>ut</span> <span class='ocrx_word' id='word_1_642' title='bbox 1331 2891 1451 2932; x_wconf 87' lang='lat' dir='ltr'>agenda</span> 
     </span>
    </p>
   </div>
   <div class='ocr_carea' id='block_1_14' title="bbox 1502 1789 2564 2710">
    <p class='ocr_par' dir='ltr' id='par_1_21' title="bbox 1502 1789 2563 1962">
     <span class='ocr_line' id='line_1_87' title="bbox 1502 1789 2562 1830; baseline -0.001 -9"><span class='ocrx_word' id='word_1_643' title='bbox 1502 1801 1520 1821; x_wconf 94' lang='lat' dir='ltr'>a</span> <span class='ocrx_word' id='word_1_644' title='bbox 1543 1791 1634 1822; x_wconf 91' lang='lat' dir='ltr'>nobis</span> <span class='ocrx_word' id='word_1_645' title='bbox 1658 1801 1724 1821; x_wconf 91' lang='lat' dir='ltr'>non</span> <span class='ocrx_word' id='word_1_646' title='bbox 1748 1791 1857 1822; x_wconf 88' lang='lat' dir='ltr'>cadere</span> <span class='ocrx_word' id='word_1_647' title='bbox 1880 1791 1938 1821; x_wconf 90' lang='lat' dir='ltr'>sub</span> <span class='ocrx_word' id='word_1_648' title='bbox 1963 1790 2096 1821; x_wconf 91' lang='lat' dir='ltr'>consilio</span> <span class='ocrx_word' id='word_1_649' title='bbox 2119 1789 2222 1820; x_wconf 90' lang='lat' dir='ltr'>voluit</span> <span class='ocrx_word' id='word_1_650' title='bbox 2243 1800 2283 1820; x_wconf 85' lang='lat' dir='ltr'>an</span> <span class='ocrx_word' id='word_1_651' title='bbox 2307 1789 2369 1820; x_wconf 90' lang='lat' dir='ltr'>sint</span> <span class='ocrx_word' id='word_1_652' title='bbox 2391 1789 2562 1830; x_wconf 82' lang='lat' dir='ltr'>possibilia,</span> 
     </span>
     <span class='ocr_line' id='line_1_88' title="bbox 1502 1833 2562 1876; baseline -0.002 -10"><span class='ocrx_word' id='word_1_653' title='bbox 1502 1835 1562 1865; x_wconf 88' lang='lat' dir='ltr'>nisi</span> <span class='ocrx_word' id='word_1_654' title='bbox 1577 1841 1614 1866; x_wconf 90' lang='lat' dir='ltr'>ut</span> <span class='ocrx_word' id='word_1_655' title='bbox 1636 1845 1775 1875; x_wconf 84' lang='lat' dir='ltr'>congrua</span> <span class='ocrx_word' id='word_1_656' title='bbox 1791 1841 1822 1866; x_wconf 92' lang='lat' dir='ltr'>et</span> <span class='ocrx_word' id='word_1_657' title='bbox 1836 1844 2052 1876; x_wconf 82' lang='lat' dir='ltr'>praecongrua</span> <span class='ocrx_word' id='word_1_658' title='bbox 2070 1833 2136 1865; x_wconf 90' lang='lat' dir='ltr'>fini.</span> <span class='ocrx_word' id='word_1_659' title='bbox 2157 1834 2193 1864; x_wconf 91' lang='lat' dir='ltr'>In</span> <span class='ocrx_word' id='word_1_660' title='bbox 2211 1834 2351 1865; x_wconf 91' lang='lat' dir='ltr'>secundo</span> <span class='ocrx_word' id='word_1_661' title='bbox 2367 1840 2475 1864; x_wconf 90' lang='lat' dir='ltr'>autem</span> <span class='ocrx_word' id='word_1_662' title='bbox 2489 1843 2562 1874; x_wconf 86' lang='lat' dir='ltr'>pro-</span> 
     </span>
     <span class='ocr_line' id='line_1_89' title="bbox 1502 1877 2563 1910; baseline -0.001 -1"><span class='ocrx_word' id='word_1_663' title='bbox 1502 1889 1591 1909; x_wconf 90' lang='lat' dir='ltr'>cessu</span> <span class='ocrx_word' id='word_1_664' title='bbox 1615 1879 1695 1909; x_wconf 88' lang='lat' dir='ltr'>nihil</span> <span class='ocrx_word' id='word_1_665' title='bbox 1717 1879 1830 1910; x_wconf 89' lang='lat' dir='ltr'>dicitur</span> <span class='ocrx_word' id='word_1_666' title='bbox 1853 1879 1891 1909; x_wconf 89' lang='lat' dir='ltr'>de</span> <span class='ocrx_word' id='word_1_667' title='bbox 1912 1878 1974 1909; x_wconf 90' lang='lat' dir='ltr'>fine</span> <span class='ocrx_word' id='word_1_668' title='bbox 1998 1885 2028 1908; x_wconf 92' lang='lat' dir='ltr'>et</span> <span class='ocrx_word' id='word_1_669' title='bbox 2047 1879 2086 1908; x_wconf 90' lang='lat' dir='ltr'>ad</span> <span class='ocrx_word' id='word_1_670' title='bbox 2101 1877 2198 1908; x_wconf 90' lang='lat' dir='ltr'>finem</span> <span class='ocrx_word' id='word_1_671' title='bbox 2219 1885 2255 1909; x_wconf 93' lang='lat' dir='ltr'>ut</span> <span class='ocrx_word' id='word_1_672' title='bbox 2277 1878 2336 1909; x_wconf 87' lang='lat' dir='ltr'>sic:</span> <span class='ocrx_word' id='word_1_673' title='bbox 2361 1878 2415 1908; x_wconf 87' lang='lat' dir='ltr'>sed</span> <span class='ocrx_word' id='word_1_674' title='bbox 2438 1884 2563 1908; x_wconf 83' lang='lat' dir='ltr'>tantum</span> 
     </span>
     <span class='ocr_line' id='line_1_90' title="bbox 1502 1922 2027 1962; baseline -0.002 -9"><span class='ocrx_word' id='word_1_675' title='bbox 1502 1923 1540 1953; x_wconf 92' lang='lat' dir='ltr'>de</span> <span class='ocrx_word' id='word_1_676' title='bbox 1564 1923 1684 1962; x_wconf 84' lang='lat' dir='ltr'>agenda</span> <span class='ocrx_word' id='word_1_677' title='bbox 1706 1933 1738 1953; x_wconf 92' lang='lat' dir='ltr'>re</span> <span class='ocrx_word' id='word_1_678' title='bbox 1763 1930 1794 1954; x_wconf 87' lang='lat' dir='ltr'>et</span> <span class='ocrx_word' id='word_1_679' title='bbox 1817 1933 1910 1954; x_wconf 85' lang='lat' dir='ltr'>causa</span> <span class='ocrx_word' id='word_1_680' title='bbox 1932 1922 2027 1953; x_wconf 88' lang='lat' dir='ltr'>illius.</span> 
     </span>
    </p>

    <p class='ocr_par' dir='ltr' id='par_1_22' title="bbox 1502 1965 2564 2710">
     <span class='ocr_line' id='line_1_91' title="bbox 1555 1965 2562 2007; baseline -0.001 -10"><span class='ocrx_word' id='word_1_681' title='bbox 1555 1967 1665 1997; x_wconf 89' lang='lat' dir='ltr'>Tertio</span> <span class='ocrx_word' id='word_1_682' title='bbox 1688 1967 1784 2006; x_wconf 84' lang='lat' dir='ltr'>igitur</span> <span class='ocrx_word' id='word_1_683' title='bbox 1805 1973 1910 2007; x_wconf 86' lang='lat' dir='ltr'>potest</span> <span class='ocrx_word' id='word_1_684' title='bbox 1933 1966 2062 2007; x_wconf 86' lang='lat' dir='ltr'>procedi</span> <span class='ocrx_word' id='word_1_685' title='bbox 2085 1966 2261 1997; x_wconf 90' lang='lat' dir='ltr'>secundum</span> <span class='ocrx_word' id='word_1_686' title='bbox 2293 1966 2382 2007; x_wconf 90' lang='lat' dir='ltr'>quod</span> <span class='ocrx_word' id='word_1_687' title='bbox 2404 1972 2470 1996; x_wconf 87' lang='lat' dir='ltr'>tam</span> <span class='ocrx_word' id='word_1_688' title='bbox 2492 1965 2562 1997; x_wconf 80' lang='lat' dir='ltr'>finis</span> 
     </span>
     <span class='ocr_line' id='line_1_92' title="bbox 1502 2009 2564 2051; baseline 0 -11"><span class='ocrx_word' id='word_1_689' title='bbox 1502 2020 1600 2051; x_wconf 86' lang='lat' dir='ltr'>quarn</span> <span class='ocrx_word' id='word_1_690' title='bbox 1615 2010 1648 2040; x_wconf 90' lang='lat' dir='ltr'>id</span> <span class='ocrx_word' id='word_1_691' title='bbox 1670 2011 1760 2051; x_wconf 93' lang='lat' dir='ltr'>quod</span> <span class='ocrx_word' id='word_1_692' title='bbox 1771 2017 1829 2041; x_wconf 61' lang='lat' dir='ltr'>est</span> <span class='ocrx_word' id='word_1_693' title='bbox 1845 2011 1884 2040; x_wconf 90' lang='lat' dir='ltr'>ad</span> <span class='ocrx_word' id='word_1_694' title='bbox 1907 2010 2013 2047; x_wconf 90' lang='lat' dir='ltr'>finem,</span> <span class='ocrx_word' id='word_1_695' title='bbox 2030 2009 2188 2040; x_wconf 87' lang='lat' dir='ltr'>invenitur</span> <span class='ocrx_word' id='word_1_696' title='bbox 2202 2010 2236 2040; x_wconf 92' lang='lat' dir='ltr'>in</span> <span class='ocrx_word' id='word_1_697' title='bbox 2255 2009 2400 2049; x_wconf 80' lang='lat' dir='ltr'>agendis:</span> <span class='ocrx_word' id='word_1_698' title='bbox 2417 2009 2460 2040; x_wconf 84' lang='lat' dir='ltr'>ita</span> <span class='ocrx_word' id='word_1_699' title='bbox 2475 2009 2564 2051; x_wconf 89' lang='lat' dir='ltr'>quod</span> 
     </span>
     <span class='ocr_line' id='line_1_93' title="bbox 1502 2052 2564 2094; baseline -0.001 -10"><span class='ocrx_word' id='word_1_700' title='bbox 1502 2064 1568 2085; x_wconf 92' lang='lat' dir='ltr'>non</span> <span class='ocrx_word' id='word_1_701' title='bbox 1592 2055 1781 2094; x_wconf 88' lang='lat' dir='ltr'>procedatur</span> <span class='ocrx_word' id='word_1_702' title='bbox 1803 2064 1860 2085; x_wconf 90' lang='lat' dir='ltr'>nec</span> <span class='ocrx_word' id='word_1_703' title='bbox 1876 2064 1894 2084; x_wconf 93' lang='lat' dir='ltr'>a</span> <span class='ocrx_word' id='word_1_704' title='bbox 1909 2053 1971 2084; x_wconf 90' lang='lat' dir='ltr'>fine</span> <span class='ocrx_word' id='word_1_705' title='bbox 1994 2063 2087 2094; x_wconf 91' lang='lat' dir='ltr'>puro,</span> <span class='ocrx_word' id='word_1_706' title='bbox 2107 2063 2165 2084; x_wconf 88' lang='lat' dir='ltr'>nec</span> <span class='ocrx_word' id='word_1_707' title='bbox 2181 2054 2220 2084; x_wconf 87' lang='lat' dir='ltr'>ab</span> <span class='ocrx_word' id='word_1_708' title='bbox 2243 2053 2366 2094; x_wconf 87' lang='lat' dir='ltr'>agendo</span> <span class='ocrx_word' id='word_1_709' title='bbox 2389 2061 2489 2093; x_wconf 88' lang='lat' dir='ltr'>pur0;</span> <span class='ocrx_word' id='word_1_710' title='bbox 2509 2052 2564 2083; x_wconf 87' lang='lat' dir='ltr'>sed</span> 
     </span>
     <span class='ocr_line' id='line_1_94' title="bbox 1503 2095 2564 2139; baseline -0.001 -11"><span class='ocrx_word' id='word_1_711' title='bbox 1503 2109 1521 2128; x_wconf 88' lang='lat' dir='ltr'>a</span> <span class='ocrx_word' id='word_1_712' title='bbox 1539 2097 1602 2129; x_wconf 89' lang='lat' dir='ltr'>fine</span> <span class='ocrx_word' id='word_1_713' title='bbox 1620 2098 1817 2139; x_wconf 90' lang='lat' dir='ltr'>assequendo</span> <span class='ocrx_word' id='word_1_714' title='bbox 1836 2098 1875 2128; x_wconf 88' lang='lat' dir='ltr'>ad</span> <span class='ocrx_word' id='word_1_715' title='bbox 1894 2098 1927 2128; x_wconf 93' lang='lat' dir='ltr'>id</span> <span class='ocrx_word' id='word_1_716' title='bbox 1942 2098 2030 2138; x_wconf 91' lang='lat' dir='ltr'>quod</span> <span class='ocrx_word' id='word_1_717' title='bbox 2050 2103 2096 2135; x_wconf 75' lang='lat' dir='ltr'>est</span> <span class='ocrx_word' id='word_1_718' title='bbox 2110 2097 2268 2137; x_wconf 86' lang='lat' dir='ltr'>agendum</span> <span class='ocrx_word' id='word_1_719' title='bbox 2283 2097 2323 2127; x_wconf 91' lang='lat' dir='ltr'>ad</span> <span class='ocrx_word' id='word_1_720' title='bbox 2337 2096 2444 2133; x_wconf 88' lang='lat' dir='ltr'>finem,</span> <span class='ocrx_word' id='word_1_721' title='bbox 2467 2103 2498 2128; x_wconf 91' lang='lat' dir='ltr'>et</span> <span class='ocrx_word' id='word_1_722' title='bbox 2520 2095 2564 2128; x_wconf 89' lang='lat' dir='ltr'>sic</span> 
     </span>
     <span class='ocr_line' id='line_1_95' title="bbox 1503 2139 2563 2182; baseline -0.001 -10"><span class='ocrx_word' id='word_1_723' title='bbox 1503 2142 1650 2182; x_wconf 87' lang='lat' dir='ltr'>deinceps</span> <span class='ocrx_word' id='word_1_724' title='bbox 1673 2142 1911 2173; x_wconf 88' lang='lat' dir='ltr'>retrocedendo.</span> <span class='ocrx_word' id='word_1_725' title='bbox 1930 2142 1971 2173; x_wconf 92' lang='lat' dir='ltr'>Et</span> <span class='ocrx_word' id='word_1_726' title='bbox 1986 2141 2037 2172; x_wconf 91' lang='lat' dir='ltr'>hic</span> <span class='ocrx_word' id='word_1_727' title='bbox 2053 2151 2219 2182; x_wconf 85' lang='lat' dir='ltr'>processus</span> <span class='ocrx_word' id='word_1_728' title='bbox 2239 2148 2286 2172; x_wconf 83' lang='lat' dir='ltr'>est</span> <span class='ocrx_word' id='word_1_729' title='bbox 2306 2150 2472 2182; x_wconf 83' lang='lat' dir='ltr'>processus</span> <span class='ocrx_word' id='word_1_730' title='bbox 2488 2139 2563 2172; x_wconf 79' lang='lat' dir='ltr'>con-</span> 
     </span>
     <span class='ocr_line' id='line_1_96' title="bbox 1504 2185 2564 2227; baseline 0 -11"><span class='ocrx_word' id='word_1_731' title='bbox 1504 2187 1574 2223; x_wconf 86' lang='lat' dir='ltr'>silii,</span> <span class='ocrx_word' id='word_1_732' title='bbox 1591 2187 1680 2227; x_wconf 91' lang='lat' dir='ltr'>quod</span> <span class='ocrx_word' id='word_1_733' title='bbox 1703 2193 1749 2217; x_wconf 90' lang='lat' dir='ltr'>est</span> <span class='ocrx_word' id='word_1_734' title='bbox 1764 2186 1804 2216; x_wconf 91' lang='lat' dir='ltr'>de</span> <span class='ocrx_word' id='word_1_735' title='bbox 1822 2186 1950 2226; x_wconf 78' lang='lat' dir='ltr'>agendis</span> <span class='ocrx_word' id='word_1_736' title='bbox 1970 2192 2005 2216; x_wconf 94' lang='lat' dir='ltr'>ut</span> <span class='ocrx_word' id='word_1_737' title='bbox 2028 2186 2068 2216; x_wconf 88' lang='lat' dir='ltr'>ad</span> <span class='ocrx_word' id='word_1_738' title='bbox 2085 2185 2193 2222; x_wconf 86' lang='lat' dir='ltr'>finem,</span> <span class='ocrx_word' id='word_1_739' title='bbox 2210 2192 2240 2216; x_wconf 92' lang='lat' dir='ltr'>et</span> <span class='ocrx_word' id='word_1_740' title='bbox 2256 2185 2295 2216; x_wconf 88' lang='lat' dir='ltr'>de</span> <span class='ocrx_word' id='word_1_741' title='bbox 2317 2185 2366 2216; x_wconf 89' lang='lat' dir='ltr'>his</span> <span class='ocrx_word' id='word_1_742' title='bbox 2384 2195 2466 2226; x_wconf 84' lang='lat' dir='ltr'>quae</span> <span class='ocrx_word' id='word_1_743' title='bbox 2489 2191 2564 2216; x_wconf 85' lang='lat' dir='ltr'>sunt</span> 
     </span>
     <span class='ocr_line' id='line_1_97' title="bbox 1503 2229 2562 2271; baseline -0.001 -11"><span class='ocrx_word' id='word_1_744' title='bbox 1503 2231 1542 2260; x_wconf 91' lang='lat' dir='ltr'>ad</span> <span class='ocrx_word' id='word_1_745' title='bbox 1570 2230 1667 2261; x_wconf 87' lang='lat' dir='ltr'>finem</span> <span class='ocrx_word' id='word_1_746' title='bbox 1695 2237 1730 2262; x_wconf 91' lang='lat' dir='ltr'>ut</span> <span class='ocrx_word' id='word_1_747' title='bbox 1757 2231 1893 2271; x_wconf 81' lang='lat' dir='ltr'>agenda,</span> <span class='ocrx_word' id='word_1_748' title='bbox 1922 2229 2118 2261; x_wconf 84' lang='lat' dir='ltr'>resolutorie.</span> <span class='ocrx_word' id='word_1_749' title='bbox 2143 2230 2184 2260; x_wconf 89' lang='lat' dir='ltr'>Et</span> <span class='ocrx_word' id='word_1_750' title='bbox 2211 2229 2283 2260; x_wconf 86' lang='lat' dir='ltr'>licet</span> <span class='ocrx_word' id='word_1_751' title='bbox 2311 2238 2489 2270; x_wconf 77' lang='lat' dir='ltr'>processus</span> <span class='ocrx_word' id='word_1_752' title='bbox 2503 2229 2562 2260; x_wconf 84' lang='lat' dir='ltr'>iste</span> 
     </span>
     <span class='ocr_line' id='line_1_98' title="bbox 1503 2273 2561 2314; baseline -0.002 -9"><span class='ocrx_word' id='word_1_753' title='bbox 1503 2275 1619 2305; x_wconf 84' lang='lat' dir='ltr'>mixtus</span> <span class='ocrx_word' id='word_1_754' title='bbox 1642 2274 1799 2310; x_wconf 88' lang='lat' dir='ltr'>videatur,</span> <span class='ocrx_word' id='word_1_755' title='bbox 1824 2281 1855 2305; x_wconf 92' lang='lat' dir='ltr'>et</span> <span class='ocrx_word' id='word_1_756' title='bbox 1877 2283 1944 2304; x_wconf 88' lang='lat' dir='ltr'>non</span> <span class='ocrx_word' id='word_1_757' title='bbox 1967 2273 2026 2304; x_wconf 87' lang='lat' dir='ltr'>nisi</span> <span class='ocrx_word' id='word_1_758' title='bbox 2050 2273 2227 2304; x_wconf 90' lang='lat' dir='ltr'>secundum</span> <span class='ocrx_word' id='word_1_759' title='bbox 2249 2279 2351 2314; x_wconf 88' lang='lat' dir='ltr'>partes</span> <span class='ocrx_word' id='word_1_760' title='bbox 2374 2273 2561 2304; x_wconf 84' lang='lat' dir='ltr'>iudicandus</span> 
     </span>
     <span class='ocr_line' id='line_1_99' title="bbox 1503 2316 2563 2358; baseline -0.001 -10"><span class='ocrx_word' id='word_1_761' title='bbox 1503 2318 1732 2358; x_wconf 89' lang='lat' dir='ltr'>compositivus</span> <span class='ocrx_word' id='word_1_762' title='bbox 1752 2325 1782 2348; x_wconf 91' lang='lat' dir='ltr'>et</span> <span class='ocrx_word' id='word_1_763' title='bbox 1801 2317 2004 2354; x_wconf 87' lang='lat' dir='ltr'>resolutivus;</span> <span class='ocrx_word' id='word_1_764' title='bbox 2022 2317 2135 2348; x_wconf 90' lang='lat' dir='ltr'>dicitur</span> <span class='ocrx_word' id='word_1_765' title='bbox 2150 2323 2256 2348; x_wconf 85' lang='lat' dir='ltr'>tamen</span> <span class='ocrx_word' id='word_1_766' title='bbox 2275 2316 2457 2357; x_wconf 83' lang='lat' dir='ltr'>simpliciter</span> <span class='ocrx_word' id='word_1_767' title='bbox 2476 2326 2563 2347; x_wconf 85' lang='lat' dir='ltr'>reso—</span> 
     </span>
     <span class='ocr_line' id='line_1_100' title="bbox 1502 2359 2562 2403; baseline -0.001 -11"><span class='ocrx_word' id='word_1_768' title='bbox 1502 2362 1636 2399; x_wconf 87' lang='lat' dir='ltr'>lutivus,</span> <span class='ocrx_word' id='word_1_769' title='bbox 1662 2361 1815 2403; x_wconf 87' lang='lat' dir='ltr'>quoniam</span> <span class='ocrx_word' id='word_1_770' title='bbox 1835 2362 1873 2392; x_wconf 92' lang='lat' dir='ltr'>de</span> <span class='ocrx_word' id='word_1_771' title='bbox 1895 2360 1958 2391; x_wconf 90' lang='lat' dir='ltr'>fine</span> <span class='ocrx_word' id='word_1_772' title='bbox 1975 2367 2006 2391; x_wconf 89' lang='lat' dir='ltr'>et</span> <span class='ocrx_word' id='word_1_773' title='bbox 2021 2370 2059 2391; x_wconf 91' lang='lat' dir='ltr'>eo</span> <span class='ocrx_word' id='word_1_774' title='bbox 2076 2360 2164 2402; x_wconf 91' lang='lat' dir='ltr'>quod</span> <span class='ocrx_word' id='word_1_775' title='bbox 2187 2367 2234 2391; x_wconf 88' lang='lat' dir='ltr'>est</span> <span class='ocrx_word' id='word_1_776' title='bbox 2252 2361 2292 2390; x_wconf 91' lang='lat' dir='ltr'>ad</span> <span class='ocrx_word' id='word_1_777' title='bbox 2310 2359 2417 2397; x_wconf 87' lang='lat' dir='ltr'>finem,</span> <span class='ocrx_word' id='word_1_778' title='bbox 2438 2360 2562 2391; x_wconf 83' lang='lat' dir='ltr'>ratioci-</span> 
     </span>
     <span class='ocr_line' id='line_1_101' title="bbox 1503 2405 2562 2445; baseline -0.002 -9"><span class='ocrx_word' id='word_1_779' title='bbox 1503 2413 1595 2438; x_wconf 89' lang='lat' dir='ltr'>natur</span> <span class='ocrx_word' id='word_1_780' title='bbox 1614 2412 1739 2437; x_wconf 86' lang='lat' dir='ltr'>tantum</span> <span class='ocrx_word' id='word_1_781' title='bbox 1757 2406 1790 2436; x_wconf 90' lang='lat' dir='ltr'>in</span> <span class='ocrx_word' id='word_1_782' title='bbox 1806 2405 1934 2436; x_wconf 83' lang='lat' dir='ltr'>materia</span> <span class='ocrx_word' id='word_1_783' title='bbox 1950 2405 2079 2445; x_wconf 79' lang='lat' dir='ltr'>agenda,</span> <span class='ocrx_word' id='word_1_784' title='bbox 2096 2411 2127 2435; x_wconf 89' lang='lat' dir='ltr'>et</span> <span class='ocrx_word' id='word_1_785' title='bbox 2142 2410 2271 2445; x_wconf 87' lang='lat' dir='ltr'>propter</span> <span class='ocrx_word' id='word_1_786' title='bbox 2289 2405 2458 2444; x_wconf 83' lang='lat' dir='ltr'>agendum,</span> <span class='ocrx_word' id='word_1_787' title='bbox 2477 2413 2562 2435; x_wconf 87' lang='lat' dir='ltr'>reso·</span> 
     </span>
     <span class='ocr_line' id='line_1_102' title="bbox 1502 2448 2564 2490; baseline -0.001 -9"><span class='ocrx_word' id='word_1_788' title='bbox 1502 2450 1627 2486; x_wconf 87' lang='lat' dir='ltr'>lutorie,</span> <span class='ocrx_word' id='word_1_789' title='bbox 1643 2450 1724 2480; x_wconf 90' lang='lat' dir='ltr'>idest</span> <span class='ocrx_word' id='word_1_790' title='bbox 1738 2460 1756 2480; x_wconf 88' lang='lat' dir='ltr'>a</span> <span class='ocrx_word' id='word_1_791' title='bbox 1771 2449 1998 2490; x_wconf 86' lang='lat' dir='ltr'>posterioribus</span> <span class='ocrx_word' id='word_1_792' title='bbox 2013 2449 2191 2480; x_wconf 85' lang='lat' dir='ltr'>secundum</span> <span class='ocrx_word' id='word_1_793' title='bbox 2205 2458 2282 2479; x_wconf 89' lang='lat' dir='ltr'>esse.</span> <span class='ocrx_word' id='word_1_794' title='bbox 2303 2448 2349 2479; x_wconf 76' lang='lat' dir='ltr'>Ita</span> <span class='ocrx_word' id='word_1_795' title='bbox 2366 2448 2465 2489; x_wconf 91' lang='lat' dir='ltr'>quod,</span> <span class='ocrx_word' id='word_1_796' title='bbox 2482 2448 2564 2480; x_wconf 82' lang='lat' dir='ltr'>sicut</span> 
     </span>
     <span class='ocr_line' id='line_1_103' title="bbox 1503 2492 2562 2531; baseline -0.002 -6"><span class='ocrx_word' id='word_1_797' title='bbox 1503 2494 1638 2531; x_wconf 85' lang='lat' dir='ltr'>musica,</span> <span class='ocrx_word' id='word_1_798' title='bbox 1659 2494 1732 2524; x_wconf 87' lang='lat' dir='ltr'>licet</span> <span class='ocrx_word' id='word_1_799' title='bbox 1755 2493 1929 2524; x_wconf 86' lang='lat' dir='ltr'>consideret</span> <span class='ocrx_word' id='word_1_800' title='bbox 1952 2503 2123 2524; x_wconf 88' lang='lat' dir='ltr'>numerum</span> <span class='ocrx_word' id='word_1_801' title='bbox 2147 2499 2184 2523; x_wconf 93' lang='lat' dir='ltr'>ut</span> <span class='ocrx_word' id='word_1_802' title='bbox 2205 2492 2239 2523; x_wconf 90' lang='lat' dir='ltr'>in</span> <span class='ocrx_word' id='word_1_803' title='bbox 2262 2492 2362 2529; x_wconf 84' lang='lat' dir='ltr'>sonis,</span> <span class='ocrx_word' id='word_1_804' title='bbox 2385 2499 2417 2523; x_wconf 86' lang='lat' dir='ltr'>et</span> <span class='ocrx_word' id='word_1_805' title='bbox 2439 2502 2456 2523; x_wconf 84' lang='lat' dir='ltr'>e</span> <span class='ocrx_word' id='word_1_806' title='bbox 2488 2502 2562 2523; x_wconf 90' lang='lat' dir='ltr'>con-</span> 
     </span>
     <span class='ocr_line' id='line_1_104' title="bbox 1502 2537 2563 2578; baseline -0.002 -9"><span class='ocrx_word' id='word_1_807' title='bbox 1502 2548 1593 2569; x_wconf 86' lang='lat' dir='ltr'>verso</span> <span class='ocrx_word' id='word_1_808' title='bbox 1609 2548 1707 2568; x_wconf 88' lang='lat' dir='ltr'>sonos</span> <span class='ocrx_word' id='word_1_809' title='bbox 1725 2544 1762 2568; x_wconf 91' lang='lat' dir='ltr'>ut</span> <span class='ocrx_word' id='word_1_810' title='bbox 1777 2537 2029 2578; x_wconf 86' lang='lat' dir='ltr'>proportionales</span> <span class='ocrx_word' id='word_1_811' title='bbox 2052 2537 2229 2568; x_wconf 86' lang='lat' dir='ltr'>secundum</span> <span class='ocrx_word' id='word_1_812' title='bbox 2247 2546 2428 2573; x_wconf 82' lang='lat' dir='ltr'>numerum,</span> <span class='ocrx_word' id='word_1_813' title='bbox 2444 2543 2475 2568; x_wconf 91' lang='lat' dir='ltr'>et</span> <span class='ocrx_word' id='word_1_814' title='bbox 2489 2546 2563 2577; x_wconf 91' lang='lat' dir='ltr'>pro-</span> 
     </span>
     <span class='ocr_line' id='line_1_105' title="bbox 1503 2580 2563 2622; baseline -0.001 -9"><span class='ocrx_word' id='word_1_815' title='bbox 1503 2590 1572 2622; x_wconf 91' lang='lat' dir='ltr'>pter</span> <span class='ocrx_word' id='word_1_816' title='bbox 1594 2582 1656 2612; x_wconf 91' lang='lat' dir='ltr'>hoc</span> <span class='ocrx_word' id='word_1_817' title='bbox 1679 2582 1783 2612; x_wconf 86' lang='lat' dir='ltr'>media</span> <span class='ocrx_word' id='word_1_818' title='bbox 1815 2581 1944 2622; x_wconf 90' lang='lat' dir='ltr'>ponitur</span> <span class='ocrx_word' id='word_1_819' title='bbox 1967 2581 2110 2617; x_wconf 84' lang='lat' dir='ltr'>scientia;</span> <span class='ocrx_word' id='word_1_820' title='bbox 2139 2580 2214 2622; x_wconf 85' lang='lat' dir='ltr'>quia</span> <span class='ocrx_word' id='word_1_821' title='bbox 2236 2587 2342 2611; x_wconf 85' lang='lat' dir='ltr'>tamen</span> <span class='ocrx_word' id='word_1_822' title='bbox 2366 2580 2405 2611; x_wconf 93' lang='lat' dir='ltr'>de</span> <span class='ocrx_word' id='word_1_823' title='bbox 2428 2589 2563 2612; x_wconf 84' lang='lat' dir='ltr'>numero</span> 
     </span>
     <span class='ocr_line' id='line_1_106' title="bbox 1503 2623 2564 2666; baseline -0.003 -9"><span class='ocrx_word' id='word_1_824' title='bbox 1503 2636 1569 2657; x_wconf 91' lang='lat' dir='ltr'>non</span> <span class='ocrx_word' id='word_1_825' title='bbox 1585 2626 1645 2656; x_wconf 88' lang='lat' dir='ltr'>nisi</span> <span class='ocrx_word' id='word_1_826' title='bbox 1660 2626 1692 2656; x_wconf 91' lang='lat' dir='ltr'>in</span> <span class='ocrx_word' id='word_1_827' title='bbox 1709 2626 1838 2657; x_wconf 87' lang='lat' dir='ltr'>materia</span> <span class='ocrx_word' id='word_1_828' title='bbox 1854 2625 1934 2662; x_wconf 91' lang='lat' dir='ltr'>soni,</span> <span class='ocrx_word' id='word_1_829' title='bbox 1952 2632 1982 2655; x_wconf 91' lang='lat' dir='ltr'>et</span> <span class='ocrx_word' id='word_1_830' title='bbox 2005 2631 2134 2666; x_wconf 89' lang='lat' dir='ltr'>propter</span> <span class='ocrx_word' id='word_1_831' title='bbox 2156 2634 2284 2661; x_wconf 88' lang='lat' dir='ltr'>sonum,</span> <span class='ocrx_word' id='word_1_832' title='bbox 2305 2631 2423 2661; x_wconf 88' lang='lat' dir='ltr'>tractat,</span> <span class='ocrx_word' id='word_1_833' title='bbox 2443 2623 2564 2665; x_wconf 80' lang='lat' dir='ltr'>simpli-</span> 
     </span>
     <span class='ocr_line' id='line_1_107' title="bbox 1504 2668 2562 2710; baseline -0.003 -9"><span class='ocrx_word' id='word_1_834' title='bbox 1504 2670 1579 2701; x_wconf 87' lang='lat' dir='ltr'>citer</span> <span class='ocrx_word' id='word_1_835' title='bbox 1594 2670 1654 2701; x_wconf 93' lang='lat' dir='ltr'>dici</span> <span class='ocrx_word' id='word_1_836' title='bbox 1669 2677 1772 2710; x_wconf 91' lang='lat' dir='ltr'>potest</span> <span class='ocrx_word' id='word_1_837' title='bbox 1788 2669 1915 2700; x_wconf 88' lang='lat' dir='ltr'>scientia</span> <span class='ocrx_word' id='word_1_838' title='bbox 1938 2669 2077 2710; x_wconf 88' lang='lat' dir='ltr'>physica,</span> <span class='ocrx_word' id='word_1_839' title='bbox 2094 2675 2125 2700; x_wconf 89' lang='lat' dir='ltr'>et</span> <span class='ocrx_word' id='word_1_840' title='bbox 2141 2669 2199 2699; x_wconf 84' lang='lat' dir='ltr'>sub</span> <span class='ocrx_word' id='word_1_841' title='bbox 2215 2679 2252 2699; x_wconf 91' lang='lat' dir='ltr'>ea</span> <span class='ocrx_word' id='word_1_842' title='bbox 2275 2668 2562 2708; x_wconf 87' lang='lat' dir='ltr'>comprehenditur,</span> 
     </span>
    </p>
   </div>
   <div class='ocr_carea' id='block_1_15' title="bbox 1496 2711 2564 2755">
    <p class='ocr_par' dir='ltr' id='par_1_23' title="bbox 1496 2711 2564 2755">
     <span class='ocr_line' id='line_1_108' title="bbox 1496 2711 2564 2755; baseline -0.001 -11"><span class='ocrx_word' id='word_1_843' title='bbox 1496 2725 1543 2745; x_wconf 47' lang='lat' dir='ltr'>xeo</span> <span class='ocrx_word' id='word_1_844' title='bbox 1559 2714 1649 2755; x_wconf 86' lang='lat' dir='ltr'>quod</span> <span class='ocrx_word' id='word_1_845' title='bbox 1667 2724 1733 2745; x_wconf 89' lang='lat' dir='ltr'>non</span> <span class='ocrx_word' id='word_1_846' title='bbox 1756 2713 1906 2745; x_wconf 76' lang='lat' dir='ltr'>abstrahit</span> <span class='ocrx_word' id='word_1_847' title='bbox 1924 2724 1942 2744; x_wconf 86' lang='lat' dir='ltr'>a</span> <span class='ocrx_word' id='word_1_848' title='bbox 1960 2713 2089 2744; x_wconf 78' lang='lat' dir='ltr'>materia</span> <span class='ocrx_word' id='word_1_849' title='bbox 2107 2713 2264 2744; x_wconf 85' lang='lat' dir='ltr'>sensibili:</span> <span class='ocrx_word' id='word_1_850' title='bbox 2281 2712 2324 2743; x_wconf 88' lang='lat' dir='ltr'>ita</span> <span class='ocrx_word' id='word_1_851' title='bbox 2346 2713 2380 2743; x_wconf 84' lang='lat' dir='ltr'>in</span> <span class='ocrx_word' id='word_1_852' title='bbox 2398 2711 2564 2753; x_wconf 76' lang='lat' dir='ltr'>proposito</span> 
     </span>
    </p>
   </div>
   <div class='ocr_carea' id='block_1_16' title="bbox 1504 2755 2565 2930">
    <p class='ocr_par' dir='ltr' id='par_1_24' title="bbox 1504 2755 2565 2930">
     <span class='ocr_line' id='line_1_109' title="bbox 1505 2755 2565 2799; baseline -0.001 -10"><span class='ocrx_word' id='word_1_853' title='bbox 1505 2758 1684 2794; x_wconf 87' lang='lat' dir='ltr'>consilium,</span> <span class='ocrx_word' id='word_1_854' title='bbox 1708 2757 1792 2799; x_wconf 83' lang='lat' dir='ltr'>quia,</span> <span class='ocrx_word' id='word_1_855' title='bbox 1817 2765 1852 2789; x_wconf 93' lang='lat' dir='ltr'>ut</span> <span class='ocrx_word' id='word_1_856' title='bbox 1874 2757 1996 2790; x_wconf 89' lang='lat' dir='ltr'>dictum</span> <span class='ocrx_word' id='word_1_857' title='bbox 2018 2764 2073 2794; x_wconf 87' lang='lat' dir='ltr'>est,</span> <span class='ocrx_word' id='word_1_858' title='bbox 2094 2756 2192 2788; x_wconf 86' lang='lat' dir='ltr'>finem</span> <span class='ocrx_word' id='word_1_859' title='bbox 2210 2764 2241 2787; x_wconf 90' lang='lat' dir='ltr'>et</span> <span class='ocrx_word' id='word_1_860' title='bbox 2263 2756 2303 2786; x_wconf 88' lang='lat' dir='ltr'>ad</span> <span class='ocrx_word' id='word_1_861' title='bbox 2322 2755 2419 2787; x_wconf 88' lang='lat' dir='ltr'>finem</span> <span class='ocrx_word' id='word_1_862' title='bbox 2442 2756 2475 2787; x_wconf 90' lang='lat' dir='ltr'>in</span> <span class='ocrx_word' id='word_1_863' title='bbox 2497 2765 2565 2790; x_wconf 74' lang='lat' dir='ltr'>ms·</span> 
     </span>
     <span class='ocr_line' id='line_1_110' title="bbox 1505 2800 2563 2842; baseline -0.003 -9"><span class='ocrx_word' id='word_1_864' title='bbox 1505 2802 1580 2834; x_wconf 88' lang='lat' dir='ltr'>teria</span> <span class='ocrx_word' id='word_1_865' title='bbox 1609 2802 1729 2842; x_wconf 85' lang='lat' dir='ltr'>agenda</span> <span class='ocrx_word' id='word_1_866' title='bbox 1756 2808 1897 2838; x_wconf 85' lang='lat' dir='ltr'>tanturn,</span> <span class='ocrx_word' id='word_1_867' title='bbox 1923 2808 1954 2832; x_wconf 92' lang='lat' dir='ltr'>et</span> <span class='ocrx_word' id='word_1_868' title='bbox 1977 2809 2106 2842; x_wconf 88' lang='lat' dir='ltr'>propter</span> <span class='ocrx_word' id='word_1_869' title='bbox 2134 2801 2308 2841; x_wconf 86' lang='lat' dir='ltr'>agendum,</span> <span class='ocrx_word' id='word_1_870' title='bbox 2335 2807 2366 2831; x_wconf 94' lang='lat' dir='ltr'>et</span> <span class='ocrx_word' id='word_1_871' title='bbox 2394 2800 2563 2841; x_wconf 88' lang='lat' dir='ltr'>quomodo</span> 
     </span>
     <span class='ocr_line' id='line_1_111' title="bbox 1504 2844 2563 2887; baseline -0.003 -10"><span class='ocrx_word' id='word_1_872' title='bbox 1504 2847 1673 2886; x_wconf 84' lang='lat' dir='ltr'>agendum,</span> <span class='ocrx_word' id='word_1_873' title='bbox 1698 2856 1715 2876; x_wconf 84' lang='lat' dir='ltr'>a</span> <span class='ocrx_word' id='word_1_874' title='bbox 1738 2846 1965 2887; x_wconf 88' lang='lat' dir='ltr'>posterioribus</span> <span class='ocrx_word' id='word_1_875' title='bbox 1988 2845 2164 2876; x_wconf 89' lang='lat' dir='ltr'>secundum</span> <span class='ocrx_word' id='word_1_876' title='bbox 2188 2854 2254 2876; x_wconf 88' lang='lat' dir='ltr'>esse</span> <span class='ocrx_word' id='word_1_877' title='bbox 2277 2844 2310 2875; x_wconf 89' lang='lat' dir='ltr'>in</span> <span class='ocrx_word' id='word_1_878' title='bbox 2333 2844 2437 2885; x_wconf 83' lang='lat' dir='ltr'>priora</span> <span class='ocrx_word' id='word_1_879' title='bbox 2460 2844 2563 2875; x_wconf 89' lang='lat' dir='ltr'>consi-</span> 
     </span>
     <span class='ocr_line' id='line_1_112' title="bbox 1506 2889 2125 2930; baseline -0.002 -10"><span class='ocrx_word' id='word_1_880' title='bbox 1506 2891 1601 2927; x_wconf 84' lang='lat' dir='ltr'>derat,</span> <span class='ocrx_word' id='word_1_881' title='bbox 1619 2890 1772 2921; x_wconf 88' lang='lat' dir='ltr'>resolvere</span> <span class='ocrx_word' id='word_1_882' title='bbox 1796 2889 1978 2930; x_wconf 89' lang='lat' dir='ltr'>simpliciter</span> <span class='ocrx_word' id='word_1_883' title='bbox 2002 2889 2125 2920; x_wconf 87' lang='lat' dir='ltr'>dicitur.</span> 
     </span>
    </p>
   </div>
   <div class='ocr_carea' id='block_1_17' title="bbox 1482 2977 1611 2984">
    <p class='ocr_par' dir='ltr' id='par_1_25' title="bbox 1482 2977 1611 2984">
     <span class='ocr_line' id='line_1_113' title="bbox 1482 2977 1611 2984; baseline 0 1168"><span class='ocrx_word' id='word_1_884' title='bbox 1482 2977 1611 2984; x_wconf 95' lang='lat' dir='ltr'> </span> 
     </span>
    </p>
   </div>
   <div class='ocr_carea' id='block_1_18' title="bbox 984 3043 1970 3161">
    <p class='ocr_par' dir='ltr' id='par_1_26' title="bbox 984 3043 1970 3161">
     <span class='ocr_line' id='line_1_114' title="bbox 1203 3043 1757 3086; baseline -0.004 0"><span class='ocrx_word' id='word_1_885' title='bbox 1203 3043 1520 3086; x_wconf 90' lang='lat' dir='ltr'>ARTICULUS</span> <span class='ocrx_word' id='word_1_886' title='bbox 1550 3043 1757 3085; x_wconf 89' lang='lat' dir='ltr'>SEXTUS</span> 
     </span>
     <span class='ocr_line' id='line_1_115' title="bbox 984 3126 1970 3161; baseline -0.004 0"><span class='ocrx_word' id='word_1_887' title='bbox 984 3130 1139 3161; x_wconf 87' lang='lat' dir='ltr'><strong>UTRUM</strong></span> <span class='ocrx_word' id='word_1_888' title='bbox 1163 3129 1397 3161; x_wconf 82' lang='lat' dir='ltr'>CONSILIUM</span> <span class='ocrx_word' id='word_1_889' title='bbox 1420 3127 1653 3159; x_wconf 83' lang='lat' dir='ltr'><strong>PROCEDAT</strong></span> <span class='ocrx_word' id='word_1_890' title='bbox 1677 3128 1721 3158; x_wconf 87' lang='lat' dir='ltr'>IN</span> <span class='ocrx_word' id='word_1_891' title='bbox 1745 3126 1970 3158; x_wconf 79' lang='lat' dir='ltr'><strong>INFINITUM</strong></span> 
     </span>
    </p>
   </div>
   <div class='ocr_carea' id='block_1_19' title="bbox 1331 3207 1625 3236">
    <p class='ocr_par' dir='ltr' id='par_1_27' title="bbox 1331 3207 1625 3236">
     <span class='ocr_line' id='line_1_116' title="bbox 1331 3207 1625 3236; baseline -0.003 -4"><span class='ocrx_word' id='word_1_892' title='bbox 1331 3207 1362 3232; x_wconf 93' lang='lat'>111</span> <span class='ocrx_word' id='word_1_893' title='bbox 1381 3207 1475 3236; x_wconf 66' lang='lat' dir='ltr'>fflhic„</span> <span class='ocrx_word' id='word_1_894' title='bbox 1496 3207 1553 3231; x_wconf 89' lang='lat' dir='ltr'>lect.</span> <span class='ocrx_word' id='word_1_895' title='bbox 1571 3214 1625 3231; x_wconf 84' lang='lat' dir='ltr'>vm.</span> 
     </span>
    </p>
   </div>
   <div class='ocr_carea' id='block_1_20' title="bbox 424 3295 1453 3410">
    <p class='ocr_par' dir='ltr' id='par_1_28' title="bbox 424 3295 1453 3410">
     <span class='ocr_line' id='line_1_117' title="bbox 434 3295 1453 3355; baseline -0.011 -13"><span class='ocrx_word' id='word_1_896' title='bbox 434 3317 490 3355; x_wconf 40' lang='grc' dir='ltr'>ἐς,</span> <span class='ocrx_word' id='word_1_897' title='bbox 518 3321 584 3349; x_wconf 39' lang='grc' dir='ltr'>,Ν</span> <span class='ocrx_word' id='word_1_898' title='bbox 609 3309 631 3334; x_wconf 88' lang='lat' dir='ltr'>D</span> <span class='ocrx_word' id='word_1_899' title='bbox 659 3307 799 3333; x_wconf 78' lang='lat' dir='ltr'><strong>SEXTUM</strong></span> <span class='ocrx_word' id='word_1_900' title='bbox 828 3307 880 3332; x_wconf 82' lang='lat' dir='ltr'>stc</span> <span class='ocrx_word' id='word_1_901' title='bbox 908 3307 1147 3333; x_wconf 79' lang='lat' dir='ltr'>PROCEDITUR.</span> <span class='ocrx_word' id='word_1_902' title='bbox 1167 3295 1329 3333; x_wconf 90' lang='lat' dir='ltr'>Videtur</span> <span class='ocrx_word' id='word_1_903' title='bbox 1347 3295 1453 3344; x_wconf 93' lang='lat' dir='ltr'>quod</span> 
     </span>
     <span class='ocr_line' id='line_1_118' title="bbox 424 3341 1452 3410; baseline -0.013 -13"><span class='ocrx_word' id='word_1_904' title='bbox 424 3341 586 3410; x_wconf 39' lang='lat'>&#39;5⁹2⁴</span> <span class='ocrx_word' id='word_1_905' title='bbox 609 3348 796 3399; x_wconf 82' lang='lat' dir='ltr'>inquisitio</span> <span class='ocrx_word' id='word_1_906' title='bbox 818 3348 960 3385; x_wconf 91' lang='lat' dir='ltr'>consilii</span> <span class='ocrx_word' id='word_1_907' title='bbox 987 3349 1169 3397; x_wconf 90' lang='lat' dir='ltr'>procedat</span> <span class='ocrx_word' id='word_1_908' title='bbox 1187 3349 1226 3386; x_wconf 90' lang='lat' dir='ltr'>in</span> <span class='ocrx_word' id='word_1_909' title='bbox 1250 3347 1452 3386; x_wconf 90' lang='lat' dir='ltr'>infinitum.</span> 
     </span>
    </p>
   </div>
   <div class='ocr_carea' id='block_1_21' title="bbox 415 3382 597 3481">
    <p class='ocr_par' dir='ltr' id='par_1_29' title="bbox 415 3382 597 3481">
     <span class='ocr_line' id='line_1_119' title="bbox 415 3382 597 3459; baseline -0.055 0"><span class='ocrx_word' id='word_1_910' title='bbox 415 3405 463 3459; x_wconf 49' lang='lat' dir='ltr'>ir,</span> <span class='ocrx_word' id='word_1_911' title='bbox 475 3419 524 3438; x_wconf 68' lang='lat' dir='ltr'>v</span> <span class='ocrx_word' id='word_1_912' title='bbox 535 3382 569 3411; x_wconf 63' lang='lat'>‘²‘</span> <span class='ocrx_word' id='word_1_913' title='bbox 591 3402 597 3407; x_wconf 74' lang='grc'><strong>“</strong></span> 
     </span>
     <span class='ocr_line' id='line_1_120' title="bbox 455 3431 530 3481; baseline 0 0"><span class='ocrx_word' id='word_1_914' title='bbox 455 3431 530 3481; x_wconf 95' lang='grc' dir='ltr'>ξι</span> 
     </span>
    </p>
   </div>
   <div class='ocr_carea' id='block_1_22' title="bbox 399 3305 565 3502">
    <p class='ocr_par' dir='ltr' id='par_1_30' title="bbox 399 3305 565 3502">
     <span class='ocr_line' id='line_1_121' title="bbox 399 3305 565 3502; baseline 0 -126"><span class='ocrx_word' id='word_1_915' title='bbox 399 3305 565 3502; x_wconf 95' lang='lat' dir='ltr'>    </span> 
     </span>
    </p>
   </div>
   <div class='ocr_carea' id='block_1_23' title="bbox 400 3400 1454 3555">
    <p class='ocr_par' dir='ltr' id='par_1_31' title="bbox 400 3400 1454 3555">
     <span class='ocr_line' id='line_1_122' title="bbox 550 3400 1453 3452; baseline -0.001 -13"><span class='ocrx_word' id='word_1_916' title='bbox 550 3408 577 3452; x_wconf 53' lang='grc' dir='ltr'>’ἦ</span> <span class='ocrx_word' id='word_1_917' title='bbox 610 3401 822 3439; x_wconf 90' lang='lat' dir='ltr'>Consilium</span> <span class='ocrx_word' id='word_1_918' title='bbox 839 3400 939 3437; x_wconf 89' lang='lat' dir='ltr'>enim</span> <span class='ocrx_word' id='word_1_919' title='bbox 957 3409 1013 3438; x_wconf 89' lang='lat' dir='ltr'>est</span> <span class='ocrx_word' id='word_1_920' title='bbox 1027 3401 1216 3450; x_wconf 90' lang='lat' dir='ltr'>inquisitio</span> <span class='ocrx_word' id='word_1_921' title='bbox 1229 3402 1276 3438; x_wconf 89' lang='lat' dir='ltr'>de</span> <span class='ocrx_word' id='word_1_922' title='bbox 1291 3401 1453 3450; x_wconf 86' lang='lat' dir='ltr'>particu-</span> 
     </span>
     <span class='ocr_line' id='line_1_123' title="bbox 455 3448 1454 3503; baseline -0.002 -11"><span class='ocrx_word' id='word_1_923' title='bbox 455 3470 465 3481; x_wconf 56' lang='grc'><strong>»</strong></span> <span class='ocrx_word' id='word_1_924' title='bbox 487 3459 517 3481; x_wconf 67' lang='lat'>-2</span> <span class='ocrx_word' id='word_1_925' title='bbox 529 3464 542 3484; x_wconf 67' lang='grc' dir='ltr'>ν’</span> <span class='ocrx_word' id='word_1_926' title='bbox 565 3448 599 3492; x_wconf 44' lang='lat' dir='ltr'>N</span> <span class='ocrx_word' id='word_1_927' title='bbox 610 3455 760 3503; x_wconf 93' lang='lat' dir='ltr'>laribus,</span> <span class='ocrx_word' id='word_1_928' title='bbox 772 3454 810 3491; x_wconf 93' lang='lat' dir='ltr'>in</span> <span class='ocrx_word' id='word_1_929' title='bbox 821 3454 958 3502; x_wconf 93' lang='lat' dir='ltr'>quibus</span> <span class='ocrx_word' id='word_1_930' title='bbox 974 3462 1029 3491; x_wconf 90' lang='lat' dir='ltr'>est</span> <span class='ocrx_word' id='word_1_931' title='bbox 1040 3454 1223 3502; x_wconf 88' lang='lat' dir='ltr'>operatio.</span> <span class='ocrx_word' id='word_1_932' title='bbox 1238 3453 1314 3491; x_wconf 89' lang='lat' dir='ltr'>Sed</span> <span class='ocrx_word' id='word_1_933' title='bbox 1330 3453 1454 3501; x_wconf 89' lang='lat' dir='ltr'>singu-</span> 
     </span>
     <span class='ocr_line' id='line_1_124' title="bbox 400 3506 1451 3555; baseline -0.001 -11"><span class='ocrx_word' id='word_1_934' title='bbox 400 3507 490 3544; x_wconf 89' lang='lat' dir='ltr'>laria</span> <span class='ocrx_word' id='word_1_935' title='bbox 502 3514 587 3544; x_wconf 88' lang='lat' dir='ltr'>sunt</span> <span class='ocrx_word' id='word_1_936' title='bbox 597 3507 751 3544; x_wconf 89' lang='lat' dir='ltr'>infinita.</span> <span class='ocrx_word' id='word_1_937' title='bbox 760 3508 862 3555; x_wconf 88' lang='lat' dir='ltr'>Ergo</span> <span class='ocrx_word' id='word_1_938' title='bbox 873 3507 1062 3555; x_wconf 91' lang='lat' dir='ltr'>inquisitio</span> <span class='ocrx_word' id='word_1_939' title='bbox 1076 3507 1219 3544; x_wconf 90' lang='lat' dir='ltr'>consilii</span> <span class='ocrx_word' id='word_1_940' title='bbox 1231 3514 1285 3544; x_wconf 91' lang='lat' dir='ltr'>est</span> <span class='ocrx_word' id='word_1_941' title='bbox 1295 3506 1451 3544; x_wconf 90' lang='lat' dir='ltr'>infinita.</span> 
     </span>
    </p>
   </div>
   <div class='ocr_carea' id='block_1_24' title="bbox 1507 3290 2568 3555">
    <p class='ocr_par' dir='ltr' id='par_1_32' title="bbox 1507 3290 2568 3555">
     <span class='ocr_line' id='line_1_125' title="bbox 1563 3290 2566 3342; baseline -0.004 -11"><span class='ocrx_word' id='word_1_942' title='bbox 1563 3306 1598 3331; x_wconf 90' lang='lat'>2.</span> <span class='ocrx_word' id='word_1_943' title='bbox 1615 3295 1847 3341; x_wconf 75' lang='lat' dir='ltr'>PRAETEREA,</span> <span class='ocrx_word' id='word_1_944' title='bbox 1864 3293 1934 3330; x_wconf 92' lang='lat' dir='ltr'>sub</span> <span class='ocrx_word' id='word_1_945' title='bbox 1950 3291 2190 3342; x_wconf 88' lang='lat' dir='ltr'>inquisitione</span> <span class='ocrx_word' id='word_1_946' title='bbox 2208 3291 2350 3331; x_wconf 87' lang='lat' dir='ltr'>consilii</span> <span class='ocrx_word' id='word_1_947' title='bbox 2365 3290 2464 3329; x_wconf 81' lang='lat' dir='ltr'>eadit</span> <span class='ocrx_word' id='word_1_948' title='bbox 2477 3302 2566 3328; x_wconf 87' lang='lat' dir='ltr'>con-</span> 
     </span>
     <span class='ocr_line' id='line_1_126' title="bbox 1509 3343 2566 3395; baseline -0.004 -11"><span class='ocrx_word' id='word_1_949' title='bbox 1509 3347 1675 3384; x_wconf 91' lang='lat' dir='ltr'>siderare</span> <span class='ocrx_word' id='word_1_950' title='bbox 1703 3359 1783 3385; x_wconf 91' lang='lat' dir='ltr'>non</span> <span class='ocrx_word' id='word_1_951' title='bbox 1801 3346 1925 3383; x_wconf 92' lang='lat' dir='ltr'>solum</span> <span class='ocrx_word' id='word_1_952' title='bbox 1954 3345 2043 3395; x_wconf 91' lang='lat' dir='ltr'>quid</span> <span class='ocrx_word' id='word_1_953' title='bbox 2064 3346 2253 3394; x_wconf 89' lang='lat' dir='ltr'>agendum</span> <span class='ocrx_word' id='word_1_954' title='bbox 2283 3343 2340 3392; x_wconf 91' lang='lat' dir='ltr'>sit,</span> <span class='ocrx_word' id='word_1_955' title='bbox 2360 3343 2428 3381; x_wconf 89' lang='lat' dir='ltr'>sed</span> <span class='ocrx_word' id='word_1_956' title='bbox 2453 3343 2566 3381; x_wconf 85' lang='lat' dir='ltr'>etiam</span> 
     </span>
     <span class='ocr_line' id='line_1_127' title="bbox 1508 3395 2568 3450; baseline -0.004 -14"><span class='ocrx_word' id='word_1_957' title='bbox 1508 3401 1708 3450; x_wconf 91' lang='lat' dir='ltr'>quomodo</span> <span class='ocrx_word' id='word_1_958' title='bbox 1737 3399 2012 3448; x_wconf 88' lang='lat' dir='ltr'>impedimenta</span> <span class='ocrx_word' id='word_1_959' title='bbox 2044 3399 2232 3436; x_wconf 87' lang='lat' dir='ltr'>tollantur.</span> <span class='ocrx_word' id='word_1_960' title='bbox 2269 3397 2346 3435; x_wconf 89' lang='lat' dir='ltr'>Sed</span> <span class='ocrx_word' id='word_1_961' title='bbox 2379 3395 2568 3446; x_wconf 84' lang='lat' dir='ltr'>quaelibet</span> 
     </span>
     <span class='ocr_line' id='line_1_128' title="bbox 1508 3449 2567 3501; baseline -0.005 -11"><span class='ocrx_word' id='word_1_962' title='bbox 1508 3453 1678 3490; x_wconf 90' lang='lat' dir='ltr'>humana</span> <span class='ocrx_word' id='word_1_963' title='bbox 1705 3452 1803 3490; x_wconf 88' lang='lat' dir='ltr'>actio</span> <span class='ocrx_word' id='word_1_964' title='bbox 1830 3459 1957 3501; x_wconf 91' lang='lat' dir='ltr'>potest</span> <span class='ocrx_word' id='word_1_965' title='bbox 1984 3451 2171 3500; x_wconf 88' lang='lat' dir='ltr'>impediri,</span> <span class='ocrx_word' id='word_1_966' title='bbox 2193 3458 2230 3488; x_wconf 89' lang='lat' dir='ltr'>et</span> <span class='ocrx_word' id='word_1_967' title='bbox 2252 3449 2567 3499; x_wconf 88' lang='lat' dir='ltr'>impedimentum</span> 
     </span>
     <span class='ocr_line' id='line_1_129' title="bbox 1507 3503 2567 3555; baseline -0.005 -12"><span class='ocrx_word' id='word_1_968' title='bbox 1507 3506 1586 3543; x_wconf 90' lang='lat' dir='ltr'>tolli</span> <span class='ocrx_word' id='word_1_969' title='bbox 1604 3513 1729 3555; x_wconf 91' lang='lat' dir='ltr'>potest</span> <span class='ocrx_word' id='word_1_970' title='bbox 1742 3517 1811 3554; x_wconf 91' lang='lat' dir='ltr'>per</span> <span class='ocrx_word' id='word_1_971' title='bbox 1830 3505 1997 3554; x_wconf 85' lang='lat' dir='ltr'>aliquam</span> <span class='ocrx_word' id='word_1_972' title='bbox 2018 3504 2203 3542; x_wconf 85' lang='lat' dir='ltr'>rationem</span> <span class='ocrx_word' id='word_1_973' title='bbox 2226 3504 2448 3541; x_wconf 90' lang='lat' dir='ltr'>humanam.</span> <span class='ocrx_word' id='word_1_974' title='bbox 2465 3503 2567 3549; x_wconf 90' lang='lat' dir='ltr'>Ergo</span> 
     </span>
    </p>
   </div>
  </div>
 </body>
</html>
