2852 4152
97 342 105 350 ”
121 340 187 362 Vers.
201 346 237 369 34.

94 555 104 565 '
119 554 190 575 Prosa
203 559 228 575 11.

93 655 104 666 ⁸
113 655 150 676 De
161 654 210 676 Lib.
220 654 302 680 Arhia,

93 681 134 703 lib.
148 681 176 707 11·,
192 686 244 708 cap.
255 686 302 702 xxx.

92 764 104 776 ⁸
117 763 184 785 Vers.
197 768 227 784 12.
241 773 252 778 -
267 762 303 784 ef.

91 790 149 812 Luc.
154 795 236 817 capsi,
242 795 302 811 vers.

91 979 100 989 ·
114 977 181 1000 Vers.
196 984 227 1006 25.

91 1104 101 1115 ⁶
115 1103 182 1126 vm.
196 1103 232 1126 28.

128 3054 130 3056 ’
140 3065 204 3088 neca,
218 3059 294 3087 Epist.

1012 256 1276 302 QUAESTIO
1307 257 1373 303 lV,
1402 259 1695 296 ARTICULUS
1724 261 1807 297 VIll

333 336 447 384 rizate
472 335 577 372 vobis
605 335 797 370 thesauros
825 334 862 371 in
892 335 1018 377 caelo‚·
1047 341 1082 371 et
1109 335 1242 371 Matth.
1263 334 1383 370 xxv*:

338 388 483 433 Venite,
517 387 697 424 benedicti
725 387 848 423 Patris
877 388 968 432 mei,
995 387 1181 436 possidete
1211 398 1384 436 regnum.

333 441 432 488 Ergo
453 440 500 477 ad
520 440 789 476 beatitudinem
810 440 1050 488 requiruntur
1069 439 1252 477 exteriora
1271 440 1384 476 bona.

385 504 420 530 2.
449 494 690 539 PRAETEREA,
722 492 932 529 secundum
970 493 1168 540 Boetium,
1195 492 1235 529 in
1262 493 1312 528 III
1341 493 1387 528 de

335 545 482 583 Consol.
498 545 529 593 ³³,
563 545 756 582 beatitudo
789 552 845 582 est
871 551 986 582 status
1013 546 1181 582 omnium
1201 546 1385 582 honorum

330 598 607 648 aggregatione
626 599 827 646 perfectus.
858 598 934 635 Sed
955 599 1137 636 exteriora
1156 605 1243 635 sunt
1260 597 1386 645 aliqua

330 651 495 688 hominis
515 652 628 697 bona,
650 651 735 687 licet
753 651 921 697 minima,
937 658 979 687 ut
997 652 1228 700 Augustinus
1249 650 1336 687 dicit
1352 650 1383 687 ²¹².

331 704 433 751 Ergo
460 704 542 752 ipsa
570 703 681 740 etiam
705 704 946 752 requiruntur
973 704 1021 741 ad
1049 703 1330 741 beatitudinem.

385 757 419 793 3.
431 757 662 802 PRAETEREA,
672 757 874 803 Dominus,
891 756 1094 804 Matth.v*,
1111 756 1216 793 dicit:
1234 756 1386 792 Merces

328 814 452 845 vestra
479 809 597 846 multa
625 815 678 846 est
703 809 740 845 in
770 810 892 846 caelis.
923 810 999 846 Sed
1020 822 1101 847 esse
1129 809 1167 846 in
1196 808 1305 845 caelis
1338 809 1384 845 si-

328 861 481 908 gnificat
507 873 590 898 esse
614 861 652 898 in
680 862 777 899 loco.
799 863 900 910 Ergo
930 863 1063 899 saltem
1090 863 1195 899 loeus
1225 861 1385 898 exterior

329 914 529 962 requiritur
557 914 603 951 ad
632 914 914 952 beatitudinem.

381 968 456 1004 SED
485 978 630 1004 CONTRA
649 979 715 1004 EST
734 968 838 1016 quod
858 968 992 1005 dicitur
1010 967 1048 1004 in
1068 968 1220 1004 Psalmo
1240 968 1382 1004 Lxx11*:

332 1020 429 1062 Quid
455 1020 553 1056 enim
582 1021 676 1057 mihi
699 1026 754 1057 est
779 1022 815 1058 in
843 1020 976 1058 caelo?
1001 1021 1052 1057 Et
1068 1032 1091 1056 a
1111 1026 1145 1057 te
1168 1020 1258 1068 quid
1282 1021 1387 1058 volui

325 1077 438 1122 super
470 1073 642 1110 terram?
670 1074 789 1120 Quasi
821 1074 934 1111 dicat:
967 1089 986 1106 «
1004 1073 1106 1110 Nihil
1130 1073 1231 1110 aliud
1251 1078 1268 1094 α
1291 1075 1382 1111 volo

327 1126 397 1163 nisi
425 1126 500 1162 hoc
528 1126 633 1174 quod
662 1127 830 1174 sequitur
861 1127 901 1174 ³¹²,
930 1127 1033 1163 Mihi
1058 1127 1264 1163 adhaerere
1299 1128 1382 1164 Deo

326 1181 465 1216 bonum
486 1185 574 1216 est.»
596 1180 698 1227 Ergo
718 1180 808 1216 nihil
828 1180 928 1217 aliud
949 1178 1139 1216 exteriusl3
1159 1181 1206 1217 ad
1227 1180 1383 1222 beatitu-

326 1232 455 1269 dinem
483 1231 691 1280 requiritur.

379 1286 603 1322 REspounsso
623 1296 806 1321 DICENDUM
826 1284 930 1332 quod
949 1284 998 1320 ad
1021 1284 1292 1321 beatitudinem
1312 1285 1381 1321 im-

323 1338 540 1386 perfectam,
562 1337 682 1384 qualis
701 1337 739 1372 in
758 1337 830 1372 hac
852 1337 928 1373 vita
948 1344 1073 1384 potest
1095 1337 1238 1384 haberi,
1260 1339 1380 1386 requi-

326 1397 458 1427 runtur
478 1389 662 1426 exteriora
685 1390 798 1436 bona,
820 1401 897 1425 non
917 1389 1024 1437 quasi
1045 1389 1092 1426 de
1114 1390 1273 1426 essentia
1293 1391 1380 1427 bea-

324 1442 724 1491 titudinisrexistentia,
745 1443 812 1479 sed
836 1443 942 1491 quasi
968 1442 1298 1479 instrumentaliter
1318 1443 1381 1479 de-

264 1493 285 1496 *
317 1492 525 1533 servientia
543 1495 776 1541 beatitudini⁷
799 1508 897 1544 quae
918 1495 1084 1532 consistit
1103 1495 1141 1532 in
1161 1496 1380 1544 operatione

44 1542 51 1558 ³*
83 1553 297 1577 mmmmm.

323 1548 482 1596 virtutis,
501 1555 543 1584 ut
563 1548 696 1585 dicitur
711 1548 748 1585 in
769 1549 917 1585 IEthic.
933 1548 953 1570 ³¹⁶
975 1549 1119 1596 Indiget
1140 1549 1240 1585 enim
1259 1550 1378 1586 homo

322 1601 362 1638 in
390 1602 462 1638 hac
488 1601 566 1639 vita
585 1601 803 1638 necessariis
833 1601 999 1650 corporis
1018 1609 1096 1638 tam
1125 1601 1174 1638 ad
1194 1602 1380 1650 operatio—

323 1667 414 1692 nem
432 1654 578 1691 virtutis
599 1654 927 1703 contemplativae,
949 1667 1063 1703 quam
1085 1654 1198 1691 etiam
1219 1655 1266 1692 ad
1291 1667 1381 1703 ope-

323 1707 510 1745 rationem
536 1707 684 1744 virtutis
712 1708 879 1755 activae,
910 1707 958 1744 ad
987 1719 1104 1755 quam
1133 1708 1246 1744 etiam
1274 1709 1380 1756 plura

324 1760 395 1798 alia
432 1760 688 1809 requiruntur,
717 1761 854 1809 quibus
884 1763 1199 1809 exerceat'opera
1236 1761 1380 1799 activae

322 1813 480 1851 virtutis.

377 1866 455 1902 Sed
483 1866 530 1902 ad
563 1865 836 1903 beatitudinem
868 1866 1096 1914 perfectam,
1130 1879 1227 1915 quae
1260 1867 1297 1904 in
1325 1867 1381 1904 vi-

323 1918 428 1956 sione
452 1918 524 1954 Dei
545 1918 722 1965 consistit,
752 1919 855 1955 nullo
885 1918 1003 1955 modo
1031 1919 1251 1957 huiusmodi
1279 1921 1381 1957 bona

322 1971 573 2020 requiruntur.
618 1971 735 2008 Cuius
764 1971 856 2008 ratio
887 1979 943 2008 est
975 1971 1064 2020 quia
1093 1973 1221 2009 omnia
1253 1974 1382 2010 huius-

322 2025 429 2061 modi
457 2024 560 2061 bona
589 2024 772 2061 exteriora
795 2025 856 2061 vel
885 2025 1125 2074 requiruntur
1158 2026 1208 2063 ad
1236 2034 1380 2063 susten-

321 2077 503 2114 tationem
533 2077 704 2114 animalis
742 2078 931 2126 corporis;
957 2079 1019 2115 vel
1057 2079 1298 2128 requiruntur
1332 2080 1380 2117 ad

322 2130 466 2179 aliquas
481 2130 721 2179 operationes
750 2143 843 2179 quas
863 2143 931 2179 per
945 2131 1108 2168 animale
1125 2135 1261 2181 corp'us
1278 2145 1380 2169 exer-

323 2195 466 2231 cemus,
489 2195 585 2232 quae
613 2184 806 2220 humanae
824 2184 923 2221 vitae
954 2185 1195 2222 conveniunt.
1223 2186 1288 2222 Illa
1315 2198 1380 2223 au-

375 2296 402 2328 α)
421 2296 503 2320 aliud.
521 2310 541 2315 -
559 2296 620 2321 Om.
639 2297 686 2321 Pa.

375 2330 400 2364 β)
419 2331 549 2357 exterius.
567 2346 586 2350 —
604 2335 686 2356 extra
705 2332 791 2356 Deum
811 2332 856 2356 Pa.

373 2367 400 2400 γ)
421 2367 505 2392 unita.
521 2381 540 2386 —
559 2367 648 2393 iuncta
667 2368 714 2392 Pa.

2441 267 2490 312 45

1440 342 1517 372 tem
1545 337 1711 385 perfecta
1731 339 1920 376 beatitudo
1954 353 2050 388 quae
2079 341 2116 377 in
2134 342 2282 378 visione
2309 344 2380 379 Dei
2401 356 2489 380 con-

1440 388 1542 435 sistit,
1563 390 1623 425 vel
1654 390 1720 426 erit
1747 391 1785 427 in
1813 392 1941 429 anima
1968 393 2047 429 sine
2071 405 2249 442 corpore;
2277 396 2339 431 vel
2359 396 2425 432 erit
2452 397 2490 434 in

1439 441 1567 477 anima
1586 443 1736 491 corpori
1767 444 1870 480 unita
1897 450 1913 473 Ὺ
1946 457 2023 482 non
2042 446 2119 482 iam
2139 446 2303 494 animali,
2332 449 2398 484 sed
2418 449 2488 496 spi—

1439 492 1570 531 rituali.
1600 495 1649 531 Et
1676 495 1762 532 ideo
1790 498 1893 533 nullo
1920 498 2037 534 modo
2065 498 2282 535 huiusmodi
2310 500 2491 537 exteriora

1440 546 1541 582 bona
1561 547 1800 595 requiruntur
1819 550 1867 586 ad
1894 549 1996 586 illam
2016 551 2297 598 beatitudinem,
2319 564 2406 588 cum
2431 565 2489 589 or-

1440 597 1614 635 dinentur
1633 600 1682 637 ad
1695 601 1812 638 vitam
1833 602 2047 639 animalem.
2059 624 2083 630 -
2099 604 2147 639 Et
2166 604 2253 652 quia
2272 604 2309 640 in
2329 606 2400 641 hac
2413 605 2490 642 vita

1440 651 1559 697 magis
1596 653 1739 690 accedit
1776 655 1824 691 ad
1860 655 2143 692 similitudinem
2175 656 2271 692 illius
2303 658 2489 705 perfectae

1440 703 1677 741 beatitudinis
1704 706 1857 743 felicitas
1886 708 2178 756 contemplativa
2211 721 2326 756 quarn
2355 710 2488 758 activa,

1438 764 1569 804 utpote
1598 757 1710 794 etiam
1739 759 1823 795 Deo
1852 760 2020 808 similior,
2048 768 2089 797 ut
2116 773 2161 797 ex
2189 761 2293 798 dictis
2320 761 2340 783 '¹‘
2367 770 2488 811 patet;

1438 808 1525 846 ideo
1554 809 1679 846 minus
1699 810 1837 858 indiget
1863 813 2083 850 huiusmodi
2109 814 2219 850 bonis
2249 815 2429 862 corporis,
2448 823 2490 852 ut

1439 862 1573 898 dicitur
1599 862 1638 898 in
1665 863 1701 898 X
1726 864 1845 900 Ethic.
1865 864 1884 886 ’¹‘

1490 917 1548 951 AD
1577 926 1713 952 PRIMUM
1746 928 1843 952 ERGO
1880 929 2062 954 DtCENDuM
2096 919 2200 966 quod
2238 931 2372 955 omnes
2406 921 2489 957 illae

1439 969 1655 1016 corporales
1675 966 1687 989 δ
1706 969 1975 1016 promissiones
1995 983 2092 1017 quae
2117 971 2156 1007 in
2175 984 2280 1008 saera
2301 972 2489 1021 Scriptura

1438 1020 1688 1067 continentur,
1700 1029 1786 1057 sunt
1801 1023 2056 1070 metaphorice
2070 1024 2340 1072 intelligendae,
2358 1038 2488 1064 secun-

1437 1073 1528 1110 dum
1550 1074 1655 1122 quod
1673 1074 1711 1110 in
1731 1074 1929 1122 Scripturis
1957 1077 2078 1112 solent
2096 1076 2298 1124 spiritualia
2320 1090 2389 1126 per
2408 1093 2488 1116 cor-

1436 1127 1578 1175 poralia
1607 1126 1804 1174 designari,
1826 1132 1865 1162 ut
1883 1139 1932 1162 ex
1957 1129 2012 1164 his
2032 1140 2126 1176 quae
2155 1130 2335 1176 novimus,
2351 1134 2402 1168 ad
2427 1134 2487 1169 de-

1435 1180 1676 1216 siderandum
1704 1180 1895 1228 incognita
1919 1191 2203 1229 consurgamus,
2225 1183 2318 1219 sicut
2347 1186 2487 1232 Grego-

1436 1232 1512 1269 rius
1538 1232 1624 1269 dicit
1651 1233 1689 1269 in
1708 1233 1874 1280 quadam
1895 1233 2062 1269 Homilia
2080 1233 2110 1270 ²¹².
2142 1234 2244 1271 Sicut
2271 1248 2338 1283 per
2362 1237 2487 1274 cibum

1437 1293 1471 1321 et
1499 1283 1633 1333 potum
1669 1285 1882 1333 intelligitur
1910 1285 2104 1322 delectatio
2138 1288 2392 1334 beatitudinis3
2422 1303 2490 1338 per

1436 1337 1600 1384 divitias,
1635 1338 1859 1375 sufficientia
1896 1350 1971 1386 qua
1999 1339 2143 1375 homini
2173 1340 2333 1377 sufficiet
2360 1342 2484 1388 Deus;

1434 1402 1503 1438 per
1531 1402 1702 1437 regnum,
1725 1391 1895 1427 exaltatio
1924 1391 2088 1428 hominis
2107 1405 2229 1440 usque
2258 1394 2304 1430 ad
2334 1395 2489 1432 coniun-

1436 1443 1600 1480 ctionem
1630 1456 1718 1479 cum
1747 1445 1844 1480 Deo.

1487 1497 1545 1532 An
1575 1508 1766 1533 SECUNDUM
1795 1508 1978 1533 DICENDUM
2007 1496 2111 1544 quod
2139 1498 2240 1534 bona
2267 1499 2335 1541 ista
2365 1500 2489 1537 deser-

1434 1548 1574 1585 vientia
1603 1549 1752 1585 animali
1782 1550 1893 1596 vitae,
1914 1562 1992 1585 non
2008 1558 2231 1598 ¹competunt
2257 1552 2355 1588 vitae
2385 1553 2489 1601 spiri-

1434 1602 1535 1649 tuali,
1552 1602 1589 1638 in
1608 1614 1684 1650 qua
1704 1602 1896 1639 beatitudo
1912 1603 2076 1651 perfecta
2101 1604 2278 1641 consistit.
2295 1606 2342 1640 Et
2361 1613 2488 1642 tamen

1436 1654 1503 1691 erit
1531 1655 1568 1691 in
1588 1655 1647 1691 illa
1675 1655 1907 1692 beatitudine
1927 1655 2100 1692 omniurn
2121 1657 2307 1694 bonorum
2334 1670 2490 1706 congre-

1434 1708 1546 1755 gatio,
1568 1708 1656 1755 quia
1684 1708 1867 1757 quidquid
1895 1709 1985 1745 boni
2013 1714 2024 1730 ε
2053 1709 2240 1746 invenitur
2258 1710 2295 1747 in
2323 1710 2413 1758 istis,
2434 1719 2489 1748 to-

1434 1769 1516 1798 tum
1544 1761 1744 1798 habebitur
1771 1761 1808 1798 in
1837 1774 1990 1798 summo
2018 1762 2120 1799 fonte
2150 1763 2351 1800 bonorum.

1488 1816 1546 1851 AD
1574 1826 1733 1851 TERTIUM
1762 1827 1944 1852 DICENDUM
1972 1816 2092 1864 quod,
2123 1817 2333 1853 secundum
2361 1818 2489 1865 Augu-

1436 1866 1574 1903 stinum
1591 1867 1629 1903 in
1647 1867 1741 1903 libro
1762 1868 1807 1904 de
1821 1869 1939 1905 Serm.
1957 1869 2068 1906 Dom.
2086 1869 2123 1905 in
2143 1870 2277 1906 Monte
2290 1869 2320 1916 ³¹⁸,
2342 1882 2486 1906 merces

1437 1920 1662 1956 Sanctorum
1679 1933 1756 1957 non
1773 1921 1907 1958 dicitur
1926 1934 2007 1958 esse
2021 1922 2059 1958 in
2075 1922 2265 1971 corporeis
2281 1923 2406 1959 caelis:
2423 1923 2488 1960 sed

1434 1985 1502 2021 per
1531 1974 1655 2010 caelos
1683 1974 1894 2021 intelligitur
1922 1974 2077 2011 altitudo
2101 1975 2348 2024 spiritualium
2369 1977 2488 2012 bono-

1435 2038 1531 2062 rum.
1543 2047 1567 2053 -
1580 2026 1832 2063 Nihilominus
1847 2034 1973 2063 tamen
1992 2028 2097 2064 locus
2119 2040 2334 2076 corporeus,
2352 2028 2490 2065 scilicet

1437 2079 1582 2115 caelum
1617 2091 1862 2128 empyreum,
1901 2080 2019 2116 aderit
2049 2080 2193 2127 Beatis,
2228 2093 2305 2117 non
2332 2088 2487 2129 propter

1435 2133 1696 2169 necessitatem
1716 2132 1964 2179 beatitudinis,
1981 2134 2047 2170 sed
2063 2133 2274 2170 secundum
2293 2134 2486 2182 quandam

1435 2185 1718 2233 congruentiam
1749 2193 1785 2222 et
1813 2185 2003 2222 decorem.

1486 2298 1510 2330 δ)
1530 2300 1688 2330 corporales.
1706 2313 1725 2317 -
1742 2299 1893 2330 spirituales
1912 2298 2177 2330 ABCDEFGIKLpH.
2189 2312 2208 2317 —
2221 2299 2271 2323 Pro
2283 2299 2489 2330 promissiones,

1433 2334 1577 2359 locutiones
1595 2335 1644 2366 ΞΒ,
1664 2342 1717 2358 om.
1737 2335 1782 2365 pB.

1487 2369 1508 2401 ε)
1528 2369 1597 2394 boni.
1615 2383 1634 2388 -
1652 2370 1746 2394 bonum
1767 2370 1812 2394 Pa.

1091 2504 1407 2546 ARTICULUS
1437 2505 1710 2546 OCTAVUS

714 2596 870 2626 UTRUM
892 2596 950 2626 AD
974 2595 1302 2627 BEATITUDINEM
1325 2597 1608 2634 REQUIRATUR
1631 2597 1838 2628 soctssTAs
1862 2583 2110 2628 AMICORUM'

323 2686 326 2690 ’
351 2701 413 2731 su
440 2705 518 2747 ,ms
533 2696 555 2720 n
576 2695 748 2720 OCTAVUM
767 2695 820 2720 S1c
839 2695 1078 2721 PROCEmTUR.
1099 2684 1257 2721 Videtur
1276 2685 1380 2732 quod

451 2726 510 2795 ᾖ
535 2736 646 2772 amici
675 2736 746 2772 sint
781 2737 981 2773 necessarii
1010 2736 1059 2774 ad
1095 2737 1378 2776 beatitudinem.

339 2789 361 2835 ’,
384 2827 386 2831 y
436 2809 459 2838 Α,
473 2793 501 2836 Υ,-
515 2786 521 2791 “
536 2789 677 2825 Futura
698 2788 798 2825 enim
818 2789 1010 2827 beatitudo
1032 2789 1070 2826 in
1091 2790 1289 2838 Scripturis
1309 2791 1378 2827 fre-

378 2855 389 2866 κ
410 2835 467 2868 5⁹⁸?
489 2832 522 2876 K
535 2848 692 2888 quenter
706 2841 861 2878 nomine
880 2843 1028 2891 gloriae
1048 2843 1271 2891 designatur.
1304 2845 1380 2882 Sed

322 2892 438 2940 gloria
468 2893 634 2930 consistit
660 2893 697 2930 in
725 2894 799 2930 hoc
823 2895 927 2943 quod
955 2895 1101 2932 bonum
1138 2896 1303 2933 hominis
1332 2898 1379 2934 ad

322 2945 494 2982 notitiam
521 2946 728 2982 multorum
753 2946 960 2984 deducitur.
981 2949 1083 2996 Ergo
1109 2949 1157 2986 ad
1185 2949 1381 2987 beatitudi-

323 3010 413 3035 nem
443 2998 643 3047 requiritur
671 2999 830 3036 societas
859 3001 1079 3038 amicorum.

377 3063 412 3088 2.
433 3052 665 3099 PRAETEREA,
681 3053 836 3089 Boetius
850 3052 870 3074 ’Β
890 3053 978 3091 dicit
997 3053 1101 3102 quod
1130 3053 1266 3090 nullius
1294 3055 1383 3091 boni

321 3104 401 3140 sine
419 3106 604 3142 consortio
633 3106 795 3142 iucunda
814 3112 869 3142 est
886 3107 1081 3154 possessio.
1112 3107 1188 3143 Sed
1216 3107 1262 3143 ad
1292 3108 1380 3144 bea-

322 3156 520 3194 titudinem
541 3158 739 3206 requiritur
767 3159 976 3196 delectatio.
998 3161 1098 3208 Ergo
1120 3160 1231 3196 etiam
1259 3161 1380 3209 requi-

323 3217 416 3246 rltur
444 3218 603 3247 societas
631 3223 855 3248 amlcorum.
1316 3230 1318 3232 >

378 3263 412 3299 3.
434 3264 665 3311 PRAETEREA,
687 3263 818 3301 caritas
838 3265 874 3301 in
896 3264 1125 3301 beatitudine
1144 3264 1336 3313 perficitur
1350 3271 1378 3301 α.

324 3315 400 3352 Sed
430 3315 562 3353 caritas
601 3329 640 3353 se
679 3317 844 3354 extendit
876 3317 924 3353 ad
962 3317 1200 3354 dilectionem
1238 3318 1310 3355 Dei
1345 3325 1380 3354 et

322 3368 497 3416 proximi.
533 3370 635 3418 Ergo
662 3370 812 3407 videtur
830 3370 934 3418 quod
958 3370 1006 3407 ad
1034 3370 1303 3408 beatitudinem
1323 3384 1380 3408 re—

323 3420 491 3470 quiratur
519 3423 677 3459 societas
706 3423 927 3459 amicorum.

1489 2686 1562 2722 SED
1593 2697 1741 2722 CONTRA
1777 2698 1842 2722 EST
1874 2687 1978 2734 quod
2012 2685 2144 2723 dicitur
2171 2687 2258 2734 Sap.
2284 2685 2386 2722 vi1*:
2422 2686 2487 2722 Ve-

1435 2744 1572 2775 nerunt
1593 2739 1686 2774 mihz'
1711 2739 1838 2775 omnia
1857 2739 1954 2775 bona
1975 2739 2122 2786 pariter
2140 2750 2225 2774 cum
2253 2738 2328 2785 illa,
2350 2737 2487 2774 scilicet

1435 2803 1522 2827 cum
1552 2791 1679 2827 divina
1707 2791 1904 2839 sapientia,
1931 2803 2029 2839 quae
2059 2791 2224 2828 consistit
2251 2791 2288 2827 in
2317 2798 2486 2827 contem-

1434 2844 1599 2892 platione
1627 2843 1710 2881 Dei.
1740 2845 1788 2880 Et
1815 2844 1867 2881 sic
1895 2844 1942 2880 ad
1971 2844 2240 2881 beatitudinem
2270 2843 2359 2880 nihil
2387 2843 2487 2880 aliud

1435 2896 1645 2944 requiritur.

1488 2951 1712 2986 RESPONDEO
1741 2961 1922 2986 DICENDUM
1951 2949 2065 2998 quod,
2095 2949 2124 2985 si
2148 2950 2350 2998 loquamur
2370 2949 2417 2986 de
2436 2949 2488 2985 fe-

1434 3002 1567 3038 licitate
1605 3002 1810 3050 praesentis
1838 3002 1956 3048 vitae,
1987 3001 2081 3038 sicut
2108 3002 2362 3050 Philosophus
2400 3001 2488 3038 dicit

1434 3054 1473 3090 in
1502 3055 1554 3090 IX
1580 3055 1699 3091 Ethic.
1720 3054 1750 3101 ²¹³,
1780 3054 1865 3091 felix
1892 3054 2032 3102 indiget
2055 3054 2196 3102 amicis,
2226 3067 2304 3091 non
2332 3054 2487 3103 quidem

1434 3114 1589 3155 propter
1625 3102 1842 3154 utilitatem,
1873 3119 1961 3144 cum
1990 3107 2035 3144 sit
2071 3107 2140 3144 sibi
2177 3107 2388 3154 sufficiens3
2418 3119 2488 3144 nec

1434 3167 1588 3208 propter
1607 3160 1907 3207 delectationem,
1928 3160 2016 3208 quia
2044 3160 2159 3196 habet
2177 3160 2215 3196 in
2244 3160 2367 3208 seipso
2388 3161 2486 3197 dele-

1435 3213 1637 3249 ctationem
1673 3213 1878 3261 perfectam
1906 3212 1944 3249 in
1973 3212 2192 3262 operatione
2226 3213 2391 3258 virtutis;
2421 3212 2488 3249 sed

1434 3273 1588 3314 propter
1606 3266 1749 3302 bonam
1778 3265 2050 3314 operationem,
2083 3273 2124 3302 ut
2143 3265 2281 3302 scilicet
2299 3266 2352 3302 eis
2372 3266 2486 3302 bene-

1434 3318 1554 3365 faciat,
1577 3325 1613 3354 et
1630 3325 1672 3354 ut
1692 3331 1757 3355 eos
1776 3318 1975 3366 inspiciens
1995 3316 2010 3347 β
2028 3319 2248 3355 benefacere
2271 3319 2485 3365 delectetur,

1435 3378 1471 3407 et
1489 3378 1531 3407 ut
1549 3371 1662 3407 etiam
1691 3371 1738 3407 ab
1759 3371 1812 3408 eis
1831 3371 1869 3407 in
1888 3371 2160 3408 benefaciendo
2185 3371 2394 3407 adiuvetur.
2428 3372 2487 3407 In-

1435 3423 1535 3471 diget
1572 3423 1672 3459 enim
1709 3424 1828 3460 homo
1862 3423 1909 3460 acl
1947 3425 2043 3460 bene
2077 3423 2312 3473 operandum
2350 3423 2486 3460 auxilio

376 3535 403 3568 α)
419 3535 568 3568 perficitur.
587 3549 605 3554 —
619 3535 774 3568 perficietur
792 3536 991 3561 ABCDEFGIL.

1487 3536 1511 3569 β)
1532 3538 1679 3569 inspiciens.
1691 3551 1710 3556 -
1722 3537 1864 3569 suspiciens
1878 3537 1954 3566 ACG,
1970 3537 2112 3568 suscipiens
2125 3537 2197 3568 BpH.
2206 3550 2224 3555 -
2238 3536 2317 3561 etiam
2337 3543 2391 3562 om.
2409 3537 2488 3566 PEa;

1434 3581 1480 3605 pro
1499 3573 1648 3602 adiuvetur,
1669 3573 1773 3597 iuvetur
1792 3573 1838 3597 Pa.

2514 761 2525 771 ⁴*
2540 761 2588 788 Qu.
2602 767 2636 788 ιιι,
2650 766 2723 790 art.5,

2516 787 2543 808 ad
2558 793 2573 808 1.

2605 875 2654 897 vm,
2670 876 2692 891 n.
2704 877 2725 899 5,

2516 868 2602 917 6.C—³}'.
2611 896 2655 918 Th.
2671 897 2723 918 lect.

2515 1240 2524 1249 ·
2542 1239 2629 1262 Homil.
2648 1240 2680 1262 XI
2700 1241 2723 1262 in

2514 1265 2601 1293 Evang.

2516 1878 2527 1889 ⁸
2541 1878 2592 1899 Lib.
2605 1878 2624 1901 Ι,
2639 1883 2689 1905 cap.
2700 1884 2726 1898 v.

2514 2698 2522 2707 ·
2539 2697 2604 2719 Vers.
2620 2703 2647 2718 11.

2514 3063 2523 3071 ·
2544 3062 2600 3090 Cap.
2616 3068 2653 3089 tx,
2672 3068 2696 3084 n.

2513 3094 2566 3135 {qq
2574 3099 2584 3103 -
2592 3088 2663 3110 8:171.
2671 3089 2714 3110 lect
