2852 4152
1010 239 1276 285 QUAESTIO
1306 241 1372 285 111,
1400 241 1692 278 ARTICULUS
1721 242 1757 278 V

301 316 374 345 dere
384 314 500 354 ipsum,
517 314 572 345 sed
586 322 715 354 propter
730 316 836 355 ipsum
850 316 965 352 Deum,
984 327 1091 347 amore
1101 317 1268 353 amicitiae;
1285 317 1359 357 quia

301 366 407 391 tamen
430 364 554 389 amatur
576 357 670 394 visus,
687 358 730 389 ita
753 359 841 399 quod
864 360 943 389 visio
967 370 1033 390 non
1061 361 1218 391 concurrit
1239 361 1282 390 ibi
1306 371 1360 400 per

302 401 453 442 accidens,
478 401 533 431 sed
556 411 611 441 per
628 411 674 438 se;
699 402 765 442 ipse
789 413 879 433 amor
901 403 1061 434 beatificus
1078 403 1241 434 ordinatur
1263 404 1295 434 in
1319 404 1361 434 vi-

302 445 425 475 sionem
440 451 476 475 ut
490 443 602 475 finem:
618 453 703 476 amat
726 446 810 476 enim
833 447 941 477 beatus
958 447 1112 477 visionem
1135 447 1221 478 illam
1238 454 1273 478 ut
1288 448 1360 478 ade-

302 489 446 529 ptionem
468 487 556 524 finis,
581 489 670 529 quod
700 496 746 519 est
769 500 873 520 amare
902 490 989 521 illam
1019 498 1054 521 ut
1076 490 1182 522 finem.
1209 491 1249 522 Et
1272 501 1361 521 amor

303 538 340 563 ut
361 538 408 562 eet
429 532 711 572 concupiscentiae,
731 534 894 564 ordinatur
915 535 949 564 in
971 535 1127 565 visionem
1150 542 1186 565 ut
1207 534 1314 571 finem,
1332 542 1362 565 et

303 585 408 606 amare
423 581 470 607 est
492 583 621 616 propter
636 576 800 608 visionem.
817 578 882 608 Nec
904 578 935 608 in
959 578 1020 609 hoc
1035 586 1083 609 est
1104 578 1287 618 perversitas
1306 579 1361 608 ali-

302 630 376 661 qua.
400 619 462 651 Sed
477 620 660 660 perversitas
683 628 764 651 esset
778 621 816 651 de
839 631 946 652 amore
971 629 1005 653 ut
1027 629 1073 653 est
1096 622 1262 653 amicitiae:
1287 622 1362 662 quia

303 664 348 694 sic
370 663 456 694 Deus
479 663 676 694 ordinaretur
699 664 738 694 ad
760 664 914 694 visionem
939 675 956 695 a
978 666 1031 695 tali
1054 676 1172 696 amore.
1190 666 1284 696 Nunc
1307 676 1361 696 au-

303 714 368 738 tem
384 707 513 748 ponitur
529 717 693 737 summum
709 708 951 748 concupiscibile
966 709 1034 749 ipsa
1049 710 1174 749 adeptio
1194 709 1262 746 Dei,
1280 719 1361 750 qnae

304 757 352 781 est
373 760 429 791 per
450 750 624 781 visionem:
650 752 738 791 quod
762 758 807 782 est
829 762 949 782 verum.

360 794 411 825 Ad
429 794 556 825 tertium
579 802 695 831 autem,
712 802 842 835 negatur
861 796 1056 827 antecedens.
1077 797 1117 826 Et
1140 797 1178 826 ad
1202 797 1361 836 probatio-

305 848 378 868 nem
402 838 515 869 dicitur
541 839 630 878 quod
659 839 821 875 voluntas,
847 849 920 870 cum
944 840 983 870 sit
1013 840 1170 880 appetitus
1200 840 1360 876 animalis,

304 881 361 922 qui
390 882 481 912 datus
512 889 558 913 est
581 892 598 912 a
621 890 731 912 natura
754 883 941 913 animalibus
965 883 1068 923 primo
1099 890 1228 923 propter
1257 890 1362 914 totum

2417 243 2460 279 31

1412 318 1473 348 hoc
1489 318 1602 349 sufficit
1617 319 1773 358 appetitus
1789 318 1960 362 naturalis),
1973 330 2038 350 non
2054 330 2179 350 summe
2193 321 2262 351 vult
2277 327 2346 351 actu
2362 320 2465 351 elicito

1412 361 1636 402 perfectionem
1659 372 1760 398 suam,
1777 373 1879 403 neque
1902 363 2078 394 intellectus
2093 370 2128 393 ut
2151 363 2203 399 sic,
2220 364 2274 394 sed
2298 364 2466 404 suppositi,⁴

1413 415 1494 446 quae
1516 412 1563 436 est
1585 406 1767 436 consecutio
1786 406 1889 437 ultimi
1913 406 1993 438 finis.
2010 407 2101 438 Unde
2116 407 2260 447 probatio
2283 406 2335 437 illa
2358 408 2396 437 ab
2412 417 2466 447 ap7

1413 449 1511 489 petitu
1536 449 1668 480 naturali
1691 449 1861 480 voluntatis
1891 450 1929 480 ad
1953 450 2127 492 appetitum
2157 450 2212 490 qui
2235 457 2281 480 est
2303 457 2389 481 actus
2414 450 2465 490 eliss

1413 492 1492 522 citus
1509 493 1659 529 eiusdem,
1677 503 1742 523 non
1756 494 1847 530 valet,
1861 500 1988 534 propter
2004 494 2157 524 rationem
2174 493 2302 524 dictam:
2319 493 2393 534 quia
2409 493 2465 523 sci-

1412 536 1483 566 licet
1514 536 1675 567 inclinatio
1705 537 1854 567 naturalis
1878 544 1924 568 est
1946 537 2050 577 primo
2081 545 2208 577 propter
2230 537 2331 577 ipsam
2354 542 2467 576 po'ten'-

1413 579 1490 611 tiam
1512 587 1728 619 appetentem,
1751 586 1839 611 actus
1863 588 1968 611 autem
1987 580 2107 611 elicitus
2131 580 2274 610 animalis
2294 587 2340 611 αῖ
2362 580 2465 620 primo

1413 630 1542 663 propter
1564 624 1767 663 suppositum
1790 631 1951 664 appetens.
1967 624 2008 655 Et
2030 624 2112 660 ideo,
2129 624 2286 655 tendendo
2306 624 2409 664 primo
2433 624 2466 655 in

1413 667 1536 696 bonum
1558 667 1743 703 intellectus,
1759 677 1824 698 non
1853 675 2007 708 quatenus
2026 667 2214 703 intellectus,
2239 668 2293 698 sed
2311 674 2466 708 quatenus

1413 716 1459 740 est
1481 710 1645 750 suppositi,
1663 711 1798 741 maxime
1814 718 1967 742 consonat
1990 718 2117 742 naturae
2138 721 2212 742 suae
2235 711 2402 751 potentiae,
2420 711 2466 741 in-

1414 760 1569 794 quantum
1588 754 1730 784 animalis
1754 761 1814 785 est:
1835 755 1919 795 quia,
1935 762 1970 785 ut
1989 755 2108 785 dictum
2127 761 2183 792 est,
2199 762 2327 794 propter
2350 754 2466 784 animal

1414 797 1520 836 ipsum
1545 798 1615 827 data
1638 805 1683 828 est
1702 798 1815 837 primo.

1473 841 1573 870 Multa
1600 851 1730 881 quoque
1760 842 1871 881 scripta
1902 849 1974 872 sunt
2002 841 2145 882 superius
2168 842 2185 860 *
2207 842 2239 871 in
2268 851 2322 882 qu.
2348 851 2464 878 Lxxxn,

1414 891 1470 914 art.
1487 884 1540 920 3¹¹²,
1565 884 1707 914 facientia
1730 885 1770 914 ad
1797 885 1959 915 materiam
1987 886 2076 916 hanc.
2099 885 2215 922 ,Quare
2239 885 2466 916 transeundum

304 925 518 966 suppositum,
543 933 573 956 et
596 936 662 956 non
685 933 813 966 propter
836 927 974 967 seipsum
1005 927 1181 967 appetitum
1204 925 1299 969 (quia
1323 927 1361 957 ad
1387 942 1391 969 Ι
1415 934 1504 967 puto.

1262 1012 1340 1020 m

1089 1078 1402 1120 ARTICULUS
1432 1078 1686 1130 QUINTUS

533 1173 688 1204 UTRUM
710 1172 963 1203 BEATiTuno
988 1172 1053 1202 SIT
1078 1171 1296 1202 OPERATIO
1321 1171 1619 1202 INTELLECTUS
1642 1171 1937 1207 SPECULATIVI‚
1961 1172 2019 1202 AN
2042 1172 2241 1203 PRACTICI
2295 1207 2299 1211 ‚

912 1249 945 1273 IV
964 1249 1046 1277 Sem..
1067 1249 1124 1273 dist.
1142 1256 1211 1277 xmx,
1231 1256 1275 1281 qu.
1294 1256 1314 1278 1.
1334 1253 1379 1272 art.
1397 1256 1417 1279 1,
1436 1250 1482 1281 qu·
1499 1248 1528 1279 3;
1547 1249 1570 1272 X
1591 1249 1684 1278 Ethic„
1703 1249 1760 1273 lect.
1779 1256 1796 1273 x
1814 1256 1873 1281 sqq.

446 1360 481 1382 ἦ(
519 1351 542 1375 D
571 1349 733 1380 QUINTUM
752 1348 805 1373 slc
824 1347 1062 1372 PROCEDITUR.
1082 1334 1239 1372 Videtur
1263 1335 1366 1383 quod

362 1423 366 1428 .
401 1382 491 1438 <3³5
522 1389 716 1427 beatitudo
743 1388 922 1425 consistat
946 1388 984 1424 in
1013 1387 1234 1436 operatione
1262 1388 1366 1424 intel-

331 1475 339 1485 ,
362 1434 446 1485 ’ΒΞ
458 1428 640 1478 '‘fiectus
667 1441 830 1490 practici.
861 1440 962 1476 Finis
990 1440 1092 1476 enim
1120 1439 1275 1476 ultimus
1303 1453 1366 1476 cu-

275 1492 286 1494 ’
320 1482 669 1531 ›X-‘vlfirffisiusiibet
702 1502 895 1530 creaturae
924 1492 1090 1531 consistit
1121 1492 1159 1528 in
1187 1492 1366 1529 assimila-

307 1544 410 1593 tione
429 1546 479 1583 ad
502 1548 642 1584 Deum.
664 1546 741 1583 Sed
760 1547 879 1582 homo
899 1545 1018 1593 magis
1038 1544 1263 1581 assimilatur
1281 1546 1365 1581 Deo

307 1601 378 1652 per
404 1600 635 1638 intellectum
663 1598 889 1648 practicum,
919 1598 985 1646 qui
1014 1606 1069 1634 est
1097 1610 1210 1634 causa
1238 1610 1365 1634 rerum

307 1654 593 1699 intellectarum,
606 1664 725 1700 quam
745 1663 813 1700 per
831 1651 1059 1688 intellectum
1080 1650 1365 1698 speculativum,

309 1707 416 1745 cuius
442 1706 598 1743 scientia
628 1704 809 1752 accipitur
836 1716 859 1740 a
887 1704 1012 1740 rebus.
1043 1704 1144 1750 Ergo
1173 1703 1366 1739 beatitudo

308 1754 474 1798 hominis
501 1757 622 1806 magis
651 1757 818 1793 consistit
846 1756 884 1793 in
913 1756 1133 1805 operatione
1161 1755 1367 1792 intellectus

308 1810 461 1864 practici
489 1822 606 1860 quam
634 1809 866 1858 speculativi.
911 1807 915 1810 ’

291 1859 299 1866 ’
335 1902 337 1904 ,
364 1859 401 1903 ’2.
420 1865 654 1909 PRAETEREA,
675 1861 869 1899 beatitudo
890 1869 945 1898 est
965 1861 1175 1909 perfectum
1202 1861 1367 1898 hominis

310 1919 469 1957 bonum.
496 1917 574 1954 Sed
593 1916 801 1952 intellectus
820 1914 1006 1963 practicus
1028 1913 1147 1961 magis
1176 1913 1369 1950 ordinatur

220 1982 257 2019 »³¹³
282 2016 283 2019 Ἴ
309 1971 360 2010 ad
388 1972 535 2008 bonum
563 1981 680 2018 quam
709 1967 975 2017 speculativus,
1005 1966 1070 2014 qui
1099 1966 1292 2003 ordinatur
1319 1967 1367 2004 ad

309 2028 459 2061 verum.
479 2022 591 2060 Unde
620 2028 656 2058 et
683 2020 894 2057 secundum
916 2018 1188 2067 perfectionem
1216 2019 1368 2067 practici

311 2072 531 2121 intellectus,
562 2072 723 2111 dicimur
750 2072 863 2110 boni:
894 2084 971 2108 non
1000 2079 1127 2108 autern
1157 2073 1367 2109 secundum

311 2128 585 2179 perfectionem
627 2125 847 2174 speculativi
884 2125 1111 2171 intellectus,
1140 2124 1207 2161 sed
1236 2137 1368 2161 secun-

314 2182 407 2220 dum
427 2193 512 2218 eam
532 2180 694 2218 dicimur
717 2178 877 2216 scientes
904 2178 966 2214 vel
985 2177 1242 2224 intelligentes.
1268 2178 1368 2224 Ergo

312 2234 506 2272 beatitudo
543 2231 709 2269 hominis
745 2231 865 2278 magis
893 2229 1060 2266 consistit
1088 2229 1125 2265 in
1154 2237 1238 2266 actu
1267 2230 1370 2266 intel-

314 2288 431 2327 lectus
459 2285 619 2335 practici.
639 2296 755 2333 quam
784 2282 1016 2332 speculativi.
1336 2319 1341 2321 ,

364 2340 404 2376 3.
424 2339 665 2383 PRAETEREA,
694 2335 886 2373 beatitudo
916 2341 972 2371 est
999 2333 1196 2382 quoddam
1224 2334 1371 2371 bonum

314 2392 432 2441 ipsius
450 2390 629 2428 hominis.
659 2390 737 2426 Sed
755 2387 1008 2437 speculativus
1027 2387 1233 2424 intellectus
1262 2400 1373 2424 occu-

313 2440 435 2494 patur·
452 2443 572 2491 magis
600 2443 699 2480 circa
727 2454 772 2479 ea
790 2452 888 2490 quae
918 2447 1004 2477 sunt
1023 2447 1126 2476 extra
1153 2440 1371 2477 hominem:

317 2497 501 2547 practicus
538 2504 666 2532 autem
703 2494 911 2531 intellectus
948 2499 1155 2541 occupatur
1195 2492 1293 2529 circa
1327 2505 1373 2528 ea

316 2562 414 2599 quae
443 2556 530 2586 sunt
556 2548 672 2596 ipsius
701 2545 879 2592 hominis,
909 2545 1046 2582 scilicet
1067 2545 1164 2581 circa
1188 2545 1373 2593 operatio-

318 2615 385 2640 nes
415 2610 451 2639 et
486 2601 682 2650 passiones
721 2599 811 2636 eius.
842 2599 944 2646 Ergo
979 2597 1173 2634 beatitudo
1207 2597 1373 2634 hominis

318 2655 438 2703 magis
467 2653 634 2691 consistit
662 2653 700 2689 in
728 2651 948 2700 operatione
983 2650 1188 2686 intellectus
1222 2650 1375 2698 practici

319 2720 436 2757 quam
465 2707 673 2744 intellectus
701 2703 932 2754 speculativi.

373 2761 447 2797 SED
467 2770 613 2796 CONTRA
631 2770 697 2794 EST
725 2757 830 2806 quod
852 2755 1084 2803 Augustinus
1113 2754 1211 2800 dicit,
1240 2754 1278 2791 in
1299 2756 1312 2791 Ι
1332 2755 1377 2791 de

324 2815 360 2851 T
356 2812 465 2859 rin.*,
487 2811 592 2859 quod
612 2809 870 2858 contemplatio
883 2808 1115 2856 promittitur
1133 2807 1249 2852 nobis,
1265 2808 1377 2844 actio-

321 2878 411 2903 num
440 2864 608 2902 omnium
625 2863 732 2911 finis,
752 2868 863 2910 atque
894 2866 1046 2898 aeterna
1075 2860 1255 2908 perfectio
1282 2872 1378 2910 gau-

320 2918 482 2956 diorum.

375 2972 600 3008 RESPONDEO
621 2978 803 3004 mCENDUM
823 2965 927 3014 quod
942 2964 1135 3002 beatitudo
1150 2964 1270 3012 magis
1291 2976 1379 3000 con-

323 3023 414 3062 sistit
446 3023 483 3059 in
515 3020 735 3070 operatione
773 3017 993 3067 speculativi
1026 3017 1232 3054 intellectus
1265 3027 1381 3064 quam

323 3075 486 3126 practici.
518 3073 635 3122 Quod
653 3079 762 3122 patet·
774 3083 820 3108 ex
838 3070 967 3108 tribus.
997 3069 1127 3106 Primo
1146 3069 1313 3120 quidem,
1335 3080 1379 3105 ex

120 3142 126 3156 ¹
155 3167 186 3181 ,1
231 3151 233 3154 .
290 3177 293 3179 Α
323 3131 399 3166 hoc
432 3127 554 3178 quod,
584 3126 614 3163 si
646 3124 840 3162 beatitudo
868 3122 1032 3160 hominis
1061 3130 1115 3159 est
1143 3127 1160 3143 α
1188 3121 1378 3170 operatio,

327 3187 479 3231 oportet
497 3179 602 3229 quod
621 3178 667 3215 sit
685 3177 829 3226 optima
849 3175 1016 3224 operatio
1036 3174 1200 3212 hominis
1214 3174 1245 3211 ¹¹².
1271 3173 1377 3223 Opti-

327 3247 391 3272 ma
410 3241 538 3270 autem
558 3231 728 3280 operatio
749 3229 914 3267 hominis
943 3235 997 3265 est
1021 3239 1118 3275 quae
1139 3234 1194 3263 est
1213 3226 1379 3276 optimae

325 3285 518 3337 potentiae
546 3290 720 3332 respectu
739 3282 872 3331 optimi
900 3280 1048 3318 obiecti.
1070 3279 1225 3329 Optima
1252 3287 1380 3316 autem

325 3339 493 3389 potentia
517 3345 572 3374 est
599 3336 817 3382 intellectus,
839 3334 944 3371 cuius
972 3333 1160 3382 optimum
1189 3331 1379 3368 obiectum

328 3401 383 3430 est
401 3393 548 3430 bonum
569 3388 740 3427 divinum
759 3387 791 3435 ⁸,
812 3387 916 3436 quod
935 3386 1090 3435 quidem
1110 3397 1188 3422 non
1208 3392 1263 3421 est
1278 3384 1381 3421 obie-

381 3514 408 3544 α)
428 3512 541 3537 hominis
560 3514 606 3535 est.
624 3524 643 3529 —
662 3513 700 3535 est
719 3509 832 3534 hominis
851 3508 1077 3533 ABCDEFGHlL.

381 3547 406 3580 β)
425 3547 514 3573 etiam.
532 3560 551 3565 -
567 3550 656 3571 autem
675 3546 746 3569 PHa.

1421 1342 1522 1371 ctum
1559 1335 1712 1383 practici
1743 1335 1969 1382 intellectus,
1999 1336 2066 1372 sed
2102 1336 2332 1385 speculativi.
2359 1338 2469 1375 Unde

1420 1387 1457 1423 in
1475 1387 1538 1423 tali
1558 1388 1789 1435 operatione,
1819 1388 1956 1424 scilicet
1975 1388 2013 1424 in
2033 1388 2349 1437 contemplatione
2379 1389 2471 1427 divi-

1420 1451 1569 1486 norum,
1590 1440 1755 1476 maxime
1776 1440 1941 1476 consistit
1959 1441 2164 1477 beatitudo.
2187 1442 2235 1477 Et
2253 1441 2340 1490 quia
2360 1453 2471 1479 unus-

1420 1492 1573 1539 quisque
1599 1492 1744 1528 videtur
1771 1504 1848 1528 esse
1875 1493 1913 1528 id
1939 1494 2039 1540 quod
2064 1499 2117 1529 est
2142 1494 2319 1541 optimum
2348 1495 2385 1531 in
2413 1506 2470 1540 eo,

1419 1552 1461 1580 ut
1489 1543 1622 1580 dicitur
1649 1544 1686 1580 in
1715 1545 1767 1580 IX
1785 1544 1806 1566 *
1834 1553 1870 1581 et
1898 1546 1931 1581 X
1950 1545 2068 1581 Ethic.
2092 1545 2146 1592 **,
2173 1545 2258 1582 ideo
2281 1546 2362 1583 talis
2381 1547 2470 1596 ope·
2498 1558 2507 1566 ·

1421 1597 1513 1633 ratio
1543 1604 1598 1633 est
1625 1597 1788 1633 maxime
1808 1597 1959 1646 propria
1987 1597 2143 1644 homini,
2166 1606 2200 1634 et
2219 1598 2382 1636 maxime
2407 1599 2471 1637 de-

1421 1649 1609 1686 lectabilis.

1475 1701 1652 1738 Secundo
1681 1709 1836 1749 apparet
1867 1702 1968 1738 idem
1998 1714 2041 1738 ex
2069 1703 2142 1738 hoc
2169 1704 2273 1750 quod
2306 1711 2472 1741 contem-

1421 1754 1536 1802 platio
1565 1754 1729 1790 maxime
1760 1754 1951 1801 quaeritur
1977 1762 2131 1803 propter
2154 1755 2328 1803 seipsam.
2357 1758 2472 1793 Actus

1421 1814 1547 1843 autem
1576 1806 1783 1843 intellectus
1810 1806 1963 1854 practici
1996 1819 2074 1843 non
2103 1808 2292 1855 quaeritur
2319 1816 2473 1858 propter

1422 1859 1608 1907 seipsum,
1648 1859 1716 1896 sed
1751 1867 1906 1908 propter
1941 1859 2140 1896 actionem.
2177 1861 2283 1908 Ipsae
2321 1861 2473 1898 etiam?

1422 1912 1589 1948 actiones
1617 1911 1837 1948 ordinantur
1857 1912 1905 1948 ad
1925 1912 2089 1960 aliquem
2108 1913 2237 1949 finem.
2258 1913 2367 1950 Unde
2394 1926 2474 1951 ma-

1423 1965 1597 2001 nifestum
1628 1972 1682 2000 est
1706 1965 1810 2011 quod
1837 1964 1990 2001 ultimus
2018 1965 2103 2001 finis
2131 1977 2208 2001 non
2235 1973 2358 2013 potest
2386 1979 2473 2003 con-

1422 2017 1550 2054 sistere
1570 2017 1608 2053 in
1626 2016 1704 2053 vita
1723 2016 1854 2063 activa,
1885 2029 1982 2064 quae
2000 2017 2159 2065 pertinet
2178 2017 2226 2054 ad
2246 2018 2472 2056 intellectum

1422 2077 1641 2119 practicum.
2470 2103 2472 2106 y

1476 2122 1605 2158 Tertio
1626 2121 1727 2158 idem
1747 2129 1902 2169 apparet
1934 2134 1979 2173 ex
1999 2123 2072 2158 hoc
2096 2123 2198 2170 quod
2225 2122 2263 2159 in
2281 2123 2358 2160 vita
2387 2135 2474 2160 con-

1423 2174 1642 2222 templativa
1670 2174 1788 2210 homo
1818 2174 2074 2211 communicat
2101 2186 2187 2210 cum
2207 2175 2472 2223 superioribus,

1424 2227 1562 2263 scilicet
1590 2238 1676 2262 cum
1706 2227 1789 2262 Deo
1819 2234 1855 2262 et
1883 2226 2033 2274 angelis,
2062 2227 2198 2275 quibus
2225 2239 2293 2275 per
2320 2229 2475 2264 beatitu-

1427 2280 1554 2316 dinem
1583 2278 1817 2315 assimilatur.
1849 2279 1926 2315 Sed
1953 2279 1990 2315 in
2018 2279 2076 2315 his
2104 2291 2201 2328 quae
2225 2280 2409 2328 pertinent
2428 2282 2475 2317 ad

1424 2332 1542 2369 vitam
1565 2331 1738 2378 activam,
1769 2331 1881 2367 etiarn
1910 2331 1980 2368 alia
2005 2331 2178 2381 animalia
2208 2343 2293 2368 cum
2320 2332 2476 2370 homine

1426 2384 1632 2432 aliqualiter
1655 2383 1949 2430 communicant,
1978 2384 2062 2421 licet
2089 2383 2317 2432 imperfecte.

1479 2438 1527 2473 Et
1554 2437 1640 2473 ideo
1668 2436 1798 2473 ultima
1818 2444 1854 2472 et
1872 2437 2036 2484 perfecta
2064 2436 2267 2483 beatitudo,
2297 2449 2394 2485 quae
2415 2450 2476 2474 ex-

1427 2497 1596 2538 pectatur
1614 2489 1652 2525 in
1680 2489 1803 2525 futura
1822 2489 1909 2534 vita,
1932 2496 2008 2526 tota
2027 2494 2042 2516 Υ
2069 2489 2235 2526 consistit
2253 2490 2290 2526 in
2311 2497 2478 2527 contem-

1427 2543 1603 2591 platione.
1633 2541 1831 2578 Beatitudo
1860 2549 1987 2577 autem
2015 2542 2242 2589 imperfecta,
2273 2543 2391 2591 qualis
2418 2543 2479 2579 hic

1427 2595 1557 2632 haberi
1583 2601 1717 2643 potest,
1746 2593 1870 2642 primo
1890 2594 2044 2642 quidem
2065 2583 2366 2643 et'principaliter
2390 2607 2478 2631 con—

1428 2647 1519 2684 sistit
1546 2647 1584 2683 in
1613 2646 1945 2694 contemplatione:
1975 2647 2196 2683 secundario
2219 2659 2311 2683 vero
2331 2647 2369 2683 in
2388 2660 2477 2695 ope-

1429 2700 1572 2737 ratione
1595 2699 1748 2747 practici
1779 2699 1983 2736 intellectus
2011 2699 2217 2737 ordinantis
2249 2699 2415 2736 actiones
2443 2708 2479 2736 et

1430 2753 1625 2801 passiones
1652 2753 1851 2797 humanas,
1872 2759 1912 2787 ut
1940 2751 2072 2788 dicitur
2099 2751 2137 2788 in
2155 2753 2190 2788 X
2208 2752 2325 2788 Ethic.
2341 2751 2360 2773 '¹‘

1483 2807 1542 2841 An
1560 2816 1696 2841 PRIMUM
1715 2815 1813 2840 ERGO
1833 2815 2014 2840 DiCENDuM
2028 2805 2131 2852 quod
2151 2804 2351 2841 similitudo
2370 2816 2478 2852 prae-

1432 2857 1754 2905 dietajntellectus
1781 2856 1932 2905 practici
1952 2857 1999 2893 ad
2027 2857 2164 2903 Deum,
2188 2864 2241 2892 est
2269 2856 2477 2893 secundum

1431 2909 1832 2959 proportionalitatem3
1853 2908 1941 2957 quia
1959 2908 2096 2945 scilicet
2110 2921 2149 2945 se
2169 2909 2282 2945 habet
2300 2908 2349 2945 ad
2367 2920 2479 2946 suurn

1434 2963 1637 3010 cognitum,
1672 2962 1766 2998 sicut
1792 2962 1896 2998 Deus
1925 2961 1972 2998 ad
2001 2973 2124 2997 suurn.
2156 2961 2231 2998 Sed
2267 2961 2480 2998 assimilatio

1433 3016 1640 3052 intellectus
1677 3013 1894 3062 speculativi
1921 3014 1969 3050 ad
1997 3014 2145 3060 Deum,
2179 3021 2236 3050 est
2271 3013 2480 3051 secundum

1433 3068 1615 3104 unionem
1633 3068 1693 3107 vel
1709 3066 2029 3111 informationem;
2046 3078 2143 3114 quae
2159 3073 2214 3103 est
2228 3066 2346 3102 multo
2361 3066 2483 3103 maior

1434 3119 1659 3157 assimilatio.
1680 3140 1703 3146 -
1728 3119 1777 3155 Et
1802 3126 1930 3155 tamen
1959 3118 2029 3155 dici
2056 3126 2178 3166 potest
2206 3118 2329 3167 quod,
2360 3130 2483 3167 respe—

1435 3181 1495 3210 ctu
1513 3171 1726 3223 principalis
1747 3171 1894 3218 cogniti,
1915 3168 2021 3218 q'uod
2041 3178 2097 3208 est
2123 3183 2191 3208 sua
2215 3171 2385 3218 essentia,
2406 3183 2484 3208 non

1434 3226 1548 3262 habet
1574 3226 1679 3261 Deus
1705 3224 1908 3272 practicam
1937 3223 2201 3271 cognitionem,
2222 3224 2287 3260 sed
2317 3224 2484 3272 specula-

1435 3278 1552 3315 tivam
1579 3284 1736 3314 tantum.

1488 3333 1546 3367 An
1575 3341 1762 3366 SECUNDUM
1786 3340 1968 3366 ment-mum
1996 3328 2099 3376 quod
2123 3328 2326 3365 intellectus
2353 3327 2486 3377 practi-

1437 3395 1503 3420 cus
1531 3383 1725 3419 ordinatur
1743 3381 1792 3418 ad
1810 3379 1824 3403 ὅ
1852 3381 1997 3418 bonurn
2017 3381 2121 3430 quod
2145 3388 2199 3418 est
2218 3388 2318 3417 extra
2343 3380 2483 3430 ipsum:

1491 3506 1518 3538 γ)
1538 3508 1602 3529 tota.
1621 3518 1639 3523 —
1653 3504 1839 3536 principaliter
1857 3504 1952 3528 addunt
1971 3503 2016 3527 Ρα.

1493 3539 1516 3572 δ)
1537 3540 1678 3565 ordinatur
1695 3540 1740 3564 ad.
1757 3552 1776 3558 -
1794 3539 1871 3564 habet
1889 3539 1956 3563 PLa.

2492 848 2501 856 ·
2516 847 2582 869 Parte
2597 847 2615 868 Ι.

2494 892 2502 901 ·
2519 891 2556 912 Cf.
2571 890 2705 912 Commeat.

2497 1583 2536 1605 -s
2572 1555 2708 1604 “ian-12·

2498 1610 2709 1657 I'stthe'zffafft

2508 2761 2516 2767 ·
2530 2758 2586 2784 Cap.
2605 2763 2646 2784 vu,
2663 2763 2715 2779 vm.

2505 2795 2516 2799 -
2530 2785 2554 2805 5.
2569 2784 2613 2805 Th.
2632 2784 2684 2806 lect.
2700 2790 2716 2804 x

2506 2816 2557 2838 sqq-
