2852 4152
0 2334 8 2519 *we-‹w—

0 2527 38 2563 ³²:-

0 2871 13 3108 -u-mfflumw
5 2763 7 2766 <
0 2724 3 2727 ¹

82 857 94 866 ·
115 855 150 877 ef.
172 861 212 883 qu.
230 860 293 882 xxvi,

83 881 170 904 lntrod.

82 1473 94 1485 ⁸
107 1473 174 1496 Ven-
188 1479 219 1496 ιι.

181 1522 199 1540 α

84 1844 95 1854 ¹¹
108 1841 176 1865 Vm.
190 1842 222 1864 18.

85 2001 95 2012 ⁶
109 2000 176 2023 Vm.
190 2006 230 2023 πο.

929 264 1194 311 QUAESTIO
1223 265 1346 310 XXX,
1376 262 1670 300 ARTICULUS
1700 264 1714 298 1

956 453 1362 531 QUAESTIO
1400 439 1855 509 TRIGESIMA

1051 582 1140 621 DE
1178 573 1764 621 CONCUPISCENTIA

1104 697 1138 721 ΙΝ
1168 696 1340 727 QUATUOR
1367 695 1567 720 ARTICULOS
1595 695 1711 729 DIVISA

412 808 518 833 ElNDE
561 796 880 835 considerandum
921 806 975 835 est
1018 798 1065 835 de
1110 799 1380 847 concupiscen-

411 848 462 885 tia
487 848 518 885 ²¹³.

323 901 372 938 Et
399 901 496 938 circa
524 901 599 937 hoc
628 910 859 950 quaeruntur
887 910 1061 950 quatuor.

375 953 529 990 Primo:
567 961 694 991 utrum
732 955 1036 1004 concupiscentia
1068 955 1113 992 sit
1143 955 1181 992 in
1214 956 1381 1005 appetitu

430 1006 609 1044 sensitivo
639 1014 796 1044 tantum.

1488 797 1686 835 Secundo:
1715 805 1843 835 utrum
1873 796 2179 846 concupiscentia
2198 796 2243 834 sit
2262 797 2389 846 passio
2409 810 2495 846 spe-

1542 850 1654 887 cialis.
2364 891 2367 894 ,

1488 903 1638 940 Tertio:
1666 910 1795 940 utrum
1823 902 1896 939 sint
1914 902 2062 951 aliquae
2082 902 2409 951 concupiscentiae
2429 915 2497 939 na-

1540 956 1698 1002 turales,
1729 963 1765 992 et
1793 955 1939 1004 aliquae
1968 968 2046 993 non
2074 956 2272 992 naturales.

1490 1009 1656 1055 Quarto:
1685 1015 1813 1046 utrum
1842 1008 2146 1057 concupiscentia
2174 1007 2220 1045 sit
2246 1008 2402 1045 infinita.

1126 1116 1442 1159 ARTICULUS
1474 1117 1678 1179 PRIMUS

705 1217 862 1247 UTRUM
885 1216 1261 1248 CONCUPISCENTIA
1285 1218 1351 1248 SIT
1374 1218 1561 1248 TANTUM
1585 1218 1628 1248 IN
1651 1218 1865 1248 APPETITU
1888 1217 2110 1248 SENSITIVO

360 1329 381 1361 ,ἢ
410 1330 413 1340 =
437 1332 508 1374 μᾷ(
541 1327 549 1345 ι
585 1323 721 1348 PRIMUM
749 1323 801 1348 s1c
830 1323 1067 1349 PROCEDlTUR.
1096 1313 1256 1350 Videtur
1274 1313 1378 1361 quod

351 1356 391 1406 'fik'
452 1353 508 1409 ’Ῐέ4
535 1363 839 1411 concupiscentia
867 1376 946 1400 non
974 1365 1098 1401 solum
1128 1364 1174 1400 sit
1199 1364 1238 1401 in
1264 1377 1378 1413 appe—

340 1399 459 1463 ’,γ’ἶχςψ,
470 1401 500 1459 ’ζῆ
533 1414 601 1451 titu
617 1414 808 1451 sensitivo.
829 1416 898 1452 Est
917 1415 1019 1453 enim
1035 1417 1225 1464 quaedam
1242 1429 1380 1454 concu-

333 1447 473 1501 [5²55
490 1459 521 1501 N
534 1467 715 1515 piscentia
735 1467 952 1516 sapientiae,
971 1476 1014 1505 ut
1033 1468 1168 1505 dicitur
1186 1471 1273 1517 Sap.
1290 1481 1324 1506 Vl
1343 1469 1379 1506 *τ

328 1518 632 1565 Concupiscentia
646 1520 850 1568 sapientiae
863 1521 1010 1557 deducit
1022 1525 1039 1542 α
1057 1521 1110 1558 ad
1122 1533 1284 1571 regnum
1293 1533 1380 1570 per-

315 1575 484 1619 petuum.
515 1572 593 1609 Sed
621 1573 808 1621 appetitus
836 1573 1037 1610 sensitivus
1056 1586 1134 1611 non
1152 1581 1278 1623 potest
1296 1574 1381 1611 ferri

322 1623 362 1660 in
394 1623 630 1672 sapientiam.
668 1626 770 1673 Ergo
808 1626 1113 1676 concupiscentia
1145 1639 1222 1663 non
1257 1635 1313 1663 est
1344 1627 1382 1664 in

323 1675 406 1713 solo
434 1677 603 1725 appetitu
631 1677 822 1715 sensitivo.

377 1739 414 1765 2.
429 1729 661 1776 PRAETEREA,
678 1730 908 1767 desiderium
927 1731 1197 1768 mandatorum
1211 1732 1283 1768 Dei
1304 1744 1382 1769 non

325 1787 380 1817 est
406 1781 445 1818 in
473 1782 640 1830 appetitu
668 1783 870 1820 sensitivo:
898 1783 1017 1820 immo
1046 1785 1253 1833 Apostolus
1282 1784 1380 1832 dicit,

323 1833 435 1870 Rom.
455 1845 503 1870 vn
521 1834 558 1870 *τ
586 1835 677 1871 Non
705 1836 848 1873 habitat
873 1837 910 1873 in
938 1848 1009 1882 me,
1038 1837 1110 1873 hoc
1127 1843 1182 1874 est
1206 1837 1243 1874 in
1268 1849 1384 1875 carne

323 1897 424 1931 mea,
454 1886 605 1923 bonum.
644 1887 720 1924 Sed
749 1888 979 1925 desiderium
1008 1889 1277 1927 mandatorum
1310 1890 1382 1927 Dei

323 1938 394 1975 sub
427 1939 730 1988 concupiscentia
764 1941 882 1978 cadit:
918 1942 1128 1978 secundum
1161 1942 1253 1980 illud
1279 1944 1383 1980 Psal-

323 1989 377 2027 mi
397 2002 502 2027 cxvm
516 1991 552 2028 *ε
587 1981 807 2041 Concupivi!
829 1994 958 2031 anima
986 2006 1070 2031 mea
1098 1995 1310 2032 desiderare
1329 1996 1383 2032 iu-

322 2042 559 2090 stificationes
578 2050 671 2081 tuas.
701 2046 803 2093 Ergo
825 2047 1132 2096 concupiscentia
1151 2060 1228 2084 non
1249 2055 1304 2085 est
1323 2061 1383 2084 so-

323 2095 403 2132 lum
430 2095 470 2132 in
498 2096 666 2145 appetitu
694 2098 886 2136 sensitivo.

380 2149 414 2184 3.
445 2149 677 2197 PRAETEREA,
699 2150 847 2187 cuilibet
864 2153 1054 2200 potentiae
1076 2161 1130 2190 est
1150 2153 1382 2202 concupisci-

325 2199 398 2236 bile
417 2201 793 2253 p'ropriumbonum.
823 2205 925 2252 Ergo
947 2206 1251 2254 concupiscentia
1271 2214 1325 2243 est
1344 2206 1383 2242 in

325 2253 490 2300 qualibet
515 2255 684 2301 potentia
712 2256 874 2303 animae,
905 2264 942 2293 et
967 2270 1046 2294 non
1066 2259 1190 2295 solum
1210 2258 1248 2295 in
1268 2271 1382 2308 appe-

323 2305 392 2341 titu
419 2305 612 2343 sensitiva

378 2357 453 2394 SED
473 2369 619 2395 coum
637 2370 704 2395 EST
722 2361 827 2408 quod
845 2361 1109 2399 Damascenus
1124 2362 1144 2384 ’¹‘
1164 2362 1262 2409 dicit,
1279 2361 1383 2411 quod

289 2409 296 2416 ’
323 2409 543 2447 irrationale
561 2411 733 2448 obediens
760 2418 796 2448 et
810 2414 1058 2461 persuasibile
1085 2415 1233 2460 rationi,
1253 2415 1383 2451 dividi-

323 2462 387 2498 tur
403 2462 442 2499 in
461 2464 798 2511 concupiscentiam
817 2471 854 2503 et
869 2466 979 2503 iram.
994 2468 1106 2504 Haec
1124 2473 1248 2505 autem
1269 2474 1323 2504 est
1335 2468 1383 2503 ir-

325 2515 520 2552 rationalis
534 2528 629 2564 pars
649 2517 811 2563 animae,
822 2519 975 2567 passiva
997 2526 1033 2556 et
1048 2520 1258 2569 appetitiva.
1280 2521 1381 2567 Ergo

326 2568 632 2616 concupiscentia
661 2577 716 2605 est
742 2570 781 2606 in
809 2571 976 2619 appetitu
1005 2573 1196 2609 sensitivo.

379 2621 604 2657 Rssponnsso
641 2633 825 2658 monimum
853 2624 975 2672 quod,
1005 2624 1101 2661 sicut
1128 2625 1383 2673 Philosophus

249 2696 255 2703 ·
283 2697 289 2702 -
327 2671 415 2708 dicit
442 2671 480 2708 in
499 2673 513 2708 1
533 2674 720 2710 Rhetoric.
742 2673 773 2720 ²⁸,
803 2676 1098 2723 concupiscentia
1125 2683 1177 2713 est
1204 2678 1384 2725 appetitus

293 2752 299 2758 .
327 2723 560 2761 delectabilis.
581 2726 650 2761 Est
668 2733 796 2762 autem
817 2727 955 2776 duplex
972 2728 1182 2775 delectatio,
1198 2737 1239 2765 ut
1258 2730 1351 2766 infra
1364 2729 1384 2751 ’¹‘

328 2775 491 2812 dicetur:
519 2789 597 2814 una
625 2789 723 2825 quae
752 2786 808 2815 est
834 2779 872 2816 in
901 2780 1004 2817 bono
1029 2781 1257 2829 intelligibili,
1279 2783 1383 2830 quod

328 2836 383 2865 est
414 2829 560 2866 bonurn
594 2831 768 2876 rationis;
798 2832 870 2868 alia
903 2845 1002 2880 quae
1037 2841 1092 2870 est
1119 2834 1157 2870 in
1190 2835 1294 2871 bono
1328 2847 1384 2871 se-

328 2881 497 2918 cundum
525 2895 693 2919 sensum.
722 2884 851 2920 Prima
878 2885 1034 2933 quidem
1065 2886 1259 2923 delectatio
1279 2887 1384 2924 vide-

1433 1325 1639 1360 corporeo;
1668 1313 1771 1350 unde
1796 1320 1831 1349 et
1850 1313 1997 1350 bonum
2029 1312 2240 1349 secundum
2259 1325 2413 1350 sensum
2440 1320 2496 1350 est

1433 1365 1580 1401 bonum
1598 1365 1711 1402 totius
1732 1365 1934 1402 coniuncti.
1963 1365 2067 1402 Talis
2087 1372 2215 1402 autem
2236 1365 2494 1403 delectationis

1433 1417 1620 1465 appetitus
1647 1418 1798 1455 videtur
1823 1430 1905 1454 esse
1926 1418 2240 1467 concupiscentia,
2263 1430 2360 1467 quae
2380 1419 2494 1455 simul

1434 1469 1618 1517 pertineat
1647 1477 1681 1505 et
1709 1470 1757 1506 ad
1781 1470 1949 1507 animam
1971 1478 2007 1507 et
2034 1471 2082 1508 ad
2111 1483 2271 1519 corpus:
2299 1479 2342 1508 ut
2368 1471 2494 1520 ipsum

1434 1534 1578 1558 nomen
1602 1523 1919 1570 concupiscentiae
1938 1531 2057 1560 sonat.
2083 1524 2194 1560 Unde
2223 1524 2495 1573 concupiscen-

1435 1574 1495 1622 tia,
1524 1574 1676 1623 proprie
1705 1575 1915 1623 loquendo,
1947 1583 2001 1612 est
2028 1576 2067 1612 in
2095 1576 2263 1624 appetitu
2291 1577 2493 1623 sensitivo;

1437 1635 1472 1663 et
1500 1626 1538 1663 in
1565 1626 1605 1663 vi
1634 1627 1928 1675 concupiscibili,
1957 1640 2055 1675 quae
2084 1629 2131 1665 ab
2153 1641 2197 1665 ea
2216 1629 2493 1666 denominatur.

1489 1681 1547 1716 An
1576 1691 1713 1716 PRIMUM
1741 1691 1837 1716 ERGO
1867 1692 2050 1717 DICENDUM
2086 1682 2190 1728 quod
2223 1682 2409 1730 appetitus
2438 1694 2495 1719 sa-

1435 1731 1610 1780 pientiae,
1626 1733 1687 1768 vel
1708 1732 1868 1769 aliorum
1889 1732 2136 1781 spiritualium
2161 1734 2364 1781 bonorum,
2384 1734 2496 1771 inter-

1438 1784 1530 1821 dum
1559 1785 1864 1833 concupiscentia
1891 1786 2120 1833 nominatur,
2140 1787 2202 1823 vel
2220 1794 2376 1836 propter
2395 1787 2496 1823 simi-

1435 1837 1633 1874 litudinem
1654 1838 1867 1885 quandam:
1896 1839 1959 1875 vel
1981 1846 2138 1888 propter
2160 1839 2411 1876 intensionem
2431 1852 2496 1888 ap-

1435 1890 1572 1938 petitus
1592 1890 1796 1938 superioris
1818 1890 1946 1940 partis,
1969 1903 2013 1927 ex
2033 1904 2108 1940 quo
2128 1892 2171 1929 fit
2189 1892 2439 1929 redundantia
2457 1893 2495 1929 in

1435 1942 1654 1979 inferiorern
1674 1942 1895 1992 appetitum,
1915 1951 1958 1980 ut
1977 1944 2089 1981 simul
2112 1945 2225 1981 etiam
2245 1944 2325 1993 ipse
2343 1945 2496 1981 inferior

1437 1995 1624 2043 appetitus
1652 2007 1721 2031 suo
1750 1995 1868 2032 modo
1906 1995 2035 2033 tendat
2061 1996 2099 2034 in
2127 1997 2318 2046 spirituale
2346 1998 2493 2034 bonurn

1438 2059 1675 2096 consequens
1690 2048 1898 2096 appetitum
1918 2049 2165 2097 superiorem,
2183 2057 2219 2086 et
2238 2050 2350 2086 etiam
2370 2050 2495 2099 ipsum

1438 2112 1575 2149 corpus
1613 2100 1866 2148 spiritualibus
1900 2101 2106 2148 deserviat;
2137 2103 2232 2139 sicut
2267 2102 2305 2139 in
2340 2104 2494 2139 Psalmo

1436 2165 1566 2189 Lxxxm
1585 2152 1605 2174 '¹‘
1633 2152 1786 2190 dicitur:
1821 2154 1897 2189 Cor
1923 2166 2048 2191 meum
2077 2161 2113 2191 et
2139 2167 2228 2192 caro
2248 2167 2332 2192 mea
2352 2156 2495 2192 exulta-

1435 2211 1572 2242 verunt
1596 2206 1633 2254 in
1662 2206 1786 2241 Deum
1814 2206 1954 2242 vivum.

1489 2260 1547 2294 AD
1576 2269 1765 2294 SECUNDUM
1793 2269 1975 2295 monimum
2000 2259 2102 2306 quod
2126 2259 2357 2296 desiderium
2376 2260 2496 2308 magis

1436 2310 1624 2358 pertinere
1651 2317 1787 2358 potest,
1807 2310 1959 2358 proprie
1980 2311 2184 2359 loquendo,
2205 2324 2284 2348 non
2303 2313 2428 2348 solum
2448 2314 2496 2349 ad

1436 2362 1654 2398 inferiorem
1684 2363 1904 2411 appetitum,
1935 2363 2001 2399 sed
2031 2363 2143 2400 etiam
2172 2364 2220 2400 ad
2244 2364 2492 2414 superiorem.

1437 2416 1529 2451 Non
1558 2414 1659 2451 enim
1693 2415 1874 2463 importat
1905 2415 2070 2464 aliquam
2104 2417 2425 2454 consociationem
2458 2418 2497 2454 in

1438 2467 1648 2516 cupiendo,
1685 2467 1780 2504 sicut
1814 2468 2142 2516 concupiscentia;
2181 2469 2248 2506 sed
2286 2470 2495 2518 simplicem

1438 2527 1588 2556 motum
1615 2520 1654 2556 in
1682 2532 1762 2556 rem
1792 2520 2056 2558 desideratam.
2090 2551 2100 2562 ,

1490 2574 1549 2608 AD
1581 2584 1741 2609 TERTmM
1772 2584 1955 2609 D1CENDUM
1987 2573 2090 2621 quod
2123 2573 2328 2621 unicuique
2361 2582 2496 2623 poten-

1437 2624 1509 2660 tiae
1529 2624 1678 2661 animae
1705 2625 1886 2672 competit
1912 2632 2090 2674 appetere
2117 2626 2315 2674 proprium
2349 2627 2496 2663 bonum

1438 2677 1605 2725 appetitu
1633 2676 1803 2723 naturali,
1833 2677 1896 2725 qui
1924 2689 2003 2714 non
2031 2678 2199 2727 sequitur
2226 2679 2496 2726 apprehensio-

1438 2741 1539 2766 nem.
1571 2730 1648 2766 Sed
1676 2737 1853 2778 appetere
1882 2730 2028 2766 bonum
2048 2731 2213 2779 appetitu
2237 2730 2400 2778 animali,
2431 2732 2495 2780 qui

1438 2781 1606 2829 sequitur
1624 2782 1982 2830 apprehensionem,
2010 2783 2170 2831 pertinet
2198 2784 2322 2820 solum
2347 2784 2394 2821 ad
2414 2785 2495 2820 vim

1438 2834 1695 2883 appetitivam.
1724 2836 1914 2882 Appetere
1943 2843 2071 2872 autem
2100 2836 2239 2884 aliquid
2258 2837 2328 2872 sub
2350 2836 2494 2873 ratione

1438 2887 1531 2923 boni
1564 2887 1792 2924 delectabilis
1825 2888 2035 2924 secundum
2069 2900 2241 2934 sensum,
2276 2889 2378 2937 quod
2407 2901 2496 2937 pro-

2523 2173 2532 2181 ‘
2547 2172 2614 2194 Vers.
2628 2179 2650 2201 3.

326 2940 387 2970 tur
414 2946 496 2970 esse
525 2935 676 2971 animae
700 2943 858 2974 tantum.
889 2938 1066 2975 Secunda
1085 2946 1212 2975 autern
1233 2947 1288 2976 est
1306 2940 1386 2976 ani·
1438 2939 1518 2988 prie
1549 2936 1913 2988 est‘concupiscere,
1944 2940 2104 2988 pertinet
2132 2941 2181 2978 ad
2207 2940 2288 2978 vim
2317 2941 2495 2990 concupi·
2531 2988 2533 2991 v

327 2998 413 3022 mae
434 2994 470 3022 et
490 2988 677 3035 corporis:
708 2989 796 3037 quia
820 3002 952 3026 sensus
973 2998 1028 3027 est
1045 2991 1164 3028 virtus
1183 2991 1222 3028 in
1241 3004 1385 3039 organo
1439 2992 1620 3029 scibilem.

381 3134 407 3166 α)
428 3134 542 3160 deducit.
560 3148 579 3154 —
593 3136 721 3167 producit
739 3136 796 3166 GH,
811 3137 938 3168 perducit
957 3138 1042 3162 ceteri.

467 3609 577 3633 Summis
596 3609 696 3633 ΤΗεοι.
716 3609 746 3633 D.
762 3609 875 3634 ΤΗοΜΑΕ
893 3609 925 3633 Τ.
944 3610 983 3634 111.
