2852 4152
310 1065 316 1072 .
361 1046 397 1098 ,y

1001 261 1265 307 QUAESTIO
1295 261 1454 308 XXXII,
1483 260 1777 297 ARTICULUS
1806 260 1837 295 ΙΙ

344 339 508 370 ablationis
535 338 585 368 vel
614 337 801 372 memoriae;
827 337 944 368 alienae
973 339 1127 375 actiones,
1152 346 1187 369 ut
1214 340 1246 369 in
1269 339 1399 378 proprio

344 393 403 413 nos
426 383 513 413 bono
537 381 655 411 faciunt
673 380 822 410 constitui
846 382 1000 420 passione,
1020 383 1070 412 vel
1093 383 1253 413 aestimata
1276 392 1398 422 posses-

344 426 443 462 sione,
466 425 516 455 vel
539 424 709 455 identitate.
734 423 918 454 Benefacere
942 435 1081 466 quoque,
1106 432 1136 455 et
1159 426 1269 461 simile,
1291 432 1321 456 et
1343 426 1397 455 ad-

344 469 465 504 mirari,
490 468 529 498 ad
553 468 663 498 eadem
686 474 824 507 spectare
848 468 1018 499 exercitatis
1041 479 1106 499 non
1132 475 1177 499 est
1200 469 1323 499 difficile
1347 470 1399 498 de-

344 513 467 543 ducere.

400 556 510 587 Unum
532 561 637 585 tamen
655 554 688 584 in
711 553 759 583 his
783 554 916 590 adverte,
933 555 1030 594 quod,
1055 555 1130 595 quia
1153 555 1185 584 in
1199 555 1247 585 his
1263 565 1344 595 quae
1360 555 1398 584 ad

344 599 520 640 appetitum
536 604 685 638 spectant,
698 597 777 627 nihil
791 596 891 627 differt
907 607 973 627 esse
989 604 1043 628 aut
1057 607 1219 637 apparere;
1235 605 1399 638 propterea

2425 261 2497 297 225

1453 338 1616 369 delectatio
1640 344 1784 369 causatur
1807 347 1843 367 ex
1862 337 2024 367 aestimato
2048 336 2170 372 habere,
2186 347 2222 367 ex
2245 337 2406 368 aestimato
2430 348 2502 377 pos-

1453 382 1561 418 sidere,
1578 392 1615 412 ex
1630 387 1859 422 repraesentato
1884 381 2051 416 abundare,
2069 387 2099 410 et
2114 380 2283 416 similibus3
2309 388 2338 411 et
2360 391 2424 411 non
2449 391 2501 411 so-

1452 425 1520 456 lum
1544 436 1580 455 ex
1603 425 1724 461 habere,
1741 424 1910 464 possidere,
1930 424 2097 459 abundare,
2115 430 2144 453 et
2160 423 2323 454 similibus.
2344 424 2379 454 In
2395 425 2502 455 huius-

1452 469 1540 499 modi
1555 469 1640 499 enim
1662 469 1730 509 ipsa
1752 467 1934 507 imaginatio
1959 467 2075 497 horum
2098 467 2252 497 delectans
2276 467 2319 497 sic
2343 468 2503 498 constituit

1452 512 1484 542 in
1500 513 1702 543 connaturale
1725 513 1858 547 bonum,
1874 517 1909 541 ut
1932 511 2081 551 supplens
2097 510 2198 540 vicem
2211 510 2310 550 ipsius
2325 510 2452 547 habere3
2474 517 2504 541 et

1453 565 1517 585 non
1542 557 1647 586 solum
1670 563 1705 586 ut
1727 554 1944 596 apprehensio,
1961 555 2048 585 Talis
2072 562 2179 585 autern
2202 561 2247 584 est
2271 554 2434 593 dispositio
2451 564 2503 584 eo-

1453 609 1524 628 rum
1540 600 1595 639 qui
1619 600 1810 630 delectantur
1832 598 2018 639 principatu,
2033 598 2165 634 honore,
2189 604 2219 628 et
2242 597 2404 627 similibus.

1102 722 1418 763 ARTICULUS
1448 723 1744 765 SECUNDUS

949 796 1105 827 UTRUM
1128 795 1277 826 MOTUS
1301 796 1366 826 s1T
1391 796 1531 827 CAUSA
1554 797 1899 830 DELECTATIONIS

1116 865 1149 889 1v
1169 865 1252 894 Seni..
1272 865 1330 889 dist.
1348 872 1414 895 xux,
1434 873 1477 897 qu.
1496 872 1532 894 111,
1553 870 1600 889 art.
1621 873 1644 895 2,
1663 867 1695 890 ad
1716 866 1740 891 3.

458 956 529 1017 ⁵51⁸<
553 949 576 974 D
591 948 780 973 SECUNDUM
794 948 847 973 sic
861 947 1098 973 pacet-:orrum
1122 934 1280 972 Videtur
1294 934 1399 982 quod

480 1020 487 1033 i

384 957 441 982 ,με’

371 982 424 1033 εἷ
497 989 527 1031 ἣ
554 996 681 1026 motus
700 1001 778 1025 non
797 988 843 1025 sit
862 1001 975 1025 causa
995 987 1261 1025 delectationis.
1283 987 1395 1034 Quia,

380 1033 406 1090 f
457 1027 649 1097 41'('sicut
677 1053 791 1089 supra
809 1041 829 1063 ’¹‘
857 1041 999 1078 dIctum
1019 1047 1086 1088 est,
1115 1041 1261 1077 bonum
1289 1052 1398 1088 prae-

400 1089 488 1121 »Ἢν
510 1087 756 1131 Χεεηῐί31ἰῐετ
789 1093 969 1142 adeptum
1005 1101 1060 1130 est
1093 1105 1206 1130 causa
1241 1093 1400 1129 delecta-

211 1166 318 1205 ώ-Ιὶ-
343 1146 475 1184 tionis:
505 1147 607 1184 unde
641 1146 912 1195 Philosophus,
945 1146 984 1182 in
1011 1146 1079 1183 VII
1107 1145 1226 1182 Ethic.
1247 1145 1283 1193 *,
1313 1145 1400 1182 dicit

248 1198 255 1205 ‘
304 1198 310 1204 '
344 1199 449 1248 quod
478 1199 674 1236 delectatio
702 1211 779 1236 non
801 1206 1043 1247 comparatur
1069 1197 1311 1246 generationi,
1333 1197 1400 1234 sed

345 1251 556 1300 operationi
575 1251 628 1288 rei
650 1251 727 1288 iam
747 1251 947 1288 existentis.
978 1252 1019 1288 Id
1048 1257 1173 1288 autem
1194 1250 1299 1300 quod
1317 1262 1400 1287 mo-

344 1311 455 1342 vetur
473 1304 522 1341 ad
541 1304 681 1352 aliquid
701 1309 730 1350 ²,
757 1303 930 1340 nondum
948 1304 1063 1340 habet
1080 1303 1191 1349 illud;
1220 1303 1288 1340 sed
1307 1315 1401 1350 quo-

346 1356 555 1394 dammodo
585 1363 640 1392 est
666 1356 705 1392 in
732 1355 795 1392 via
814 1355 1063 1403 generationis
1092 1362 1265 1403 respectu
1292 1355 1399 1402 illius,

345 1408 558 1451 secumdum
576 1408 681 1455 quod
701 1407 808 1444 omni
834 1407 956 1444 motui
974 1407 1188 1454 adiungitur
1209 1407 1399 1454 generatio

254 1488 262 1495 .
287 1484 319 1495 .-
346 1468 383 1497 et
414 1459 626 1508 corruptiO,
658 1466 700 1495 ut
733 1458 867 1496 dicitur
897 1459 936 1496 in
967 1460 1054 1496 VIII
1081 1459 1230 1507 Physic.
1251 1458 1271 1480 ’¹‘
1298 1459 1400 1507 Ergo

292 1514 299 1521 ’
345 1519 474 1549 motus
500 1524 580 1548 non
607 1519 663 1548 est
690 1524 804 1548 causa
833 1511 1101 1549 delectationis.

109 1989 321 2019 ‘Cup-mmmm·

110 2147 122 2157 '
134 2145 191 2174 cup.
204 2151 240 2168 m.

400 1576 436 1602 2.
455 1565 688 1611 PRAETEREA,
708 1572 835 1601 motus
853 1564 1056 1613 praecipue
1081 1564 1252 1600 laborem
1277 1571 1314 1600 et
1331 1564 1402 1600 las-

345 1617 547 1657 situdinem
581 1616 724 1654 inducit
750 1617 788 1654 in
816 1616 1006 1666 operibus.
1042 1617 1119 1654 Sed
1147 1616 1401 1664 operationes,

347 1682 391 1708 ex
419 1671 494 1707 hoc
516 1670 630 1718 ‚quod
660 1677 752 1706 ,sunt
785 1669 998 1706 laboriosae
1024 1667 1067 1706 'et
1094 1669 1294 1715 lassantes,
1324 1681 1402 1705 non

347 1730 434 1761 sunt
461 1722 710 1768 delectabiles,
730 1721 798 1759 sed
817 1721 937 1770 magis
957 1721 1168 1759 afflictivae.
1189 1722 1290 1768 Ergo
1320 1733 1402 1757 mo-

346 1783 406 1814 tus
434 1787 513 1812 non
541 1781 597 1811 est
624 1786 738 1811 causa
765 1774 1035 1811 delectationis.

402 1828 436 1865 3.
466 1829 704 1873 PRAETEREA,
738 1834 866 1863 motus
902 1827 1080 1876 importat
1115 1825 1402 1863 innovationem

348 1880 562 1929 quandam,
591 1891 690 1927 quae
719 1879 925 1928 opponitur
953 1878 1226 1916 consuetudini.
1255 1879 1330 1916 Sed
1358 1891 1403 1915 ea

347 1944 445 1983 quae
461 1937 547 1970 sunt
564 1937 751 1977 consueta,
771 1937 859 1968 sunt
874 1932 980 1968 nobis
998 1931 1238 1978 delectabilia,
1257 1938 1299 1968 ut
1317 1931 1404 1968 Phi-

348 1985 532 2034 losophus
561 1984 660 2031 dicit,
689 1984 727 2020 in
756 1985 770 2020 Ι
794 1985 981 2021 Rhetoric.
998 1984 1018 2006 ’¹‘
1046 1985 1147 2032 Ergo
1171 1991 1298 2021 motus
1325 1996 1404 2021 non

350 2045 406 2074 est
434 2049 548 2074 causa
577 2036 844 2074 delectationis.

403 2090 477 2127 SED
506 2101 651 2126 CONTRA
677 2101 744 2125 EST
766 2088 871 2137 quod
889 2088 1122 2136 Augustinus
1142 2087 1240 2135 dicit,
1260 2088 1299 2125 in
1317 2088 1404 2125 VIII

355 2142 520 2190 Confess.
540 2141 580 2178 *z
614 2142 712 2183 Quid
746 2147 800 2178 est
825 2142 915 2187 hoc,
948 2141 1112 2178 Domine
1141 2141 1245 2177 Deus
1279 2152 1403 2186 meus,

350 2207 436 2232 cum
468 2199 506 2231 tu
539 2200 734 2231 aeternum
762 2193 827 2230 tibi
852 2199 890 2230 tu
919 2194 995 2242 ipse
1017 2191 1032 2223 β
1058 2193 1108 2230 sis
1142 2193 1343 2243 gaudium,
1373 2198 1407 2230 et

350 2247 535 2296 quaedam
567 2247 614 2283 de
640 2251 674 2282 te
700 2247 802 2282 circa
830 2252 864 2282 te
889 2257 1036 2294 semper
1067 2245 1280 2295 gaudeant;
1307 2246 1408 2293 quod

349 2301 443 2336 haec
470 2311 598 2336 rerum
620 2310 715 2347 pars
741 2298 885 2335 alterno
913 2298 1056 2346 defectu
1084 2304 1119 2334 et
1139 2299 1325 2346 profectu,
1350 2298 1406 2346 of-

335 2351 578 2400 sensionibus
596 2357 633 2388 et
648 2350 966 2388 conciliationibus
982 2350 1150 2400 gaudet?
1173 2350 1231 2386 Ex
1250 2362 1327 2398 quo
1348 2362 1407 2387 ac-

351 2404 486 2453 cipitur
513 2403 617 2452 quod
644 2403 819 2439 homines
853 2403 1018 2450 gaudent
1047 2410 1082 2439 et
1111 2402 1343 2439 delectantur
1369 2403 1407 2439 in

351 2456 579 2506 quibusdam
603 2455 921 2492 alternationibus.
951 2456 1000 2492 Et
1027 2455 1080 2492 sic
1107 2462 1234 2491 motus
1260 2455 1409 2492 videtur

352 2521 435 2547 esse
463 2521 576 2546 causa
604 2507 872 2546 delectationis.

404 2563 630 2599 RESPONDEO
649 2572 832 2597 mcENDUM
847 2560 952 2608 quod
972 2559 1020 2596 ad
1036 2559 1324 2596 delectationem
1338 2559 1407 2596 tria

350 2614 611 2662 requiruntur:
640 2613 779 2649 scilicet
816 2613 892 2649 duo
930 2623 1095 2659 quorum
1125 2619 1179 2648 est
1206 2616 1222 2639 Υ
1251 2611 1407 2648 coniun-

353 2666 425 2703 ctio
460 2665 705 2710 delectabilis;
741 2672 778 2701 et
810 2664 982 2710 tertium,
1021 2663 1125 2711 quod
1153 2670 1208 2700 est
1245 2663 1405 2711 cognitio

351 2718 462 2755 huius
483 2717 768 2754 coniunctionis.
789 2717 838 2752 Et
857 2715 1067 2752 secundum
1082 2716 1176 2752 haec
1195 2715 1262 2752 tria
1280 2723 1407 2752 motus

353 2770 513 2807 efficitur
541 2769 783 2815 delectabilis,
813 2775 855 2805 ut
881 2768 1134 2817 Philosophus
1163 2768 1260 2815 dicit,
1280 2768 1318 2804 in
1337 2769 1405 2805 VII

301 2835 326 2872 ·ζ
350 2823 470 2859 Ethic.
486 2822 506 2844 ’¹‘
534 2829 569 2858 et
597 2822 635 2858 in
654 2823 668 2857 Ι
687 2821 874 2858 Rhetoric.
895 2820 935 2842 *²¹⁶
962 2821 1064 2857 Nam
1094 2832 1139 2857 ex
1156 2828 1260 2869 parte
1281 2828 1407 2857 nostra

274 2892 280 2899 ·
319 2892 325 2898 ·
353 2875 417 2924 qui
437 2874 680 2920 delectamur,
699 2873 962 2910 transmutatio
983 2872 1144 2910 efficitur
1170 2873 1280 2910 nobis
1309 2873 1408 2910 dele-

354 2927 496 2964 ctabilis
513 2934 668 2976 propter
691 2927 777 2972 hoc,
800 2925 904 2974 quod
923 2933 1056 2962 natura
1075 2933 1203 2962 nostra
1222 2933 1407 2962 transmu-

351 2979 474 3017 tabilis
502 2987 577 3026 est;
607 2986 642 3016 et
659 2984 814 3027 propter
831 2978 917 3024 hoc,
938 2977 1043 3026 quod
1063 2985 1117 3014 est
1135 2977 1246 3014 nobis
1270 2990 1408 3015 conve-

353 3032 460 3069 niens
488 3044 599 3079 nunc,
624 3044 703 3068 non
732 3030 798 3067 erit
825 3030 935 3067 nobis
953 3027 967 3051 ⁸
997 3030 1226 3067 conveniens
1253 3038 1406 3078 postea;

353 3085 448 3122 sicut
466 3084 629 3121 calefieri
655 3083 704 3121 ad
723 3083 849 3131 ignem
869 3090 924 3119 est
948 3082 1178 3119 conveniens
1206 3082 1351 3119 homini
1369 3082 1407 3119 in

352 3137 491 3184 hieme,
508 3149 586 3174 non
600 3144 728 3173 autern
747 3136 786 3173 in
805 3142 956 3172 aestate.
972 3156 996 3162 —
1012 3135 1070 3171 Ex
1088 3142 1193 3183 parte
1207 3147 1301 3172 vero
1318 3135 1408 3172 boni

354 3189 570 3227 delectantis
585 3189 690 3237 quod
708 3189 818 3225 nobis
839 3187 1086 3235 coniungitur,
1102 3188 1146 3224 fit
1156 3184 1277 3224 'etiam
1290 3195 1408 3224 trans-

353 3242 511 3280 mutatio
531 3241 769 3279 delectabilis.
791 3240 891 3287 Quia
905 3239 1001 3277 actio
1022 3239 1238 3277 continuata
1252 3239 1406 3277 alicuius

353 3294 495 3344 agentis
514 3301 624 3342 auget
647 3293 846 3330 effectum:
875 3292 970 3330 sicut
997 3300 1138 3341 quanto
1168 3292 1299 3341 aliquis
1327 3293 1408 3330 diu-

1453 933 1525 970 tius
1545 935 1820 984 appropinquat
1838 937 1924 984 igni,
1946 938 2065 985 magis
2091 939 2214 976 calefit
2233 947 2269 976 et
2288 939 2503 976 desiccatur.

1453 986 1644 1022 Naturalis
1677 995 1803 1024 autem
1836 989 2016 1026 habitudo
2051 990 2089 1026 in
2127 991 2294 1038 quadam
2329 1003 2506 1028 mensura

1455 1039 1631 1076 consistit.
1661 1039 1710 1075 Et
1740 1039 1826 1076 ideo
1859 1041 2013 1089 quando
2049 1043 2262 1080 continuata
2295 1043 2507 1092 praesentia

1455 1091 1685 1128 delectabilis
1713 1093 1972 1140 superexcedit
1998 1106 2215 1132 mensuram
2243 1096 2420 1133 naturalis
2438 1097 2504 1132 ha-

1455 1143 1643 1190 bitudinis,
1666 1144 1824 1180 efficitur
1850 1145 2011 1181 remotio
2041 1146 2119 1183 eius
2147 1147 2384 1185 delectabilis.
2405 1169 2428 1176 -
2450 1149 2507 1185 Ex

1454 1204 1560 1244 parte
1588 1209 1681 1233 vero
1701 1196 1817 1245 ipsius
1847 1197 2080 1245 cognitionis,
2101 1199 2189 1246 quia
2214 1201 2333 1236 homo
2363 1201 2506 1237 deside-

1456 1256 1512 1285 rat
1540 1261 1768 1296 cognoscere
1788 1249 1941 1296 aliquod
1970 1257 2091 1286 totum
2113 1258 2147 1287 et
2165 1252 2385 1299 perfectum.
2407 1253 2506 1289 Cum

1457 1313 1546 1349 ergo
1566 1301 1691 1350 aliqua
1718 1314 1796 1338 non
1823 1308 2001 1350 poterunt
2019 1303 2252 1350 apprehendi
2279 1312 2357 1341 tota
2385 1305 2506 1351 simul,

1457 1354 1616 1390 delectat
1642 1354 1681 1390 in
1709 1354 1765 1390 his
1793 1354 2066 1402 transmutatio,
2092 1362 2133 1391 ut
2155 1368 2275 1392 unum
2293 1364 2455 1393 transeat
2474 1364 2510 1393 et

1457 1407 1616 1443 alterurn
1651 1406 1847 1452 succedat,
1878 1414 1914 1442 et
1941 1406 1993 1442 sic
2021 1414 2141 1443 totum
2176 1408 2365 1446 sentiatur.
2399 1410 2509 1446 Unde

1456 1459 1688 1506 Augustinus
1707 1458 1806 1506 dicit,
1826 1458 1865 1494 in
1884 1459 1935 1494 lV
1959 1460 2122 1508 Confess.
2139 1459 2175 1496 *ε
2203 1462 2293 1497 Νοη
2313 1462 2368 1498 vis
2388 1463 2510 1510 utique
2536 1475 2545 1483 ·

1455 1516 1555 1547 stare
1580 1511 1780 1558 syllabam,
1799 1511 1865 1547 sed
1890 1511 2134 1558 transvolare,
2158 1518 2198 1548 ut
2222 1514 2320 1549 aliae
2346 1515 2508 1560 veniant,

1456 1569 1493 1599 et
1504 1569 1620 1599 totum
1640 1563 1783 1599 audias.
1803 1564 1863 1599 Ita
1877 1575 2023 1611 semper
2041 1565 2167 1600 omnia
2182 1577 2231 1600 ex
2245 1567 2375 1613 quibus
2394 1579 2510 1603 unum

1457 1615 1600 1663 aliquid
1615 1621 1768 1660 constat,
1785 1621 1820 1651 et
1837 1627 1910 1651 non
1930 1621 2015 1652 sunt
2033 1617 2159 1653 omnia
2176 1617 2298 1663 simul,
2311 1619 2398 1665 plus
2416 1619 2511 1655 dele-

1457 1673 1560 1704 ctant
1576 1668 1702 1704 omnia
1718 1679 1831 1715 quam
1850 1668 2012 1717 singula,
2031 1668 2066 1704 si
2072 1669 2216 1716 possint
2231 1671 2360 1706 sentiri
2372 1672 2510 1708 omnia.

1512 1720 1552 1756 Si
1576 1732 1665 1767 ergo
1694 1720 1740 1756 sit
1767 1720 1891 1768 aliqua
1919 1732 1979 1757 res
2008 1720 2113 1757 cuius
2132 1728 2265 1758 natura
2293 1722 2338 1758 sit
2356 1723 2512 1760 intrans-

1458 1773 1667 1818 mutabilis;
1697 1780 1734 1809 et
1753 1785 1831 1810 non
1849 1772 1967 1820 possit
1985 1772 2024 1809 in
2044 1785 2088 1810 ea
2108 1773 2190 1810 fieri
2214 1786 2388 1811 excessus
2407 1784 2513 1812 natu-

1458 1825 1542 1862 ralis
1560 1825 1789 1862 habitudinis
1803 1830 1816 1846 ²
1834 1837 1903 1873 per
1922 1825 2243 1863 continuationem
2263 1827 2512 1874 delectabilis;

1459 1885 1495 1914 et
1528 1890 1626 1926 quae
1658 1877 1778 1926 possit
1810 1885 1931 1914 totum
1960 1876 1972 1902 t
1999 1890 2112 1914 suum
2150 1878 2367 1916 delectabile
2401 1881 2512 1917 simul

1457 1930 1608 1967 intueri:
1637 1942 1716 1966 non
1745 1929 1810 1966 erit
1838 1930 1872 1966 ei
1899 1930 2160 1967 transmutatio
2195 1931 2431 1969 delectabilis.
2462 1934 2511 1969 Et

1458 1990 1599 2031 quanto
1634 1982 1779 2030 aliquae
1814 1982 2079 2019 delectationes
2114 1983 2199 2031 plus
2231 1984 2280 2020 ad
2306 1984 2381 2021 hoc
2408 1997 2513 2021 acee-

1459 2035 1563 2082 dunt,
1584 2042 1687 2071 tanto
1715 2035 1799 2083 plus
1828 2034 2037 2071 continuari
2062 2043 2232 2083 possunt.

1512 2089 1571 2124 An
1599 2099 1736 2124 PRIMUM
1763 2098 1860 2124 ERGO
1887 2099 2070 2124 mCENDUM
2098 2088 2203 2137 quod
2231 2088 2270 2125 id
2297 2089 2401 2136 quod
2430 2102 2511 2126 mo-

1459 2147 1580 2187 vetur,
1616 2140 1683 2176 etsi
1711 2139 1882 2180 nondum
1909 2140 2047 2176 habeat
2073 2141 2237 2188 perfecte
2264 2140 2304 2177 id
2331 2142 2380 2178 ad
2408 2142 2512 2189 quod

1461 2200 1650 2238 movetur,
1683 2192 1812 2240 incipit
1839 2199 1967 2228 tamen
1994 2192 2071 2229 iam
2094 2192 2234 2242 aliquid
2262 2194 2402 2230 habere
2431 2194 2511 2231 eius

1461 2245 1510 2282 ad
1538 2245 1643 2293 quod
1661 2251 1853 2281 movetur:
1883 2251 1919 2280 et
1946 2244 2158 2282 secundum
2176 2246 2262 2292 hoc,
2283 2245 2362 2294 ipse
2385 2255 2512 2284 motus

1461 2298 1576 2334 habet
1602 2296 1745 2344 aliquid
1766 2296 2032 2333 delectationis.
2053 2297 2191 2334 Deficit
2210 2305 2339 2334 tamen
2366 2311 2387 2334 3
2415 2299 2514 2335 dele-

1463 2349 1634 2386 ctationis
1652 2348 1902 2397 perfectione:
1932 2361 2022 2385 narn
2040 2349 2282 2397 perfectiores
2303 2351 2514 2388 delectatio—

1462 2414 1529 2438 nes
1558 2409 1644 2438 sunt
1671 2401 1710 2438 in
1738 2401 1850 2438 rebus
1883 2401 2154 2439 immobilibus.
2185 2423 2208 2429 —
2234 2403 2362 2439 Motus
2401 2404 2513 2440 etiam

1464 2454 1623 2491 efficitur
1650 2453 1888 2501 delectabilis,
1907 2453 2132 2502 inquantum
2158 2467 2228 2503 per
2245 2454 2370 2503 ipsum
2389 2456 2433 2492 fit
2451 2456 2514 2492 ali-

1463 2507 1555 2555 quid
1575 2506 1804 2543 conveniens
1833 2506 1938 2555 quod
1954 2506 2058 2554 prius
2078 2507 2308 2544 conveniens
2323 2520 2402 2544 non
2422 2516 2510 2556 erat,

1461 2560 1524 2596 vel
1552 2559 1687 2595 desinit
1715 2570 1808 2606 esse,
1828 2565 1870 2594 ut
1897 2571 2011 2606 supra
2037 2558 2057 2580 ’¹‘
2085 2550 2224 2595 dictum
2253 2567 2318 2596 est.

1515 2613 1573 2647 An
1601 2623 1790 2647 SECUNDUM
1826 2622 2009 2647 mCENDuM
2046 2611 2149 2659 quod
2183 2619 2310 2648 motus
2341 2612 2512 2649 laborem

1463 2671 1499 2700 et
1516 2663 1774 2700 lassitudinem
1792 2662 1945 2709 inducit,
1966 2663 2175 2700 secundum
2195 2665 2300 2711 quod
2324 2671 2511 2702 transcen-

1463 2716 1514 2753 dit
1532 2715 1790 2752 habitudinem
1809 2715 2029 2751 naturalem.
2059 2715 2120 2752 Sic
2138 2723 2265 2752 autem
2285 2724 2411 2753 motus
2434 2730 2513 2754 non

1463 2775 1518 2805 est
1546 2767 1785 2814 delectabilis,
1806 2767 1872 2804 sed
1900 2767 2111 2805 secundum
2137 2768 2242 2816 quod
2271 2777 2513 2807 removentur

1463 2820 1646 2873 contraria
1673 2819 1900 2856 habitudinis
1928 2820 2117 2857 naturalis.

1514 2875 1573 2909 AD
1593 2884 1751 2909 TERTIUM
1770 2884 1952 2909 DiCENDuM
1972 2873 2075 2921 quod
2094 2872 2133 2909 id
2152 2873 2256 2920 quod
2281 2880 2336 2910 est
2355 2886 2513 2910 consue-

1462 2933 1555 2973 tum,
1577 2925 1736 2962 efficitur
1750 2925 1979 2972 delectabile,
1995 2925 2218 2973 inquantum
2234 2925 2392 2962 efficitur
2406 2933 2512 2963 natu-

1463 2979 1556 3014 rale:
1577 2989 1666 3014 nam
1687 2977 1921 3014 consuetudo
1938 2984 1991 3014 est
2011 2977 2116 3025 quasi
2136 2978 2250 3014 altera
2265 2986 2408 3015 natura.
2425 2979 2510 3015 Mo-

1462 3037 1521 3067 tus
1541 3037 1668 3075 autern
1689 3037 1744 3066 est
1763 3029 2001 3076 delectabilis,
2030 3042 2108 3066 non
2137 3030 2291 3079 quidem
2315 3043 2392 3078 quo
2412 3043 2512 3068 rece-

1462 3083 1562 3119 ditur
1580 3095 1602 3118 a
1622 3081 1905 3129 consuetudine,
1926 3082 1994 3118 sed
2021 3082 2140 3130 magis
2168 3083 2378 3120 secundum
2406 3084 2510 3132 quod

1461 3147 1529 3183 per
1556 3134 1681 3183 ipsum
1709 3134 1912 3182 impeditur
1939 3134 2129 3183 corruptio
2163 3135 2340 3173 naturalis
2367 3136 2512 3173 habitu-

1464 3187 1569 3234 dinis,
1590 3199 1687 3235 quae
1706 3194 1834 3236 posset
1847 3187 2048 3236 provenire
2065 3199 2109 3224 ex
2123 3188 2336 3225 assiduitate
2357 3188 2510 3225 alicuius

1463 3239 1700 3288 operationis.
1718 3239 1767 3276 Et
1781 3239 1833 3275 sic
1850 3251 1894 3276 ex
1909 3239 2044 3276 eadem
2064 3252 2176 3277 causa
2196 3241 2511 3278 connaturalitatis

1462 3292 1621 3329 efficitur
1649 3291 1882 3328 consuetudo
1911 3292 2155 3340 delectabilis,
2186 3301 2221 3330 et
2248 3300 2386 3330 motus.

407 3408 434 3441 α)
454 3407 563 3440 aliquid.
580 3420 600 3427 -
616 3406 692 3431 aliud
709 3406 777 3431 PEa.

406 3443 432 3476 β)
451 3447 480 3468 tu
498 3446 635 3467 aeternum
655 3441 703 3466 tibi
721 3444 749 3466 tu
769 3441 831 3473 ipse.
848 3454 868 3460 -
885 3441 911 3465 in
931 3443 1067 3466 aeternum
1082 3440 1129 3465 mn·
1147 3443 1175 3465 tu
1195 3441 1250 3472 ipse
1261 3441 1315 3471 EK,
1329 3444 1358 3466 tu
1378 3440 1404 3465 in

354 3482 491 3505 aeternum
511 3477 558 3502 tibi
577 3477 628 3509 ipsi
646 3477 714 3508 (ipse
732 3476 772 3500 ed.
785 3478 814 3507 a)
834 3476 880 3500 Ρα.

407 3513 434 3547 γ)
445 3513 543 3538 scilicet
561 3512 613 3537 duo
626 3519 737 3544 quorum
751 3514 798 3536 est.
812 3525 830 3530 —
842 3511 895 3535 duo
908 3518 1019 3543 quorum
1040 3514 1079 3536 est
1093 3510 1122 3541 E,
1138 3510 1237 3536 scilicet
1251 3511 1345 3536 bonum
1361 3510 1404 3535 de-

352 3550 451 3575 lectans
469 3549 498 3573 Ρ.

493 3600 603 3624 Sumus
620 3599 720 3623 Timor..
740 3599 771 3623 D.
789 3598 903 3623 Tnomuz
921 3598 953 3622 T.
973 3598 1012 3623 111.

1511 3405 1535 3437 ὃ)
1556 3405 1637 3429 nobis.
1655 3419 1674 3423 -
1692 3405 1752 3430 Om.
1772 3405 1818 3430 Pa.

1511 3441 1533 3472 ε)
1553 3440 1723 3465 habitudinis.
1740 3453 1760 3460 -
1777 3440 1881 3466 habitus
1904 3440 2004 3466 codices
2023 3445 2049 3465 et
2066 3448 2092 3466 a.

1511 3475 1536 3507 ζ)
1556 3478 1649 3500 totum.
1669 3489 1686 3494 -
1705 3475 1731 3500 in
1756 3478 1839 3500 totum
1858 3475 1887 3500 F.
1909 3476 1960 3501 Pro
1984 3475 2093 3505 intueri,
2120 3476 2219 3500 moveri
2236 3475 2490 3509 A(B?)CFGleDH
2502 3495 2508 3507 ,

1459 3517 1563 3535 movere
1581 3511 1611 3534 L.
1629 3523 1648 3529 -
1666 3511 1716 3534 Pro
1735 3514 1841 3543 quanto,
1861 3514 1987 3544 quantum
2008 3511 2036 3535 P.

2339 3605 2370 3630 29

2539 2569 2549 2579 ⁸
2563 2569 2589 2590 In
2604 2574 2709 2596 corpore.
