2852 4152
99 1946 110 1956 ⁸
125 1945 193 1967 Vers.
208 1951 240 1972 ¹9·

101 2263 110 2271 '
124 2262 176 2284 Art.
190 2262 295 2290 praeced.

98 2481 109 2491 ¹¹
123 2480 187 2502 lbtd:

101 2638 109 2646 ·
121 2626 311 2683 Essssvssanar

104 2855 112 2863 ”
126 2853 185 2875 Ibid.

103 2961 112 2969 ¹
127 2959 179 2981 Art.

335 234 410 272 270

390 302 476 338 Alio
497 302 616 339 modo
639 310 694 340 est
713 315 826 341 causa
846 304 925 353 spei
940 316 1055 340 omne
1075 304 1164 340 illud
1185 303 1289 351 quod
1312 302 1398 339 facit

339 354 449 391 alicui
479 355 794 393 existimationem
820 357 925 406 quod
950 357 1091 405 aliquid
1111 356 1156 393 sit
1181 356 1251 392 sibi
1278 355 1398 403 possi-

338 407 424 444 bile.
442 408 490 444 Et
509 408 584 444 hoc
603 410 722 446 modo
740 417 776 445 et
791 409 973 456 doctrina,
991 417 1025 445 et
1040 408 1235 457 persuasio
1257 407 1398 455 quaeli-

338 461 403 496 bet
415 468 542 509 potest
558 473 640 498 esse
657 474 770 498 causa
790 462 881 510 spei.
904 463 952 498 Et
968 461 1020 497 sic
1037 461 1149 497 etiam
1170 459 1398 508 experientia

338 521 395 550 est
410 525 524 550 causa
540 514 634 562 spei:
651 514 876 563 inquantum
891 514 1029 550 scilieet
1043 526 1112 561 per
1128 513 1398 561 experientiam

338 566 381 602 fit
408 566 554 603 homini
584 567 807 603 existimatio
837 567 940 615 quod
970 565 1111 614 aliquid
1141 565 1186 601 sit
1214 565 1283 601 sibi
1311 578 1398 614 pos-

340 618 459 666 sibile,
481 619 587 667 quod
614 619 845 668 impossibile
874 626 960 655 ante
989 618 1258 666 experientiam
1287 630 1396 666 repu-

339 672 452 709 tabat.
474 693 497 700 -
519 672 596 709 Sed
623 685 692 721 per
710 673 812 709 hunc
837 671 998 708 modum
1019 670 1248 719 experientia
1274 679 1399 720 potest

341 723 454 762 etiam
483 730 500 746 α
529 737 611 762 esse
641 737 754 761 causa
775 724 942 761 defectus
970 723 1062 772 spei.
1084 723 1185 770 Quia
1213 724 1308 760 sicut
1330 737 1400 773 per

341 776 609 826 experientiam
639 778 682 814 fit
708 777 854 814 homini
878 776 1099 813 existimatio
1124 777 1229 825 quod
1257 777 1399 826 aliquid

340 830 410 867 sibi
434 830 480 866 sit
501 830 697 879 possibile,
727 829 833 878 quod
853 830 1051 878 reputabat
1071 829 1322 878 impossibile;
1349 830 1399 867 ita

340 895 361 919 e
381 895 568 920 converso
587 895 657 930 per
677 882 946 931 experientiam
976 882 1019 919 fit
1036 882 1184 920 homini
1212 883 1399 920 existima-

338 935 390 971 tio
416 935 520 984 quod
549 935 690 982 aliquid
719 948 796 972 non
817 934 863 972 sit
886 935 956 972 sibi
974 935 1166 984 possibile,
1188 937 1292 985 quod
1311 949 1398 985 pos-

339 987 444 1024 sibile
474 987 720 1025 existimabat.

394 1040 455 1077 Sic
476 1052 564 1088 ergo
586 1040 816 1089 experientia
837 1048 891 1077 est
911 1053 1025 1078 causa
1044 1041 1125 1090 spei
1145 1041 1296 1079 duobus
1317 1054 1399 1078 mo-

340 1092 414 1130 dis:
445 1105 558 1130 causa
593 1101 720 1131 autem
750 1094 918 1131 defectus
951 1093 1050 1143 spei,
1081 1107 1159 1131 uno
1188 1094 1321 1131 modo.
1351 1095 1400 1131 Et

338 1153 495 1194 propter
521 1146 615 1194 hoc,
646 1146 766 1195 magis
796 1146 920 1184 dicere
949 1159 1155 1196 possumus
1193 1159 1279 1184 earn
1318 1159 1399 1184 esse

340 1211 494 1236 causam
522 1199 614 1248 spei.

1038 227 1302 273 QUAESTIO
1332 227 1417 272 XL,
1446 226 1741 262 ART1CULUS
1769 225 1820 262 VI

1505 305 1564 339 Ab
1593 315 1729 339 PRIMUM
1758 315 1856 340 ERGO
1884 315 2068 342 mcENDUM
2093 305 2197 354 quod
2227 305 2455 354 experientia
2474 305 2513 342 in

1453 355 1709 403 operabilibus
1746 368 1823 392 non
1862 356 1987 393 solum
2027 366 2155 394 causat
2193 358 2406 404 scientiam;
2445 358 2512 395 sed

1454 408 1567 444 etiam
1593 415 1722 444 causat
1749 408 1942 456 quendam
1962 410 2146 458 habitum,
2171 419 2326 459 propter
2354 423 2513 448 consue-

1452 460 1634 507 tudinem,
1656 460 1720 508 qui
1749 461 1835 498 facit
1855 462 2116 510 operationem
2144 464 2353 500 faciliorem
2381 464 2413 500 ⁹¹⁸.
2436 464 2512 501 Sed

1455 520 1490 549 et
1517 513 1599 560 ipsa
1634 513 1753 550 virtus
1786 513 2044 552 intellectualis
2079 516 2167 553 facit
2199 517 2248 554 ad
2284 523 2512 565 potestatem

1452 565 1560 601 facile
1589 566 1792 613 operandi:
1828 567 2061 605 demonstrat
2089 569 2189 606 enim
2218 568 2232 598 β
2261 569 2401 618 aliquid
2430 581 2512 606 esse

1452 618 1642 667 possibile.
1673 619 1723 655 Et
1749 619 1801 655 sic
1828 628 1956 657 causat
1983 633 2104 670 spem.
2410 647 2413 650 -

1506 673 1565 707 An
1594 683 1784 708 SECUNDUM
1803 683 1987 711 nicENDuM
2006 676 2111 722 quod
2137 675 2176 712 in
2196 674 2349 712 senibus
2374 682 2430 712 est
2449 674 2513 712 de-

1453 724 1572 760 fectus
1601 724 1682 772 spei
1710 731 1865 773 propter
1893 726 2175 776 experientiam,
2195 727 2422 776 inquantum
2452 740 2513 764 ex-

1453 776 1637 826 perientia
1663 777 1751 814 facit
1778 777 2097 823 existimationem
2123 779 2379 829 impossibilis.
2399 781 2512 818 Unde

1454 830 1596 867 ibidem
1625 830 1798 867 subditur
1825 831 1930 879 quod
1954 831 2007 868 eis
2035 832 2151 869 multa
2170 839 2372 871 evenerunt
2395 834 2432 871 in
2452 834 2512 871 de-

1454 883 1578 920 terius.

1507 938 1565 972 AD
1593 947 1752 973 TEeruM
1781 948 1964 974 mcaNDUM
1993 937 2098 986 quod
2122 937 2272 976 stultitia
2300 946 2336 976 et
2362 939 2514 988 inexpe-

1454 988 1587 1026 rientia
1614 996 1774 1038 possunt
1802 1001 1883 1026 esse
1922 1003 2037 1027 causa
2064 990 2145 1039 spei
2181 990 2291 1039 'quasi
2321 1004 2391 1040 per
2418 992 2514 1030 acci-

1455 1041 1561 1088 dens,
1579 1042 1816 1079 removendo
1832 1042 1972 1079 scilicet
1985 1042 2180 1080 scientiam
2202 1055 2272 1092 per
2289 1056 2407 1094 quam
2421 1057 2513 1083 vere

1455 1094 1689 1131 existimatur
1716 1094 1858 1143 aliquid
1891 1108 1973 1132 esse
2002 1108 2081 1133 non
2109 1095 2299 1144 possibile.
2331 1097 2440 1136 Unde
2469 1111 2514 1135 ea

1454 1147 1597 1190 ratione
1616 1147 1887 1196 inexperientia
1908 1156 1963 1186 est
1982 1161 2096 1186 causa
2115 1149 2206 1198 spei,
2226 1161 2302 1198 qua
2322 1150 2514 1199 experien-

1454 1200 1504 1237 tia
1533 1207 1589 1237 est
1617 1213 1731 1238 causa
1760 1201 1928 1238 defectus
1956 1202 2048 1251 spei.

393 1327 419 1358 α)
439 1327 528 1351 etiam.
546 1340 565 1346 --
583 1327 644 1351 Om.
664 1327 734 1352 PKa.

1512 1326 1539 1361 β)
1557 1328 1636 1354 enim.
1654 1342 1673 1347 -
1690 1329 1771 1354 etiam
1790 1329 1940 1354 PACDHsB
1960 1335 1986 1354 et
2003 1337 2028 1359 α,
2047 1333 2136 1355 autem
2156 1331 2211 1362 GL,
2229 1332 2279 1357 sibi
2298 1332 2315 1362 1,
2333 1340 2384 1358 ras.
2398 1334 2446 1366 pB.

1150 1489 1463 1531 ARTICULUS
1493 1490 1701 1537 SEXTUS

837 1590 992 1622 UTRUM
1017 1590 1059 1620 IN
1083 1590 1309 1621 IUVENJBUS
1333 1591 1390 1621 ET
1415 1590 1458 1620 IN
1481 1590 1669 1621 EBRloffls
1692 1591 1898 1622 ABUNDET
1921 1592 2019 1623 spes

1260 1678 1335 1708 Infra,
1355 1686 1399 1711 qu.
1418 1686 1473 1708 ην,
1493 1683 1539 1703 art.
1561 1678 1584 1704 3.

378 1810 389 1821 s
406 1795 434 1811 x2
459 1802 502 1823 ff„-
551 1788 573 1812 D
603 1787 744 1813 SEXTUM
772 1788 825 1812 Sic
849 1788 1088 1814 PROCEDITUR.
1109 1776 1268 1814 Videtur
1295 1778 1400 1826 quod

552 1829 727 1866 iuventus
748 1836 784 1865 et
804 1829 963 1866 ebrietas
982 1842 1062 1867 non
1082 1830 1154 1867 sint
1174 1843 1287 1867 causa
1307 1830 1398 1879 spei.

416 1898 470 1917 ἢν

375 1911 485 1963 κὲἓέ

341 1999 427 2037 spes
456 1994 698 2036 comparatur
735 2000 910 2025 ancorae.
942 1989 1019 2025 Sed
1047 1988 1204 2026 iuvenes
1243 1996 1279 2025 et
1308 1989 1400 2026 ebrii

341 2039 522 2077 deficiunt
549 2053 571 2077 a
604 2040 798 2078 firmitate:
828 2041 970 2078 habent
1008 2042 1111 2079 enirn
1148 2042 1321 2079 animum
1352 2043 1399 2080 de

339 2094 436 2130 facili
465 2094 699 2132 mutabilem.
730 2095 832 2143 Ergo
861 2094 1037 2132 iuventus
1066 2102 1103 2132 et
1131 2095 1292 2133 ebrietas
1321 2109 1399 2133 non

341 2155 395 2184 est
423 2152 440 2168 ‘²
470 2159 583 2184 causa
611 2148 702 2196 spei.

394 2212 428 2237 2.
450 2201 682 2249 PRAETEREA,
705 2213 748 2238 ea
777 2214 874 2250 quae
894 2210 1033 2251 augent
1060 2210 1298 2252 potestatem,
1320 2216 1399 2240 ma-

338 2253 439 2290 xime
468 2262 554 2292 sunt
575 2267 689 2291 causa
716 2254 807 2304 spei,
828 2262 870 2292 ut
898 2269 1012 2305 supra
1030 2255 1050 2278 ’¹‘
1070 2256 1211 2293 dictum
1233 2264 1299 2294 est.
1322 2257 1399 2294 Sed

338 2306 514 2344 iuventus
535 2315 570 2344 et
590 2308 749 2344 ebrietas
769 2309 964 2356 quandam
982 2309 1239 2347 infirmitatem
1258 2311 1400 2347 habent

338 2360 567 2398 adiunctam.
590 2362 691 2411 Ergo
721 2373 800 2399 non
827 2369 915 2400 sunt
944 2375 1057 2400 causa
1086 2363 1178 2412 spei.

394 2417 427 2454 3.
449 2417 681 2464 PRAETEREA,
704 2416 932 2465 experientia
952 2424 1007 2454 est
1031 2429 1145 2454 causa
1173 2416 1264 2465 spei,
1285 2423 1326 2453 ut
1346 2416 1399 2453 di-

339 2477 441 2508 ctum
463 2478 518 2507 est
531 2469 562 2507 ²¹⁸.
581 2470 658 2506 Sed
677 2469 878 2507 iuvenibus
895 2470 1121 2519 experientia
1140 2470 1277 2507 deficit.
1295 2471 1397 2518 Ergo

337 2523 514 2561 iuventus
543 2535 622 2559 non
651 2530 706 2559 est
734 2535 848 2560 causa
875 2523 967 2572 spei.

392 2577 466 2613 SED
495 2588 640 2613 CONTRA
667 2588 733 2612 EST
760 2576 865 2624 quod
890 2576 1145 2624 Philosophus
1166 2575 1264 2623 dicit,
1285 2575 1324 2612 in
1348 2576 1397 2612 111

337 2630 457 2667 Ethic.
477 2629 508 2676 ²¹⁸,
530 2629 634 2678 quod
662 2629 836 2666 inebriati
853 2635 939 2666 sunt
957 2630 1050 2666 hene
1066 2635 1267 2677 sperantes.
1290 2629 1338 2665 Et
1361 2628 1400 2665 in

197 2701 239 2722 ιιι,
255 2701 277 2716 n.
305 2709 311 2715 .
339 2683 371 2719 II
387 2682 598 2719 Rhetoric.*
618 2682 752 2719 dicitur
771 2682 876 2731 quod
896 2683 1046 2719 iuvenes
1068 2688 1156 2719 sunt
1172 2683 1293 2719 honae
1309 2682 1398 2730 spei.

392 2737 617 2773 Responnsso
646 2747 830 2773 DICENDUM
858 2736 963 2784 quod
992 2735 1169 2773 iuventus
1199 2742 1254 2772 est
1287 2747 1400 2772 causa

339 2788 420 2838 spei
438 2796 593 2837 propter
617 2789 697 2836 tria,
718 2795 759 2825 ut
781 2789 1036 2837 Philosophus
1061 2788 1148 2826 dicit
1163 2788 1200 2826 in
1217 2789 1248 2825 ΙΙ
1264 2789 1401 2825 Rheto-

339 2841 436 2879 ric.*
456 2843 505 2878 Et
532 2842 626 2878 haec
654 2841 722 2879 tria
749 2849 910 2891 possunt
938 2841 1057 2890 accipi
1085 2842 1297 2879 secundum
1326 2849 1400 2878 tres

340 2894 577 2932 conditiones
597 2895 688 2932 boni
706 2895 813 2944 quod
834 2902 890 2932 est
905 2894 1096 2932 obiectum
1115 2894 1208 2944 spei,
1226 2894 1332 2942 quod
1347 2902 1402 2931 est

339 2949 518 2994 futurum,
540 2955 576 2984 et
594 2948 770 2996 arduum,
791 2955 828 2985 et
851 2947 1043 2997 possibile,
1064 2955 1105 2985 ut
1132 2948 1275 2985 dictum
1299 2955 1355 2984 est
1368 2947 1398 2984 *.

341 3002 502 3038 Iuvenes
531 3001 632 3038 enim
662 3002 825 3038 multum
853 3002 995 3038 habent
1023 3002 1071 3039 de
1100 3002 1242 3048 sutum,
1273 3008 1308 3037 et
1334 3013 1401 3050 pa-

341 3066 426 3090 rum
459 3054 505 3090 de
543 3054 755 3103 praeterito.
792 3055 839 3091 Et
867 3054 975 3102 ideo,
1009 3054 1097 3102 quia
1129 3054 1319 3091 memoria
1347 3061 1403 3090 est

339 3106 549 3155 praeteriti,
580 3120 666 3156 spes
695 3115 822 3144 autem
851 3107 982 3153 futuri;
1012 3120 1148 3157 parum
1185 3108 1326 3144 habent
1354 3106 1401 3144 de

341 3159 544 3207 memoria,
574 3160 641 3197 sed
675 3161 837 3197 multum
864 3161 1002 3198 vivunt
1028 3160 1067 3197 in
1095 3173 1174 3209 spe.
1195 3181 1219 3188 —
1240 3162 1402 3198 Iuvenes

343 3213 467 3260 etiam,
487 3220 643 3262 propter
663 3213 889 3250 caliditatem
909 3222 1078 3262 naturae,
1103 3214 1245 3250 habent
1263 3213 1403 3250 multos

395 3338 423 3372 α’)
443 3343 491 3364 est.
509 3353 526 3357 -—
544 3342 607 3363 sunt
625 3339 678 3363 EF.

1453 1776 1620 1825 spiritus:
1642 1784 1678 1814 et
1705 1777 1756 1815 ita
1782 1777 1821 1815 in
1850 1778 1903 1815 eis
1932 1791 1998 1816 cor
2021 1780 2232 1829 ampliatur.
2263 1782 2322 1820 Ex
2340 1783 2516 1833 amplitu-

1454 1830 1541 1867 dine
1578 1837 1706 1868 autem
1745 1831 1868 1869 cordis
1907 1840 1962 1869 est
1995 1833 2100 1882 quod
2137 1834 2272 1884 aliquis
2309 1835 2358 1873 ad
2395 1836 2515 1874 ardua

1452 1883 1593 1920 tendat.
1623 1884 1673 1921 Et
1703 1884 1791 1921 ideo
1824 1884 1983 1923 iuvenes
2015 1894 2103 1924 sunt
2133 1887 2296 1926 animosi
2325 1896 2362 1926 et
2388 1890 2514 1927 bonae

1453 1936 1545 1985 spei.
1567 1957 1592 1964 -
1612 1936 1932 1975 Similiter'etiam
1959 1938 2010 1976 illi
2030 1939 2094 1988 qui
2122 1953 2200 1978 non
2224 1949 2311 1979 sunt
2328 1942 2430 1992 passi
2458 1955 2515 1980 re-

1451 1989 1614 2037 pulsam,
1636 2002 1707 2027 nec
1736 1991 1877 2039 experti
1906 1992 2182 2041 impedimenta
2200 1993 2239 2031 in
2267 1994 2345 2031 suis
2375 1995 2515 2033 conati-

1453 2042 1538 2090 bus,
1559 2042 1606 2080 de
1625 2042 1723 2080 facili
1741 2051 1916 2092 reputant
1943 2045 2083 2095 aliquid
2102 2046 2172 2083 sibi
2191 2047 2382 2096 possibile.
2402 2049 2515 2087 Unde

1453 2103 1489 2132 et
1515 2095 1686 2144 iuvenes,
1707 2104 1863 2146 propter
1889 2097 2199 2148 inexperientiam
2221 2100 2515 2152 impedimento-

1452 2161 1539 2186 rum
1568 2157 1604 2186 et
1632 2149 1860 2198 defectuum,
1883 2150 1930 2188 de
1949 2152 2047 2188 facili
2075 2160 2252 2202 reputant
2271 2154 2414 2203 aliquid
2442 2154 2512 2192 sibi

1451 2202 1642 2251 possibile.
1673 2204 1722 2240 Et
1749 2203 1837 2240 ideo
1865 2212 1952 2242 sunt
1980 2205 2104 2242 bonae
2133 2206 2224 2255 spei.

1505 2257 1594 2293 Duo
1625 2256 1737 2293 etiam
1767 2256 1926 2294 istorum
1955 2266 2041 2296 sunt
2067 2258 2104 2295 in
2135 2259 2262 2297 ebriis:
2283 2260 2424 2298 scilicet
2452 2273 2512 2298 ca-

1451 2308 1573 2346 liditas
1594 2317 1630 2346 et
1657 2309 1916 2358 multiplicatio
1945 2311 2156 2359 spirituum,
2176 2320 2333 2361 propter
2359 2313 2512 2360 vinum;

1452 2369 1489 2399 et
1522 2362 1659 2399 iterum
1696 2362 1989 2400 inconsideratio
2021 2364 2278 2412 periculorum
2315 2367 2378 2403 vel
2411 2367 2514 2404 defe-

1452 2422 1595 2453 ctuum.
1636 2437 1659 2443 -
1698 2416 1747 2453 Et
1781 2423 1938 2465 propter
1977 2417 2138 2454 eandem
2175 2418 2361 2456 rationem
2399 2419 2513 2457 etiam

1453 2481 1589 2506 omnes
1617 2469 1728 2516 stulti,
1750 2476 1785 2505 et
1803 2469 2071 2507 deliberatione
2100 2483 2179 2508 non
2201 2479 2361 2520 utentes,
2383 2473 2514 2510 omnia

1452 2529 1608 2569 tentant,
1629 2529 1666 2558 et
1693 2529 1780 2559 sunt
1808 2523 1934 2559 bonae
1962 2523 2054 2572 spei.

1505 2577 1564 2612 An
1594 2587 1731 2612 PRIMUM
1763 2587 1861 2612 ERGO
1894 2588 2079 2613 montinum
2112 2579 2216 2625 quod
2243 2578 2282 2615 in
2312 2578 2514 2616 iuvenibus

1454 2636 1490 2665 et
1517 2627 1556 2665 in
1586 2627 1695 2664 ebriis
1723 2627 1809 2665 licet
1836 2640 1915 2665 non
1952 2629 1998 2666 sit
2025 2629 2183 2667 firmitas
2221 2631 2443 2668 secundum
2461 2631 2515 2669 rei

1452 2681 1665 2728 veritatem,
1683 2689 1739 2718 est
1752 2689 1882 2718 tamen
1897 2681 1934 2718 in
1957 2682 2010 2719 eis
2029 2683 2240 2720 secundum
2257 2694 2392 2721 eorum
2407 2683 2517 2723 aesti-

1455 2734 1680 2771 mationem:
1711 2742 1886 2784 reputant
1906 2735 2008 2772 enim
2033 2748 2072 2772 se
2091 2735 2251 2774 firmiter
2274 2744 2515 2777 assecuturos

1454 2787 1545 2824 illud
1574 2787 1679 2836 quod
1707 2795 1871 2836 sperant.

1508 2842 1557 2878 Et
1586 2840 1758 2878 similiter
1786 2840 1992 2878 dicendum
2012 2841 2061 2878 ad
2089 2842 2315 2890 secundum,
2335 2844 2442 2892 quod
2458 2843 2516 2881 iu-

1453 2906 1573 2932 venes
1593 2901 1629 2930 et
1649 2893 1741 2930 ebrii
1760 2894 1904 2931 habent
1932 2894 2088 2942 quidem
2107 2895 2364 2932 infirmitatem
2383 2908 2517 2934 seeun-

1456 2948 1548 2985 dum
1577 2947 1630 2984 rei
1657 2946 1876 2984 veritatem:
1907 2947 1972 2984 sed
1997 2948 2209 2985 secundum
2238 2960 2373 2986 eorum
2394 2949 2516 2987 existi-

1455 3000 1676 3046 mationem,
1697 3000 1840 3037 habent
1862 3007 2105 3049 potestatem3
2133 3001 2221 3051 quia
2235 3013 2326 3038 suos
2347 3001 2517 3040 defectus

1455 3061 1535 3091 non
1562 3061 1806 3101 cognoscunt.

1507 3108 1567 3144 Ao
1595 3118 1754 3143 TERTIUM
1782 3118 1965 3143 DtCENDuM
2004 3107 2108 3155 quod
2137 3120 2215 3145 non
2249 3108 2375 3146 solum
2405 3119 2516 3156 expe-

1456 3159 1599 3207 rientia,
1620 3159 1686 3197 sed
1716 3159 1829 3197 etiam
1857 3159 2125 3208 inexperientia
2145 3168 2200 3198 est
2224 3160 2516 3210 quodammodo

1457 3225 1571 3250 causa
1599 3212 1692 3261 spei,
1712 3219 1754 3249 ut
1783 3211 1924 3249 dictum
1955 3219 2010 3249 est
2037 3212 2066 3250 *.

2541 473 2550 482 ·
2564 471 2593 493 D.
2607 477 2655 500 593.

2544 3201 2554 3212 ‘¹
2567 3201 2620 3223 Art.
2635 3200 2761 3229 praeced„

2544 3227 2574 3249 ad
2587 3233 2608 3255 3.
