<?xml version="1.0" encoding="UTF-8"?>
<!DOCTYPE html PUBLIC "-//W3C//DTD XHTML 1.0 Transitional//EN"
    "http://www.w3.org/TR/xhtml1/DTD/xhtml1-transitional.dtd">
<html xmlns="http://www.w3.org/1999/xhtml" xml:lang="en" lang="en">
 <head>
  <title>
</title>
<meta http-equiv="Content-Type" content="text/html;charset=utf-8" />
  <meta name='ocr-system' content='tesseract 3.04.00' />
  <meta name='ocr-capabilities' content='ocr_page ocr_carea ocr_par ocr_line ocrx_word'/>
</head>
<body>
  <div class='ocr_page' id='page_1' title='image "./operaomniaiussui06thom/operaomniaiussui06thom_0336.png"; bbox 0 0 2852 4152; ppageno 0'>
   <div class='ocr_carea' id='block_1_1' title="bbox 384 183 459 228">
    <p class='ocr_par' dir='ltr' id='par_1_1' title="bbox 384 183 459 228">
     <span class='ocr_line' id='line_1_1' title="bbox 384 183 459 228; baseline 0 -10"><span class='ocrx_word' id='word_1_1' title='bbox 384 183 459 228; x_wconf 88' lang='lat'>324</span> 
     </span>
    </p>
   </div>
   <div class='ocr_carea' id='block_1_2' title="bbox 379 260 1444 565">
    <p class='ocr_par' dir='ltr' id='par_1_2' title="bbox 380 260 1444 389">
     <span class='ocr_line' id='line_1_2' title="bbox 381 260 1444 298; baseline -0.003 -6"><span class='ocrx_word' id='word_1_2' title='bbox 381 261 512 298; x_wconf 80' lang='lat' dir='ltr'>malum,</span> <span class='ocrx_word' id='word_1_3' title='bbox 530 268 560 293; x_wconf 89' lang='lat' dir='ltr'>et</span> <span class='ocrx_word' id='word_1_4' title='bbox 577 267 798 292; x_wconf 87' lang='lat' dir='ltr'>concurrentes</span> <span class='ocrx_word' id='word_1_5' title='bbox 814 267 902 292; x_wconf 88' lang='lat' dir='ltr'>actus</span> <span class='ocrx_word' id='word_1_6' title='bbox 920 261 959 291; x_wconf 85' lang='lat' dir='ltr'>ad</span> <span class='ocrx_word' id='word_1_7' title='bbox 980 261 1059 292; x_wconf 88' lang='lat' dir='ltr'>bene</span> <span class='ocrx_word' id='word_1_8' title='bbox 1076 261 1126 291; x_wconf 88' lang='lat' dir='ltr'>vel</span> <span class='ocrx_word' id='word_1_9' title='bbox 1142 260 1224 290; x_wconf 88' lang='lat' dir='ltr'>male</span> <span class='ocrx_word' id='word_1_10' title='bbox 1239 260 1327 291; x_wconf 87' lang='lat' dir='ltr'>velle.</span> <span class='ocrx_word' id='word_1_11' title='bbox 1344 260 1394 295; x_wconf 90' lang='lat' dir='ltr'>Et,</span> <span class='ocrx_word' id='word_1_12' title='bbox 1408 265 1444 289; x_wconf 92' lang='lat' dir='ltr'>ut</span> 
     </span>
     <span class='ocr_line' id='line_1_3' title="bbox 380 303 1444 345; baseline -0.003 -10"><span class='ocrx_word' id='word_1_13' title='bbox 380 306 412 336; x_wconf 91' lang='lat' dir='ltr'>in</span> <span class='ocrx_word' id='word_1_14' title='bbox 429 305 634 345; x_wconf 86' lang='lat' dir='ltr'>responsione</span> <span class='ocrx_word' id='word_1_15' title='bbox 651 305 690 335; x_wconf 81' lang='lat' dir='ltr'>ad</span> <span class='ocrx_word' id='word_1_16' title='bbox 705 305 833 336; x_wconf 88' lang='lat' dir='ltr'>tertium</span> <span class='ocrx_word' id='word_1_17' title='bbox 848 304 969 341; x_wconf 87' lang='lat' dir='ltr'>dicitur,</span> <span class='ocrx_word' id='word_1_18' title='bbox 989 305 1150 335; x_wconf 82' lang='lat' dir='ltr'>salvantur</span> <span class='ocrx_word' id='word_1_19' title='bbox 1165 303 1208 334; x_wconf 86' lang='lat' dir='ltr'>ibi</span> <span class='ocrx_word' id='word_1_20' title='bbox 1220 309 1346 344; x_wconf 80' lang='lat' dir='ltr'>partes,</span> <span class='ocrx_word' id='word_1_21' title='bbox 1364 303 1444 333; x_wconf 87' lang='lat' dir='ltr'>idest</span> 
     </span>
     <span class='ocr_line' id='line_1_4' title="bbox 380 349 531 389; baseline -0.007 -9"><span class='ocrx_word' id='word_1_22' title='bbox 380 349 531 389; x_wconf 85' lang='lat' dir='ltr'>partialia.</span> 
     </span>
    </p>

    <p class='ocr_par' dir='ltr' id='par_1_3' title="bbox 379 391 1442 565">
     <span class='ocr_line' id='line_1_5' title="bbox 437 391 1441 433; baseline -0.004 -9"><span class='ocrx_word' id='word_1_23' title='bbox 437 393 521 424; x_wconf 90' lang='lat' dir='ltr'>Scito</span> <span class='ocrx_word' id='word_1_24' title='bbox 545 393 648 430; x_wconf 89' lang='lat' dir='ltr'>tertio,</span> <span class='ocrx_word' id='word_1_25' title='bbox 669 392 797 429; x_wconf 90' lang='lat' dir='ltr'>novitie,</span> <span class='ocrx_word' id='word_1_26' title='bbox 822 393 911 433; x_wconf 92' lang='lat' dir='ltr'>quod</span> <span class='ocrx_word' id='word_1_27' title='bbox 935 392 1083 432; x_wconf 87' lang='lat' dir='ltr'>angelum</span> <span class='ocrx_word' id='word_1_28' title='bbox 1100 392 1301 431; x_wconf 82' lang='lat' dir='ltr'>participare</span> <span class='ocrx_word' id='word_1_29' title='bbox 1323 391 1362 420; x_wconf 91' lang='lat' dir='ltr'>ab</span> <span class='ocrx_word' id='word_1_30' title='bbox 1387 400 1441 420; x_wconf 90' lang='lat' dir='ltr'>ex-</span> 
     </span>
     <span class='ocr_line' id='line_1_6' title="bbox 380 433 1442 477; baseline -0.005 -9"><span class='ocrx_word' id='word_1_31' title='bbox 380 438 506 475; x_wconf 87' lang='lat' dir='ltr'>teriori,</span> <span class='ocrx_word' id='word_1_32' title='bbox 532 443 568 468; x_wconf 94' lang='lat' dir='ltr'>ut</span> <span class='ocrx_word' id='word_1_33' title='bbox 590 437 622 467; x_wconf 92' lang='lat' dir='ltr'>in</span> <span class='ocrx_word' id='word_1_34' title='bbox 646 437 852 477; x_wconf 87' lang='lat' dir='ltr'>responsione</span> <span class='ocrx_word' id='word_1_35' title='bbox 878 436 916 466; x_wconf 87' lang='lat' dir='ltr'>ad</span> <span class='ocrx_word' id='word_1_36' title='bbox 940 435 1116 466; x_wconf 89' lang='lat' dir='ltr'>secundum</span> <span class='ocrx_word' id='word_1_37' title='bbox 1140 434 1261 470; x_wconf 90' lang='lat' dir='ltr'>dicitur,</span> <span class='ocrx_word' id='word_1_38' title='bbox 1287 433 1442 473; x_wconf 86' lang='lat' dir='ltr'>contingit</span> 
     </span>
     <span class='ocr_line' id='line_1_7' title="bbox 380 478 1441 521; baseline -0.006 -9"><span class='ocrx_word' id='word_1_39' title='bbox 380 481 554 521; x_wconf 88' lang='lat' dir='ltr'>dupliciter.</span> <span class='ocrx_word' id='word_1_40' title='bbox 578 481 701 517; x_wconf 87' lang='lat' dir='ltr'>Primo,</span> <span class='ocrx_word' id='word_1_41' title='bbox 726 481 816 521; x_wconf 87' lang='lat' dir='ltr'>quasi</span> <span class='ocrx_word' id='word_1_42' title='bbox 840 480 1044 510; x_wconf 83' lang='lat' dir='ltr'>adventitiam</span> <span class='ocrx_word' id='word_1_43' title='bbox 1074 478 1260 519; x_wconf 83' lang='lat' dir='ltr'>qualitatem</span> <span class='ocrx_word' id='word_1_44' title='bbox 1288 478 1327 507; x_wconf 92' lang='lat' dir='ltr'>ab</span> <span class='ocrx_word' id='word_1_45' title='bbox 1357 484 1441 507; x_wconf 85' lang='lat' dir='ltr'>extra</span> 
     </span>
     <span class='ocr_line' id='line_1_8' title="bbox 379 520 1439 565; baseline -0.006 -9"><span class='ocrx_word' id='word_1_46' title='bbox 379 525 596 565; x_wconf 85' lang='lat' dir='ltr'>suscipiendo:</span> <span class='ocrx_word' id='word_1_47' title='bbox 626 532 656 556; x_wconf 86' lang='lat' dir='ltr'>et</span> <span class='ocrx_word' id='word_1_48' title='bbox 679 525 740 555; x_wconf 92' lang='lat' dir='ltr'>hoc</span> <span class='ocrx_word' id='word_1_49' title='bbox 768 525 867 555; x_wconf 91' lang='lat' dir='ltr'>modo</span> <span class='ocrx_word' id='word_1_50' title='bbox 896 533 1021 554; x_wconf 88' lang='lat' dir='ltr'>necesse</span> <span class='ocrx_word' id='word_1_51' title='bbox 1051 529 1096 552; x_wconf 90' lang='lat' dir='ltr'>est</span> <span class='ocrx_word' id='word_1_52' title='bbox 1123 531 1242 561; x_wconf 89' lang='lat' dir='ltr'>ponere</span> <span class='ocrx_word' id='word_1_53' title='bbox 1269 521 1302 551; x_wconf 88' lang='lat' dir='ltr'>in</span> <span class='ocrx_word' id='word_1_54' title='bbox 1327 520 1439 560; x_wconf 87' lang='lat' dir='ltr'>angelo</span> 
     </span>
    </p>
   </div>
   <div class='ocr_carea' id='block_1_3' title="bbox 379 565 1440 652">
    <p class='ocr_par' dir='ltr' id='par_1_4' title="bbox 379 565 1440 652">
     <span class='ocr_line' id='line_1_9' title="bbox 379 565 1440 609; baseline -0.006 -9"><span class='ocrx_word' id='word_1_55' title='bbox 379 568 504 600; x_wconf 85' lang='lat' dir='ltr'>habitus</span> <span class='ocrx_word' id='word_1_56' title='bbox 519 569 782 609; x_wconf 85' lang='lat' dir='ltr'>supernaturales.</span> <span class='ocrx_word' id='word_1_57' title='bbox 799 567 958 604; x_wconf 89' lang='lat' dir='ltr'>Secundo,</span> <span class='ocrx_word' id='word_1_58' title='bbox 971 566 1062 606; x_wconf 88' lang='lat' dir='ltr'>quasi</span> <span class='ocrx_word' id='word_1_59' title='bbox 1079 565 1281 605; x_wconf 85' lang='lat' dir='ltr'>congenitam</span> <span class='ocrx_word' id='word_1_60' title='bbox 1296 575 1314 594; x_wconf 77' lang='lat' dir='ltr'>a</span> <span class='ocrx_word' id='word_1_61' title='bbox 1332 565 1440 595; x_wconf 87' lang='lat' dir='ltr'>datore</span> 
     </span>
     <span class='ocr_line' id='line_1_10' title="bbox 379 610 1437 652; baseline -0.005 -9"><span class='ocrx_word' id='word_1_62' title='bbox 379 619 518 650; x_wconf 86' lang='lat' dir='ltr'>naturae,</span> <span class='ocrx_word' id='word_1_63' title='bbox 543 613 623 644; x_wconf 92' lang='lat' dir='ltr'>sicut</span> <span class='ocrx_word' id='word_1_64' title='bbox 645 612 751 652; x_wconf 87' lang='lat' dir='ltr'>gravia</span> <span class='ocrx_word' id='word_1_65' title='bbox 774 618 804 642; x_wconf 90' lang='lat' dir='ltr'>et</span> <span class='ocrx_word' id='word_1_66' title='bbox 827 610 907 641; x_wconf 88' lang='lat' dir='ltr'>levia</span> <span class='ocrx_word' id='word_1_67' title='bbox 929 610 1047 640; x_wconf 88' lang='lat' dir='ltr'>habent</span> <span class='ocrx_word' id='word_1_68' title='bbox 1070 615 1198 639; x_wconf 90' lang='lat' dir='ltr'>motum</span> <span class='ocrx_word' id='word_1_69' title='bbox 1221 619 1239 638; x_wconf 89' lang='lat' dir='ltr'>a</span> <span class='ocrx_word' id='word_1_70' title='bbox 1254 615 1437 648; x_wconf 87' lang='lat' dir='ltr'>generante:</span> 
     </span>
    </p>
   </div>
   <div class='ocr_carea' id='block_1_4' title="bbox 380 652 1438 694">
    <p class='ocr_par' dir='ltr' id='par_1_5' title="bbox 380 652 1438 694">
     <span class='ocr_line' id='line_1_11' title="bbox 380 652 1438 694; baseline -0.006 -7"><span class='ocrx_word' id='word_1_71' title='bbox 380 663 411 686; x_wconf 93' lang='lat' dir='ltr'>et</span> <span class='ocrx_word' id='word_1_72' title='bbox 432 657 494 687; x_wconf 90' lang='lat' dir='ltr'>hoc</span> <span class='ocrx_word' id='word_1_73' title='bbox 517 657 616 690; x_wconf 85' lang='lat' dir='ltr'>modo</span> <span class='ocrx_word' id='word_1_74' title='bbox 640 666 765 687; x_wconf 87' lang='lat' dir='ltr'>necesse</span> <span class='ocrx_word' id='word_1_75' title='bbox 789 661 835 685; x_wconf 88' lang='lat' dir='ltr'>est</span> <span class='ocrx_word' id='word_1_76' title='bbox 857 663 975 694; x_wconf 88' lang='lat' dir='ltr'>ponere</span> <span class='ocrx_word' id='word_1_77' title='bbox 999 653 1032 683; x_wconf 87' lang='lat' dir='ltr'>in</span> <span class='ocrx_word' id='word_1_78' title='bbox 1056 652 1169 692; x_wconf 87' lang='lat' dir='ltr'>angelo</span> <span class='ocrx_word' id='word_1_79' title='bbox 1197 652 1323 683; x_wconf 87' lang='lat' dir='ltr'>habitus</span> <span class='ocrx_word' id='word_1_80' title='bbox 1348 659 1438 682; x_wconf 89' lang='lat' dir='ltr'>natu-</span> 
     </span>
    </p>
   </div>
   <div class='ocr_carea' id='block_1_5' title="bbox 1080 175 1828 229">
    <p class='ocr_par' dir='ltr' id='par_1_6' title="bbox 1080 175 1828 229">
     <span class='ocr_line' id='line_1_12' title="bbox 1080 175 1828 229; baseline -0.001 -10"><span class='ocrx_word' id='word_1_81' title='bbox 1080 182 1345 228; x_wconf 89' lang='lat' dir='ltr'>QUAESTIO</span> <span class='ocrx_word' id='word_1_82' title='bbox 1376 183 1424 229; x_wconf 86' lang='lat' dir='ltr'>L,</span> <span class='ocrx_word' id='word_1_83' title='bbox 1453 175 1750 219; x_wconf 85' lang='lat' dir='ltr'>ARTICULUS</span> <span class='ocrx_word' id='word_1_84' title='bbox 1778 182 1828 218; x_wconf 93' lang='lat' dir='ltr'>VI</span> 
     </span>
    </p>
   </div>
   <div class='ocr_carea' id='block_1_6' title="bbox 1495 259 2554 693">
    <p class='ocr_par' dir='ltr' id='par_1_7' title="bbox 1495 259 2554 693">
     <span class='ocr_line' id='line_1_13' title="bbox 1500 259 2553 300; baseline 0.001 -11"><span class='ocrx_word' id='word_1_85' title='bbox 1500 269 1578 298; x_wconf 89' lang='lat' dir='ltr'>pore</span> <span class='ocrx_word' id='word_1_86' title='bbox 1601 259 1723 290; x_wconf 86' lang='lat' dir='ltr'>articuli</span> <span class='ocrx_word' id='word_1_87' title='bbox 1746 268 1812 289; x_wconf 92' lang='lat' dir='ltr'>non</span> <span class='ocrx_word' id='word_1_88' title='bbox 1839 259 1947 290; x_wconf 88' lang='lat' dir='ltr'>solum</span> <span class='ocrx_word' id='word_1_89' title='bbox 1969 267 2112 300; x_wconf 85' lang='lat' dir='ltr'>respectu</span> <span class='ocrx_word' id='word_1_90' title='bbox 2136 260 2274 292; x_wconf 83' lang='lat' dir='ltr'>aliorum</span> <span class='ocrx_word' id='word_1_91' title='bbox 2297 260 2553 300; x_wconf 85' lang='lat' dir='ltr'>intelligibilium,</span> 
     </span>
     <span class='ocr_line' id='line_1_14' title="bbox 1501 302 2554 345; baseline 0.002 -13"><span class='ocrx_word' id='word_1_92' title='bbox 1501 303 1556 333; x_wconf 93' lang='lat' dir='ltr'>sed</span> <span class='ocrx_word' id='word_1_93' title='bbox 1579 303 1674 334; x_wconf 86' lang='lat' dir='ltr'>etiam</span> <span class='ocrx_word' id='word_1_94' title='bbox 1689 309 1832 343; x_wconf 86' lang='lat' dir='ltr'>respectu</span> <span class='ocrx_word' id='word_1_95' title='bbox 1846 302 1915 339; x_wconf 85' lang='lat' dir='ltr'>Dei,</span> <span class='ocrx_word' id='word_1_96' title='bbox 1939 304 2150 335; x_wconf 80' lang='lat' dir='ltr'>necessarium</span> <span class='ocrx_word' id='word_1_97' title='bbox 2173 305 2265 345; x_wconf 87' lang='lat' dir='ltr'>ponit</span> <span class='ocrx_word' id='word_1_98' title='bbox 2287 305 2433 336; x_wconf 82' lang='lat' dir='ltr'>habitum</span> <span class='ocrx_word' id='word_1_99' title='bbox 2452 305 2486 335; x_wconf 89' lang='lat' dir='ltr'>in</span> <span class='ocrx_word' id='word_1_100' title='bbox 2501 314 2554 335; x_wconf 84' lang='lat' dir='ltr'>an-</span> 
     </span>
     <span class='ocr_line' id='line_1_15' title="bbox 1498 345 2553 389; baseline 0.002 -13"><span class='ocrx_word' id='word_1_101' title='bbox 1498 346 1590 386; x_wconf 87' lang='lat' dir='ltr'>gelis;</span> <span class='ocrx_word' id='word_1_102' title='bbox 1607 345 1771 377; x_wconf 84' lang='lat' dir='ltr'>manifeste</span> <span class='ocrx_word' id='word_1_103' title='bbox 1788 347 1886 386; x_wconf 81' lang='lat' dir='ltr'>aperit</span> <span class='ocrx_word' id='word_1_104' title='bbox 1902 347 2073 379; x_wconf 81' lang='lat' dir='ltr'>exercitatis</span> <span class='ocrx_word' id='word_1_105' title='bbox 2087 348 2120 379; x_wconf 86' lang='lat' dir='ltr'>in</span> <span class='ocrx_word' id='word_1_106' title='bbox 2136 348 2278 380; x_wconf 85' lang='lat' dir='ltr'>doctrina</span> <span class='ocrx_word' id='word_1_107' title='bbox 2290 349 2448 385; x_wconf 89' lang='lat' dir='ltr'>Auctoris,</span> <span class='ocrx_word' id='word_1_108' title='bbox 2465 348 2553 389; x_wconf 90' lang='lat' dir='ltr'>quod</span> 
     </span>
     <span class='ocr_line' id='line_1_16' title="bbox 1499 389 2553 434; baseline 0 -14"><span class='ocrx_word' id='word_1_109' title='bbox 1499 390 1712 421; x_wconf 88' lang='lat' dir='ltr'>communiter</span> <span class='ocrx_word' id='word_1_110' title='bbox 1739 397 1804 420; x_wconf 89' lang='lat' dir='ltr'>tam</span> <span class='ocrx_word' id='word_1_111' title='bbox 1828 390 1866 420; x_wconf 89' lang='lat' dir='ltr'>de</span> <span class='ocrx_word' id='word_1_112' title='bbox 1894 389 2002 422; x_wconf 85' lang='lat' dir='ltr'>habitu</span> <span class='ocrx_word' id='word_1_113' title='bbox 2030 392 2164 422; x_wconf 83' lang='lat' dir='ltr'>naturali</span> <span class='ocrx_word' id='word_1_114' title='bbox 2196 402 2295 434; x_wconf 85' lang='lat' dir='ltr'>quam</span> <span class='ocrx_word' id='word_1_115' title='bbox 2325 391 2553 433; x_wconf 79' lang='lat' dir='ltr'>supernaturali</span> 
     </span>
     <span class='ocr_line' id='line_1_17' title="bbox 1497 433 2553 476; baseline 0.003 -13"><span class='ocrx_word' id='word_1_116' title='bbox 1497 433 1654 474; x_wconf 88' lang='lat' dir='ltr'>loquitur:</span> <span class='ocrx_word' id='word_1_117' title='bbox 1674 433 1827 474; x_wconf 85' lang='lat' dir='ltr'>quoniam</span> <span class='ocrx_word' id='word_1_118' title='bbox 1844 440 1966 465; x_wconf 84' lang='lat' dir='ltr'>constat</span> <span class='ocrx_word' id='word_1_119' title='bbox 1981 435 2067 475; x_wconf 81' lang='lat' dir='ltr'>apud</span> <span class='ocrx_word' id='word_1_120' title='bbox 2084 435 2192 476; x_wconf 82' lang='lat' dir='ltr'>ipsum</span> <span class='ocrx_word' id='word_1_121' title='bbox 2205 436 2342 476; x_wconf 75' lang='lat' dir='ltr'>angelos</span> <span class='ocrx_word' id='word_1_122' title='bbox 2357 445 2414 476; x_wconf 90' lang='lat' dir='ltr'>per</span> <span class='ocrx_word' id='word_1_123' title='bbox 2427 435 2553 466; x_wconf 89' lang='lat' dir='ltr'>nullum</span> 
     </span>
     <span class='ocr_line' id='line_1_18' title="bbox 1497 477 2554 520; baseline 0.003 -13"><span class='ocrx_word' id='word_1_124' title='bbox 1497 477 1642 508; x_wconf 87' lang='lat' dir='ltr'>habitum</span> <span class='ocrx_word' id='word_1_125' title='bbox 1665 477 1836 516; x_wconf 88' lang='lat' dir='ltr'>intelligere</span> <span class='ocrx_word' id='word_1_126' title='bbox 1858 477 1964 508; x_wconf 88' lang='lat' dir='ltr'>Deum</span> <span class='ocrx_word' id='word_1_127' title='bbox 1986 479 2176 516; x_wconf 80' lang='lat' dir='ltr'>naturaliter,</span> <span class='ocrx_word' id='word_1_128' title='bbox 2201 481 2255 510; x_wconf 91' lang='lat' dir='ltr'>sed</span> <span class='ocrx_word' id='word_1_129' title='bbox 2270 480 2397 520; x_wconf 85' lang='lat' dir='ltr'>propria</span> <span class='ocrx_word' id='word_1_130' title='bbox 2413 480 2554 510; x_wconf 77' lang='lat' dir='ltr'>substan-</span> 
     </span>
     <span class='ocr_line' id='line_1_19' title="bbox 1497 517 2554 564; baseline 0.003 -14"><span class='ocrx_word' id='word_1_131' title='bbox 1497 520 1540 551; x_wconf 87' lang='lat' dir='ltr'>tia</span> <span class='ocrx_word' id='word_1_132' title='bbox 1563 521 1610 551; x_wconf 92' lang='lat' dir='ltr'>uti</span> <span class='ocrx_word' id='word_1_133' title='bbox 1639 527 1676 551; x_wconf 94' lang='lat' dir='ltr'>ut</span> <span class='ocrx_word' id='word_1_134' title='bbox 1697 520 1799 560; x_wconf 84' lang='lat' dir='ltr'>specie</span> <span class='ocrx_word' id='word_1_135' title='bbox 1826 521 2012 562; x_wconf 79' lang='lat' dir='ltr'>intelligibili</span> <span class='ocrx_word' id='word_1_136' title='bbox 2039 523 2080 553; x_wconf 73' lang='lat' dir='ltr'>ad</span> <span class='ocrx_word' id='word_1_137' title='bbox 2101 522 2342 564; x_wconf 85' lang='lat' dir='ltr'>intelligendum</span> <span class='ocrx_word' id='word_1_138' title='bbox 2369 517 2511 559; x_wconf 51' lang='lat' dir='ltr'>Deum?</span> <span class='ocrx_word' id='word_1_139' title='bbox 2518 529 2554 553; x_wconf 92' lang='lat' dir='ltr'>ut</span> 
     </span>
     <span class='ocr_line' id='line_1_20' title="bbox 1496 564 2554 607; baseline 0.002 -13"><span class='ocrx_word' id='word_1_140' title='bbox 1496 564 1530 594; x_wconf 90' lang='lat' dir='ltr'>in</span> <span class='ocrx_word' id='word_1_141' title='bbox 1546 565 1558 594; x_wconf 87' lang='lat'>1</span> <span class='ocrx_word' id='word_1_142' title='bbox 1574 564 1655 595; x_wconf 90' lang='lat' dir='ltr'>libro</span> <span class='ocrx_word' id='word_1_143' title='bbox 1667 564 1685 583; x_wconf 91' lang='lat'>*</span> <span class='ocrx_word' id='word_1_144' title='bbox 1700 564 1814 604; x_wconf 88' lang='lat' dir='ltr'>patuit;</span> <span class='ocrx_word' id='word_1_145' title='bbox 1839 565 1894 595; x_wconf 88' lang='lat' dir='ltr'>sed</span> <span class='ocrx_word' id='word_1_146' title='bbox 1912 565 1952 595; x_wconf 77' lang='lat' dir='ltr'>ad</span> <span class='ocrx_word' id='word_1_147' title='bbox 1968 568 2239 606; x_wconf 79' lang='lat' dir='ltr'>supernaturalem</span> <span class='ocrx_word' id='word_1_148' title='bbox 2263 567 2489 607; x_wconf 85' lang='lat' dir='ltr'>cognitionem,</span> <span class='ocrx_word' id='word_1_149' title='bbox 2506 565 2554 596; x_wconf 82' lang='lat' dir='ltr'>di-</span> 
     </span>
     <span class='ocr_line' id='line_1_21' title="bbox 1495 608 2553 652; baseline 0.001 -14"><span class='ocrx_word' id='word_1_150' title='bbox 1495 608 1571 639; x_wconf 91' lang='lat' dir='ltr'>vino</span> <span class='ocrx_word' id='word_1_151' title='bbox 1594 608 1715 638; x_wconf 88' lang='lat' dir='ltr'>lumine</span> <span class='ocrx_word' id='word_1_152' title='bbox 1739 609 1964 648; x_wconf 86' lang='lat' dir='ltr'>supperaddito</span> <span class='ocrx_word' id='word_1_153' title='bbox 1989 617 2089 650; x_wconf 84' lang='lat' dir='ltr'>egent.</span> <span class='ocrx_word' id='word_1_154' title='bbox 2117 611 2158 642; x_wconf 89' lang='lat' dir='ltr'>Et</span> <span class='ocrx_word' id='word_1_155' title='bbox 2181 611 2224 642; x_wconf 89' lang='lat' dir='ltr'>sic</span> <span class='ocrx_word' id='word_1_156' title='bbox 2247 610 2414 652; x_wconf 86' lang='lat' dir='ltr'>responsio</span> <span class='ocrx_word' id='word_1_157' title='bbox 2442 610 2482 640; x_wconf 86' lang='lat' dir='ltr'>ad</span> <span class='ocrx_word' id='word_1_158' title='bbox 2505 619 2553 640; x_wconf 89' lang='lat' dir='ltr'>se—</span> 
     </span>
     <span class='ocr_line' id='line_1_22' title="bbox 1497 652 2553 693; baseline 0.002 -12"><span class='ocrx_word' id='word_1_159' title='bbox 1497 652 1639 682; x_wconf 90' lang='lat' dir='ltr'>cundum</span> <span class='ocrx_word' id='word_1_160' title='bbox 1655 652 1694 682; x_wconf 90' lang='lat' dir='ltr'>de</span> <span class='ocrx_word' id='word_1_161' title='bbox 1712 658 1849 693; x_wconf 89' lang='lat' dir='ltr'>utroque</span> <span class='ocrx_word' id='word_1_162' title='bbox 1872 653 2119 693; x_wconf 80' lang='lat' dir='ltr'>participationis</span> <span class='ocrx_word' id='word_1_163' title='bbox 2143 655 2242 685; x_wconf 93' lang='lat' dir='ltr'>modo</span> <span class='ocrx_word' id='word_1_164' title='bbox 2262 655 2300 686; x_wconf 86' lang='lat' dir='ltr'>ab</span> <span class='ocrx_word' id='word_1_165' title='bbox 2324 661 2480 690; x_wconf 83' lang='lat' dir='ltr'>extraneo,</span> <span class='ocrx_word' id='word_1_166' title='bbox 2505 653 2553 683; x_wconf 86' lang='lat' dir='ltr'>in—</span> 
     </span>
    </p>
   </div>
   <div class='ocr_carea' id='block_1_7' title="bbox 378 682 1730 741">
    <p class='ocr_par' dir='ltr' id='par_1_8' title="bbox 378 682 1730 741">
     <span class='ocr_line' id='line_1_23' title="bbox 378 682 1730 741; baseline -0.002 -12"><span class='ocrx_word' id='word_1_167' title='bbox 378 699 456 731; x_wconf 87' lang='lat' dir='ltr'>rales</span> <span class='ocrx_word' id='word_1_168' title='bbox 479 701 654 741; x_wconf 87' lang='lat' dir='ltr'>specierum</span> <span class='ocrx_word' id='word_1_169' title='bbox 678 698 932 739; x_wconf 84' lang='lat' dir='ltr'>intelligibilium.</span> <span class='ocrx_word' id='word_1_170' title='bbox 957 696 1074 727; x_wconf 85' lang='lat' dir='ltr'>Littera</span> <span class='ocrx_word' id='word_1_171' title='bbox 1099 706 1188 737; x_wconf 88' lang='lat' dir='ltr'>ergo,</span> <span class='ocrx_word' id='word_1_172' title='bbox 1214 696 1289 737; x_wconf 88' lang='lat' dir='ltr'>quia</span> <span class='ocrx_word' id='word_1_173' title='bbox 1312 696 1345 726; x_wconf 90' lang='lat' dir='ltr'>in</span> <span class='ocrx_word' id='word_1_174' title='bbox 1370 706 1439 726; x_wconf 92' lang='lat' dir='ltr'>cor·</span> <span class='ocrx_word' id='word_1_175' title='bbox 1465 682 1469 735; x_wconf 72' lang='grc' dir='ltr'>Ι</span> <span class='ocrx_word' id='word_1_176' title='bbox 1496 695 1593 735; x_wconf 89' lang='lat' dir='ltr'>telligi</span> <span class='ocrx_word' id='word_1_177' title='bbox 1617 702 1730 736; x_wconf 87' lang='lat' dir='ltr'>potest.</span> 
     </span>
    </p>
   </div>
   <div class='ocr_carea' id='block_1_8' title="bbox 1130 1754 1794 2262">
    <p class='ocr_par' dir='ltr' id='par_1_9' title="bbox 1130 1754 1794 2262">
     <span class='ocr_line' id='line_1_24' title="bbox 1130 1754 1794 2262; baseline 0 1890"><span class='ocrx_word' id='word_1_178' title='bbox 1130 1754 1794 2262; x_wconf 95' lang='lat' dir='ltr'> </span> 
     </span>
    </p>
   </div>
   <div class='ocr_carea' id='block_1_9' title="bbox 2583 569 2791 599">
    <p class='ocr_par' dir='ltr' id='par_1_10' title="bbox 2583 569 2791 599">
     <span class='ocr_line' id='line_1_25' title="bbox 2583 569 2791 599; baseline 0.005 -8"><span class='ocrx_word' id='word_1_179' title='bbox 2583 570 2593 579; x_wconf 85' lang='lat'>&#39;</span> <span class='ocrx_word' id='word_1_180' title='bbox 2604 569 2651 597; x_wconf 87' lang='lat' dir='ltr'>Qu.</span> <span class='ocrx_word' id='word_1_181' title='bbox 2661 575 2708 597; x_wconf 77' lang='lat' dir='ltr'>un,</span> <span class='ocrx_word' id='word_1_182' title='bbox 2719 573 2759 592; x_wconf 79' lang='lat' dir='ltr'>art.</span> <span class='ocrx_word' id='word_1_183' title='bbox 2770 576 2791 599; x_wconf 83' lang='lat'>3.</span> 
     </span>
    </p>
   </div>
  </div>
 </body>
</html>
