2846 4146
122 491 132 500 ·
148 489 195 517 Qu.
210 495 232 516 1,
249 492 291 510 nrt.
311 494 332 514 ι,

122 516 255 538 commem.
267 520 332 536 num.

122 548 156 564 ut.

125 2521 138 2534 ⁸
150 2521 218 2544 Ven-
231 2526 260 2550 13.

132 3315 224 3338 'Ven-
239 3322 262 3345 9.

1031 257 1295 302 QUAESTIO
1325 258 1445 303 LXII,
1473 255 1766 292 ARTICULUS
1795 254 1845 290 ΙΙΙ

2439 247 2515 294 403

1031 361 1358 394 Commentaria
1381 359 1628 392 Garamans
1650 357 1847 390 Caietam

363 447 411 511 In
439 438 571 468 articulo
600 439 739 468 secundo
770 439 910 469 eiusdem
937 441 1129 480 quaestionis
1157 440 1413 480 sexagesimaese-

393 482 523 518 eundae,
541 481 672 512 recolito
689 492 800 512 eorum
824 493 905 523 quae
928 484 959 514 in
977 484 1129 524 principio
1145 484 1267 514 Primae
1283 483 1381 513 Partis
1397 480 1412 498 *

361 525 443 556 dicta
466 532 540 556 sunt
562 526 600 555 de
624 525 742 566 duplici
762 526 870 557 ordine
891 527 1149 567 cognoscibilium
1166 528 1204 558 de
1219 527 1299 557 Deo.
1316 527 1356 557 Et
1370 527 1414 556 vi-

361 569 448 600 debis
472 569 560 610 quod
583 569 663 599 ordo
687 579 798 600 eorum
821 580 902 611 quae
923 571 1042 602 ratione
1058 571 1190 602 naturali
1210 570 1414 610 comprehen-

361 613 494 649 duntur,
520 613 626 643 subest
649 612 752 643 ordini
781 623 893 644 eorum
920 625 1000 655 quae
1025 625 1118 655 supra
1146 615 1320 645 naturalem
1343 620 1416 644 sunt

361 657 534 687 rationem:
559 663 591 687 et
613 664 840 697 consequenter
862 659 948 688 Deus
971 658 1047 698 ipse,
1063 666 1099 689 ut
1119 658 1190 688 finis
1210 665 1255 688 est
1270 667 1417 697 superna-

360 700 520 736 turalium,
538 699 643 730 induit
656 701 810 731 rationem
826 701 929 732 ultimi
948 702 1083 732 totaliter
1097 701 1176 732 finis.
1197 702 1238 732 Et
1252 708 1417 742 propterea

361 744 394 775 in
416 743 517 774 littera
540 743 653 775 dicitur
675 745 763 785 quod
786 745 852 784 ipse
875 746 961 775 Deus
985 753 1031 776 est
1053 746 1183 776 ultimus
1207 754 1312 775 rerum
1333 743 1414 780 finis,

355 792 458 827 prout
480 793 608 818 nostrae
631 789 764 819 rationis
787 790 998 829 cognitionem
1022 789 1153 820 excedit.
1169 789 1304 829 Oportet
1322 787 1416 828 igitur

1465 444 1495 468 te
1519 437 1654 476 cogitare
1682 435 1771 477 quod
1801 442 1906 466 totum
1935 434 2117 464 universum
2145 443 2182 463 ex
2212 431 2404 462 naturalibus
2431 436 2462 460 et
2485 439 2521 460 ex

1467 480 1755 520 supernaturalibus
1774 488 1876 509 unum
1892 477 2055 518 quoddam
2071 477 2123 512 sit;
2140 483 2171 506 et
2191 475 2279 516 quod
2299 475 2386 505 Deus
2400 480 2436 504 ut
2450 472 2521 503 finis

1469 523 1668 559 naturalium,
1693 529 1739 553 est
1762 521 1892 563 quidem
1915 521 2046 552 ultimus
2069 519 2148 556 finis,
2173 529 2239 550 non
2262 517 2451 557 simpliciter,
2468 517 2522 546 sed

1469 575 1611 607 respectu
1639 566 1772 602 horum;
1797 572 1832 596 ut
1859 572 1965 596 autem
1989 570 2035 594 est
2056 563 2126 594 finis
2155 560 2455 602 supernaturalium,
2479 559 2523 590 sic

1470 618 1516 641 est
1539 610 1670 640 ultimus
1693 609 1830 640 totaliter
1852 608 1923 639 finis
1946 617 2060 638 rerum.
2084 607 2126 637 Et
2147 606 2191 636 sic
2215 612 2260 635 est
2283 604 2443 634 obiectum
2466 613 2522 633 no-

1470 661 1549 684 strae
1565 653 1783 683 beatitudinis:
1801 662 1882 693 quae
1901 653 1939 682 de
1956 649 2241 691 supernaturalium
2257 657 2390 678 numero
2407 653 2466 682 est;
2483 653 2522 682 et,

1471 697 1496 726 si
1519 707 1586 727 non
1608 697 1757 736 primum,
1778 703 1905 736 propter
1921 695 2073 726 unionem
2088 692 2286 734 personalem
2298 691 2331 722 in
2346 690 2461 726 Verbo,
2477 699 2523 719 se-

1440 751 1444 815 Ι
1471 741 1612 770 cundum
1635 747 1740 770 tamen
1762 739 1871 770 locum
1895 739 2034 770 obtinere
2056 737 2188 767 videtur.

1162 939 1477 981 ARTICULUS
1506 939 1732 981 TERTIUS
2047 994 2050 997 ῃ

489 1024 643 1054 UTRUM
666 1023 1004 1054 CONVENIENTER
1026 1023 1161 1059 F1DEs,
1186 1023 1283 1054 SPEs
1306 1023 1364 1053 ET
1388 1021 1572 1053 CARITAs
1594 1022 1832 1053 PONANTUR
1853 1022 2067 1053 VIRTUTES
2090 1019 2401 1052 THEotoochE

756 1092 787 1116 11·
806 1092 858 1123 11⁵⁸,

877 1099 922 1124 qu.
940 1099 1000 1121 xvix,
1020 1096 1066 1116 art.
1085 1089 1115 1121 6;
1135 1091 1165 1115 111
1185 1091 1268 1120 Sent..
1289 1091 1345 1116 dist.
1364 1098 1433 1121 xxm,
1452 1099 1496 1123 qu.
1516 1099 1533 1121 1,
1553 1096 1599 1117 art.
1616 1090 1644 1120 5;
1664 1091 1724 1116 dist.
1742 1097 1807 1121 xxvi,
1827 1098 1871 1123 qu.
1890 1097 1917 1121 u,
1937 1095 1982 1115 art.
2004 1090 2027 1120 3,
2046 1091 2092 1122 qu·
2111 1097 2134 1120 1;

993 1127 1035 1151 De
1056 1126 1162 1155 Vir-tut„
1182 1134 1226 1158 qu.
1244 1134 1262 1156 1,
1281 1131 1327 1151 art.
1351 1133 1390 1156 ιο,
1413 1133 1457 1156 12;
1476 1126 1486 1150 l
1507 1127 1576 1154 Cor„
1596 1133 1652 1158 cap.
1670 1133 1723 1157 xm,
1743 1126 1801 1150 lect.
1819 1132 1846 1155 11,
1865 1132 1900 1150 rv-

391 1227 456 1264 ,5432
482 1229 549 1269 μᾷ(
573 1220 596 1244 n
615 1218 775 1244 TERTmM
794 1218 847 1243 sm
871 1217 1109 1243 PROCEDITUR.
1137 1205 1296 1242 Videtur
1314 1204 1418 1253 quod

404 1259 433 1312 ’ῃ
494 1259 883 1318 inconvenienter
917 1265 1110 1306 ponantur
1148 1265 1223 1294 tres
1262 1257 1418 1293 virtutes

379 1314 499 1357 ’,[’ρη
521 1316 542 1350 (1
573 1311 820 1358 theologicae,
848 1310 957 1356 fides,
987 1322 1073 1358 spes
1102 1317 1139 1346 et
1164 1309 1307 1346 caritas.
1336 1308 1420 1345 Vir-

387 1359 393 1364 *
419 1358 515 1391 &⁴¹¹5
530 1355 670 1412 ¹tutes
698 1362 801 1399 enim
829 1361 1063 1409 theologicae
1082 1374 1122 1397 se
1141 1361 1283 1397 habent
1302 1361 1341 1397 in
1360 1372 1418 1396 or-

361 1414 520 1453 amaad
538 1414 811 1451 beatitudinem
831 1413 1011 1458 divinam,
1033 1413 1127 1449 sicut
1145 1413 1335 1448 inclinatio
1355 1424 1419 1448 na-

362 1474 468 1503 turae
497 1467 546 1502 ad
572 1467 691 1503 finem
720 1466 1016 1502 connaturalem.
1048 1465 1125 1501 Sed
1151 1465 1245 1500 inter
1262 1464 1420 1500 virtutes

363 1518 554 1555 ordinatas
569 1519 617 1556 ad
632 1519 751 1556 finem
772 1518 1068 1563 connaturalem,
1084 1516 1238 1564 ponitur
1249 1528 1327 1552 una
1341 1517 1421 1552 sola

361 1570 480 1608 virtus
509 1571 700 1618 naturalis,
731 1570 870 1607 scilicet
897 1569 1103 1607 intellectus
1131 1568 1418 1618 principiorum.

363 1623 466 1672 Ergo
495 1623 610 1661 debet
635 1623 728 1672 poni
755 1635 832 1660 una
860 1623 941 1659 sola
967 1621 1086 1659 virtus
1114 1620 1336 1668 theologica.

367 1714 369 1716 ,
419 1677 716 1723 2.,ΡΕΑΕἹῈΒΕΑ,
741 1675 974 1723 theologicae
1001 1674 1158 1711 virtutes
1187 1681 1273 1710 sunt
1299 1673 1422 1722 perfe-

365 1729 500 1766 ctiores
513 1729 712 1766 virtutibus
729 1727 1038 1765 intellectualibus
1053 1735 1089 1764 et
1103 1726 1322 1764 moralibus.
1344 1725 1420 1762 Sed

363 1781 460 1818 inter
486 1781 752 1818 intellectuales
770 1781 924 1818 virtutes
950 1780 1047 1817 fides
1066 1792 1144 1817 non
1162 1778 1332 1827 ponitur:
1354 1778 1421 1815 sed

365 1841 421 1871 est
448 1833 587 1883 aliquid
605 1834 732 1871 minus
750 1833 898 1880 virtute,
920 1845 1007 1870 cum
1027 1832 1074 1869 sit
1093 1831 1254 1880 cognitio
1284 1832 1421 1880 imper-

363 1886 460 1924 fecta
479 1891 508 1924 ².
539 1885 717 1924 Similiter
738 1886 851 1924 etiam
872 1885 967 1923 inter
985 1884 1141 1922 virtutes
1161 1885 1326 1922 morales
1343 1896 1422 1921 non

365 1939 518 1988 ponitur
545 1951 649 1988 spes:
679 1940 747 1976 sed
775 1946 831 1975 est
858 1938 1000 1987 aliquid
1018 1938 1145 1974 minus
1162 1937 1312 1983 virtute,
1334 1949 1421 1974 cum

364 1992 411 2029 sit
428 1991 567 2041 passio.
597 1993 700 2040 Ergo
720 1993 840 2028 multo
861 1991 987 2028 minus
1003 1990 1142 2027 debent
1159 1990 1252 2038 poni
1266 1990 1422 2027 virtutes

363 2045 612 2092 theologicae.

420 2098 453 2134 3.
471 2098 704 2143 PRAETEREA,
723 2096 880 2134 virtutes
899 2095 1133 2143 theologicae
1149 2094 1325 2132 ordinant
1343 2094 1423 2131 ani-

363 2154 480 2197 m'atn,
497 2149 663 2188 hominis
691 2149 740 2194 ad
759 2149 900 2186 Deum.
921 2148 998 2185 Sed
1026 2148 1074 2185 ad
1102 2149 1228 2185 Deum
1258 2160 1337 2184 non
1354 2160 1423 2196 po-

361 2209 434 2241 test
460 2203 589 2241 anima
615 2201 780 2240 hominis
801 2201 964 2239 ordinari
982 2200 1052 2238 nisi
1070 2213 1139 2249 per
1157 2200 1422 2237 intellectivam

361 2262 529 2304 partem,
559 2256 598 2292 in
625 2267 701 2304 qua
730 2263 784 2291 est
811 2254 1018 2291 intellectus
1047 2262 1082 2290 et
1109 2254 1296 2290 voluntas.
1322 2254 1423 2300 Ergo

362 2320 440 2345 non
468 2309 610 2345 debent
638 2320 720 2344 esse
748 2307 819 2344 nisi
849 2307 947 2344 duae
975 2306 1132 2343 virtutes
1160 2305 1394 2353 theologicae
1414 2335 1422 2351 ,

361 2364 440 2398 una
467 2372 566 2409 quae
600 2360 771 2409 perficiat
797 2359 1044 2405 intellectum,
1074 2358 1145 2396 alia
1182 2370 1279 2406 quae
1312 2358 1426 2407 perfi-

364 2413 434 2450 ciat
460 2414 708 2450 voluntatem.
876 2410 877 2413 ’

417 2467 491 2502 SED
526 2477 671 2503 CONTRA
703 2477 768 2502 EST
805 2464 908 2513 quod
943 2464 1151 2512 Apostolus
1189 2463 1294 2509 dicit,
1327 2464 1340 2499 I
1374 2463 1427 2499 ad

370 2519 456 2555 Cor.
477 2530 537 2555 xm
556 2519 591 2554 *z
620 2519 738 2555 Nunc
764 2523 888 2554 autem
917 2522 1071 2552 manent
1089 2516 1207 2563 fides,
1236 2527 1334 2563 spes,
1362 2527 1425 2551 ca-

365 2571 467 2616 ritas,
498 2571 569 2606 tria
597 2572 700 2606 haec.

419 2624 644 2659 RESPONDEO
664 2633 847 2658 DICENDUM
867 2620 984 2668 quod,
1003 2619 1098 2656 sicut
1116 2631 1230 2667 supra
1242 2619 1263 2641 '¹‘
1282 2619 1424 2656 dictum

367 2683 434 2722 est,
462 2675 621 2711 virtutes
649 2673 884 2721 theologicae
910 2673 985 2709 hoc
1013 2672 1132 2708 modo
1162 2672 1338 2708 ordinant
1356 2672 1424 2708 ho-

367 2727 511 2764 minem
532 2727 580 2764 ad
596 2726 865 2763 beatitudinem
887 2725 1222 2772 supernaturalem,
1244 2724 1339 2760 sicut
1357 2736 1425 2772 per

367 2781 577 2817 naturalem
597 2779 877 2816 inclinationem
898 2778 1093 2814 ordinatur
1109 2777 1229 2813 homo
1249 2777 1286 2813 in
1306 2777 1423 2813 finem

368 2832 438 2869 sibi
472 2832 768 2869 connaturalem.
804 2832 890 2867 Hoc
919 2837 1045 2866 autem
1080 2829 1260 2877 contingit
1292 2841 1424 2865 secun-

369 2887 461 2923 dum
491 2886 580 2922 duo.
614 2885 744 2920 Primo
779 2883 954 2931 quidem,
989 2882 1200 2918 secundum
1238 2881 1424 2918 rationem

367 2939 429 2975 vel
457 2938 707 2975 intellectum:
738 2936 962 2984 inquantum
991 2935 1157 2971 continet
1174 2934 1296 2983 prima
1324 2934 1426 2982 prin-

369 2991 466 3040 cipia
484 2989 712 3027 universalia
727 2988 875 3036 cognita
895 2987 1005 3024 nobis
1024 2999 1093 3035 per
1111 2987 1277 3023 naturale
1297 2987 1425 3023 lumen

368 3044 588 3089 intellectus,
620 3054 664 3078 ex
692 3041 830 3091 quibus
858 3039 1028 3089 procedit
1056 3039 1150 3075 ratio
1178 3047 1256 3075 tarn
1284 3039 1321 3075 in
1341 3050 1426 3087 spe—

369 3095 538 3133 culandis
558 3107 675 3144 quam
703 3095 742 3131 in
771 3093 936 3141 agendis.
968 3091 1158 3137 Secundo,
1182 3103 1252 3139 per
1279 3091 1426 3128 rectitu—

371 3149 499 3186 dinem
527 3147 732 3185 voluntatis
760 3145 975 3183 naturaliter
999 3143 1186 3181 tendentis
1214 3143 1251 3180 in
1280 3143 1426 3180 bonum

371 3201 536 3239 rationis.

425 3255 501 3291 Sed
529 3254 623 3290 haec
652 3253 729 3290 duo
759 3251 938 3289 deficiunt
965 3250 1013 3286 ab
1037 3248 1168 3286 ordine
1187 3247 1427 3285 beatitudinis

371 3306 680 3356 supernaturalis3
701 3304 912 3341 secundum
930 3302 1020 3339 illud
1040 3303 1053 3338 Ι
1069 3301 1121 3338 ad
1138 3301 1223 3337 Cor.
1240 3312 1263 3337 11
1277 3299 1313 3337 *z
1334 3300 1429 3337 Ocu-

371 3360 429 3397 lus
456 3372 530 3397 non
558 3359 659 3403 vidit,
689 3363 724 3394 et
749 3357 853 3394 auris
881 3367 955 3392 non
983 3354 1136 3399 audivit,
1165 3359 1200 3389 et
1223 3353 1260 3389 in
1280 3364 1347 3389 cor
1363 3353 1429 3389 ho-

371 3414 483 3450 minis
515 3424 588 3449 non
623 3411 802 3455 ascendit,
841 3420 937 3458 quae
963 3406 1210 3456 praeparavit
1239 3406 1343 3442 Deus
1376 3405 1428 3441 di-

1472 1205 1669 1254 ligentibus
1694 1216 1745 1241 se.
1779 1204 1890 1241 Unde
1928 1203 2092 1252 oportuit
2129 1204 2232 1251 quod
2266 1211 2450 1251 quantum
2478 1205 2526 1241 ad

1473 1265 1690 1304 utrumque,
1719 1256 1859 1305 aliquid
1886 1255 2032 1292 homini
2060 1256 2388 1304 supernaturaliter
2414 1257 2528 1294 adde-

1473 1316 1585 1356 retur,
1605 1309 1654 1346 ad
1679 1308 1932 1346 ordinandum
1960 1307 2086 1356 ipsum
2113 1308 2152 1344 in
2170 1308 2288 1344 finem
2308 1316 2527 1356 supernatu-

1473 1361 1603 1397 ralem.
1625 1361 1674 1397 Et
1691 1361 1816 1408 primo
1837 1360 2004 1408 quidem,
2021 1367 2205 1407 quantum
2220 1360 2267 1396 ad
2286 1360 2527 1408 intellectum,

1474 1412 1664 1448 adduntur
1697 1412 1844 1448 homini
1877 1412 2067 1460 quaedam
2099 1412 2281 1460 principia
2309 1420 2528 1461 supernatu-

1474 1464 1575 1509 ralia,
1597 1477 1695 1513 quae
1725 1464 1854 1500 divino
1874 1464 2016 1500 lumine
2037 1465 2255 1512 capiuntur:
2277 1472 2312 1501 et
2330 1465 2425 1502 haec
2444 1473 2530 1502 sunt

1475 1515 1676 1562 credibilia,
1707 1516 1753 1553 de
1783 1515 1920 1563 quibus
1949 1524 2004 1553 est
2031 1516 2137 1553 fides.
2163 1538 2186 1543 -
2213 1517 2390 1554 Secundo
2417 1529 2528 1564 vero,

1475 1568 1651 1605 voluntas
1666 1567 1680 1597 β
1696 1567 1890 1605 ordinatur
1909 1568 1947 1605 in
1965 1569 2070 1605 illum
2084 1569 2202 1605 finem
2223 1576 2260 1605 et
2278 1577 2461 1617 quantum
2481 1570 2542 1606 ad*

1475 1628 1623 1656 motum
1652 1620 1879 1666 intentionis,
1907 1620 1945 1656 in
1973 1621 2097 1668 ipsum
2126 1621 2343 1657 tendentem
2372 1621 2466 1658 sicut
2492 1622 2531 1658 in

1474 1672 1515 1709 id
1543 1674 1648 1721 quod
1677 1681 1732 1709 est
1758 1672 1937 1720 possibile
1967 1673 2160 1719 consequi,
2181 1673 2286 1720 quod
2305 1673 2465 1720 pertinet
2483 1674 2532 1710 ad

1476 1737 1603 1773 spem:
1634 1733 1670 1761 et
1697 1732 1882 1772 quantum
1911 1725 1959 1761 ad
1986 1724 2170 1761 unionem
2204 1725 2395 1773 quandam
2428 1725 2532 1773 spiri-

1476 1779 1629 1825 tualem,
1658 1790 1727 1826 per
1745 1789 1861 1826 quam
1881 1777 2170 1826 quodammodo
2190 1777 2477 1814 transformatur
2494 1778 2534 1814 in

1476 1830 1581 1867 illum
1618 1830 1755 1877 finem,
1794 1830 1899 1879 quod
1927 1830 1969 1866 fit
1996 1841 2065 1878 per
2097 1829 2301 1867 caritatem.
2334 1829 2534 1878 Appetitus

1477 1884 1579 1919 enim
1616 1882 1912 1930 uniuscuiusque
1950 1882 2003 1919 rei
2038 1882 2252 1919 naturaliter
2288 1890 2466 1919 movetur
2498 1891 2535 1920 et

1476 1936 1595 1972 tendit
1621 1936 1660 1972 in
1687 1935 1805 1972 finem
1834 1934 1904 1971 sibi
1932 1935 2234 1971 connaturalem:
2256 1942 2292 1971 et
2320 1935 2388 1972 iste
2406 1943 2534 1972 motus

1476 1989 1653 2037 provenit
1686 1999 1730 2024 ex
1762 1987 1929 2036 quadam
1965 1987 2226 2024 conformitate
2260 1987 2314 2024 rei
2345 1987 2393 2024 ad
2422 2000 2534 2025 suum

1476 2041 1607 2077 finem.

1530 2096 1588 2130 AD
1617 2105 1754 2130 ptumum
1786 2104 1884 2130 ERGO
1912 2103 2095 2130 DICENDUM
2115 2092 2219 2141 quod
2246 2092 2453 2129 intellectus
2481 2093 2534 2129 in-

1479 2147 1578 2194 diget
1597 2146 1795 2194 speciebus
1818 2144 2120 2192 intelligibilibus,
2140 2156 2208 2193 per
2227 2156 2322 2192 quas
2341 2145 2534 2193 intelligat:

1479 2207 1515 2235 et
1543 2199 1629 2236 ideo
1666 2205 1815 2247 oportet
1847 2198 1952 2246 quod
1979 2198 2018 2234 in
2047 2209 2091 2234 eo
2120 2205 2286 2245 ponatur
2312 2197 2444 2246 aliquis
2470 2199 2536 2235 ha-

1478 2252 1578 2288 bitus
1606 2250 1782 2287 naturalis
1817 2250 2079 2299 superadditus
2112 2250 2314 2298 potentiae.
2351 2250 2427 2287 Sed
2455 2250 2537 2299 ipsa

1478 2312 1612 2340 natura
1639 2301 1842 2340 voluntatis
1878 2302 2015 2339 sufficit
2049 2302 2096 2338 ad
2125 2303 2335 2339 naturalem
2363 2301 2537 2339 ordinem

1480 2357 1518 2393 in
1546 2356 1678 2402 finem,
1699 2356 1780 2392 sive
1800 2362 1984 2404 quantum
2004 2354 2053 2392 ad
2072 2355 2320 2392 intentionem
2338 2354 2436 2401 finis,
2456 2355 2537 2391 sive

1480 2416 1665 2458 quantum
1694 2409 1742 2445 ad
1768 2407 2068 2444 conformitatem
2089 2407 2137 2444 ad
2157 2407 2294 2455 ipsum.
2325 2407 2402 2444 Sed
2421 2407 2459 2444 in
2480 2420 2538 2443 or-

1481 2462 1567 2499 dine
1596 2462 1644 2498 ad
1674 2473 1718 2497 ea
1753 2473 1852 2508 quae
1886 2472 2000 2508 supra
2033 2467 2207 2496 naturam
2236 2467 2341 2506 sunt,
2371 2460 2419 2496 ad
2447 2460 2539 2496 nihil

1479 2515 1618 2551 horum
1648 2513 1785 2550 sufficit
1813 2520 1945 2549 natura
1972 2512 2174 2567 potentiae.
2204 2513 2253 2548 Et
2280 2512 2366 2548 ideo
2388 2519 2538 2560 oportet

1479 2567 1561 2603 fieri
1577 2564 1926 2614 superadditionem
1946 2564 2095 2600 habitus
2115 2564 2404 2612 supernaturalis
2420 2577 2538 2613 quan-

1478 2626 1559 2655 tum
1589 2618 1637 2654 ad
1665 2625 1882 2664 utrumque.

1531 2673 1591 2707 AD
1619 2681 1807 2707 SECUNDUM
1835 2680 2018 2705 DICENDUM
2046 2668 2152 2716 quod
2174 2668 2271 2705 fides
2300 2675 2336 2704 et
2363 2680 2448 2716 spes
2466 2668 2536 2704 im—

1478 2722 1751 2771 perfectionem
1778 2722 1972 2770 quandam
2001 2720 2226 2769 important:
2257 2720 2345 2768 quia
2364 2721 2461 2757 fides
2482 2727 2537 2756 est

1479 2776 1526 2812 de
1554 2775 1610 2812 his
1639 2787 1736 2824 quae
1768 2787 1847 2811 non
1874 2773 2066 2819 videntur,
2098 2781 2133 2809 et
2161 2785 2247 2821 spes
2277 2773 2323 2809 de
2351 2773 2409 2809 his
2437 2785 2535 2821 quae

1479 2840 1557 2876 non
1585 2828 1780 2864 habentur.
1813 2827 1925 2864 Unde
1963 2826 2103 2862 habere
2134 2825 2253 2862 fidem
2288 2833 2324 2861 et
2350 2836 2458 2873 spem
2488 2825 2535 2862 de

1478 2880 1536 2918 his
1564 2893 1662 2929 quae
1691 2879 1903 2916 subduntur
1930 2879 2120 2915 humanae
2148 2876 2340 2926 potestati,
2369 2876 2496 2914 deficit
2514 2889 2536 2914 a

1479 2933 1624 2970 ratione
1642 2932 1799 2969 virtutis.
1831 2931 1908 2968 Sed
1926 2931 2068 2967 habere
2091 2930 2208 2967 fidem
2229 2937 2264 2965 et
2283 2941 2391 2978 spem
2411 2929 2459 2966 de
2477 2929 2535 2966 his

1480 2998 1577 3035 quae
1597 2993 1684 3021 sunt
1710 2996 1824 3033 supra
1842 2984 2056 3020 facultatem
2076 2989 2231 3019 naturae
2251 2982 2452 3028 humanae,
2474 2993 2535 3017 ex-

1480 3038 1578 3075 cedit
1610 3048 1765 3079 omnem
1792 3036 1969 3072 virtutem
2006 3034 2152 3071 homini
2188 3034 2533 3083 proportionatam3

1480 3090 1691 3127 secundum
1721 3088 1812 3125 illud
1832 3089 1846 3124 1
1866 3088 1917 3124 ad
1939 3088 2024 3124 Cor.
2047 3099 2056 3124 1
2074 3087 2112 3124 *t
2147 3086 2256 3129 Quod
2273 3087 2464 3135 infimum
2484 3092 2537 3123 est
2562 3098 2571 3107 ·
2586 3096 2652 3119 ver·-
2666 3102 2699 3123 25-

1480 3143 1563 3187 Dei,
1588 3142 1725 3188 fortius
1753 3146 1806 3177 est
1830 3140 2052 3177 hominibus.

1533 3196 1592 3230 An
1619 3205 1778 3230 TERTmM
1806 3204 1988 3229 DiCENDUM
2016 3193 2120 3241 quod
2148 3192 2196 3229 ad
2220 3191 2426 3240 appetitum
2456 3191 2532 3228 duo

1481 3246 1683 3296 pertinent:
1714 3245 1852 3282 scilicet
1878 3252 2005 3282 motus
2033 3245 2071 3282 in
2097 3245 2235 3291 finem3
2257 3252 2292 3280 et
2320 3243 2532 3280 conforma—

1481 3300 1532 3337 tio
1562 3299 1611 3335 ad
1638 3299 1756 3335 finem
1784 3310 1853 3347 per
1880 3309 2066 3335 amorem.
2096 3298 2144 3334 Et
2173 3297 2224 3334 sic
2247 3303 2401 3351 pportet
2429 3295 2534 3344 quod

1482 3353 1519 3389 in
1548 3351 1713 3401 appetitu
1732 3351 1903 3388 humano
1924 3350 2022 3387 duae
2039 3349 2196 3387 virtutes
2213 3348 2447 3396 theologicae
2465 3361 2534 3397 po·

1484 3412 1628 3450 nantur,
1659 3403 1796 3440 scilicet
1824 3415 1910 3452 spes
1939 3410 1975 3440 et
2003 3403 2146 3439 caritas.

427 3519 453 3551 α)
473 3525 531 3543 cum
551 3517 586 3542 sit
604 3515 720 3549 cognitio
741 3514 905 3547 imperfecta.
918 3527 936 3532 -
955 3513 1016 3537 Om.
1035 3510 1282 3538 ABCDEFGHILas
1300 3517 1372 3534 cum.
1384 3528 1390 3534 .
1402 3527 1409 3534 .
1421 3527 1427 3533 .

373 3553 459 3578 minus
478 3553 575 3578 virtute
592 3559 646 3576 om.
666 3551 695 3575 Κ.

1536 3507 1560 3541 β)
1581 3509 1711 3534 voluntas.
1729 3522 1748 3527 —
1766 3511 1805 3533 est
1824 3509 1944 3533 voluntas
1964 3514 2030 3539 quae
2044 3507 2090 3532 Pa.
