2846 4146
101 435 111 444 '
125 433 192 455 Vers.
206 439 217 454 2
235 448 240 454 .

102 692 110 700 '¹
124 690 174 711 Art.
193 688 296 716 praeced.

99 1269 109 1279 ²
120 1268 167 1296 Qu.
177 1274 234 1295 uu,
245 1271 307 1290 arm.

94 3019 304 3042 ‘Videcommenn

96 3045 168 3068 ctiet.
174 3049 228 3074 post
237 3049 279 3067 nrt.
289 3051 306 3067 1.

963 238 1241 297 ‘QUAESTlO
1271 238 1444 284 LXVIII,
1478 238 1775 275 ARTICULUS
1806 239 1854 274 III

338 317 530 366 sapientia,
547 316 723 352 infimum
744 323 869 351 autem
889 316 1012 352 timor.
1034 317 1246 363 Utrumque
1266 323 1391 352 autem

336 371 474 406 horum
503 367 756 406 necessarium
786 376 840 404 est
863 369 911 405 ad
940 370 1120 405 salutem:
1149 368 1237 416 quia
1267 368 1312 405 de
1337 381 1394 404 53-

337 422 476 470 pientia
492 421 635 467 dicitur,
652 421 738 467 Sap.
750 432 798 456 vu
809 420 844 456 *z
859 421 1061 457 Neminem
1077 421 1198 470 diligit
1206 422 1310 456 Deus
1324 421 1395 457 nisi

338 485 423 511 eum
451 475 516 522 qui
551 485 636 510 cum
664 473 844 520 sapientia
878 474 1077 517 inhabitat,·
1106 481 1142 509 et
1178 473 1224 509 de
1258 473 1393 509 timore

339 527 483 572 dicitur,
502 525 618 562 Eccli.
639 537 649 561 1
668 524 703 560 ³¹²:
739 525 812 566 Qui
827 526 906 561 sine
929 526 1062 562 timore
1080 531 1142 570 est,
1169 537 1242 562 non
1257 526 1397 573 poterit

338 579 540 626 iustificari.
571 579 673 624 Ergo
703 577 814 613 etiam
845 577 916 614 alia
945 578 1045 614 dona
1073 578 1200 614 media
1225 585 1311 614 sunt
1329 590 1392 614 ne-

338 631 500 668 cessaria
527 630 576 667 ad
605 630 776 666 salutem.
1252 627 1254 630 ⁴

391 685 615 720 REsponmzo
644 694 828 719 mcENDUM
857 682 972 730 quod,
994 682 1088 718 sicut
1117 682 1260 718 dictum'
1288 690 1343 718 est
1361 682 1391 729 ²⁸,

338 737 439 773 dona
467 742 553 772 sunt
580 736 768 783 quaedam
789 734 952 771 hominis
967 735 1228 782 perfectiones,
1258 735 1394 782 quibus

336 791 456 826 homo
486 786 696 835 disponitur
723 787 771 824 ad
799 788 874 823 hoc
901 787 1005 834 quod
1026 788 1124 823 bene
1144 794 1322 835 sequatur
1341 787 1394 823 in-

338 842 514 878 stinctum
548 839 731 876 divinum.
766 839 876 876 Unde
910 839 948 875 in
981 839 1039 875 his
1077 839 1114 875 in
1148 840 1283 888 quibus
1316 852 1394 876 non

338 893 475 931 sufficit
502 892 696 929 instinctus
710 892 876 938 rationis,
897 891 964 928 sed
985 898 1040 927 est
1058 891 1291 928 necessarius
1312 892 1394 940 Spi-

337 946 428 983 ritus
458 945 584 982 Sancti
613 944 819 990 instinctus,
844 955 913 992 per
933 955 1170 992 consequens
1191 951 1246 980 est
1265 956 1394 981 neces-

338 998 476 1036 sarium
507 997 664 1034 donum.

390 1050 501 1087 Ratio
530 1057 658 1086 autem
686 1048 850 1086 hominis
879 1055 935 1084 est
961 1048 1125 1096 perfecta
1154 1048 1349 1097 dupliciter
1373 1062 1394 1085 a

337 1104 442 1140 Deo:
472 1103 596 1151 primo
623 1101 790 1150 quidem,
812 1101 968 1137 naturali
986 1101 1228 1149 perfectione,
1258 1101 1395 1138 scilicet

337 1157 549 1192 secundum
586 1155 716 1191 lumen
744 1154 912 1190 naturale
948 1153 1120 1199 rationis;
1150 1153 1223 1190 alio
1252 1154 1392 1201 modo,

337 1209 502 1257 quadam
549 1206 820 1255 supernaturali
852 1205 1100 1254 perfectione,
1134 1218 1202 1254 per
1237 1206 1393 1244 virtutes

336 1261 585 1308 theologicas,
614 1267 655 1295 ut
683 1259 826 1295 dictum
855 1266 911 1294 est
938 1270 1052 1306 supra
1078 1258 1109 1294 ²¹⁶.
1140 1259 1188 1294 Et
1216 1260 1393 1306 quamvis

336 1314 431 1350 haec
463 1311 631 1349 secunda
661 1310 842 1359 perfectio
871 1310 917 1346 sit
948 1310 1071 1347 maior
1102 1323 1217 1358 quam
1249 1311 1391 1359 prima,

336 1361 465 1402 tamen
487 1365 611 1413 prima
630 1361 646 1392 β
671 1362 884 1411 perfectiori
913 1362 1030 1399 modo
1059 1363 1220 1399 habetur
1248 1364 1295 1399 ab
1324 1364 1392 1400 ho-

336 1419 440 1461 mine
468 1424 584 1465 quarn
605 1415 792 1452 secunda:
821 1427 911 1450 nam
930 1414 1053 1462 prima
1078 1415 1239 1451 habetur
1258 1416 1305 1451 ab
1324 1417 1393 1452 ho-

336 1470 439 1508 mine
467 1468 573 1518 quasi
591 1468 704 1517 plena
722 1466 925 1516 possessio,
947 1467 1115 1503 secunda
1135 1475 1261 1503 autem
1277 1469 1393 1504 habe-

335 1530 396 1560 tur
414 1522 521 1570 quasi
540 1520 759 1569 imperfecta
778 1524 813 1565 γ;
843 1519 1060 1567 imperfecte
1081 1519 1182 1556 enirn
1205 1520 1392 1567 diligimus

337 1583 374 1612 et
411 1574 674 1622 cognoscimus
711 1573 850 1609 Deum.
887 1571 1133 1608 Manifestum
1172 1580 1227 1608 est
1262 1581 1390 1609 autem

336 1629 440 1677 quod
457 1625 761 1674 unumquodque
781 1626 886 1672 quod
901 1625 1064 1673 perfecte
1084 1625 1199 1661 habet
1217 1633 1391 1662 naturam

335 1682 397 1717 vel
425 1681 588 1717 formam
618 1679 785 1727 aliquam
814 1685 879 1714 aut
895 1677 1085 1724 virtutem,
1106 1685 1231 1726 potest
1254 1690 1325 1727 per
1352 1691 1391 1715 se

336 1733 546 1770 secundum
565 1732 667 1768 illam
696 1731 863 1779 operari:
884 1742 962 1766 non
985 1737 1113 1767 tamen
1134 1731 1283 1767 exclusa
1303 1743 1393 1780 ope-

336 1786 479 1823 ratione
508 1785 591 1831 Dei,
622 1784 686 1832 qui
713 1784 751 1820 in
780 1782 885 1820 omni
914 1791 1046 1819 natura
1071 1790 1107 1819 et
1124 1784 1318 1820 voluntate
1337 1784 1392 1820 in-

335 1838 449 1876 terius
469 1844 657 1886 operatur.
680 1837 756 1873 Sed
776 1836 813 1873 id
833 1836 938 1884 quod
957 1836 1175 1884 imperfecte
1195 1837 1309 1873 habet
1329 1849 1394 1873 na-

335 1899 460 1928 turam
494 1891 658 1938 aliquam
691 1889 752 1926 vel
793 1889 959 1925 formam
997 1896 1060 1925 aut
1086 1889 1284 1937 virtutem,
1315 1902 1392 1926 non

334 1951 461 1993 potest
487 1955 556 1992 per
588 1954 628 1979 se
656 1941 817 1990 operari,
846 1941 916 1978 nisi
949 1941 997 1977 ab
1033 1943 1149 1978 altero
1179 1950 1391 1980 moveatur.

336 1997 440 2034 Sicut
467 1996 535 2042 sol,
556 1995 643 2044 quia
663 2002 718 2031 est
736 1995 900 2043 perfecte
920 1994 1066 2031 lucidus
1085 1992 1109 2041 δ,
1139 2007 1207 2043 per
1226 1995 1392 2044 seipsum

333 2057 460 2098 potest
482 2048 713 2085 illuminare:
743 2048 831 2084 luna
859 2055 999 2092 autem,
1020 2047 1058 2084 in
1085 2060 1160 2095 qua
1181 2056 1235 2084 est
1253 2048 1393 2096 imper-

334 2103 430 2139 fecte
459 2109 591 2139 natura
619 2101 728 2147 lucis,
758 2112 837 2136 non
865 2099 1049 2136 illuminat
1077 2100 1147 2137 nisi
1175 2100 1390 2138 illuminata.

334 2155 509 2192 Medicus
538 2154 662 2200 etiam,
683 2153 748 2202 qui
775 2153 940 2201 perfecte
969 2153 1076 2189 novit
1099 2160 1216 2189 artem
1237 2154 1392 2191 medici-

333 2220 418 2256 nae,
447 2214 572 2256 potest
598 2219 668 2255 per
694 2217 735 2243 se
764 2206 932 2254 operari:
962 2205 1030 2242 sed
1059 2206 1261 2254 discipulus
1291 2207 1391 2253 eius,

333 2261 397 2310 qui
425 2260 599 2297 nondum
629 2266 684 2295 est
710 2260 822 2307 plene
849 2258 1061 2304 instructus,
1082 2271 1160 2295 non
1180 2267 1306 2307 potest
1323 2272 1394 2308 per

332 2326 373 2350 se
402 2312 563 2362 operari,
592 2311 663 2348 nisi
691 2312 739 2347 ab
768 2323 815 2347 eo
843 2310 1078 2347 instruatur.-

387 2366 451 2403 Sic
487 2364 597 2413 igitur
624 2371 807 2412 quantum
845 2364 894 2400 ad
923 2376 967 2399 ea
1005 2375 1103 2412 quae
1137 2364 1296 2400 subsunt
1323 2365 1393 2400 hu-

332 2431 469 2456 manae
497 2417 645 2464 13110111,
665 2416 705 2453 111
729 2416 863 2453 ordine
889 2415 1028 2452 scilicet
1047 2416 1095 2453 ad
1114 2416 1233 2452 finem
1255 2429 1394 2454 conna-

2423 252 2500 287 449

1448 316 1608 352 turalem
1624 316 1786 361 homini3
1803 317 1921 352 homo
1937 324 2062 364 potest
2076 317 2222 365 operari
2241 329 2308 365 per
2322 317 2500 354 iudicium

1449 369 1612 405 rationis.
1643 369 1682 405 Si
1710 376 1837 404 tamen
1868 369 1978 404 etiam
2006 369 2044 405 in
2072 370 2145 405 hoc
2164 370 2283 405 homo
2304 370 2503 406 adiuvetur

1449 434 1471 457 a
1499 423 1583 457 Deo
1612 433 1681 469 per
1708 421 1910 469 specialem
1940 421 2167 467 instinctum,
2193 423 2267 457 hoc
2287 422 2355 458 erit
2373 434 2500 470 super-

1449 474 1676 510 abundantis
1714 473 1908 510 bonitatis:
1947 474 2050 510 unde
2087 474 2297 510 secundum
2338 475 2502 522 philoso-

1449 527 1546 574 phos
1560 526 1590 572 ³¹⁶,
1608 539 1685 563 non
1705 526 1934 574 quicumque
1954 526 2144 562 1131101131ε
2164 526 2319 562 virtutes
2339 527 2502 562 morales

1450 632 1526 668 Sed
1555 632 1591 667 in
1616 631 1746 668 ordine
1767 631 1816 667 ad
1834 631 1953 668 finem
1973 631 2145 667 ultimum
2165 632 2501 679 supernaturalem,

1448 685 1497 720 ad
1525 696 1639 731 quem
1674 684 1767 720 ratio
1805 692 1938 720 movet
1973 684 2184 720 secundum
2214 683 2318 731 quod
2348 691 2403 719 est
2441 683 2503 719 ali-

1448 737 1606 785 qualiter
1634 744 1669 772 et
1696 736 1914 784 imperfecte
1942 737 2103 772 formata
2129 748 2198 784 per
2220 736 2375 772 virtutes
2399 736 2504 771 theo-

1447 789 1602 836 logicas;
1632 801 1710 825 non
1738 789 1876 825 sufficit
1902 788 1983 836 ipsa
2007 788 2126 825 motio
2154 788 2319 834 rationis,
2345 787 2415 824 nisi
2441 788 2503 824 de-

1449 853 1562 889 super
1594 841 1689 877 adsit
1722 841 1913 877 instinctus
1942 849 1977 877 et
2005 841 2123 877 motio
2158 841 2317 889 Spiritus
2355 840 2502 885 Sancti;

1450 894 1660 930 secundum
1680 894 1769 930 illud
1783 895 1895 930 Rom.
1917 893 2027 930 V111³¹‘:
2052 894 2126 935 Qui
2138 894 2274 941 Spiritu
2291 893 2366 931 Dei
2381 905 2502 942 agun-
2532 901 2539 909 ·
2579 906 2614 921 ers
2635 906 2642 921 1
2684 906 2691 921 ¹

1449 951 1520 992 tur,
1541 946 1581 982 hi
1586 946 1666 993 filii
1682 947 1757 982 Dei
1772 952 1875 990 sunt‚·
1898 952 1934 982 et
1948 946 1983 982 si
1994 946 2081 993 filii,
2103 951 2138 982 et
2155 945 2167 971 ζ
2186 946 2386 990 haeredes;
2407 953 2443 981 et
2466 945 2504 981 in

1449 999 1601 1034 Psalmo
1623 1010 1715 1034 extu
1730 998 1750 1020 ’¹‘
1766 998 1916 1034 dicitur:
1942 999 2099 1046 Spiritus
2118 1004 2202 1034 tuus
2221 999 2339 1034 bonus
2353 998 2506 1034 deducet
2531 1008 2541 1018 ⁶

1449 1063 1509 1087 me
1537 1052 1572 1087 in
1602 1056 1742 1087 terram
1770 1057 1931 1095 rectam3
1962 1051 2049 1098 quia
2077 1050 2215 1087 scilicet
2234 1050 2271 1087 in
2296 1050 2504 1087 haeredita-

1447 1111 1524 1139 tem
1543 1103 1638 1139 illius
1653 1110 1772 1139 terrae
1792 1103 1990 1139 beatorum
2007 1104 2130 1139 nullus
2149 1110 2273 1151 potest
2291 1103 2503 1150 pervenire,

1448 1155 1517 1192 nisi
1535 1163 1736 1192 moveatur
1755 1162 1792 1191 et
1810 1155 2018 1192 deducatur
2038 1161 2056 1182 η
2080 1168 2102 1192 3
2123 1155 2262 1204 Spiritu
2283 1156 2434 1191 Sancto.
2456 1156 2505 1191 Et

1447 1208 1534 1245 ideo
1563 1209 1610 1245 ad
1635 1208 1737 1244 illurn
1759 1208 1878 1244 finem
1900 1208 2226 1256 consequendum,
2248 1207 2504 1244 necessarium

1449 1268 1504 1297 est
1531 1261 1675 1297 homini
1701 1261 1842 1297 habere
1871 1260 2015 1296 donum
2047 1260 2205 1309 Spiritus
2235 1260 2373 1296 Sancti.

1500 1316 1559 1349 An
1587 1325 1723 1350 ramum
1743 1324 1840 1349 ERGO
1860 1325 2044 1350 DICENDUM
2064 1313 2170 1360 quod
2190 1314 2291 1349 dona
2319 1312 2506 1348 excedunt

1449 1377 1693 1402 communem
1715 1365 1989 1413 perfectionem
2008 1366 2202 1412 virtutum,
2222 1378 2300 1402 non
2320 1372 2504 1413 quantum

1446 1418 1495 1454 ad
1510 1430 1627 1465 genus
1643 1430 1815 1466 operum,
1834 1430 1879 1454 eo
1896 1418 2013 1455 modo
2030 1430 2106 1466 quo
2123 1418 2277 1454 consilia
2293 1417 2478 1453 excedunt
2492 1415 2504 1438 θ

1446 1478 1666 1518 praecepta:
1692 1470 1759 1506 sed
1779 1478 1962 1518 quantum
1982 1471 2031 1506 ad
2051 1471 2212 1507 modum
2233 1470 2427 1518 operandi,
2448 1481 2505 1505 se-

1448 1522 1616 1558 cundum
1641 1523 1745 1569 quod
1765 1530 1942 1558 movetur
1960 1524 2079 1559 homo
2100 1524 2148 1559 ab
2169 1523 2288 1559 altiori
2307 1522 2504 1570 principio.

1499 1576 1558 1610 AD
1579 1586 1768 1611 SECUNDUM
1796 1579 1979 1611 DICENDUM
1999 1576 2103 1623 quod
2126 1588 2195 1623 per
2216 1576 2373 1611 virtutes
2401 1575 2506 1611 theo-

1446 1627 1586 1674 logicas
1617 1634 1653 1663 et
1678 1627 1841 1663 morales
1860 1640 1939 1663 non
1962 1627 2012 1663 ita
2030 1628 2222 1676 perficitur
2240 1629 2358 1663 homo
2386 1627 2423 1663 in
2448 1639 2507 1662 or-

1447 1679 1535 1717 dine
1570 1679 1617 1716 ad
1651 1679 1825 1715 ultimum
1858 1680 1997 1725 finem,
2032 1680 2124 1727 quin
2156 1692 2309 1728 semper
2344 1679 2508 1726 indigeat

1447 1732 1596 1769 moveri
1616 1732 1786 1781 quodam
1811 1732 1996 1780 superiori
2010 1738 2017 1752 ²
2037 1733 2212 1769 instinctu
2234 1732 2392 1781 Spiritus
2414 1733 2507 1768 San-

1449 1785 1512 1831 cti,
1542 1785 1685 1821 ratione
1714 1784 1789 1821 iam
1809 1784 1829 1806 *
1857 1785 1966 1822 dicta.

1499 1839 1558 1874 An
1593 1849 1752 1874 TERTlUM
1785 1849 1968 1874 DICENDUM
2006 1838 2112 1885 quod
2145 1837 2281 1874 rationi
2313 1838 2506 1873 humanae

1447 1903 1525 1927 non
1554 1898 1640 1927 sunt
1668 1890 1796 1927 omnia
1825 1891 1984 1938 cognita,
2005 1903 2131 1938 neque
2151 1890 2281 1926 omnia
2299 1889 2506 1938 possibilia,

1447 1943 1527 1980 sive
1563 1943 1766 1991 accipiatur
1800 1951 1841 1979 ut
1868 1944 2033 1992 perfecta
2061 1943 2290 1992 perfectione
2324 1942 2504 1990 naturali,

1447 1996 1527 2033 sive
1557 1996 1762 2044 accipiatur
1789 2004 1830 2032 ut
1856 1996 2022 2044 perfecta
2049 1995 2269 2043 theologicis
2292 1995 2503 2032 virtutibus.

1447 2049 1558 2086 Unde
1595 2061 1674 2085 non
1708 2056 1832 2097 potest
1865 2056 2047 2096 quantum
2080 2049 2128 2085 ad
2161 2048 2290 2085 omnia
2324 2049 2505 2098 repellere

1447 2101 1661 2148 stultitiam,
1692 2109 1727 2138 et
1764 2101 1836 2138 alia
1867 2101 2106 2147 huiusmodi,
2142 2101 2189 2138 de
2218 2101 2355 2149 quibus
2383 2101 2435 2137 ibi
2463 2101 2506 2137 fit

1446 2155 1600 2191 mentio.
1631 2154 1708 2191 Sed
1736 2155 1841 2190 Deus
1865 2160 1899 2201 ²,
1930 2154 2034 2191 cuius
2062 2153 2238 2190 scientiae
2269 2161 2304 2190 et
2330 2154 2506 2201 potestati

1448 2207 1578 2244 omnia
1606 2208 1777 2253 subsunt,
1807 2219 1876 2243 sua
1904 2207 2074 2243 motione
2098 2207 2146 2243 ab
2167 2206 2273 2243 omni
2292 2206 2443 2243 stultitia
2471 2214 2507 2243 et

1446 2260 1656 2308 ignorantia
1685 2266 1720 2295 et
1746 2259 1976 2297 hebetudine
2005 2267 2041 2295 et
2060 2259 2195 2296 duritia
2224 2266 2260 2295 et
2288 2259 2419 2295 ceteris
2438 2260 2506 2295 hu-

1446 2312 1624 2359 iusmodi,
1654 2324 1725 2348 nos
1753 2319 1853 2348 tutos
1882 2312 2013 2349 reddit.
2039 2313 2088 2348 Et
2115 2311 2202 2348 ideo
2222 2311 2323 2348 dona
2349 2312 2507 2360 Spiritus

1449 2365 1588 2412 Sancti,
1605 2377 1702 2412 quae
1718 2364 1858 2401 faciunt
1872 2377 1943 2400 nos
1958 2365 2056 2400 bene
2072 2371 2271 2412 sequentes
2290 2364 2506 2400 instinctum

1447 2418 1576 2467 ipsius,
1607 2417 1782 2454 dicuntur
1811 2425 1942 2454 contra
1969 2417 2190 2453 huiusmodi
2219 2417 2385 2453 defectus
2415 2417 2505 2454 dari.

385 2530 412 2564 β)
429 2530 530 2562 prima.
542 2543 561 2548 -
575 2529 667 2561 prima
683 2528 812 2561 perfectio
831 2528 877 2552 Pa.

384 2567 411 2599 γ)
432 2565 594 2598 imperfecta.
609 2579 627 2582 -
645 2564 797 2596 imperfecte
815 2563 1042 2588 ABCDEFGHIL.

385 2600 409 2635 δ)
430 2600 543 2632 lucidus.
556 2613 574 2618 -
592 2599 708 2623 lucidum
727 2598 935 2622 ABCDGHIKL.

386 2636 408 2669 ε)
428 2635 548 2660 habebat.
562 2648 582 2653 -
599 2634 729 2659 habebant
747 2633 863 2663 codices;
883 2638 907 2656 et
926 2633 959 2656 ita
978 2640 1045 2658 mox.

385 2671 411 2705 ζ)
432 2670 455 2695 si
466 2670 528 2703 filii,
548 2673 581 2694 et.
595 2683 614 2687 —-
632 2669 693 2693 Om.
714 2669 760 2692 Pa.

1498 2528 1525 2561 η)
1546 2529 1703 2553 deducatur.
1714 2542 1734 2547 —
1751 2529 1868 2552 ducatur
1885 2528 2110 2560 ACDEGHILpB.

1499 2562 1523 2597 θ)
1543 2564 1685 2588 excedunt.
1700 2577 1719 2581 -
1734 2563 1900 2594 praecedunt
1920 2558 2118 2592 PABCDHIKa,
2137 2570 2190 2587 om.
2205 2563 2235 2586 L.

1502 2599 1519 2633 ι)
1540 2599 1680 2630 superiori.
1694 2613 1712 2617 —
1731 2599 1854 2623 interiori
1872 2598 1923 2623 EF.

1500 2634 1525 2667 κ)
1547 2634 1627 2658 Deus.
1641 2648 1658 2652 -
1679 2634 1721 2658 ille
1741 2634 1768 2658 Ρ.

1137 2822 1453 2864 ARTICULUS
1482 2823 1711 2864 TERTIUS

908 2914 1063 2944 UTRUM
1086 2913 1207 2950 DONA
1231 2914 1421 2945 sanutus
1445 2875 1599 2945 sAnCTI
1624 2915 1721 2945 stNT
1744 2914 1931 2945 HABITUS

364 3019 427 3057 3
455 3028 521 3063 ,ἔην
545 3014 568 3039 D
583 3013 743 3039 TERTIUM
759 3012 811 3037 stc
827 3007 1057 3037 PROCEDlTUR
1066 3000 1096 3037 ²¹².
1113 3000 1274 3037 Videtur
1288 3002 1394 3049 quod

387 3065 407 3105 ‘s
469 3052 648 3113 i'j'idona
677 3053 836 3102 Spiritus
865 3053 991 3089 Sancti
1019 3065 1097 3089 non
1126 3052 1198 3089 sint
1229 3053 1391 3090 habitus.

353 3109 356 3114 '
385 3106 474 3149 *v*
494 3109 517 3146 ’ἢ
547 3107 707 3144 Habitus
741 3106 844 3143 enim
880 3113 935 3142 est
971 3105 1130 3154 qualitas
1165 3105 1204 3142 in
1237 3105 1393 3143 homine

373 3134 491 3187 ss'ffr
506 3150 727 3196 Kmanens:
758 3166 814 3195 est
841 3158 941 3196 enim
967 3158 1127 3206 qualitas
1145 3158 1297 3206 difficile
1314 3171 1394 3195 mo-

243 3231 258 3246 n
299 3240 305 3247 .
333 3214 427 3259 bilis,
446 3221 489 3250 ut
507 3213 642 3250 dicitur
659 3212 698 3249 in
715 3211 1033 3248 Praedicamentis
1045 3211 1077 3247 *.
1099 3211 1176 3247 Sed
1195 3211 1392 3260 proprium

334 3267 472 3304 Christi
501 3273 556 3303 est
582 3265 688 3314 quod
717 3264 818 3301 dona
847 3263 1006 3312 Spiritus
1036 3263 1162 3300 Sancti
1190 3263 1228 3300 in
1258 3275 1303 3300 eo
1337 3276 1393 3300 re-

334 3320 545 3369 quiescant3
565 3326 606 3355 ut
625 3317 759 3355 dicitur
783 3316 900 3353 Isaiae
919 3329 955 3353 xi
973 3316 1005 3353 ²⁸.
1026 3317 1075 3352 Et
1094 3318 1198 3353 loan.
1215 3328 1225 3352 1
1244 3315 1284 3338 ἦ*
1304 3316 1393 3353 dici-

332 3379 409 3410 tur:
439 3373 560 3420 Super
587 3382 697 3419 quem
725 3370 863 3407 videris
890 3369 1068 3418 Spiritum
1101 3369 1392 3415 descendentem,

333 3431 370 3462 et
385 3430 597 3462 manentem
616 3435 730 3471 super
747 3435 846 3468 eum,
866 3423 926 3459 hic
940 3428 995 3459 est
1006 3422 1072 3470 qui
1088 3422 1268 3470 baptizat:
1288 3422 1393 3471 quod

203 3494 254 3515 ινι,
276 3494 305 3510 a·
335 3487 528 3526 exponens
548 3475 764 3524 Gregorius,
785 3475 823 3512 in
843 3476 874 3511 II
895 3475 1038 3512 Moral.
1058 3474 1090 3521 ³⁸,
1111 3474 1218 3512 dicit:
1238 3476 1284 3511 In
1305 3486 1394 3511 cun-

334 3531 399 3567 ctis
420 3530 598 3579 fidelibus
630 3529 788 3577 Spiritus
821 3529 979 3564 Sanctus
1010 3528 1131 3572 venit,·
1157 3527 1223 3564 sed
1249 3528 1285 3564 in
1313 3527 1392 3564 solo

475 3601 584 3626 Sumam
603 3599 704 3624 Timet..
723 3599 754 3623 D.
769 3598 882 3622 Tnomu
901 3597 934 3623 T.
952 3597 993 3622 111.

1446 3001 1661 3037 Mediatore
1699 3013 1847 3049 semper
1880 3001 2125 3050 singulariter
2155 3008 2363 3049 permanet.
2403 3003 2504 3049 Ergo

1447 3053 1548 3092 dona
1578 3053 1738 3102 Spiritus
1767 3054 1894 3090 Sancti
1923 3066 2001 3090 non
2030 3061 2116 3090 sunt
2143 3053 2304 3090 habitus.

1501 3118 1536 3142 2.
1570 3107 1802 3153 PRAETEREA,
1833 3107 1935 3143 dona
1963 3106 2122 3154 Spiritus
2152 3106 2278 3143 Sancti
2306 3106 2507 3154 perficiunt

1446 3158 1644 3195 hominem
1672 3160 1883 3196 secundum
1916 3159 2021 3206 quod
2054 3159 2172 3206 agitur
2200 3171 2222 3195 a
2251 3159 2389 3207 Spiritu
2411 3159 2503 3205 Dei,

1447 3211 1542 3248 sicut
1561 3211 1702 3247 dictum
1730 3218 1786 3247 est
1803 3211 1834 3248 ²⁸.
1865 3212 1942 3248 Sed
1960 3211 2186 3260 inquantum
2205 3212 2324 3248 homo
2345 3211 2465 3259 agitur
2483 3224 2505 3248 a
2533 3234 2542 3243 ·
2580 3239 2591 3254 r
2623 3239 2631 3254 1
2655 3239 2666 3254 2

1448 3263 1588 3312 Spiritu
1607 3263 1691 3311 Dei,
1712 3275 1752 3300 se
1770 3264 1886 3301 habet
1910 3264 2200 3313 quodammodo
2220 3272 2260 3300 ut
2279 3265 2504 3301 instrumen-

1447 3324 1528 3353 tum
1549 3324 1722 3365 respectu
1742 3317 1833 3353 eius.
1855 3317 1947 3354 Non
1966 3325 2094 3354 autem
2115 3317 2293 3354 convenit
2311 3324 2353 3353 ut
2370 3317 2504 3353 instru-

1447 3376 1621 3406 mentum
1650 3369 1867 3418 perficiatur
1893 3382 1962 3418 per
1988 3370 2174 3416 habitum,
2203 3370 2269 3406 sed
2297 3369 2503 3418 principale

1447 3434 1575 3511 l‹eg-gens.
1605 3422 1708 3470 Ergo
1737 3422 1839 3459 dona
1869 3423 2026 3471 Spiritus
2055 3422 2182 3459 Sancti
2210 3434 2287 3458 non
2320 3430 2406 3458 sunt
2437 3423 2503 3458 ha-

1474 3482 1557 3511 11115.

1502 3528 1536 3564 3.
1566 3528 1797 3575 PRAETEREA,
1828 3528 1921 3565 sicut
1951 3528 2051 3564 dona
2080 3527 2237 3576 Spiritus
2267 3527 2393 3563 Sancti
2418 3534 2503 3563 sunt

2328 3597 2360 3629 57

2531 530 2539 539 '
2549 529 2585 551 Cf.
2599 529 2697 550 Aristot.
2708 529 2740 550 E-

2531 555 2584 576 !hic.
2594 554 2687 581 1ib.V11,
2696 561 2716 576 c.
2723 561 2739 581 1,

1449 579 1659 628 acquisitas,
1680 579 1845 615 habebat
1862 579 2018 615 virtutes
2038 578 2208 615 heroicas
2222 579 2284 614 vel
2306 578 2462 615 divinas.
2478 600 2501 606 -
2529 581 2739 629 ¹¹5¹32g·3··S·T¹¹·

2534 1792 2545 1802 ⁶
2559 1793 2583 1813 In
2600 1797 2704 1820 corpore.
