2846 4146
0 2588 1 2591 Α
0 2531 26 2574 Ὶὲ,

96 651 307 699 ἐΡτἛῑίζέἔῗηέῗ

86 3500 295 3531 'Videam-adr.

1022 253 1287 299 QUAESTIO
1317 253 1419 301 LXI,
1449 252 1742 312 ARTICULUS
1773 253 1823 289 IV

332 330 424 366 Iure
441 340 486 364 ea
494 328 682 376 fortitudo
710 335 877 375 vocatur,
899 331 1047 377 quando
1068 331 1318 379 unusquisque
1334 343 1388 367 se-

333 382 454 429 ipsum
480 380 612 428 vincit,
643 381 752 417 nullis
779 381 958 419 illecebris
985 383 1171 420 emollitur
1197 389 1307 431 atque
1334 384 1388 420 in-

324 434 502 482 flectitur.
531 434 590 469 De
618 434 867 481 temperantia
897 435 1007 471 etiam
1034 435 1158 472 dicit*
1186 436 1290 484 quod
1310 448 1388 472 mo—

333 486 422 522 dum
449 485 510 522 vel
533 485 701 522 ordinem
719 492 845 522 servat
862 488 1029 524 omnium
1049 500 1146 536 quae
1163 488 1223 525 vel
1239 488 1388 537 agenda

333 538 393 574 vel
409 538 565 574 dicenda
584 538 825 574 arbitramur.
849 540 950 587 Ergo
970 540 1119 577 videtur
1137 540 1242 588 quod
1261 540 1388 578 huius-

334 590 440 627 modi
467 590 623 627 virtutes
650 602 728 626 non
757 599 842 628 sunt
867 593 914 628 ab
943 592 1106 630 invicem
1128 593 1332 630 distinctae.

389 644 422 680 3.
447 644 682 688 PRAETEREA,
711 643 966 692 Philosophus
995 645 1092 692 dicit,
1113 645 1151 682 in
1172 647 1202 681 11
1221 646 1339 683 Ethic.
1355 646 1386 691 ²¹⁶,

332 695 439 743 quod
458 695 508 733 ad
525 695 702 732 virtutem
720 696 815 732 haec
838 698 1096 745 requiruntur:
1120 699 1289 746 primum
1310 699 1388 747 qui-

331 749 429 794 dem,
446 748 480 784 si
504 748 623 784 sciens
631 760 651 791 ;,
672 748 813 793 deinde,
833 750 867 785 si
882 750 1034 799 eligens,
1054 756 1090 787 et
1105 751 1246 800 eligens
1266 756 1283 772 ²
1295 757 1387 799 pro—

324 806 412 848 pter
437 801 527 843 hoc,·
553 800 701 837 tertium
729 807 870 847 autem,
898 803 932 839 si
944 804 1064 850 firme
1091 808 1128 839 et
1152 803 1388 840 immobiliter

330 853 467 889 habeat
492 858 527 888 et
552 859 736 900 operetur.
771 853 848 890 Sed
875 855 1015 892 horum
1042 855 1211 903 primum
1238 855 1389 892 videtur

330 905 380 942 ad
407 904 648 953 prudentiam
668 906 866 954 pertinere,
887 918 985 954 quae
1007 914 1062 943 est
1080 915 1180 944 recta
1200 907 1292 944 ratio
1313 908 1387 955 agi-

330 956 482 1002 bilium;
513 958 736 1005 secundum,
757 959 895 996 scilicet
922 959 1068 1007 eligere,
1098 960 1147 996 ad
1175 968 1387 1008 temperan-

329 1009 433 1055 tiam,
463 1017 504 1046 ut
529 1010 662 1058 aliquis
681 1023 758 1047 non
780 1023 824 1048 ex
843 1011 1030 1060 passione,
1052 1013 1119 1049 sed
1140 1024 1184 1049 ex
1204 1013 1385 1050 electione

330 1069 426 1109 agat,
454 1062 696 1111 passionibus
725 1064 960 1109 refraenatis;
990 1065 1155 1112 tertium,
1184 1072 1226 1101 ut
1253 1065 1386 1114 aliquis

330 1122 486 1163 propter
522 1115 691 1152 debitum
728 1116 847 1153 finem
866 1131 870 1148 ›
886 1124 1062 1164 operetur
1076 1146 1085 1164 ,
1124 1118 1385 1155 rectitudinem

329 1167 524 1215 quandam
554 1168 730 1215 continet,
752 1181 851 1216 quae
870 1169 1020 1206 videtur
1038 1170 1088 1206 ad
1106 1170 1282 1207 iustitiam
1301 1183 1386 1219 per·

329 1220 464 1266 tinere;
495 1221 608 1268 aliud,
629 1221 767 1258 scilicet
794 1221 952 1258 firmitas
973 1230 1009 1258 et
1027 1222 1281 1269 immobilitas,
1302 1235 1385 1272 per-

328 1272 420 1309 tinet
448 1273 498 1310 ad
526 1273 794 1311 fortitudinem.
825 1274 926 1321 Ergo
950 1274 1139 1322 quaelibet
1157 1275 1292 1311 harum
1311 1275 1385 1311 vir-

327 1331 450 1363 tutum
479 1332 534 1362 est
560 1325 745 1372 generalis
764 1325 812 1362 ad
833 1338 968 1363 omnes
987 1326 1154 1363 virtutes.
1183 1328 1286 1374 Ergo
1307 1340 1385 1364 non

328 1377 608 1425 distinguuntur
635 1378 683 1414 ad
711 1377 890 1414 invicem.

332 1457 340 1462 .
355 1430 459 1467 .-San
475 1440 621 1466 coum
639 1441 705 1466 EST
723 1429 829 1477 quod
847 1430 1080 1476 Augustinus
1109 1431 1208 1477 dicit,
1228 1431 1266 1467 in
1289 1431 1384 1468 libro

217 1491 239 1525 ζ,
294 1508 297 1510 -
324 1481 372 1526 de
392 1482 574 1526 *Moribus
599 1481 740 1519 Eccles.
760 1481 792 1528 ²¹⁸,
821 1482 927 1529 quod
955 1483 1226 1530 quadripartita
1253 1484 1387 1520 dicitur

323 1534 454 1580 uirtus,
474 1546 525 1571 ex
542 1534 656 1582 ipsius
673 1534 816 1571 amoris
834 1534 943 1572 vario
963 1534 1119 1584 affectu.-
1145 1543 1180 1571 et
1198 1536 1386 1584 subiungit

326 1586 374 1630 de
402 1586 604 1636 praedictis
630 1594 794 1636 quatuor
816 1587 1025 1624 virtutibus.
1055 1587 1275 1624 Praedictae
1295 1601 1384 1636 ergo

326 1646 491 1687 quatuor
516 1639 676 1686 virtutes
703 1647 790 1676 sunt
818 1640 866 1676 ab
894 1639 1060 1677 invicem
1089 1639 1294 1678 distinctae.

275 1714 282 1721 ·
331 1726 333 1728 .
380 1693 606 1735 ΚΕεΡοΝρΕο
621 1704 805 1730 DICENDUM
824 1692 939 1740 quod,
956 1692 1050 1729 sicut
1067 1705 1181 1741 supra
1198 1693 1218 1715 ²⁸
1242 1694 1384 1731 dictum

327 1752 403 1792 est,
416 1745 645 1804 praedictae
678 1752 842 1793 quatuor
867 1745 1023 1782 virtutes
1057 1745 1254 1794 dupliciter
1281 1759 1303 1783 a
1332 1747 1385 1784 di-

325 1797 444 1842 versis
472 1797 719 1846 accipiuntur.
754 1797 922 1844 Quidam
952 1798 1054 1835 enim
1083 1798 1272 1847 accipiunt
1299 1812 1383 1847 eas,

324 1857 441 1899 prout
467 1850 678 1909 significant
705 1850 893 1898 quasdam
926 1851 1120 1898 generales
1149 1851 1384 1889 conditiones

317 1902 485 1940 humani
512 1902 639 1961 animi,
669 1915 768 1951 quae
796 1902 1039 1940 inveniuntur
1057 1903 1095 1940 in
1114 1904 1292 1941 omnibus
1311 1905 1384 1942 vir-

325 1943 487 1992 tutibus:
516 1955 567 1992 ita
595 1955 734 1992 scilicet
760 1955 866 2004 quod
889 1956 1090 2004 prudentia
1109 1956 1199 1993 nihil
1219 1957 1265 1994 sit
1283 1957 1384 1995 aliud

326 2019 443 2057 quam
468 2008 660 2055 quaedam
688 2008 872 2045 rectitudo
902 2008 1136 2046 discretionis
1163 2009 1201 2045 in
1230 2010 1383 2057 quibus-

326 2072 493 2109 cumque
529 2060 674 2098 actibus
710 2062 772 2097 vel
807 2060 998 2107 materiis;
1036 2061 1172 2098 iustitia
1208 2074 1303 2099 vero
1339 2063 1386 2100 sit

326 2113 518 2162 quaedam
546 2112 731 2150 rectitudo
760 2113 887 2160 animi,
916 2126 985 2162 per
1013 2126 1128 2162 quam
1152 2115 1272 2152 homo
1293 2128 1384 2164 ope-

325 2173 427 2204 ratur
454 2165 561 2214 quod
581 2166 720 2203 debet'
711 2178 750 2202 1n
770 2176 1013 2214 quacumque
1033 2167 1211 2213 materia;
1239 2175 1384 2217 tempe-

325 2219 446 2255 rantia
472 2231 568 2256 vero
596 2219 643 2255 sit
678 2218 868 2267 quaedam
902 2219 1096 2267 dispositio
1133 2220 1249 2257 animi
1285 2233 1383 2269 quae

324 2271 487 2308 modum
515 2271 821 2319 quibuscumque
848 2271 1087 2319 passionibus
1106 2273 1168 2309 vel
1196 2274 1383 2321 operatio-

323 2323 437 2360 nibus
464 2323 636 2372 imponit,
666 2335 714 2360 ne
741 2324 838 2360 ultra
865 2323 1035 2361 debitum
1060 2324 1280 2371 efferantur3
1309 2326 1383 2362 for-

324 2375 444 2413 titudo
477 2387 570 2415 vero
608 2375 654 2412 sit
682 2375 872 2423 quaedam
906 2376 1101 2424 dispositio
1130 2377 1278 2414 animae
1314 2391 1384 2427 per

324 2441 441 2477 quam
467 2429 643 2466 firmetur
669 2428 709 2465 in
737 2441 784 2465 eo
814 2429 918 2477 quod
947 2436 1003 2466 est
1030 2429 1242 2468 seeundum
1271 2431 1382 2468 ratio-

323 2493 427 2529 nem,
448 2489 579 2518 contra
606 2491 873 2529 quoscumque
897 2481 1062 2530 impetus
1079 2483 1302 2531 passionum
1320 2485 1383 2520 vel

325 2534 590 2583 operationum
609 2532 624 2563 β
651 2534 813 2571 labores.
847 2534 954 2570 Haec
985 2542 1113 2572 autem
1141 2543 1304 2582 quatuor
1330 2537 1383 2573 sic

325 2586 515 2633 distincta,
544 2598 622 2623 non
649 2586 855 2634 important
891 2586 1146 2624 diversitatem
1183 2588 1382 2625 habituum

323 2639 583 2676 virtuosorum
607 2645 793 2687 quantum
813 2638 863 2675 ad
881 2638 1072 2686 iustitiam,
1092 2641 1382 2688 temperantiam

325 2699 362 2729 et
389 2691 658 2728 fortitudinem.
689 2690 852 2728 Cuilibet
879 2691 980 2728 enim
1008 2691 1134 2728 virtuti
1162 2693 1309 2740 morali,
1339 2706 1383 2730 ex

324 2745 400 2781 hoc
417 2744 524 2793 quod
543 2750 599 2780 est
616 2742 778 2790 habitus,
799 2744 978 2781 convenit
1002 2744 1191 2792 quaedam
1211 2746 1382 2794 firmitas,

324 2804 366 2834 ut
393 2809 415 2833 a
444 2796 632 2833 contrario
666 2808 744 2833 non
777 2804 994 2834 moveatur:
1024 2798 1128 2844 quod
1157 2797 1297 2835 dictum
1327 2807 1383 2836 est

325 2849 374 2887 ad
402 2849 657 2886 fortitudinem
686 2849 884 2897 pertinere.
915 2850 972 2886 Ex
995 2850 1071 2886 hoc
1088 2861 1182 2887 vero
1202 2851 1308 2898 quod
1328 2859 1382 2888 est

324 2902 456 2949 virtus,
484 2902 607 2939 habet.
626 2901 732 2950 quod
761 2901 954 2939 ordinetur
982 2901 1030 2939 ad
1058 2902 1216 2950 bonum,
1246 2903 1284 2940 in
1303 2916 1380 2952 quo

324 2954 550 3003 importatur
578 2954 672 2991 ratio
701 2954 792 2990 recti
819 2954 880 2990 vel
909 2953 1042 2992 debiti:
1062 2955 1167 3003 quod
1187 2955 1381 2993 dicebatur

325 3007 374 3044 ad
387 3007 566 3044 iustitiam
580 3006 778 3055 pertinere.
801 3007 843 3044 In
861 3007 937 3043 hoc
951 3019 1044 3044 vero
1064 3007 1170 3055 quod
1189 3015 1244 3045 est
1262 3009 1380 3046 vinus

324 3059 477 3096 moralis
495 3059 681 3096 rationem
700 3059 947 3107 participans;
961 3060 1076 3096 habet
1094 3060 1200 3108 quod
1218 3062 1381 3099 modum

324 3111 479 3149 rationis
507 3112 544 3148 in
573 3112 750 3148 omnibus
785 3119 925 3159 servet,
957 3119 992 3148 et
1018 3113 1114 3150 ultra
1142 3125 1183 3149 se
1210 3125 1289 3150 non
1317 3125 1381 3150 ex-

2425 255 2499 303 397

1443 330 1546 367 tiam.
1584 322 1718 367 Solum
1752 338 1879 367 autem
1911 331 1986 367 hoc
2018 332 2122 380 quod
2152 339 2206 368 est
2234 332 2498 370 discretionem

1442 383 1596 430 habere,
1612 383 1716 432 quod
1731 383 2002 420 attribuebatur
2015 383 2248 431 prudentiae,
2260 384 2411 422 videtur
2426 386 2500 423 dis-

1443 435 1559 483 tingui
1592 436 1639 472 ab
1669 435 1747 472 aliis
1779 435 1912 482 tribus,
1943 436 2169 484 inquantum
2198 437 2272 473 hoc
2301 445 2356 473 est
2382 437 2498 486 ipsius

1444 487 1598 524 rationis
1629 500 1699 536 per
1727 488 1949 535 essentiam;
1979 488 2050 525 alia
2076 501 2170 526 vero
2199 489 2267 526 tria
2295 489 2499 538 important

1444 541 1637 588 quandam
1656 540 1979 589 participationem
1994 541 2159 588 rationis,
2174 554 2243 589 per
2257 542 2418 578 modum
2434 555 2498 591 ap-

1442 593 1652 641 plicationis
1667 593 1863 630 cuiusdam
1882 593 1932 630 ad
1950 594 2146 642 passiones
2163 594 2225 631 vel
2246 594 2495 642 operationes.

1444 645 1507 682 Sic
1529 645 1650 692 igitur,
1671 646 1882 683 secundum
1901 646 2104 694 praedicta,
2125 646 2324 694 prudentia
2343 646 2498 695 quidem

1443 706 1539 734 esset
1557 698 1676 735 virtus
1696 698 1867 735 distincta
1885 699 1933 735 ab
1952 699 2034 736 aliis
2053 699 2190 736 tribus:
2220 699 2287 736 sed
2311 699 2403 736 aliae
2422 707 2496 737 tres

1443 762 1520 787 non
1549 758 1673 788 essent
1699 751 1854 788 virtutes
1882 751 2077 788 distinctae
2096 752 2144 788 ab
2163 751 2349 798 invicem3
2376 752 2496 788 mani-

1441 803 1580 839 festum
1609 811 1664 840 est
1691 803 1793 840 enim
1821 805 1924 851 quod
1943 816 2022 841 una
2041 812 2077 840 et
2096 804 2231 841 eadem
2249 804 2368 841 virtus
2387 811 2424 841 et
2442 812 2498 841 est

1441 855 1604 902 habitus,
1634 863 1670 892 et
1698 864 1753 892 est
1778 856 1909 903 virtus,
1939 864 1975 893 et
2003 864 2058 893 est
2085 856 2250 893 moralis.

1494 904 1567 944 Alii
1595 920 1701 955 vero,
1723 917 1758 944 et
1781 909 1928 956 melius,
1948 909 2136 957 accipiunt
2153 909 2222 946 has
2241 916 2404 957 quatuor
2421 909 2494 946 vir-

1440 967 1537 996 tutes
1565 960 1775 997 secundum
1804 961 1910 1008 quod
1938 961 2233 998 determinantur
2252 962 2299 999 ad
2320 962 2494 1000 materias

1441 1013 1638 1071 speciatles3
1667 1025 1920 1072 unaquaeque
1948 1014 2104 1061 quidem
2132 1015 2280 1051 illarum
2309 1014 2357 1051 ad
2375 1026 2494 1051 unam

1441 1065 1650 1112 materiam,
1680 1065 1718 1101 in
1746 1077 1821 1113 qua
1840 1065 2092 1122 principaliter
2114 1066 2287 1103 laudatur
2304 1066 2364 1103 illa
2383 1078 2494 1114 gene-

1440 1117 1526 1154 ralis
1555 1094 1720 1155 conditio
1748 1130 1771 1154 a
1796 1130 1872 1166 qua
1899 1130 2042 1155 nomen
2070 1114 2215 1156 virtutis
2244 1119 2433 1167 accipitur,
2453 1127 2495 1156 ut

1441 1182 1553 1218 supra
1567 1170 1587 1192 '¹‘
1603 1170 1743 1207 dictum
1765 1178 1831 1207 est.
1852 1172 1900 1207 Et
1919 1171 2130 1208 secundum
2149 1172 2234 1218 hoc,
2251 1171 2493 1208 manifestum

1441 1230 1496 1258 est
1523 1223 1626 1270 quod
1654 1223 1868 1271 praedictae
1887 1223 2042 1260 virtutes
2071 1231 2157 1260 sunt
2176 1223 2313 1260 diversi
2332 1224 2491 1272 habitus,

1440 1275 1651 1311 secundum
1681 1275 1936 1312 diversitatem
1966 1276 2202 1312 obiectorum
2231 1276 2403 1313 distincti.

1492 1329 1551 1363 An
1580 1339 1715 1364 ramum
1743 1340 1840 1364 ERGO
1869 1340 2051 1365 manDUM
2075 1329 2180 1380 quod
2208 1329 2412 1376 Gregorius
2439 1330 2492 1365 lo-

1440 1379 1566 1425 quitur
1593 1380 1640 1416 de
1664 1380 1864 1427 praedictis
1884 1388 2046 1428 quatuor
2063 1381 2262 1417 virtutibus
2281 1381 2492 1418 secundum

1440 1431 1602 1479 primam
1623 1432 1935 1480 acceptionemoe
1955 1434 2024 1469 Vel
2043 1441 2167 1481 potest
2187 1433 2259 1470 dici
2279 1434 2383 1492 quod
2401 1434 2492 1471 istae

1440 1491 1603 1531 quatuor
1628 1484 1784 1521 virtutes
1821 1485 2114 1522 denominantur
2145 1487 2193 1523 ab
2225 1486 2389 1523 invicem
2425 1499 2494 1535 per

1440 1536 1730 1573 redundantiam
1759 1538 1964 1584 quandam.
1995 1538 2037 1574 Id
2066 1539 2167 1574 enim
2195 1540 2298 1587 quod
2328 1547 2383 1575 est
2406 1550 2493 1587 pru-

1441 1588 1610 1635 dentiae,
1635 1589 1820 1625 redundat
1847 1590 1886 1626 in
1915 1590 2004 1626 alias
2031 1590 2198 1638 virtutes,
2218 1590 2442 1639 inquantum
2470 1603 2493 1628 a

1439 1641 1640 1688 prudentia
1668 1641 1885 1689 diriguntur.
1919 1643 2181 1691 Unaquaeque
2208 1655 2301 1680 vero
2334 1643 2492 1680 aliarum

1440 1694 1626 1730 redundat
1659 1694 1697 1730 in
1730 1693 1819 1730 alias
1856 1706 1900 1730 ea
1935 1694 2097 1742 ratione,
2132 1695 2236 1742 quod
2273 1696 2337 1743 qui
2369 1703 2495 1744 potest

1439 1746 1545 1794 quod
1574 1754 1629 1782 est
1657 1746 1856 1793 difficilius,
1884 1754 2008 1794 potest
2037 1755 2073 1783 et
2099 1747 2137 1784 id
2164 1747 2269 1796 quod
2292 1748 2419 1784 minus
2439 1756 2494 1785 est

1440 1799 1600 1836 difficile.
1631 1799 1741 1836 Unde
1761 1799 1824 1847 qui
1844 1806 1968 1847 potest
1987 1800 2196 1836 refraenare
2225 1801 2493 1849 concupiscen—

1439 1851 1508 1888 tias
1536 1851 1814 1888 delectabilium
1842 1852 2053 1888 secundum
2081 1859 2234 1899 tactum,
2263 1864 2310 1889 ne
2331 1854 2491 1890 modum

1439 1905 1634 1951 excedant,
1654 1904 1759 1952 quod
1781 1910 1836 1940 est
1853 1904 2133 1951 difficillimum3
2154 1917 2198 1942 ex
2218 1905 2294 1942 hoc
2311 1906 2393 1955 ipso
2409 1907 2492 1943 red-

1438 1957 1538 1994 ditur
1563 1956 1725 1993 habilior
1751 1964 1793 1992 ut
1820 1956 2005 1994 refraenet
2031 1957 2227 1994 audaciam
2253 1957 2292 1995 in
2318 1959 2492 2007 periculis

1439 2009 1581 2056 mortis,
1601 2021 1651 2046 ne
1669 2010 1765 2045 ultra
1784 2009 1945 2046 modurn
1971 2010 2164 2058 procedat⁷
2184 2011 2289 2058 quod
2308 2018 2364 2048 est
2380 2013 2491 2059 longe

1437 2062 1600 2108 facilius;
1632 2069 1668 2099 et
1693 2061 1906 2098 secundum
1930 2063 2015 2110 hoc,
2035 2062 2212 2099 fortitudo
2242 2063 2376 2100 dicitur
2397 2072 2492 2101 tem-

1437 2122 1567 2163 perata
1586 2120 1612 2151 Ὺ.
1643 2114 1914 2162 Temperantia
1944 2114 2055 2151 etiam
2084 2115 2217 2152 dicitur
2234 2116 2350 2164 fortis,
2372 2127 2416 2153 ex
2435 2129 2492 2153 re-

1439 2167 1645 2205 dundantia
1658 2167 1883 2204 fortitudinis
1897 2167 1935 2204 in
1949 2168 2252 2216 temperantiam:
2268 2169 2491 2217 inquantum

1438 2220 1576 2257 scilicet
1609 2220 1667 2256 ille
1702 2219 1768 2268 qui
1800 2232 1869 2268 per
1895 2219 2151 2257 fortitudinem
2179 2221 2294 2258 habet
2320 2222 2491 2259 animum

1438 2273 1594 2309 firmum
1624 2279 1753 2309 contra
1780 2272 1947 2320 pericula
1975 2273 2119 2320 mortis,
2149 2273 2252 2320 quod
2275 2281 2330 2310 est
2349 2274 2492 2311 difficil-

1437 2325 1585 2372 limum,
1614 2331 1670 2361 est
1697 2324 1859 2361 habilior
1885 2332 1928 2361 ut
1954 2324 2110 2361 retineat
2137 2325 2252 2362 animi
2274 2326 2492 2364 firmitatem

1438 2385 1569 2414 contra
1590 2377 1756 2425 impetus
1776 2377 2086 2423 delectationum3
2116 2377 2216 2425 quia,
2235 2385 2278 2414 ut
2296 2378 2383 2415 dicit
2401 2380 2493 2416 Tul·

1437 2429 1508 2467 lius
1535 2430 1576 2467 in
1605 2431 1619 2466 1
1647 2430 1694 2466 de
1729 2430 1836 2478 Offic.
1865 2429 1885 2451 *

1437 2483 1504 2531 qui
1520 2488 1619 2519 metu
1638 2495 1714 2519 non
1734 2482 1944 2532 frangitur,
1963 2483 2402 2532 cupiditatefrangatur;
2425 2497 2492 2522 nec

1436 2536 1502 2583 qui
1527 2535 1706 2572 invictum
1731 2547 1772 2571 se
1798 2547 1823 2571 a
1850 2535 1979 2571 labore
1998 2535 2235 2583 praestiterit,
2263 2537 2365 2573 vinci
2385 2549 2410 2574 a
2427 2548 2492 2574 νο-

1435 2589 1574 2636 luptate
1591 2586 1616 2624 ὃ.

1489 2641 1538 2677 Et
1563 2652 1633 2688 per
1665 2641 1741 2676 hoc
1770 2639 1882 2676 etiam
1915 2647 2018 2688 patet
2050 2640 2248 2689 responsio
2282 2642 2330 2679 ad
2357 2654 2491 2680 secun-

1437 2694 1540 2730 dum.
1571 2692 1634 2729 Sic
1663 2692 1764 2730 enim
1791 2693 2040 2741 temperantia
2066 2693 2106 2730 in
2134 2693 2311 2731 omnibus
2329 2696 2490 2732 modum

1436 2753 1573 2792 servat,
1603 2753 1639 2782 et
1665 2745 1846 2782 fortitudo
1874 2753 2004 2783 contra
2030 2745 2226 2783 illecebras
2251 2748 2490 2796 voluptatum

1436 2799 1608 2835 animum
1627 2805 1754 2835 servat
1771 2798 1966 2844 inflexum,
1985 2798 2047 2835 vel
2067 2798 2292 2848 inquantum
2310 2800 2403 2837 istae
2415 2801 2491 2838 vir-

1434 2857 1532 2888 tutes
1560 2850 1808 2888 denominant
1834 2851 2019 2900 quasdam
2039 2853 2232 2898 generales
2255 2853 2490 2891 conditiones

1434 2904 1637 2950 virtutum,
1667 2904 1727 2941 vel
1754 2915 1822 2952 per
1850 2903 2136 2941 redundantiam
2164 2904 2408 2954 praedictam.

1486 2958 1546 2994 An
1563 2968 1723 2993 ’martum
1742 2967 1924 2993 mmmmm
1945 2956 2048 3004 quod
2076 2956 2159 2994 illae
2188 2964 2351 3006 quatuor
2377 2968 2490 3006 gene-

1434 3010 1530 3046 rales
1565 3009 1747 3046 virtutum
1785 3008 2019 3046 conditiones
2051 3020 2146 3057 quas
2181 3010 2288 3058 ponit
2318 3011 2488 3049 Philoso-

1433 3063 1543 3111 phus,
1564 3072 1646 3098 non
1662 3068 1748 3098 sunt
1765 3061 1941 3110 propriae
1959 3062 2160 3110 praedictis
2177 3061 2389 3101 viantibus.
2411 3065 2488 3102 Sed

1431 3121 1591 3163 possunt
1619 3114 1672 3151 eis
1695 3113 1940 3163 appropriari,
1960 3115 2170 3152 secundum
2193 3116 2352 3153 modum
2372 3116 2449 3154 iam
2468 3117 2492 3139 ³¹⁸
2515 3126 2523 3134 ·
2539 3125 2564 3147 111
2579 3131 2683 3154 corpore-

324 3164 468 3202 tendat:
497 3164 603 3213 quod
640 3164 834 3202 dicebatur
864 3164 1050 3213 pertinere
1084 3165 1134 3202 ad
1165 3173 1379 3215 temperan—
1434 3167 1585 3204 dietum.

377 3287 394 3303 ει
420 3281 450 3303 et
467 3278 576 3311 eligens.
586 3291 606 3299 ·-
623 3277 687 3303 Om.
703 3278 971 3310 ABOEFGlKLle-i.

377 3278 405 3347 βξ
423 3313 616 3346 operationum.
628 3326 649 3333 -
666 3320 776 3345 operum
795 3313 1021 3338 ABCDEFGHIL.

1487 3280 1514 3312 γ)
1533 3282 1688 3311 tempemta.
1702 3293 1721 3298 —
1739 3280 1915 3311 temperantia
1932 3279 2201 3313 ABCEFGHlKLpD.

1487 3313 1512 3348 ὃ)
1532 3315 1676 3347 voluptate.
1693 3328 1712 3333 -
1729 3315 1874 3348 aliquando
1889 3315 1975 3346 possit
1993 3315 2089 3341 addunt
2107 3316 2153 3345 Pa,
2166 3319 2257 3348 potest
2275 3317 2344 3341 addit
2362 3317 2392 3342 K.

994 3383 1322 3417 Commentafia
1345 3383 1592 3417 Cardinalis
1614 3384 1812 3417 Caietani

353 3468 374 3488 N
397 3458 528 3489 articulo
551 3464 674 3499 quarto,
692 3458 808 3488 manda
830 3457 1001 3488 memoriae
1024 3457 1266 3489 redundantiam
1282 3457 1379 3489 virtu-

326 3469 424 3533 Itum
438 3501 466 3532 *.
483 3502 524 3532 Et
538 3501 605 3532 eius
622 3511 749 3532 causam
772 3508 803 3532 et
824 3502 960 3532 modum
975 3501 1070 3532 habes
1093 3501 1126 3532 in
1149 3501 1264 3532 littera:
1290 3502 1379 3542 quod

322 3545 478 3577 redundat
499 3546 594 3577 altera
617 3545 650 3576 in
673 3546 818 3582 alteram,
842 3545 917 3587 quia
943 3551 1056 3586 potens
1079 3545 1111 3576 in
1135 3545 1250 3582 maius,
1274 3551 1378 3586 potest

1431 3458 1464 3488 in
1487 3458 1606 3494 minus;
1632 3464 1663 3489 et
1685 3467 1722 3488 ex
1744 3458 1872 3490 victoria
1887 3459 2024 3495 maioris,
2041 3459 2173 3492 habilior
2186 3469 2276 3491 mens
2290 3460 2432 3492 redditur
2447 3462 2487 3491 ad

1431 3502 1621 3533 vincendum
1644 3501 1778 3533 minora.

2519 1179 2531 1191 ⁶
2545 1179 2603 1202 lbid.

1895 2458 1905 2477 ,
1941 2442 2015 2466 non
2051 2436 2105 2466 est
2134 2436 2422 2468 consentaneum
2455 2439 2496 2469 ut
2520 2444 2652 2471 ·cap.11.

2613 2588 2626 2612 δ
