2852 4152
1033 223 1298 269 QUAESTIO
1328 223 1377 269 V,
1407 223 1701 260 ARTICULUS
1730 224 1797 259 Vll

385 303 442 338 AD
471 312 629 337 TERTmM
658 312 840 337 DicENDUM
859 301 964 348 quod
985 302 1139 349 angelus
1159 302 1290 338 beatus
1310 301 1389 338 illu-

332 353 451 390 minat
486 353 715 390 intellectum
752 353 937 400 hominis,
967 355 1028 391 vel
1063 354 1175 391 etiam
1205 354 1389 391 inferioris
1444 354 1638 402 essentiae,
1659 362 1700 391 ut
1717 354 1754 390 in
1775 354 1903 390 Primo
1923 353 1943 375 '¹‘
1963 353 2103 390 dictum
2126 361 2190 390 est.
2211 352 2274 389 Ad
2295 365 2378 389 eam
2400 353 2501 389 enim
2531 359 2541 369 ·
2581 363 2595 379 ¹¹

332 406 472 454 angeli,
503 413 686 454 quantum
716 406 765 442 ad
793 406 936 455 aliquas
972 407 1135 443 rationes
1174 406 1388 444 divinorum

1286 511 1338 518 W

2457 222 2503 258 53

1444 314 1621 350 operum:
1642 313 1720 338 non
1740 309 1867 338 autem
1883 308 2067 349 quantum
2084 301 2131 338 ad
2146 300 2333 337 visionem
2351 300 2500 337 divinae

1443 406 1662 453 videndam,
1690 419 1825 443 omnes
1844 406 2062 443 immediate
2087 406 2341 457 illuminantur
2360 418 2381 442 a
2401 407 2498 442 Deo.

1115 586 1430 629 ARTICULUS
1460 586 1723 628 SEPTIMUS

676 686 831 717 UTRUM
854 686 1169 724 REQUIRANTUR
1191 686 1354 724 ALIQUA
1378 686 1520 718 OPERA
1542 686 1661 717 BONA
1682 687 1741 717 AD
1764 686 1857 718 HOC
1882 686 2003 723 QUOD
2028 685 2156 718 HOMO

997 730 1325 762 BEATITUDINEM
1348 729 1672 767 CONSEQUATUR
1694 732 1723 760 A
1747 730 1836 761 DEO

1004 819 1072 844 Part.
1091 819 1114 849 1,
1132 826 1177 851 qu.
1191 822 1323 849 m1,art.
1336 824 1366 849 4;
1389 817 1532 850 Compend-
1547 817 1645 847 Dteol„
1665 825 1720 850 cap.
1736 825 1829 843 cmu.

335 947 521 1028 .<..
543 910 1390 1018 30⁵5⁹322ffl5155255333¹¹3p3³:¹33&ssss3

350 1006 498 1066 NV.
485 1026 511 1062 t?
526 1019 599 1060 ad
619 1023 695 1059 hoc
720 1029 763 1059 ut
789 1021 1059 1059 beatitudinem
1094 1027 1346 1068 consequatur
1368 1032 1390 1057 a

352 1056 484 1108 15⁵&st
500 1066 531 1108 *x
543 1077 640 1113 Deo
661 1076 768 1112 Deus
797 1073 913 1132 enim,
933 1085 1021 1110 cum
1049 1073 1095 1110 sit
1121 1085 1235 1120 agens
1264 1072 1387 1110 infini-

331 1134 395 1167 tae
418 1126 576 1175 virtutis,
600 1140 680 1165 non
707 1126 909 1176 praeexigit
935 1126 974 1163 in
1001 1125 1149 1184 agendo
1177 1125 1388 1172 materiam,

331 1187 398 1221 aut
410 1179 702 1228 dispositionem
730 1179 924 1225 materiae,
944 1178 1012 1216 sed
1038 1178 1162 1216 statim
1190 1185 1315 1226 potest
1332 1185 1388 1215 to-

330 1239 412 1270 tum
439 1233 663 1281 producere.
686 1232 762 1270 Sed
786 1243 904 1279 opera
922 1231 1100 1276 hominis,
1122 1243 1211 1268 cum
1234 1242 1312 1270 non
1332 1242 1388 1267 re-

331 1285 529 1332 quitantur
555 1286 605 1323 ad
632 1284 904 1322 beatitudinem
934 1283 1012 1319 eius
1039 1282 1134 1319 sicut
1162 1294 1277 1319 causa
1310 1283 1388 1319 effi-

330 1337 461 1384 ciem,
481 1345 524 1374 ut
551 1337 695 1375 dictum
724 1343 780 1372 est
805 1335 846 1381 ²¹²,
875 1347 954 1371 non
981 1341 1142 1382 possunt
1173 1334 1310 1381 requiri
1339 1335 1388 1371 ad

330 1401 426 1433 eam
434 1388 507 1426 nisi
533 1389 631 1427 sicut
656 1387 932 1446 disposition-es.
952 1387 1054 1433 Ergo
1083 1387 1200 1432 Deus,
1221 1387 1287 1433 qui
1315 1386 1388 1423 dis-

300 1483 303 1484 7
327 1440 631 1491 mutin
650 1439 856 1491 praeexigit
873 1438 912 1476 in
931 1439 1092 1486 agendo,
1113 1439 1386 1477 beatitudinem

310 1492 410 1539 siae
435 1493 751 1542 praecedentibus
779 1491 958 1540 operibus
987 1491 1141 1528 confert.

381 1556 416 1582 2.
433 1546 667 1592 Pam-mmm,
681 1545 778 1583 sicut
790 1546 897 1582 Deus
916 1551 972 1580 est
992 1551 1124 1580 auctor
1147 1531 1387 1581 beatitudinis

325 1597 557 1646 immediate,
572 1598 623 1641 ita
638 1605 674 1636 et
691 1605 866 1635 naturam
884 1596 1102 1634 immediate
1121 1596 1286 1635 instituit.
1309 1597 1386 1634 Sed

323 1650 367 1688 in
388 1651 514 1699 prima
540 1650 770 1693 institutione
797 1657 971 1696 naturae,
995 1649 1171 1698 produxit
1197 1656 1386 1686 creaturas

324 1702 428 1747 nulla
446 1703 690 1753 dispositione
712 1702 1051 1752 praecedentevel
1074 1702 1223 1739 actione
1242 1710 1386 1740 creatu-

324 1767 406 1803 rae3
418 1757 486 1801 sed
498 1757 624 1795 statim
637 1755 724 1800 tecit
734 1755 1036 1804 unumquodque
1051 1755 1258 1803 perfectum
1268 1755 1306 1792 in
1316 1767 1385 1792 sua

325 1809 464 1858 specie.
479 1810 591 1857 Ergo
618 1808 770 1846 videtur
788 1808 895 1857 quod
922 1807 1194 1849 beatitudinem
1218 1809 1386 1845 conferat

323 1861 471 1907 bamini
478 1862 558 1900 sine
568 1861 756 1910 aliquibus
766 1860 1049 1910 operationibus
1059 1861 1384 1909 praecedentibus.

346 1914 414 1959 3.
422 1915 668 1962 Pmmm,
689 1914 896 1963 Apostolus
917 1913 1015 1960 dicit,
1030 1915 1142 1950 Rom.
1165 1926 1200 1950 ιν
1217 1913 1249 1960 ²¹⁸,
1269 1914 1386 1951 beati-

323 1944 495 2012 tudinem
518 1967 686 2007 hominis
715 1979 799 2004 esse
820 1967 885 2004 cui
909 1967 1014 2004 Deus
1037 1967 1183 2014 confert
1208 1967 1384 2004 iustitiam

322 2030 403 2060 stne
428 2020 613 2069 operibus.
634 2020 726 2057 Non
747 2031 836 2067 ergo
860 2019 1100 2068 requiruntur
1118 2019 1243 2067 aliqua
1267 2032 1385 2068 opera

323 2072 490 2118 hominis
517 2074 567 2111 ad
594 2072 866 2111 beatitudinem
896 2071 1220 2120 consequendam.

378 2125 454 2164 San
473 2137 620 2164 coum
634 2137 700 2163 rsr
718 2125 825 2173 quod
839 2124 973 2163 dicitur
987 2126 1091 2163 Ioan.
1107 2137 1169 2161 xm
1181 2124 1217 2161 *ε
1238 2124 1281 2161 Si
1291 2125 1385 2161 haec

323 2178 440 2224 seinis,
466 2179 566 2216 beati
590 2178 691 2215 eritis
716 2178 751 2215 si
764 2178 936 2226 feceritis
963 2189 1021 2215 ea.
1045 2178 1147 2225 Ergo
1174 2189 1243 2226 per
1270 2177 1384 2214 actio-

325 2242 415 2268 nem
442 2231 492 2268 ad
519 2230 791 2268 beatitudinem
816 2230 1038 2279 pervenitur
1064 2228 1090 2267 β.

373 2284 604 2322 -ΒΕεΡοΝῡιιο
623 2295 808 2321 montinum
837 2283 943 2332 quod
966 2282 1150 2320 rectitudo
1168 2281 1384 2329 voluntatis,

220 2347 234 2363 ¹
256 2356 263 2363 ·
291 2356 299 2363 ·
324 2343 368 2382 ut
383 2349 501 2386 supra
517 2336 537 2359 '¹‘
555 2336 699 2374 dictum
720 2343 787 2383 est,
804 2335 1004 2383 requiritur
1022 2336 1070 2372 ab
1095 2334 1383 2382 beatitudinem,

326 2401 415 2435 eum
443 2389 534 2427 nihil
563 2389 663 2427 aliud
692 2388 739 2426 sit
766 2394 883 2437 quam
910 2387 1061 2427 debitus
1088 2387 1183 2424 ordo
1210 2388 1384 2424 volunta-

324 2442 375 2486 tis
399 2443 448 2483 ad
475 2441 651 2479 ultimum
678 2441 817 2487 finem;
838 2453 938 2490 quae
963 2441 1014 2477 ita
1042 2439 1199 2487 exigitur
1222 2441 1271 2478 ad
1294 2452 1383 2477 con-

325 2495 562 2533 secutionem
579 2494 702 2532 ultimi
721 2494 819 2542 finis,
835 2494 929 2531 sicut
948 2491 1075 2530 debita
1090 2492 1284 2542 dispositio
1305 2505 1384 2530 ma-

325 2548 440 2593 teriae
459 2548 510 2585 ad
528 2547 838 2585 consecutionem
862 2547 1020 2583 formae.
1042 2545 1120 2583 Sed
1139 2557 1185 2583 ex
1212 2547 1288 2583 hoc
1306 2558 1385 2583 non

327 2599 536 2642 ostenditur
567 2600 673 2648 quod
701 2599 824 2648 aliqua
852 2599 1022 2648 operatio
1054 2598 1221 2636 hominis
1249 2598 1386 2636 debeat

326 2653 555 2702 praecedere
572 2652 657 2698 eius
681 2652 971 2690 beatitudinem:
991 2658 1122 2701 posset
1150 2651 1252 2688 enim
1279 2652 1385 2689 Deus

328 2705 440 2743 simul
455 2705 578 2742 facere
596 2705 832 2742 voluntatem
848 2712 948 2741 recte
962 2705 1181 2741 tendentem
1195 2704 1234 2741 in
1252 2704 1384 2751 finem,

329 2766 366 2795 et
391 2758 512 2795 finem
540 2765 857 2806 consequentem3
887 2757 982 2794 sicut
1009 2757 1241 2806 quandoque
1274 2756 1385 2793 simul

327 2810 526 2848 materiam
555 2810 728 2858 disponit,
749 2818 786 2847 et
812 2810 954 2847 inducit
981 2810 1157 2846 formam.
1185 2809 1262 2846 Sed
1290 2809 1385 2846 ordo

329 2863 482 2901 divinae
501 2862 704 2911 sapientiae
727 2862 838 2910 exigit
864 2875 912 2899 ne
931 2863 1006 2899 hoc
1024 2863 1111 2899 fiat:
1140 2869 1182 2899 ut
1210 2861 1311 2898 enirn
1333 2862 1385 2899 di-

229 2930 244 2946 n
277 2934 302 2946 ··
330 2917 424 2954 citur
459 2916 498 2952 in
527 2917 558 2952 11
588 2915 634 2952 de
675 2915 786 2952 Caelo
814 2914 851 2962 *,
881 2927 1012 2951 eorum
1049 2926 1146 2963 quae
1177 2921 1266 2951 nata
1301 2920 1389 2951 sunt

296 2965 302 2972 ’
328 2970 468 3007 habere
485 2969 624 3005 bonum
639 2969 860 3017 perfectum,
876 2967 1019 3016 aliquid
1034 2968 1145 3004 habet
1169 2968 1289 3015 ipsum
1307 2968 1388 3004 sine

330 3028 444 3068 motu,
459 3021 602 3070 aliquid
628 3033 702 3057 uno
730 3026 844 3066 motu,
867 3019 1009 3068 aliquid
1028 3019 1212 3068 pluribus.
1235 3020 1386 3056 Habere

383 3153 411 3185 α)
424 3153 717 3178 hominis.—hom1'num
732 3152 843 3176 codices.
856 3152 906 3176 Pro
915 3155 1099 3184 consequatur,
1114 3155 1310 3184 consequantur
1323 3152 1388 3177 EIK.

384 3187 410 3221 β)
424 3188 591 3221 pervenitur.
609 3201 628 3206 —
642 3188 812 3219 pervenimus
831 3187 877 3212 Pa.

1445 921 1571 951 autern
1599 914 1809 963 perfectum
1837 915 1983 952 bonum
2011 915 2090 952 sine
2119 923 2237 963 motu,
2264 916 2442 954 convenit
2466 916 2499 953 ei

1444 967 1548 1015 quod
1575 966 1789 1005 naturaliter
1815 968 1929 1004 habet
1955 967 2057 1006 illud.
2083 968 2234 1005 Habere
2253 976 2383 1006 autem
2411 969 2499 1006 bea-

1443 1019 1642 1056 titudinem
1669 1019 1884 1057 naturaliter
1913 1028 1968 1057 est
1994 1020 2110 1057 solius
2137 1021 2221 1058 Dei.
2242 1021 2354 1059 Unde
2381 1021 2499 1059 solius

1442 1072 1514 1109 Dei
1532 1072 1729 1120 proprium
1750 1080 1806 1109 est
1833 1072 1938 1120 quod
1961 1074 2010 1110 ad
2029 1073 2299 1113 beatitudinem
2319 1086 2399 1112 non
2415 1086 2498 1112 mo-

1442 1133 1576 1162 veatur
1600 1137 1670 1175 per
1697 1125 1864 1174 aliquam
1901 1125 2162 1174 operationem
2190 1127 2496 1174 praecedentem.

1443 1178 1542 1218 Cum
1570 1185 1699 1215 autem
1727 1177 1921 1217 beatitudo
1950 1178 2107 1216 excedat
2139 1190 2296 1216 omnem
2325 1187 2498 1216 naturam

1443 1238 1618 1277 creatam,
1643 1231 1746 1267 nulla
1773 1242 1869 1279 pura
1896 1237 2066 1267 creatura
2085 1231 2353 1270 convenienter
2381 1232 2498 1269 beati-

1441 1282 1612 1320 tudinem
1651 1282 1894 1331 consequitur
1929 1283 2075 1331 absque
2102 1291 2211 1320 motu
2247 1284 2496 1332 operationis,

1442 1347 1509 1382 per
1536 1347 1651 1382 quam
1679 1335 1797 1373 tendit
1825 1335 1864 1372 in
1880 1335 2024 1384 ipsam.
2047 1335 2124 1373 Sed
2152 1337 2319 1384 angelus,
2348 1337 2413 1385 qui
2442 1345 2498 1375 est

1440 1387 1613 1435 superior
1631 1387 1763 1424 ordine
1789 1395 1944 1424 naturae
1972 1401 2089 1437 quam
2117 1389 2250 1436 homo,
2271 1397 2497 1430 consecutus

1441 1446 1497 1475 est
1525 1451 1623 1486 eam,
1645 1451 1690 1475 ex
1718 1439 1848 1476 ordine
1869 1440 2017 1477 divinae
2042 1441 2259 1489 sapientiae,
2280 1454 2358 1479 uno
2386 1450 2496 1482 motu

1440 1491 1670 1539 operationis
1698 1491 1926 1539 meritoriae,
1945 1500 1987 1528 ut
2013 1493 2052 1529 in
2081 1494 2210 1530 Primo
2234 1493 2254 1516 *
2282 1495 2494 1543 expositum

1441 1551 1507 1581 est.
1536 1544 1724 1580 Homines
1752 1551 1881 1581 autem
1910 1554 2192 1604 consequuntur
2218 1546 2340 1594 ipsam
2369 1548 2496 1585 multis

1440 1596 1607 1634 motibus
1636 1596 1912 1644 operationum,
1932 1597 1997 1645 qui
2019 1598 2151 1634 merita
2180 1599 2364 1636 dicuntur.
2383 1601 2495 1637 Unde

1439 1649 1571 1695 etiam,
1601 1649 1813 1687 secundum
1841 1649 2119 1708 Philosophum
2145 1650 2184 1697 *,
2215 1652 2406 1689 beatitudo
2439 1658 2531 1722 est

1438 1701 1653 1750 praemium
1680 1701 1935 1739 virtuosarum
1964 1702 2240 1750 operationum.

1491 1756 1551 1791 An
1568 1766 1705 1791 ramum
1724 1765 1823 1791 ERGO
1841 1766 2024 1792 mensuum
2050 1755 2154 1804 quod
2177 1756 2348 1814 operatio
2372 1757 2495 1794 horni-

1439 1807 1495 1845 nis
1527 1819 1606 1844 non
1637 1806 1886 1855 praeexigitur
1918 1807 1967 1844 ad
1995 1808 2304 1851 consecutionem
2339 1809 2495 1850 beatitu-

1438 1859 1546 1907 dinis,
1570 1866 1725 1908 propter
1742 1859 2042 1897 insufficientiam
2063 1860 2213 1898 divinae
2236 1861 2380 1899 virtutis
2406 1862 2495 1900 bea·

1438 1913 1627 1950 tificantis:
1657 1913 1725 1950 sed
1751 1920 1793 1950 ut
1819 1920 1990 1950 servetur
2016 1914 2111 1950 ordo
2138 1914 2178 1951 in
2204 1915 2330 1952 rebus.

1490 1967 1549 2002 An
1577 1977 1766 2002 SECUNDUM
1794 1977 1977 2002 mensuum
2006 1966 2110 2014 quod
2137 1966 2278 2014 primas
2307 1976 2495 2010 creaturas

1438 2018 1565 2055 statim
1576 2019 1683 2055 Deus
1695 2018 1882 2066 perfectas
1894 2018 2083 2067 produxit,
2095 2019 2242 2067 absque
2254 2019 2379 2068 aliqua
2392 2025 2408 2049 Υ
2422 2019 2494 2059 dis-

1437 2070 1625 2119 positione
1658 2071 1720 2108 vel
1753 2070 1973 2119 operatione
2002 2078 2194 2117 creaturae
2222 2073 2493 2121 praecedente,

1438 2123 1527 2172 quia
1554 2123 1608 2161 sic
1633 2122 1790 2160 instituit
1815 2123 1937 2172 prima
1969 2123 2165 2162 individua
2193 2125 2424 2173 specierum,
2452 2133 2494 2163 ut

1438 2188 1505 2225 per
1532 2189 1579 2213 ea
1605 2174 1618 2197 ὅ
1645 2183 1779 2212 natura
1801 2184 2073 2224 propagaretur
2099 2177 2148 2214 ad
2175 2185 2358 2225 posteros.
2379 2179 2429 2215 Et
2447 2178 2493 2216 si-

1439 2228 1585 2275 militer,
1606 2228 1696 2278 quia
1713 2240 1782 2277 per
1801 2228 2004 2275 Christum,
2025 2229 2090 2277 qui
2113 2237 2169 2266 est
2183 2231 2288 2267 Deus
2308 2238 2344 2267 et
2361 2231 2493 2278 homo,

1438 2281 1632 2319 beatitudo
1653 2288 1733 2318 erat
1750 2281 1799 2318 ad
1818 2281 1913 2318 alios
1933 2281 2151 2327 derivanda,
2172 2283 2383 2320 secundum
2403 2283 2494 2321 illud

1438 2333 1613 2383 Apostoli
1630 2333 1682 2370 ad
1692 2334 1814 2370 Hebr.
1835 2346 1858 2371 11
1871 2334 1902 2381 ²¹⁶,
1923 2335 1988 2382 qui
2004 2335 2138 2371 multos
2150 2335 2256 2383 filios
2274 2336 2311 2372 in
2329 2336 2494 2385 gloriam

1439 2387 1671 2430 adduxeram
1699 2386 1823 2424 statim
1851 2399 1873 2423 a
1890 2386 2076 2436 principio
2104 2400 2195 2424 suae
2224 2389 2494 2437 conceptionis,

1438 2440 1583 2488 absque
1610 2439 1737 2488 aliqua
1765 2439 1984 2488 operatione
2013 2440 2204 2477 meritoria
2231 2442 2493 2490 praecedente,

1440 2492 1566 2529 anima
1600 2492 1679 2529 eius
1707 2491 1776 2528 fuit
1802 2493 1923 2530 beata.
1955 2493 2032 2530 Sed
2058 2493 2134 2530 hoc
2162 2501 2217 2532 est
2243 2494 2430 2542 singulare
2457 2495 2496 2532 in

1439 2546 1543 2594 ipso:
1583 2557 1674 2582 nam
1710 2545 1836 2594 pueris
1873 2545 2069 2594 baptizatis
2105 2547 2281 2595 spbvenit
2317 2547 2495 2584 meritum

1441 2597 1579 2635 Christi
1606 2597 1656 2634 ad
1683 2597 1954 2636 beatitudinem
1978 2599 2299 2648 consequendam,
2318 2600 2404 2637 licet
2430 2601 2495 2638 de-

1441 2650 1514 2688 sint
1533 2650 1585 2687 eis
1604 2650 1738 2688 merita
1756 2650 1910 2699 propria
1928 2650 1960 2698 ²¹⁸,
1981 2663 2026 2687 eo
2047 2651 2152 2700 quod
2174 2664 2244 2701 per
2262 2652 2495 2702 baptismum
2523 2662 2533 2672 ’

1440 2710 1527 2741 sunt
1555 2702 1691 2740 Christi
1718 2704 1892 2740 membra
1920 2703 2054 2741 effecti.

1492 2758 1551 2793 An
1579 2767 1738 2792 TERTIUM
1761 2768 1943 2793 DICENDUM
1972 2757 2077 2805 quod
2099 2758 2304 2806 Apostolus
2332 2758 2497 2806 loquitur

1441 2810 1488 2846 de
1516 2808 1746 2846 beatitudine
1766 2808 1858 2857 spei,
1879 2821 1977 2857 quae
1995 2810 2156 2846 habetur
2177 2822 2246 2858 per
2264 2811 2420 2858 gratiam
2440 2811 2496 2847 iu-

1441 2862 1678 2908 stificantem,
1695 2873 1792 2910 quae
1807 2861 1963 2909 quidem
1983 2874 2061 2899 non
2080 2862 2190 2899 datur
2206 2870 2362 2911 propter
2379 2876 2496 2912 opera

1441 2914 1716 2964 praecedentia.
1741 2914 1834 2951 Non
1863 2914 1964 2951 enim
1993 2915 2106 2951 habet
2133 2915 2318 2952 rationem
2347 2916 2496 2953 termini

1441 2975 1589 3015 motus,
1617 2975 1659 3004 ut
1686 2967 1899 3004 beatitudo:
1929 2967 1997 3004 sed
2033 2967 2153 3015 magis
2182 2975 2237 3004 est
2268 2968 2495 3017 principium

1441 3027 1567 3057 motus
1596 3032 1672 3068 quo
1701 3019 1750 3056 ad
1778 3019 2046 3057 beatitudinem
2074 3020 2249 3058 tenditur.

1495 3152 1522 3185 γ)
1541 3152 1642 3184 aliqua.
1659 3166 1679 3170 -
1696 3151 1751 3176 alia
1769 3151 1839 3176 PKa.

1495 3186 1519 3219 ὂ)
1539 3194 1580 3212 ea.
1598 3202 1615 3205 -
1634 3194 1678 3212 eas
1696 3187 1966 3220 ABCDEFGIKLpH:

2522 1505 2533 1517 “
2543 1505 2652 1533 Qnasu,
2661 1509 2702 1528 art.
2710 1511 2731 1534 5.

2545 1657 2613 1678 Εειιις
2625 1657 2690 1684 ιιι.
2706 1656 2731 1683 1,

2522 1689 2657 1731 &Enixfen
2637 1713 2666 1731 Οἵ.
2681 1715 2730 1731 ¹1V·

2521 2347 2530 2356 ¹
2545 2345 2612 2367 Vers.
2627 2351 2658 2367 10.

2660 1689 2730 1710 -3·-
