<?xml version="1.0" encoding="UTF-8"?>
<!DOCTYPE html PUBLIC "-//W3C//DTD XHTML 1.0 Transitional//EN"
    "http://www.w3.org/TR/xhtml1/DTD/xhtml1-transitional.dtd">
<html xmlns="http://www.w3.org/1999/xhtml" xml:lang="en" lang="en">
 <head>
  <title>
</title>
<meta http-equiv="Content-Type" content="text/html;charset=utf-8" />
  <meta name='ocr-system' content='tesseract 3.04.00' />
  <meta name='ocr-capabilities' content='ocr_page ocr_carea ocr_par ocr_line ocrx_word'/>
</head>
<body>
  <div class='ocr_page' id='page_1' title='image "./operaomniaiussui06thom_0143.png"; bbox 0 0 2852 4152; ppageno 0'>
   <div class='ocr_carea' id='block_1_1' title="bbox 0 942 39 3183">
    <p class='ocr_par' dir='ltr' id='par_1_1' title="bbox 0 942 39 3183">
     <span class='ocr_line' id='line_1_1' title="bbox 0 942 39 3183; baseline 0 0"><span class='ocrx_word' id='word_1_1' title='bbox 0 942 39 3183; x_wconf 95' lang='lat' dir='ltr'> </span> 
     </span>
    </p>
   </div>
   <div class='ocr_carea' id='block_1_2' title="bbox 0 3095 21 3594">
    <p class='ocr_par' dir='ltr' id='par_1_2' title="bbox 0 3095 21 3594">
     <span class='ocr_line' id='line_1_2' title="bbox 0 3095 21 3594; textangle 90"><span class='ocrx_word' id='word_1_2' title='bbox 0 3585 2 3594; x_wconf 87' lang='grc'><em>“</em></span> <span class='ocrx_word' id='word_1_3' title='bbox 0 3530 4 3566; x_wconf 57' lang='grc'>’““’</span> <span class='ocrx_word' id='word_1_4' title='bbox 0 3392 15 3518; x_wconf 58' lang='grc'>“““““’“’“”,“</span> <span class='ocrx_word' id='word_1_5' title='bbox 0 3311 16 3377; x_wconf 56' lang='lat'>‘1⁷&#39;</span> <span class='ocrx_word' id='word_1_6' title='bbox 11 3287 13 3291; x_wconf 89' lang='lat'>.</span> <span class='ocrx_word' id='word_1_7' title='bbox 9 3254 15 3259; x_wconf 84' lang='lat'>.</span> <span class='ocrx_word' id='word_1_8' title='bbox 8 3181 21 3237; x_wconf 66' lang='lat'>3-‚.</span> <span class='ocrx_word' id='word_1_9' title='bbox 16 3149 19 3152; x_wconf 76' lang='grc'><em>,</em></span> <span class='ocrx_word' id='word_1_10' title='bbox 4 3095 7 3105; x_wconf 81' lang='grc'>’-</span> 
     </span>
    </p>
   </div>
   <div class='ocr_carea' id='block_1_3' title="bbox 97 372 180 395">
    <p class='ocr_par' dir='ltr' id='par_1_3' title="bbox 97 372 180 395">
     <span class='ocr_line' id='line_1_3' title="bbox 97 372 180 395; baseline 0 -1"><span class='ocrx_word' id='word_1_11' title='bbox 97 373 108 384; x_wconf 74' lang='lat'>⁸</span> <span class='ocrx_word' id='word_1_12' title='bbox 122 372 180 395; x_wconf 84' lang='lat' dir='ltr'>lbid.</span> 
     </span>
    </p>
   </div>
   <div class='ocr_carea' id='block_1_4' title="bbox 989 243 1806 295">
    <p class='ocr_par' dir='ltr' id='par_1_4' title="bbox 989 243 1806 295">
     <span class='ocr_line' id='line_1_4' title="bbox 989 243 1806 295; baseline -0.002 -10"><span class='ocrx_word' id='word_1_13' title='bbox 989 243 1252 295; x_wconf 87' lang='lat' dir='ltr'>QUAESTIO</span> <span class='ocrx_word' id='word_1_14' title='bbox 1282 248 1422 295; x_wconf 85' lang='lat' dir='ltr'>XVIII,</span> <span class='ocrx_word' id='word_1_15' title='bbox 1452 247 1744 284; x_wconf 92' lang='lat' dir='ltr'>ARTICULUS</span> <span class='ocrx_word' id='word_1_16' title='bbox 1771 247 1806 283; x_wconf 83' lang='lat' dir='ltr'>V</span> 
     </span>
    </p>
   </div>
   <div class='ocr_carea' id='block_1_5' title="bbox 2427 253 2490 288">
    <p class='ocr_par' dir='ltr' id='par_1_5' title="bbox 2427 253 2490 288">
     <span class='ocr_line' id='line_1_5' title="bbox 2427 253 2490 288; baseline -0.016 0"><span class='ocrx_word' id='word_1_17' title='bbox 2427 253 2490 288; x_wconf 82' lang='lat'>131</span> 
     </span>
    </p>
   </div>
   <div class='ocr_carea' id='block_1_6' title="bbox 339 322 2500 377">
    <p class='ocr_par' dir='ltr' id='par_1_6' title="bbox 339 322 2500 377">
     <span class='ocr_line' id='line_1_6' title="bbox 339 322 2500 377; baseline 0.002 -22"><span class='ocrx_word' id='word_1_18' title='bbox 339 323 480 360; x_wconf 76' lang='lat' dir='ltr'>dinatur,</span> <span class='ocrx_word' id='word_1_19' title='bbox 504 324 544 355; x_wconf 92' lang='lat' dir='ltr'>de</span> <span class='ocrx_word' id='word_1_20' title='bbox 571 323 634 355; x_wconf 83' lang='lat' dir='ltr'>fine</span> <span class='ocrx_word' id='word_1_21' title='bbox 661 322 809 355; x_wconf 84' lang='lat' dir='ltr'>adiuncto</span> <span class='ocrx_word' id='word_1_22' title='bbox 838 326 1032 366; x_wconf 85' lang='lat' dir='ltr'>intelligitur,</span> <span class='ocrx_word' id='word_1_23' title='bbox 1057 332 1093 358; x_wconf 91' lang='lat' dir='ltr'>ut</span> <span class='ocrx_word' id='word_1_24' title='bbox 1115 332 1200 366; x_wconf 86' lang='lat' dir='ltr'>patet</span> <span class='ocrx_word' id='word_1_25' title='bbox 1223 336 1259 356; x_wconf 85' lang='lat' dir='ltr'>ex</span> <span class='ocrx_word' id='word_1_26' title='bbox 1286 335 1394 365; x_wconf 88' lang='lat' dir='ltr'>supra-</span> <span class='ocrx_word' id='word_1_27' title='bbox 1421 325 1424 377; x_wconf 56' lang='lat' dir='ltr'>J</span> <span class='ocrx_word' id='word_1_28' title='bbox 1449 325 1578 366; x_wconf 90' lang='lat' dir='ltr'>adiungi</span> <span class='ocrx_word' id='word_1_29' title='bbox 1586 334 1594 362; x_wconf 93' lang='grc'><strong>;</strong></span> <span class='ocrx_word' id='word_1_30' title='bbox 1618 325 1691 356; x_wconf 88' lang='lat' dir='ltr'>ideo</span> <span class='ocrx_word' id='word_1_31' title='bbox 1725 325 1836 356; x_wconf 89' lang='lat' dir='ltr'>dicitur</span> <span class='ocrx_word' id='word_1_32' title='bbox 1860 327 2013 363; x_wconf 86' lang='lat' dir='ltr'>secundo,</span> <span class='ocrx_word' id='word_1_33' title='bbox 2037 329 2125 368; x_wconf 90' lang='lat' dir='ltr'>quod</span> <span class='ocrx_word' id='word_1_34' title='bbox 2147 328 2179 358; x_wconf 93' lang='lat' dir='ltr'>in</span> <span class='ocrx_word' id='word_1_35' title='bbox 2201 329 2262 359; x_wconf 90' lang='lat' dir='ltr'>hoc</span> <span class='ocrx_word' id='word_1_36' title='bbox 2295 336 2325 359; x_wconf 93' lang='lat' dir='ltr'>et</span> <span class='ocrx_word' id='word_1_37' title='bbox 2347 329 2500 360; x_wconf 87' lang='lat' dir='ltr'>similibus</span> 
     </span>
    </p>
   </div>
   <div class='ocr_carea' id='block_1_7' title="bbox 336 367 1399 936">
    <p class='ocr_par' dir='ltr' id='par_1_7' title="bbox 338 367 470 399">
     <span class='ocr_line' id='line_1_7' title="bbox 338 367 470 399; baseline -0.008 0"><span class='ocrx_word' id='word_1_38' title='bbox 338 367 428 399; x_wconf 87' lang='lat' dir='ltr'>dictis</span> <span class='ocrx_word' id='word_1_39' title='bbox 443 368 470 398; x_wconf 76' lang='lat'>*-</span> 
     </span>
    </p>

    <p class='ocr_par' dir='ltr' id='par_1_8' title="bbox 336 411 1399 936">
     <span class='ocr_line' id='line_1_8' title="bbox 336 411 1395 454; baseline 0.001 -12"><span class='ocrx_word' id='word_1_40' title='bbox 336 451 340 454; x_wconf 17' lang='grc' dir='ltr'><strong>ᾖ</strong></span> <span class='ocrx_word' id='word_1_41' title='bbox 395 412 448 443; x_wconf 84' lang='lat' dir='ltr'>lv.</span> <span class='ocrx_word' id='word_1_42' title='bbox 471 411 523 442; x_wconf 86' lang='lat' dir='ltr'>Ad</span> <span class='ocrx_word' id='word_1_43' title='bbox 545 412 607 443; x_wconf 90' lang='lat' dir='ltr'>hoc</span> <span class='ocrx_word' id='word_1_44' title='bbox 636 419 741 452; x_wconf 88' lang='lat' dir='ltr'>potest</span> <span class='ocrx_word' id='word_1_45' title='bbox 773 413 937 453; x_wconf 85' lang='lat' dir='ltr'>dupliciter</span> <span class='ocrx_word' id='word_1_46' title='bbox 960 414 1029 449; x_wconf 85' lang='lat' dir='ltr'>dici.</span> <span class='ocrx_word' id='word_1_47' title='bbox 1054 413 1160 444; x_wconf 90' lang='lat' dir='ltr'>Primo</span> <span class='ocrx_word' id='word_1_48' title='bbox 1191 414 1295 454; x_wconf 90' lang='lat' dir='ltr'>quod,</span> <span class='ocrx_word' id='word_1_49' title='bbox 1323 413 1395 444; x_wconf 89' lang='lat' dir='ltr'>licet</span> 
     </span>
     <span class='ocr_line' id='line_1_9' title="bbox 339 455 1395 497; baseline 0.001 -11"><span class='ocrx_word' id='word_1_50' title='bbox 339 458 428 486; x_wconf 81' lang='lat' dir='ltr'>actus</span> <span class='ocrx_word' id='word_1_51' title='bbox 447 455 550 486; x_wconf 86' lang='lat' dir='ltr'>malus</span> <span class='ocrx_word' id='word_1_52' title='bbox 567 455 661 486; x_wconf 84' lang='lat' dir='ltr'>etiam</span> <span class='ocrx_word' id='word_1_53' title='bbox 677 466 712 486; x_wconf 89' lang='lat' dir='ltr'>ex</span> <span class='ocrx_word' id='word_1_54' title='bbox 737 456 967 489; x_wconf 85' lang='lat' dir='ltr'>circumstantia</span> <span class='ocrx_word' id='word_1_55' title='bbox 991 458 1095 488; x_wconf 90' lang='lat' dir='ltr'>omnis</span> <span class='ocrx_word' id='word_1_56' title='bbox 1116 457 1196 494; x_wconf 92' lang='lat' dir='ltr'>finis,</span> <span class='ocrx_word' id='word_1_57' title='bbox 1214 467 1280 487; x_wconf 91' lang='lat' dir='ltr'>non</span> <span class='ocrx_word' id='word_1_58' title='bbox 1296 457 1395 497; x_wconf 89' lang='lat' dir='ltr'>possit</span> 
     </span>
     <span class='ocr_line' id='line_1_10' title="bbox 336 499 1395 537; baseline 0.001 -7"><span class='ocrx_word' id='word_1_59' title='bbox 336 499 477 530; x_wconf 81' lang='lat' dir='ltr'>ordinari</span> <span class='ocrx_word' id='word_1_60' title='bbox 505 499 537 529; x_wconf 89' lang='lat' dir='ltr'>in</span> <span class='ocrx_word' id='word_1_61' title='bbox 567 499 691 530; x_wconf 90' lang='lat' dir='ltr'>bonum</span> <span class='ocrx_word' id='word_1_62' title='bbox 718 499 829 537; x_wconf 90' lang='lat' dir='ltr'>finem;</span> <span class='ocrx_word' id='word_1_63' title='bbox 854 508 941 532; x_wconf 90' lang='lat' dir='ltr'>actus</span> <span class='ocrx_word' id='word_1_64' title='bbox 968 509 1074 532; x_wconf 90' lang='lat' dir='ltr'>tamen</span> <span class='ocrx_word' id='word_1_65' title='bbox 1102 502 1204 532; x_wconf 89' lang='lat' dir='ltr'>malus</span> <span class='ocrx_word' id='word_1_66' title='bbox 1233 501 1327 531; x_wconf 88' lang='lat' dir='ltr'>etiam</span> <span class='ocrx_word' id='word_1_67' title='bbox 1359 511 1395 531; x_wconf 88' lang='lat' dir='ltr'>ex</span> 
     </span>
     <span class='ocr_line' id='line_1_11' title="bbox 342 543 1396 584; baseline 0.001 -11"><span class='ocrx_word' id='word_1_68' title='bbox 342 543 573 574; x_wconf 78' lang='lat' dir='ltr'>circumstantia</span> <span class='ocrx_word' id='word_1_69' title='bbox 597 543 677 580; x_wconf 87' lang='lat' dir='ltr'>finis,</span> <span class='ocrx_word' id='word_1_70' title='bbox 697 550 802 584; x_wconf 90' lang='lat' dir='ltr'>potest</span> <span class='ocrx_word' id='word_1_71' title='bbox 825 545 961 575; x_wconf 87' lang='lat' dir='ltr'>ordinari</span> <span class='ocrx_word' id='word_1_72' title='bbox 979 546 1011 575; x_wconf 92' lang='lat' dir='ltr'>in</span> <span class='ocrx_word' id='word_1_73' title='bbox 1034 545 1131 576; x_wconf 88' lang='lat' dir='ltr'>finem</span> <span class='ocrx_word' id='word_1_74' title='bbox 1153 546 1286 576; x_wconf 90' lang='lat' dir='ltr'>bonum.</span> <span class='ocrx_word' id='word_1_75' title='bbox 1302 545 1396 576; x_wconf 88' lang='lat' dir='ltr'>Verbi</span> 
     </span>
     <span class='ocr_line' id='line_1_12' title="bbox 341 587 1396 630; baseline 0.001 -12"><span class='ocrx_word' id='word_1_76' title='bbox 341 588 456 628; x_wconf 80' lang='lat' dir='ltr'>gratia,</span> <span class='ocrx_word' id='word_1_77' title='bbox 475 587 622 619; x_wconf 83' lang='lat' dir='ltr'>fornicari</span> <span class='ocrx_word' id='word_1_78' title='bbox 637 595 766 628; x_wconf 88' lang='lat' dir='ltr'>propter</span> <span class='ocrx_word' id='word_1_79' title='bbox 782 588 886 625; x_wconf 86' lang='lat' dir='ltr'>furari,</span> <span class='ocrx_word' id='word_1_80' title='bbox 903 596 1031 629; x_wconf 88' lang='lat' dir='ltr'>propter</span> <span class='ocrx_word' id='word_1_81' title='bbox 1045 589 1216 630; x_wconf 88' lang='lat' dir='ltr'>prodigum</span> <span class='ocrx_word' id='word_1_82' title='bbox 1232 599 1307 625; x_wconf 85' lang='lat' dir='ltr'>esse,</span> <span class='ocrx_word' id='word_1_83' title='bbox 1324 599 1396 629; x_wconf 89' lang='lat' dir='ltr'>pro-</span> 
     </span>
     <span class='ocr_line' id='line_1_13' title="bbox 341 631 1396 673; baseline 0 -11"><span class='ocrx_word' id='word_1_84' title='bbox 341 638 412 672; x_wconf 89' lang='lat' dir='ltr'>pter</span> <span class='ocrx_word' id='word_1_85' title='bbox 434 631 674 672; x_wconf 80' lang='lat' dir='ltr'>usurpationem</span> <span class='ocrx_word' id='word_1_86' title='bbox 697 638 805 668; x_wconf 89' lang='lat' dir='ltr'>status,</span> <span class='ocrx_word' id='word_1_87' title='bbox 829 641 957 673; x_wconf 90' lang='lat' dir='ltr'>propter</span> <span class='ocrx_word' id='word_1_88' title='bbox 979 633 1151 664; x_wconf 88' lang='lat' dir='ltr'>vindictam</span> <span class='ocrx_word' id='word_1_89' title='bbox 1174 633 1396 668; x_wconf 85' lang='lat' dir='ltr'>exercendam,</span> 
     </span>
     <span class='ocr_line' id='line_1_14' title="bbox 343 675 1396 718; baseline 0 -12"><span class='ocrx_word' id='word_1_90' title='bbox 343 682 374 706; x_wconf 92' lang='lat' dir='ltr'>et</span> <span class='ocrx_word' id='word_1_91' title='bbox 396 675 440 706; x_wconf 88' lang='lat' dir='ltr'>sic</span> <span class='ocrx_word' id='word_1_92' title='bbox 461 675 618 715; x_wconf 76' lang='lat' dir='ltr'>deincePS‚</span> <span class='ocrx_word' id='word_1_93' title='bbox 635 676 780 706; x_wconf 89' lang='lat' dir='ltr'>addendo</span> <span class='ocrx_word' id='word_1_94' title='bbox 796 675 893 707; x_wconf 88' lang='lat' dir='ltr'>finem</span> <span class='ocrx_word' id='word_1_95' title='bbox 915 676 970 707; x_wconf 88' lang='lat' dir='ltr'>fini</span> <span class='ocrx_word' id='word_1_96' title='bbox 986 687 1109 718; x_wconf 90' lang='lat' dir='ltr'>semper</span> <span class='ocrx_word' id='word_1_97' title='bbox 1132 677 1262 713; x_wconf 89' lang='lat' dir='ltr'>malum,</span> <span class='ocrx_word' id='word_1_98' title='bbox 1278 677 1396 716; x_wconf 88' lang='lat' dir='ltr'>impos-</span> 
     </span>
     <span class='ocr_line' id='line_1_15' title="bbox 342 718 1395 752; baseline 0.001 -3"><span class='ocrx_word' id='word_1_99' title='bbox 342 718 430 750; x_wconf 87' lang='lat' dir='ltr'>sibile</span> <span class='ocrx_word' id='word_1_100' title='bbox 447 725 493 750; x_wconf 88' lang='lat' dir='ltr'>est</span> <span class='ocrx_word' id='word_1_101' title='bbox 516 719 652 750; x_wconf 87' lang='lat' dir='ltr'>ordinari</span> <span class='ocrx_word' id='word_1_102' title='bbox 669 720 701 750; x_wconf 91' lang='lat' dir='ltr'>in</span> <span class='ocrx_word' id='word_1_103' title='bbox 717 721 855 750; x_wconf 90' lang='lat' dir='ltr'>bonurn:</span> <span class='ocrx_word' id='word_1_104' title='bbox 882 728 962 751; x_wconf 90' lang='lat' dir='ltr'>esset</span> <span class='ocrx_word' id='word_1_105' title='bbox 978 721 1062 751; x_wconf 90' lang='lat' dir='ltr'>enim</span> <span class='ocrx_word' id='word_1_106' title='bbox 1085 721 1187 752; x_wconf 88' lang='lat' dir='ltr'>malus</span> <span class='ocrx_word' id='word_1_107' title='bbox 1204 731 1241 751; x_wconf 86' lang='lat' dir='ltr'>ex</span> <span class='ocrx_word' id='word_1_108' title='bbox 1264 719 1395 751; x_wconf 91' lang='lat' dir='ltr'>circum-</span> 
     </span>
     <span class='ocr_line' id='line_1_16' title="bbox 344 762 1399 805; baseline 0 -12"><span class='ocrx_word' id='word_1_109' title='bbox 344 762 457 794; x_wconf 81' lang='lat' dir='ltr'>stantia</span> <span class='ocrx_word' id='word_1_110' title='bbox 479 763 583 793; x_wconf 90' lang='lat' dir='ltr'>omnis</span> <span class='ocrx_word' id='word_1_111' title='bbox 606 762 688 800; x_wconf 91' lang='lat' dir='ltr'>finis,</span> <span class='ocrx_word' id='word_1_112' title='bbox 709 770 739 794; x_wconf 92' lang='lat' dir='ltr'>et</span> <span class='ocrx_word' id='word_1_113' title='bbox 762 763 805 794; x_wconf 87' lang='lat' dir='ltr'>sic</span> <span class='ocrx_word' id='word_1_114' title='bbox 828 771 908 795; x_wconf 89' lang='lat' dir='ltr'>esset</span> <span class='ocrx_word' id='word_1_115' title='bbox 930 765 1101 805; x_wconf 83' lang='lat' dir='ltr'>implicatio</span> <span class='ocrx_word' id='word_1_116' title='bbox 1124 765 1158 795; x_wconf 91' lang='lat' dir='ltr'>in</span> <span class='ocrx_word' id='word_1_117' title='bbox 1181 765 1312 795; x_wconf 83' lang='lat' dir='ltr'>adiecto.</span> <span class='ocrx_word' id='word_1_118' title='bbox 1337 764 1399 794; x_wconf 90' lang='lat' dir='ltr'>Sed</span> 
     </span>
     <span class='ocr_line' id='line_1_17' title="bbox 343 806 1398 848; baseline 0.001 -12"><span class='ocrx_word' id='word_1_119' title='bbox 343 806 489 837; x_wconf 89' lang='lat' dir='ltr'>fornicari</span> <span class='ocrx_word' id='word_1_120' title='bbox 504 813 634 847; x_wconf 88' lang='lat' dir='ltr'>propter</span> <span class='ocrx_word' id='word_1_121' title='bbox 649 807 753 844; x_wconf 89' lang='lat' dir='ltr'>furari,</span> <span class='ocrx_word' id='word_1_122' title='bbox 770 809 914 848; x_wconf 85' lang='lat' dir='ltr'>quamvis</span> <span class='ocrx_word' id='word_1_123' title='bbox 937 809 977 839; x_wconf 91' lang='lat' dir='ltr'>sit</span> <span class='ocrx_word' id='word_1_124' title='bbox 999 816 1086 839; x_wconf 89' lang='lat' dir='ltr'>actus</span> <span class='ocrx_word' id='word_1_125' title='bbox 1102 809 1204 839; x_wconf 76' lang='lat' dir='ltr'>malus</span> <span class='ocrx_word' id='word_1_126' title='bbox 1227 818 1264 838; x_wconf 83' lang='lat' dir='ltr'>ex</span> <span class='ocrx_word' id='word_1_127' title='bbox 1286 817 1398 847; x_wconf 85' lang='lat' dir='ltr'>genere</span> 
     </span>
     <span class='ocr_line' id='line_1_18' title="bbox 344 850 1399 891; baseline 0.001 -11"><span class='ocrx_word' id='word_1_128' title='bbox 344 856 375 880; x_wconf 92' lang='lat' dir='ltr'>et</span> <span class='ocrx_word' id='word_1_129' title='bbox 387 850 619 882; x_wconf 85' lang='lat' dir='ltr'>circumstantia</span> <span class='ocrx_word' id='word_1_130' title='bbox 633 851 713 887; x_wconf 91' lang='lat' dir='ltr'>finis,</span> <span class='ocrx_word' id='word_1_131' title='bbox 731 859 835 891; x_wconf 88' lang='lat' dir='ltr'>potest</span> <span class='ocrx_word' id='word_1_132' title='bbox 851 860 956 883; x_wconf 91' lang='lat' dir='ltr'>tamen</span> <span class='ocrx_word' id='word_1_133' title='bbox 976 853 1112 883; x_wconf 91' lang='lat' dir='ltr'>ordinari</span> <span class='ocrx_word' id='word_1_134' title='bbox 1127 853 1160 882; x_wconf 91' lang='lat' dir='ltr'>in</span> <span class='ocrx_word' id='word_1_135' title='bbox 1177 853 1309 887; x_wconf 90' lang='lat' dir='ltr'>bonum,</span> <span class='ocrx_word' id='word_1_136' title='bbox 1327 861 1399 891; x_wconf 92' lang='lat' dir='ltr'>pro-</span> 
     </span>
     <span class='ocr_line' id='line_1_19' title="bbox 343 894 840 936; baseline 0.004 -12"><span class='ocrx_word' id='word_1_137' title='bbox 343 900 413 934; x_wconf 87' lang='lat' dir='ltr'>pter</span> <span class='ocrx_word' id='word_1_138' title='bbox 436 894 671 936; x_wconf 81' lang='lat' dir='ltr'>eleemosynam</span> <span class='ocrx_word' id='word_1_139' title='bbox 695 896 840 926; x_wconf 86' lang='lat' dir='ltr'>dandam.</span> 
     </span>
    </p>
   </div>
   <div class='ocr_carea' id='block_1_8' title="bbox 343 938 1399 1024">
    <p class='ocr_par' dir='ltr' id='par_1_9' title="bbox 343 938 1399 1024">
     <span class='ocr_line' id='line_1_20' title="bbox 397 938 1399 979; baseline 0 -11"><span class='ocrx_word' id='word_1_140' title='bbox 397 938 459 968; x_wconf 91' lang='lat' dir='ltr'>Sed</span> <span class='ocrx_word' id='word_1_141' title='bbox 473 939 549 979; x_wconf 90' lang='lat' dir='ltr'>quia</span> <span class='ocrx_word' id='word_1_142' title='bbox 565 939 796 971; x_wconf 86' lang='lat' dir='ltr'>circumstantia</span> <span class='ocrx_word' id='word_1_143' title='bbox 812 939 883 970; x_wconf 90' lang='lat' dir='ltr'>finis</span> <span class='ocrx_word' id='word_1_144' title='bbox 899 950 964 970; x_wconf 92' lang='lat' dir='ltr'>non</span> <span class='ocrx_word' id='word_1_145' title='bbox 980 946 1114 970; x_wconf 90' lang='lat' dir='ltr'>arctatur</span> <span class='ocrx_word' id='word_1_146' title='bbox 1127 938 1226 979; x_wconf 87' lang='lat' dir='ltr'>magis</span> <span class='ocrx_word' id='word_1_147' title='bbox 1242 939 1282 969; x_wconf 89' lang='lat' dir='ltr'>ad</span> <span class='ocrx_word' id='word_1_148' title='bbox 1297 948 1399 968; x_wconf 92' lang='lat' dir='ltr'>unum</span> 
     </span>
     <span class='ocr_line' id='line_1_21' title="bbox 343 981 1398 1024; baseline 0 -12"><span class='ocrx_word' id='word_1_149' title='bbox 343 981 441 1012; x_wconf 90' lang='lat' dir='ltr'>finem</span> <span class='ocrx_word' id='word_1_150' title='bbox 467 993 564 1024; x_wconf 90' lang='lat' dir='ltr'>quam</span> <span class='ocrx_word' id='word_1_151' title='bbox 594 983 714 1024; x_wconf 85' lang='lat' dir='ltr'>plures,</span> <span class='ocrx_word' id='word_1_152' title='bbox 750 991 805 1014; x_wconf 90' lang='lat' dir='ltr'>aut</span> <span class='ocrx_word' id='word_1_153' title='bbox 834 984 940 1024; x_wconf 88' lang='lat' dir='ltr'>plures</span> <span class='ocrx_word' id='word_1_154' title='bbox 965 993 1063 1024; x_wconf 89' lang='lat' dir='ltr'>quam</span> <span class='ocrx_word' id='word_1_155' title='bbox 1090 993 1202 1013; x_wconf 91' lang='lat' dir='ltr'>omnes</span> <span class='ocrx_word' id='word_1_156' title='bbox 1233 982 1398 1023; x_wconf 90' lang='lat' dir='ltr'>possibiles</span> 
     </span>
    </p>
   </div>
   <div class='ocr_carea' id='block_1_9' title="bbox 1450 369 2504 1019">
    <p class='ocr_par' dir='ltr' id='par_1_10' title="bbox 1450 369 2504 1019">
     <span class='ocr_line' id='line_1_22' title="bbox 1450 369 2500 410; baseline 0.005 -11"><span class='ocrx_word' id='word_1_157' title='bbox 1450 369 1649 400; x_wconf 87' lang='lat' dir='ltr'>sermonibus</span> <span class='ocrx_word' id='word_1_158' title='bbox 1674 369 1915 410; x_wconf 88' lang='lat' dir='ltr'>intelligendum</span> <span class='ocrx_word' id='word_1_159' title='bbox 1931 377 1977 400; x_wconf 89' lang='lat' dir='ltr'>est</span> <span class='ocrx_word' id='word_1_160' title='bbox 1992 371 2030 400; x_wconf 93' lang='lat' dir='ltr'>de</span> <span class='ocrx_word' id='word_1_161' title='bbox 2047 371 2283 402; x_wconf 87' lang='lat' dir='ltr'>circumstantiis</span> <span class='ocrx_word' id='word_1_162' title='bbox 2303 374 2500 404; x_wconf 90' lang='lat' dir='ltr'>manentibus</span> 
     </span>
     <span class='ocr_line' id='line_1_23' title="bbox 1450 413 2500 453; baseline 0.004 -10"><span class='ocrx_word' id='word_1_163' title='bbox 1450 424 1528 453; x_wconf 89' lang='lat' dir='ltr'>pure</span> <span class='ocrx_word' id='word_1_164' title='bbox 1552 413 1802 450; x_wconf 82' lang='lat' dir='ltr'>circumstantiis,</span> <span class='ocrx_word' id='word_1_165' title='bbox 1820 420 1851 444; x_wconf 88' lang='lat' dir='ltr'>et</span> <span class='ocrx_word' id='word_1_166' title='bbox 1866 424 1932 444; x_wconf 89' lang='lat' dir='ltr'>non</span> <span class='ocrx_word' id='word_1_167' title='bbox 1955 415 1993 444; x_wconf 94' lang='lat' dir='ltr'>de</span> <span class='ocrx_word' id='word_1_168' title='bbox 2010 414 2247 446; x_wconf 87' lang='lat' dir='ltr'>circumstantiis</span> <span class='ocrx_word' id='word_1_169' title='bbox 2270 417 2500 447; x_wconf 88' lang='lat' dir='ltr'>transeuntibus</span> 
     </span>
     <span class='ocr_line' id='line_1_24' title="bbox 1450 457 2500 497; baseline 0.003 -10"><span class='ocrx_word' id='word_1_170' title='bbox 1450 457 1483 487; x_wconf 90' lang='lat' dir='ltr'>in</span> <span class='ocrx_word' id='word_1_171' title='bbox 1506 457 1715 497; x_wconf 88' lang='lat' dir='ltr'>specificantia</span> <span class='ocrx_word' id='word_1_172' title='bbox 1731 464 1848 488; x_wconf 87' lang='lat' dir='ltr'>actum.</span> <span class='ocrx_word' id='word_1_173' title='bbox 1865 458 1968 496; x_wconf 88' lang='lat' dir='ltr'>Unde,</span> <span class='ocrx_word' id='word_1_174' title='bbox 1985 468 2057 488; x_wconf 90' lang='lat' dir='ltr'>cum</span> <span class='ocrx_word' id='word_1_175' title='bbox 2074 458 2303 489; x_wconf 87' lang='lat' dir='ltr'>circumstantia</span> <span class='ocrx_word' id='word_1_176' title='bbox 2317 459 2387 490; x_wconf 88' lang='lat' dir='ltr'>finis</span> <span class='ocrx_word' id='word_1_177' title='bbox 2403 467 2500 490; x_wconf 91' lang='lat' dir='ltr'>trans-</span> 
     </span>
     <span class='ocr_line' id='line_1_25' title="bbox 1452 501 2501 541; baseline 0.003 -10"><span class='ocrx_word' id='word_1_178' title='bbox 1452 508 1500 532; x_wconf 87' lang='lat' dir='ltr'>eat</span> <span class='ocrx_word' id='word_1_179' title='bbox 1523 501 1555 531; x_wconf 93' lang='lat' dir='ltr'>in</span> <span class='ocrx_word' id='word_1_180' title='bbox 1573 501 1753 541; x_wconf 91' lang='lat' dir='ltr'>specificans</span> <span class='ocrx_word' id='word_1_181' title='bbox 1770 509 1885 537; x_wconf 91' lang='lat' dir='ltr'>actum,</span> <span class='ocrx_word' id='word_1_182' title='bbox 1910 508 1946 531; x_wconf 92' lang='lat' dir='ltr'>ut</span> <span class='ocrx_word' id='word_1_183' title='bbox 1968 501 2000 531; x_wconf 90' lang='lat' dir='ltr'>in</span> <span class='ocrx_word' id='word_1_184' title='bbox 2020 509 2106 532; x_wconf 88' lang='lat' dir='ltr'>sexto</span> <span class='ocrx_word' id='word_1_185' title='bbox 2130 502 2260 533; x_wconf 86' lang='lat' dir='ltr'>articulo</span> <span class='ocrx_word' id='word_1_186' title='bbox 2275 504 2396 533; x_wconf 88' lang='lat' dir='ltr'>Auctor</span> <span class='ocrx_word' id='word_1_187' title='bbox 2411 504 2501 534; x_wconf 89' lang='lat' dir='ltr'>docet</span> 
     </span>
     <span class='ocr_line' id='line_1_26' title="bbox 1450 545 2501 586; baseline 0.002 -11"><span class='ocrx_word' id='word_1_188' title='bbox 1450 545 1590 582; x_wconf 88' lang='lat' dir='ltr'>inferius,</span> <span class='ocrx_word' id='word_1_189' title='bbox 1610 555 1805 586; x_wconf 88' lang='lat' dir='ltr'>consequens</span> <span class='ocrx_word' id='word_1_190' title='bbox 1822 552 1868 576; x_wconf 91' lang='lat' dir='ltr'>est</span> <span class='ocrx_word' id='word_1_191' title='bbox 1883 545 1981 586; x_wconf 84' lang='lat' dir='ltr'>quod,</span> <span class='ocrx_word' id='word_1_192' title='bbox 2006 555 2079 576; x_wconf 90' lang='lat' dir='ltr'>cum</span> <span class='ocrx_word' id='word_1_193' title='bbox 2095 545 2207 576; x_wconf 90' lang='lat' dir='ltr'>dicitur</span> <span class='ocrx_word' id='word_1_194' title='bbox 2232 547 2320 586; x_wconf 91' lang='lat' dir='ltr'>quod</span> <span class='ocrx_word' id='word_1_195' title='bbox 2342 554 2427 577; x_wconf 88' lang='lat' dir='ltr'>actus</span> <span class='ocrx_word' id='word_1_196' title='bbox 2446 547 2501 577; x_wconf 90' lang='lat' dir='ltr'>bo-</span> 
     </span>
     <span class='ocr_line' id='line_1_27' title="bbox 1452 589 2502 629; baseline 0.002 -11"><span class='ocrx_word' id='word_1_197' title='bbox 1452 599 1512 619; x_wconf 90' lang='lat' dir='ltr'>nus</span> <span class='ocrx_word' id='word_1_198' title='bbox 1535 599 1572 619; x_wconf 85' lang='lat' dir='ltr'>ex</span> <span class='ocrx_word' id='word_1_199' title='bbox 1594 599 1706 628; x_wconf 88' lang='lat' dir='ltr'>genere</span> <span class='ocrx_word' id='word_1_200' title='bbox 1730 595 1761 619; x_wconf 92' lang='lat' dir='ltr'>et</span> <span class='ocrx_word' id='word_1_201' title='bbox 1784 589 2032 626; x_wconf 85' lang='lat' dir='ltr'>circumstantiis,</span> <span class='ocrx_word' id='word_1_202' title='bbox 2049 596 2154 629; x_wconf 91' lang='lat' dir='ltr'>potest</span> <span class='ocrx_word' id='word_1_203' title='bbox 2169 590 2304 620; x_wconf 88' lang='lat' dir='ltr'>ordinari</span> <span class='ocrx_word' id='word_1_204' title='bbox 2326 589 2359 620; x_wconf 89' lang='lat' dir='ltr'>in</span> <span class='ocrx_word' id='word_1_205' title='bbox 2382 591 2502 620; x_wconf 88' lang='lat' dir='ltr'>malum</span> 
     </span>
     <span class='ocr_line' id='line_1_28' title="bbox 1451 632 2504 672; baseline 0.002 -10"><span class='ocrx_word' id='word_1_206' title='bbox 1451 632 1562 669; x_wconf 84' lang='lat' dir='ltr'>finem,</span> <span class='ocrx_word' id='word_1_207' title='bbox 1587 633 1769 672; x_wconf 87' lang='lat' dir='ltr'>intelligitur</span> <span class='ocrx_word' id='word_1_208' title='bbox 1792 633 1830 664; x_wconf 87' lang='lat' dir='ltr'>de</span> <span class='ocrx_word' id='word_1_209' title='bbox 1854 633 2092 664; x_wconf 89' lang='lat' dir='ltr'>circumstantiis</span> <span class='ocrx_word' id='word_1_210' title='bbox 2115 643 2181 664; x_wconf 92' lang='lat' dir='ltr'>non</span> <span class='ocrx_word' id='word_1_211' title='bbox 2205 633 2434 664; x_wconf 81' lang='lat' dir='ltr'>transeuntibus</span> <span class='ocrx_word' id='word_1_212' title='bbox 2456 644 2504 664; x_wconf 91' lang='lat' dir='ltr'>re-</span> 
     </span>
     <span class='ocr_line' id='line_1_29' title="bbox 1453 676 2501 717; baseline 0.002 -11"><span class='ocrx_word' id='word_1_213' title='bbox 1453 683 1561 716; x_wconf 89' lang='lat' dir='ltr'>spectu</span> <span class='ocrx_word' id='word_1_214' title='bbox 1585 677 1727 707; x_wconf 91' lang='lat' dir='ltr'>eiusdem</span> <span class='ocrx_word' id='word_1_215' title='bbox 1750 683 1836 708; x_wconf 87' lang='lat' dir='ltr'>actus</span> <span class='ocrx_word' id='word_1_216' title='bbox 1851 677 1884 708; x_wconf 90' lang='lat' dir='ltr'>in</span> <span class='ocrx_word' id='word_1_217' title='bbox 1907 676 2105 717; x_wconf 87' lang='lat' dir='ltr'>specificans:</span> <span class='ocrx_word' id='word_1_218' title='bbox 2131 685 2161 708; x_wconf 92' lang='lat' dir='ltr'>et</span> <span class='ocrx_word' id='word_1_219' title='bbox 2184 677 2324 708; x_wconf 89' lang='lat' dir='ltr'>similiter</span> <span class='ocrx_word' id='word_1_220' title='bbox 2346 678 2384 708; x_wconf 90' lang='lat' dir='ltr'>de</span> <span class='ocrx_word' id='word_1_221' title='bbox 2407 678 2501 709; x_wconf 86' lang='lat' dir='ltr'>malo.</span> 
     </span>
     <span class='ocr_line' id='line_1_30' title="bbox 1452 720 2503 762; baseline 0.003 -13"><span class='ocrx_word' id='word_1_222' title='bbox 1452 720 1493 750; x_wconf 92' lang='lat' dir='ltr'>Et</span> <span class='ocrx_word' id='word_1_223' title='bbox 1509 720 1552 750; x_wconf 93' lang='lat' dir='ltr'>sic</span> <span class='ocrx_word' id='word_1_224' title='bbox 1568 727 1665 751; x_wconf 90' lang='lat' dir='ltr'>cessat</span> <span class='ocrx_word' id='word_1_225' title='bbox 1681 720 1828 751; x_wconf 91' lang='lat' dir='ltr'>obiectio.</span> <span class='ocrx_word' id='word_1_226' title='bbox 1846 721 1930 759; x_wconf 84' lang='lat' dir='ltr'>Quia</span> <span class='ocrx_word' id='word_1_227' title='bbox 1947 720 2018 751; x_wconf 88' lang='lat' dir='ltr'>finis</span> <span class='ocrx_word' id='word_1_228' title='bbox 2034 721 2089 762; x_wconf 90' lang='lat' dir='ltr'>qui</span> <span class='ocrx_word' id='word_1_229' title='bbox 2106 728 2152 752; x_wconf 89' lang='lat' dir='ltr'>est</span> <span class='ocrx_word' id='word_1_230' title='bbox 2168 721 2398 752; x_wconf 87' lang='lat' dir='ltr'>circumstantia</span> <span class='ocrx_word' id='word_1_231' title='bbox 2418 728 2503 752; x_wconf 89' lang='lat' dir='ltr'>actus</span> 
     </span>
     <span class='ocr_line' id='line_1_31' title="bbox 1454 764 2503 806; baseline 0.002 -13"><span class='ocrx_word' id='word_1_232' title='bbox 1454 764 1612 794; x_wconf 86' lang='lat' dir='ltr'>exterioris</span> <span class='ocrx_word' id='word_1_233' title='bbox 1635 765 1811 794; x_wconf 90' lang='lat' dir='ltr'>secundum</span> <span class='ocrx_word' id='word_1_234' title='bbox 1834 774 1881 801; x_wconf 82' lang='lat' dir='ltr'>se,</span> <span class='ocrx_word' id='word_1_235' title='bbox 1906 765 2015 796; x_wconf 87' lang='lat' dir='ltr'>transit</span> <span class='ocrx_word' id='word_1_236' title='bbox 2037 765 2070 795; x_wconf 93' lang='lat' dir='ltr'>in</span> <span class='ocrx_word' id='word_1_237' title='bbox 2093 764 2292 806; x_wconf 86' lang='lat' dir='ltr'>specificans:</span> <span class='ocrx_word' id='word_1_238' title='bbox 2313 771 2344 795; x_wconf 91' lang='lat' dir='ltr'>et</span> <span class='ocrx_word' id='word_1_239' title='bbox 2373 764 2416 795; x_wconf 90' lang='lat' dir='ltr'>sic</span> <span class='ocrx_word' id='word_1_240' title='bbox 2439 775 2503 795; x_wconf 91' lang='lat' dir='ltr'>non</span> 
     </span>
     <span class='ocr_line' id='line_1_32' title="bbox 1454 807 2504 849; baseline 0.001 -12"><span class='ocrx_word' id='word_1_241' title='bbox 1454 807 1606 847; x_wconf 88' lang='lat' dir='ltr'>excipitur</span> <span class='ocrx_word' id='word_1_242' title='bbox 1627 807 1699 838; x_wconf 88' lang='lat' dir='ltr'>finis</span> <span class='ocrx_word' id='word_1_243' title='bbox 1726 809 1764 838; x_wconf 84' lang='lat' dir='ltr'>ab</span> <span class='ocrx_word' id='word_1_244' title='bbox 1787 808 1868 844; x_wconf 87' lang='lat' dir='ltr'>aliis,</span> <span class='ocrx_word' id='word_1_245' title='bbox 1890 809 1964 849; x_wconf 86' lang='lat' dir='ltr'>quia</span> <span class='ocrx_word' id='word_1_246' title='bbox 1988 809 2233 845; x_wconf 86' lang='lat' dir='ltr'>circumstantia;</span> <span class='ocrx_word' id='word_1_247' title='bbox 2257 809 2312 839; x_wconf 88' lang='lat' dir='ltr'>sed</span> <span class='ocrx_word' id='word_1_248' title='bbox 2334 809 2409 849; x_wconf 88' lang='lat' dir='ltr'>quia</span> <span class='ocrx_word' id='word_1_249' title='bbox 2439 819 2504 839; x_wconf 89' lang='lat' dir='ltr'>non</span> 
     </span>
     <span class='ocr_line' id='line_1_33' title="bbox 1453 851 2504 893; baseline 0.002 -13"><span class='ocrx_word' id='word_1_250' title='bbox 1453 858 1561 881; x_wconf 88' lang='lat' dir='ltr'>manet</span> <span class='ocrx_word' id='word_1_251' title='bbox 1589 851 1622 881; x_wconf 91' lang='lat' dir='ltr'>in</span> <span class='ocrx_word' id='word_1_252' title='bbox 1645 861 1702 881; x_wconf 90' lang='lat' dir='ltr'>sua</span> <span class='ocrx_word' id='word_1_253' title='bbox 1725 852 1874 891; x_wconf 89' lang='lat' dir='ltr'>puritate,</span> <span class='ocrx_word' id='word_1_254' title='bbox 1900 853 1954 882; x_wconf 91' lang='lat' dir='ltr'>sed</span> <span class='ocrx_word' id='word_1_255' title='bbox 1977 853 2085 883; x_wconf 88' lang='lat' dir='ltr'>transit</span> <span class='ocrx_word' id='word_1_256' title='bbox 2107 853 2140 883; x_wconf 91' lang='lat' dir='ltr'>in</span> <span class='ocrx_word' id='word_1_257' title='bbox 2168 852 2358 893; x_wconf 88' lang='lat' dir='ltr'>specificans.</span> <span class='ocrx_word' id='word_1_258' title='bbox 2382 853 2422 882; x_wconf 91' lang='lat' dir='ltr'>Et</span> <span class='ocrx_word' id='word_1_259' title='bbox 2444 853 2504 882; x_wconf 92' lang='lat' dir='ltr'>hoc</span> 
     </span>
     <span class='ocr_line' id='line_1_34' title="bbox 1455 895 2504 937; baseline 0.002 -13"><span class='ocrx_word' id='word_1_260' title='bbox 1455 901 1581 934; x_wconf 93' lang='lat' dir='ltr'>oportet</span> <span class='ocrx_word' id='word_1_261' title='bbox 1610 895 1688 925; x_wconf 90' lang='lat' dir='ltr'>bene</span> <span class='ocrx_word' id='word_1_262' title='bbox 1716 902 1842 932; x_wconf 81' lang='lat' dir='ltr'>notare,</span> <span class='ocrx_word' id='word_1_263' title='bbox 1865 903 1894 926; x_wconf 94' lang='lat' dir='ltr'>et</span> <span class='ocrx_word' id='word_1_264' title='bbox 1917 897 2052 927; x_wconf 92' lang='lat' dir='ltr'>recolere</span> <span class='ocrx_word' id='word_1_265' title='bbox 2079 896 2112 927; x_wconf 86' lang='lat' dir='ltr'>in</span> <span class='ocrx_word' id='word_1_266' title='bbox 2140 896 2361 937; x_wconf 88' lang='lat' dir='ltr'>sequentibus,</span> <span class='ocrx_word' id='word_1_267' title='bbox 2385 896 2438 926; x_wconf 91' lang='lat' dir='ltr'>ubi</span> <span class='ocrx_word' id='word_1_268' title='bbox 2467 897 2504 926; x_wconf 92' lang='lat' dir='ltr'>de</span> 
     </span>
     <span class='ocr_line' id='line_1_35' title="bbox 1456 939 2504 980; baseline 0.002 -12"><span class='ocrx_word' id='word_1_269' title='bbox 1456 939 1577 969; x_wconf 89' lang='lat' dir='ltr'>duabus</span> <span class='ocrx_word' id='word_1_270' title='bbox 1600 939 1790 970; x_wconf 91' lang='lat' dir='ltr'>bonitatibus</span> <span class='ocrx_word' id='word_1_271' title='bbox 1807 940 1987 977; x_wconf 89' lang='lat' dir='ltr'>moralibus,</span> <span class='ocrx_word' id='word_1_272' title='bbox 2013 941 2128 971; x_wconf 87' lang='lat' dir='ltr'>scilicet</span> <span class='ocrx_word' id='word_1_273' title='bbox 2148 951 2184 971; x_wconf 84' lang='lat' dir='ltr'>ex</span> <span class='ocrx_word' id='word_1_274' title='bbox 2206 940 2277 976; x_wconf 93' lang='lat' dir='ltr'>fine,</span> <span class='ocrx_word' id='word_1_275' title='bbox 2298 947 2379 970; x_wconf 84' lang='lat' dir='ltr'>etex</span> <span class='ocrx_word' id='word_1_276' title='bbox 2393 950 2504 980; x_wconf 89' lang='lat' dir='ltr'>genere</span> 
     </span>
     <span class='ocr_line' id='line_1_36' title="bbox 1455 982 2009 1019; baseline 0.004 -7"><span class='ocrx_word' id='word_1_277' title='bbox 1455 992 1490 1013; x_wconf 86' lang='lat' dir='ltr'>ac</span> <span class='ocrx_word' id='word_1_278' title='bbox 1513 982 1761 1019; x_wconf 89' lang='lat' dir='ltr'>circumstantiis,</span> <span class='ocrx_word' id='word_1_279' title='bbox 1786 983 1841 1014; x_wconf 88' lang='lat' dir='ltr'>erit</span> <span class='ocrx_word' id='word_1_280' title='bbox 1865 994 1967 1014; x_wconf 90' lang='lat' dir='ltr'>sermo</span> <span class='ocrx_word' id='word_1_281' title='bbox 1982 984 2009 1014; x_wconf 84' lang='lat'>*.</span> 
     </span>
    </p>
   </div>
   <div class='ocr_carea' id='block_1_10' title="bbox 666 1126 2193 1250">
    <p class='ocr_par' dir='ltr' id='par_1_11' title="bbox 666 1126 2193 1250">
     <span class='ocr_line' id='line_1_37' title="bbox 1130 1126 1728 1176; baseline 0 -9"><span class='ocrx_word' id='word_1_282' title='bbox 1130 1126 1444 1167; x_wconf 89' lang='lat' dir='ltr'>ARTICULUS</span> <span class='ocrx_word' id='word_1_283' title='bbox 1476 1126 1728 1176; x_wconf 89' lang='lat' dir='ltr'>QUINTUS</span> 
     </span>
     <span class='ocr_line' id='line_1_38' title="bbox 666 1212 2193 1250; baseline 0 -6"><span class='ocrx_word' id='word_1_284' title='bbox 666 1214 821 1244; x_wconf 85' lang='lat' dir='ltr'><strong>UTRUM</strong></span> <span class='ocrx_word' id='word_1_285' title='bbox 845 1213 1009 1250; x_wconf 84' lang='lat' dir='ltr'><strong>ALIQUA</strong></span> <span class='ocrx_word' id='word_1_286' title='bbox 1031 1213 1165 1244; x_wconf 84' lang='lat' dir='ltr'>ACTIO</span> <span class='ocrx_word' id='word_1_287' title='bbox 1189 1212 1377 1244; x_wconf 82' lang='grc' dir='ltr'>ΗυΜΑΝΑ</span> <span class='ocrx_word' id='word_1_288' title='bbox 1401 1214 1467 1244; x_wconf 86' lang='lat' dir='ltr'>SIT</span> <span class='ocrx_word' id='word_1_289' title='bbox 1490 1213 1608 1244; x_wconf 85' lang='lat' dir='ltr'>BONA</span> <span class='ocrx_word' id='word_1_290' title='bbox 1627 1214 1711 1244; x_wconf 86' lang='lat' dir='ltr'>VEL</span> <span class='ocrx_word' id='word_1_291' title='bbox 1734 1214 1855 1244; x_wconf 85' lang='lat' dir='ltr'>MALA</span> <span class='ocrx_word' id='word_1_292' title='bbox 1878 1214 1920 1244; x_wconf 87' lang='lat' dir='ltr'>IN</span> <span class='ocrx_word' id='word_1_293' title='bbox 1944 1213 2026 1244; x_wconf 63' lang='lat' dir='ltr'>sua</span> <span class='ocrx_word' id='word_1_294' title='bbox 2049 1213 2193 1244; x_wconf 87' lang='lat' dir='ltr'>SPECIE</span> 
     </span>
    </p>
   </div>
   <div class='ocr_carea' id='block_1_11' title="bbox 617 1286 2240 1353">
    <p class='ocr_par' dir='ltr' id='par_1_12' title="bbox 617 1286 2240 1353">
     <span class='ocr_line' id='line_1_39' title="bbox 617 1286 2240 1320; baseline 0 -8"><span class='ocrx_word' id='word_1_295' title='bbox 617 1288 685 1312; x_wconf 83' lang='lat' dir='ltr'>Part.</span> <span class='ocrx_word' id='word_1_296' title='bbox 704 1287 723 1317; x_wconf 82' lang='lat' dir='ltr'>l,</span> <span class='ocrx_word' id='word_1_297' title='bbox 742 1295 786 1319; x_wconf 86' lang='lat' dir='ltr'>qu.</span> <span class='ocrx_word' id='word_1_298' title='bbox 805 1294 890 1316; x_wconf 63' lang='lat' dir='ltr'>xxxin,</span> <span class='ocrx_word' id='word_1_299' title='bbox 910 1291 955 1311; x_wconf 84' lang='lat' dir='ltr'>art.</span> <span class='ocrx_word' id='word_1_300' title='bbox 974 1294 994 1317; x_wconf 82' lang='lat'>1,</span> <span class='ocrx_word' id='word_1_301' title='bbox 1014 1287 1045 1310; x_wconf 85' lang='lat' dir='ltr'>ad</span> <span class='ocrx_word' id='word_1_302' title='bbox 1065 1294 1094 1316; x_wconf 81' lang='lat'>23</span> <span class='ocrx_word' id='word_1_303' title='bbox 1114 1287 1134 1310; x_wconf 87' lang='grc' dir='ltr'>ΙΙ</span> <span class='ocrx_word' id='word_1_304' title='bbox 1154 1286 1236 1315; x_wconf 71' lang='lat' dir='ltr'>Sent„</span> <span class='ocrx_word' id='word_1_305' title='bbox 1257 1287 1315 1311; x_wconf 89' lang='lat' dir='ltr'>dist.</span> <span class='ocrx_word' id='word_1_306' title='bbox 1332 1294 1372 1317; x_wconf 77' lang='lat' dir='ltr'>xL,</span> <span class='ocrx_word' id='word_1_307' title='bbox 1391 1292 1438 1311; x_wconf 84' lang='lat' dir='ltr'>art.</span> <span class='ocrx_word' id='word_1_308' title='bbox 1456 1295 1482 1318; x_wconf 86' lang='lat'>1;</span> <span class='ocrx_word' id='word_1_309' title='bbox 1502 1287 1532 1311; x_wconf 90' lang='lat'>111</span> <span class='ocrx_word' id='word_1_310' title='bbox 1555 1287 1631 1312; x_wconf 81' lang='lat' dir='ltr'>Cont.</span> <span class='ocrx_word' id='word_1_311' title='bbox 1652 1288 1737 1316; x_wconf 68' lang='lat' dir='ltr'>Gent„</span> <span class='ocrx_word' id='word_1_312' title='bbox 1757 1295 1812 1320; x_wconf 88' lang='lat' dir='ltr'>cap.</span> <span class='ocrx_word' id='word_1_313' title='bbox 1824 1295 1863 1318; x_wconf 84' lang='lat' dir='ltr'>1x;</span> <span class='ocrx_word' id='word_1_314' title='bbox 1883 1287 1924 1312; x_wconf 85' lang='lat' dir='ltr'>De</span> <span class='ocrx_word' id='word_1_315' title='bbox 1942 1288 2024 1317; x_wconf 86' lang='lat' dir='ltr'>Malo,</span> <span class='ocrx_word' id='word_1_316' title='bbox 2044 1295 2087 1320; x_wconf 89' lang='lat' dir='ltr'>qu.</span> <span class='ocrx_word' id='word_1_317' title='bbox 2100 1295 2127 1317; x_wconf 79' lang='grc' dir='ltr'>ιι,</span> <span class='ocrx_word' id='word_1_318' title='bbox 2146 1292 2192 1312; x_wconf 84' lang='lat' dir='ltr'>art.</span> <span class='ocrx_word' id='word_1_319' title='bbox 2210 1294 2240 1318; x_wconf 80' lang='lat'>43</span> 
     </span>
     <span class='ocr_line' id='line_1_40' title="bbox 1194 1321 1669 1353; baseline 0.002 -8"><span class='ocrx_word' id='word_1_320' title='bbox 1194 1321 1235 1345; x_wconf 88' lang='lat' dir='ltr'>De</span> <span class='ocrx_word' id='word_1_321' title='bbox 1257 1321 1362 1350; x_wconf 75' lang='lat' dir='ltr'>Virtut„</span> <span class='ocrx_word' id='word_1_322' title='bbox 1382 1329 1427 1353; x_wconf 89' lang='lat' dir='ltr'>qu.</span> <span class='ocrx_word' id='word_1_323' title='bbox 1446 1330 1463 1350; x_wconf 82' lang='lat'>1.</span> <span class='ocrx_word' id='word_1_324' title='bbox 1482 1326 1529 1347; x_wconf 85' lang='lat' dir='ltr'>art.</span> <span class='ocrx_word' id='word_1_325' title='bbox 1550 1329 1573 1353; x_wconf 90' lang='lat'>2,</span> <span class='ocrx_word' id='word_1_326' title='bbox 1593 1323 1623 1346; x_wconf 80' lang='lat' dir='ltr'>ad</span> <span class='ocrx_word' id='word_1_327' title='bbox 1646 1322 1669 1347; x_wconf 89' lang='lat'>3.</span> 
     </span>
    </p>
   </div>
   <div class='ocr_carea' id='block_1_12' title="bbox 361 1408 566 1575">
    <p class='ocr_par' dir='ltr' id='par_1_13' title="bbox 361 1408 566 1575">
     <span class='ocr_line' id='line_1_41' title="bbox 361 1408 566 1475; baseline 0.029 -6"><span class='ocrx_word' id='word_1_328' title='bbox 361 1408 566 1475; x_wconf 95' lang='lat' dir='ltr'>   </span> 
     </span>
     <span class='ocr_line' id='line_1_42' title="bbox 419 1475 502 1575; baseline 0 -4"><span class='ocrx_word' id='word_1_329' title='bbox 419 1475 502 1575; x_wconf 95' lang='lat' dir='ltr'>   </span> 
     </span>
    </p>
   </div>
   <div class='ocr_carea' id='block_1_13' title="bbox 513 1399 1401 1499">
    <p class='ocr_par' dir='ltr' id='par_1_14' title="bbox 513 1399 1401 1499">
     <span class='ocr_line' id='line_1_43' title="bbox 513 1399 1401 1447; baseline 0.001 -12"><span class='ocrx_word' id='word_1_330' title='bbox 513 1433 518 1435; x_wconf 83' lang='grc'>.</span> <span class='ocrx_word' id='word_1_331' title='bbox 566 1415 575 1433; x_wconf 68' lang='grc' dir='ltr'>ι</span> <span class='ocrx_word' id='word_1_332' title='bbox 601 1410 762 1441; x_wconf 83' lang='lat' dir='ltr'><strong>QUINTUM</strong></span> <span class='ocrx_word' id='word_1_333' title='bbox 790 1410 843 1435; x_wconf 80' lang='lat' dir='ltr'>Sic</span> <span class='ocrx_word' id='word_1_334' title='bbox 862 1410 1100 1435; x_wconf 79' lang='lat' dir='ltr'>PROCEmTUR.</span> <span class='ocrx_word' id='word_1_335' title='bbox 1121 1399 1278 1435; x_wconf 88' lang='lat' dir='ltr'>Videtur</span> <span class='ocrx_word' id='word_1_336' title='bbox 1297 1400 1401 1447; x_wconf 93' lang='lat' dir='ltr'>quod</span> 
     </span>
     <span class='ocr_line' id='line_1_44' title="bbox 534 1451 1400 1499; baseline 0 -12"><span class='ocrx_word' id='word_1_337' title='bbox 534 1464 536 1466; x_wconf 92' lang='lat'>·</span> <span class='ocrx_word' id='word_1_338' title='bbox 559 1458 663 1488; x_wconf 86' lang='lat' dir='ltr'>actus</span> <span class='ocrx_word' id='word_1_339' title='bbox 691 1451 854 1488; x_wconf 86' lang='lat' dir='ltr'>morales</span> <span class='ocrx_word' id='word_1_340' title='bbox 883 1463 960 1487; x_wconf 90' lang='lat' dir='ltr'>non</span> <span class='ocrx_word' id='word_1_341' title='bbox 990 1451 1163 1488; x_wconf 88' lang='lat' dir='ltr'>differant</span> <span class='ocrx_word' id='word_1_342' title='bbox 1191 1451 1316 1499; x_wconf 88' lang='lat' dir='ltr'>specie</span> <span class='ocrx_word' id='word_1_343' title='bbox 1344 1463 1400 1488; x_wconf 91' lang='lat' dir='ltr'>se-</span> 
     </span>
    </p>
   </div>
   <div class='ocr_carea' id='block_1_14' title="bbox 427 1491 1401 1561">
    <p class='ocr_par' dir='ltr' id='par_1_15' title="bbox 427 1491 1401 1561">
     <span class='ocr_line' id='line_1_45' title="bbox 427 1491 1401 1561; baseline -0.001 -20"><span class='ocrx_word' id='word_1_344' title='bbox 427 1522 481 1561; x_wconf 62' lang='lat'>3»</span> <span class='ocrx_word' id='word_1_345' title='bbox 498 1491 550 1545; x_wconf 59' lang='lat' dir='ltr'>&#39;fi</span> <span class='ocrx_word' id='word_1_346' title='bbox 561 1504 729 1541; x_wconf 92' lang='lat' dir='ltr'>cundum</span> <span class='ocrx_word' id='word_1_347' title='bbox 745 1504 891 1540; x_wconf 78' lang='lat' dir='ltr'>b&#39;onum</span> <span class='ocrx_word' id='word_1_348' title='bbox 908 1511 944 1540; x_wconf 91' lang='lat' dir='ltr'>et</span> <span class='ocrx_word' id='word_1_349' title='bbox 958 1498 1113 1540; x_wconf 87' lang='lat' dir='ltr'>malum.</span> <span class='ocrx_word' id='word_1_350' title='bbox 1130 1504 1284 1540; x_wconf 90' lang='lat' dir='ltr'>Bonum</span> <span class='ocrx_word' id='word_1_351' title='bbox 1300 1503 1401 1540; x_wconf 89' lang='lat' dir='ltr'>enirn</span> 
     </span>
    </p>
   </div>
   <div class='ocr_carea' id='block_1_15' title="bbox 350 1511 1407 1920">
    <p class='ocr_par' dir='ltr' id='par_1_16' title="bbox 350 1511 1407 1868">
     <span class='ocr_line' id='line_1_46' title="bbox 368 1511 529 1554; baseline 0.012 -2"><span class='ocrx_word' id='word_1_352' title='bbox 368 1511 403 1552; x_wconf 63' lang='lat'>15</span> <span class='ocrx_word' id='word_1_353' title='bbox 525 1547 529 1554; x_wconf 71' lang='grc'>,</span> 
     </span>
     <span class='ocr_line' id='line_1_47' title="bbox 369 1513 1402 1605; baseline -0.003 -10"><span class='ocrx_word' id='word_1_354' title='bbox 369 1513 419 1595; x_wconf 55' lang='lat' dir='ltr'>l*</span> <span class='ocrx_word' id='word_1_355' title='bbox 440 1550 596 1594; x_wconf 38' lang='lat' dir='ltr'>&amp;ket</span> <span class='ocrx_word' id='word_1_356' title='bbox 624 1556 768 1593; x_wconf 91' lang='lat' dir='ltr'>malum</span> <span class='ocrx_word' id='word_1_357' title='bbox 796 1556 833 1593; x_wconf 88' lang='lat' dir='ltr'>in</span> <span class='ocrx_word' id='word_1_358' title='bbox 862 1556 1006 1592; x_wconf 91' lang='lat' dir='ltr'>actibus</span> <span class='ocrx_word' id='word_1_359' title='bbox 1039 1555 1228 1592; x_wconf 88' lang='lat' dir='ltr'>invenitur</span> <span class='ocrx_word' id='word_1_360' title='bbox 1256 1557 1402 1593; x_wconf 86' lang='lat' dir='ltr'>confor—</span> 
     </span>
     <span class='ocr_line' id='line_1_48' title="bbox 350 1608 1406 1656; baseline -0.001 -10"><span class='ocrx_word' id='word_1_361' title='bbox 350 1609 461 1646; x_wconf 89' lang='lat' dir='ltr'>miter</span> <span class='ocrx_word' id='word_1_362' title='bbox 489 1610 614 1656; x_wconf 91' lang='lat' dir='ltr'>rebus,</span> <span class='ocrx_word' id='word_1_363' title='bbox 641 1617 683 1646; x_wconf 90' lang='lat' dir='ltr'>ut</span> <span class='ocrx_word' id='word_1_364' title='bbox 710 1609 852 1646; x_wconf 89' lang='lat' dir='ltr'>dictum</span> <span class='ocrx_word' id='word_1_365' title='bbox 881 1616 936 1645; x_wconf 92' lang='lat' dir='ltr'>est</span> <span class='ocrx_word' id='word_1_366' title='bbox 962 1608 994 1646; x_wconf 63' lang='lat'>³⁸.</span> <span class='ocrx_word' id='word_1_367' title='bbox 1022 1608 1098 1646; x_wconf 90' lang='lat' dir='ltr'>Sed</span> <span class='ocrx_word' id='word_1_368' title='bbox 1125 1609 1164 1645; x_wconf 91' lang='lat' dir='ltr'>in</span> <span class='ocrx_word' id='word_1_369' title='bbox 1196 1609 1310 1645; x_wconf 91' lang='lat' dir='ltr'>rebus</span> <span class='ocrx_word' id='word_1_370' title='bbox 1338 1609 1406 1645; x_wconf 93' lang='lat' dir='ltr'>bo-</span> 
     </span>
     <span class='ocr_line' id='line_1_49' title="bbox 350 1661 1404 1709; baseline -0.002 -10"><span class='ocrx_word' id='word_1_371' title='bbox 350 1674 446 1699; x_wconf 89' lang='lat' dir='ltr'>num</span> <span class='ocrx_word' id='word_1_372' title='bbox 474 1669 511 1699; x_wconf 92' lang='lat' dir='ltr'>et</span> <span class='ocrx_word' id='word_1_373' title='bbox 538 1662 682 1699; x_wconf 90' lang='lat' dir='ltr'>malum</span> <span class='ocrx_word' id='word_1_374' title='bbox 703 1674 781 1699; x_wconf 91' lang='lat' dir='ltr'>non</span> <span class='ocrx_word' id='word_1_375' title='bbox 810 1661 1067 1698; x_wconf 88' lang='lat' dir='ltr'>diversificant</span> <span class='ocrx_word' id='word_1_376' title='bbox 1085 1661 1272 1709; x_wconf 89' lang='lat' dir='ltr'>speciem:</span> <span class='ocrx_word' id='word_1_377' title='bbox 1302 1661 1404 1698; x_wconf 91' lang='lat' dir='ltr'>idem</span> 
     </span>
     <span class='ocr_line' id='line_1_50' title="bbox 352 1714 1405 1764; baseline -0.001 -13"><span class='ocrx_word' id='word_1_378' title='bbox 352 1714 454 1751; x_wconf 89' lang='lat' dir='ltr'>enim</span> <span class='ocrx_word' id='word_1_379' title='bbox 484 1714 609 1764; x_wconf 89' lang='lat' dir='ltr'>specie</span> <span class='ocrx_word' id='word_1_380' title='bbox 630 1722 685 1751; x_wconf 90' lang='lat' dir='ltr'>est</span> <span class='ocrx_word' id='word_1_381' title='bbox 711 1716 831 1752; x_wconf 90' lang='lat' dir='ltr'>homo</span> <span class='ocrx_word' id='word_1_382' title='bbox 860 1715 985 1750; x_wconf 91' lang='lat' dir='ltr'>bonus</span> <span class='ocrx_word' id='word_1_383' title='bbox 1006 1721 1041 1750; x_wconf 88' lang='lat' dir='ltr'>et</span> <span class='ocrx_word' id='word_1_384' title='bbox 1062 1714 1198 1751; x_wconf 90' lang='lat' dir='ltr'>malus.</span> <span class='ocrx_word' id='word_1_385' title='bbox 1220 1715 1321 1761; x_wconf 90' lang='lat' dir='ltr'>Ergo</span> <span class='ocrx_word' id='word_1_386' title='bbox 1341 1726 1405 1750; x_wconf 92' lang='lat' dir='ltr'>ne-</span> 
     </span>
     <span class='ocr_line' id='line_1_51' title="bbox 352 1766 1407 1816; baseline -0.002 -11"><span class='ocrx_word' id='word_1_387' title='bbox 352 1778 426 1816; x_wconf 89' lang='lat' dir='ltr'>que</span> <span class='ocrx_word' id='word_1_388' title='bbox 456 1768 568 1804; x_wconf 89' lang='lat' dir='ltr'>etiam</span> <span class='ocrx_word' id='word_1_389' title='bbox 597 1768 742 1805; x_wconf 90' lang='lat' dir='ltr'>bonurn</span> <span class='ocrx_word' id='word_1_390' title='bbox 772 1775 808 1803; x_wconf 93' lang='lat' dir='ltr'>et</span> <span class='ocrx_word' id='word_1_391' title='bbox 835 1768 980 1803; x_wconf 86' lang='lat' dir='ltr'>malurn</span> <span class='ocrx_word' id='word_1_392' title='bbox 1009 1766 1047 1803; x_wconf 93' lang='lat' dir='ltr'>in</span> <span class='ocrx_word' id='word_1_393' title='bbox 1079 1767 1222 1803; x_wconf 90' lang='lat' dir='ltr'>actibus</span> <span class='ocrx_word' id='word_1_394' title='bbox 1253 1767 1407 1803; x_wconf 89' lang='lat' dir='ltr'>diversi-</span> 
     </span>
     <span class='ocr_line' id='line_1_52' title="bbox 351 1819 672 1868; baseline -0.009 -9"><span class='ocrx_word' id='word_1_395' title='bbox 351 1819 468 1859; x_wconf 87' lang='lat' dir='ltr'>ficant</span> <span class='ocrx_word' id='word_1_396' title='bbox 495 1820 672 1868; x_wconf 91' lang='lat' dir='ltr'>speciem.</span> 
     </span>
    </p>

    <p class='ocr_par' dir='ltr' id='par_1_17' title="bbox 406 1871 1407 1920">
     <span class='ocr_line' id='line_1_53' title="bbox 406 1871 1407 1920; baseline -0.001 -11"><span class='ocrx_word' id='word_1_397' title='bbox 406 1884 442 1909; x_wconf 88' lang='lat'>2.</span> <span class='ocrx_word' id='word_1_398' title='bbox 453 1873 686 1920; x_wconf 79' lang='lat' dir='ltr'>PRAETEREA,</span> <span class='ocrx_word' id='word_1_399' title='bbox 702 1874 858 1919; x_wconf 90' lang='lat' dir='ltr'>malum,</span> <span class='ocrx_word' id='word_1_400' title='bbox 871 1884 958 1908; x_wconf 92' lang='lat' dir='ltr'>cum</span> <span class='ocrx_word' id='word_1_401' title='bbox 973 1871 1018 1908; x_wconf 91' lang='lat' dir='ltr'>sit</span> <span class='ocrx_word' id='word_1_402' title='bbox 1031 1872 1204 1920; x_wconf 84' lang='lat' dir='ltr'>privatio,</span> <span class='ocrx_word' id='word_1_403' title='bbox 1217 1879 1272 1908; x_wconf 92' lang='lat' dir='ltr'>est</span> <span class='ocrx_word' id='word_1_404' title='bbox 1286 1871 1407 1920; x_wconf 92' lang='lat' dir='ltr'>quod-</span> 
     </span>
    </p>
   </div>
   <div class='ocr_carea' id='block_1_16' title="bbox 342 1924 1408 1973">
    <p class='ocr_par' dir='ltr' id='par_1_18' title="bbox 342 1924 1408 1973">
     <span class='ocr_line' id='line_1_54' title="bbox 342 1924 1408 1973; baseline -0.002 -11"><span class='ocrx_word' id='word_1_405' title='bbox 342 1924 443 1962; x_wconf 44' lang='lat' dir='ltr'>‘darn</span> <span class='ocrx_word' id='word_1_406' title='bbox 471 1938 550 1962; x_wconf 91' lang='lat' dir='ltr'>non</span> <span class='ocrx_word' id='word_1_407' title='bbox 578 1937 657 1962; x_wconf 89' lang='lat' dir='ltr'>ens.</span> <span class='ocrx_word' id='word_1_408' title='bbox 680 1925 755 1962; x_wconf 89' lang='lat' dir='ltr'>Sed</span> <span class='ocrx_word' id='word_1_409' title='bbox 784 1937 862 1962; x_wconf 92' lang='lat' dir='ltr'>non</span> <span class='ocrx_word' id='word_1_410' title='bbox 891 1937 957 1961; x_wconf 92' lang='lat' dir='ltr'>ens</span> <span class='ocrx_word' id='word_1_411' title='bbox 981 1937 1059 1961; x_wconf 91' lang='lat' dir='ltr'>non</span> <span class='ocrx_word' id='word_1_412' title='bbox 1085 1932 1209 1973; x_wconf 90' lang='lat' dir='ltr'>potest</span> <span class='ocrx_word' id='word_1_413' title='bbox 1237 1937 1319 1961; x_wconf 89' lang='lat' dir='ltr'>esse</span> <span class='ocrx_word' id='word_1_414' title='bbox 1340 1924 1408 1961; x_wconf 79' lang='lat' dir='ltr'>dif-</span> 
     </span>
    </p>
   </div>
   <div class='ocr_carea' id='block_1_17' title="bbox 348 1469 550 1604">
    <p class='ocr_par' dir='ltr' id='par_1_19' title="bbox 348 1469 550 1604">
     <span class='ocr_line' id='line_1_55' title="bbox 348 1469 550 1604; baseline 0 0"><span class='ocrx_word' id='word_1_415' title='bbox 348 1469 368 1604; x_wconf 95' lang='lat' dir='ltr'>   </span> <span class='ocrx_word' id='word_1_416' title='bbox 419 1469 550 1471; x_wconf 95' lang='lat' dir='ltr'> </span> 
     </span>
    </p>
   </div>
   <div class='ocr_carea' id='block_1_18' title="bbox 260 1977 1408 2037">
    <p class='ocr_par' dir='ltr' id='par_1_20' title="bbox 260 1977 1408 2037">
     <span class='ocr_line' id='line_1_56' title="bbox 260 1977 1408 2037; baseline -0.001 -23"><span class='ocrx_word' id='word_1_417' title='bbox 260 1998 269 2037; x_wconf 59' lang='lat'>;</span> <span class='ocrx_word' id='word_1_418' title='bbox 318 1998 326 2030; x_wconf 67' lang='lat'>3</span> <span class='ocrx_word' id='word_1_419' title='bbox 351 1978 520 2026; x_wconf 88' lang='lat' dir='ltr'>ferentia,</span> <span class='ocrx_word' id='word_1_420' title='bbox 532 1979 744 2015; x_wconf 89' lang='lat' dir='ltr'>secundum</span> <span class='ocrx_word' id='word_1_421' title='bbox 759 1978 1048 2026; x_wconf 83' lang='lat' dir='ltr'>Philosophum,</span> <span class='ocrx_word' id='word_1_422' title='bbox 1060 1977 1098 2014; x_wconf 92' lang='lat' dir='ltr'>in</span> <span class='ocrx_word' id='word_1_423' title='bbox 1110 1979 1159 2013; x_wconf 93' lang='lat' dir='ltr'>III</span> <span class='ocrx_word' id='word_1_424' title='bbox 1170 1977 1408 2025; x_wconf 76' lang='lat' dir='ltr'>Metaphys.’¹‘</span> 
     </span>
    </p>
   </div>
   <div class='ocr_carea' id='block_1_19' title="bbox 346 2029 1409 2339">
    <p class='ocr_par' dir='ltr' id='par_1_21' title="bbox 346 2029 1409 2279">
     <span class='ocr_line' id='line_1_57' title="bbox 354 2029 1408 2078; baseline -0.001 -12"><span class='ocrx_word' id='word_1_425' title='bbox 354 2030 453 2067; x_wconf 89' lang='lat' dir='ltr'>Cum</span> <span class='ocrx_word' id='word_1_426' title='bbox 483 2042 571 2078; x_wconf 86' lang='lat' dir='ltr'>ergo</span> <span class='ocrx_word' id='word_1_427' title='bbox 596 2031 808 2068; x_wconf 90' lang='lat' dir='ltr'>differentia</span> <span class='ocrx_word' id='word_1_428' title='bbox 837 2031 1037 2067; x_wconf 88' lang='lat' dir='ltr'>constituat</span> <span class='ocrx_word' id='word_1_429' title='bbox 1060 2029 1238 2078; x_wconf 90' lang='lat' dir='ltr'>speciem,</span> <span class='ocrx_word' id='word_1_430' title='bbox 1258 2030 1408 2066; x_wconf 89' lang='lat' dir='ltr'>videtur</span> 
     </span>
     <span class='ocr_line' id='line_1_58' title="bbox 353 2082 1408 2132; baseline -0.002 -12"><span class='ocrx_word' id='word_1_431' title='bbox 353 2083 459 2132; x_wconf 90' lang='lat' dir='ltr'>quod</span> <span class='ocrx_word' id='word_1_432' title='bbox 486 2083 619 2131; x_wconf 91' lang='lat' dir='ltr'>aliquis</span> <span class='ocrx_word' id='word_1_433' title='bbox 647 2091 764 2129; x_wconf 87' lang='lat' dir='ltr'>actus,</span> <span class='ocrx_word' id='word_1_434' title='bbox 795 2095 840 2119; x_wconf 87' lang='lat' dir='ltr'>ex</span> <span class='ocrx_word' id='word_1_435' title='bbox 867 2083 942 2119; x_wconf 91' lang='lat' dir='ltr'>hoc</span> <span class='ocrx_word' id='word_1_436' title='bbox 962 2082 1066 2131; x_wconf 91' lang='lat' dir='ltr'>quod</span> <span class='ocrx_word' id='word_1_437' title='bbox 1095 2090 1150 2119; x_wconf 89' lang='lat' dir='ltr'>est</span> <span class='ocrx_word' id='word_1_438' title='bbox 1175 2083 1308 2129; x_wconf 89' lang='lat' dir='ltr'>malus,</span> <span class='ocrx_word' id='word_1_439' title='bbox 1330 2095 1408 2119; x_wconf 89' lang='lat' dir='ltr'>non</span> 
     </span>
     <span class='ocr_line' id='line_1_59' title="bbox 346 2135 1409 2184; baseline -0.001 -12"><span class='ocrx_word' id='word_1_440' title='bbox 346 2135 599 2173; x_wconf 86' lang='lat' dir='ltr'>constituatur</span> <span class='ocrx_word' id='word_1_441' title='bbox 634 2136 675 2173; x_wconf 59' lang='lat' dir='ltr'>in⁴</span> <span class='ocrx_word' id='word_1_442' title='bbox 706 2135 830 2184; x_wconf 89' lang='lat' dir='ltr'>aliqua</span> <span class='ocrx_word' id='word_1_443' title='bbox 864 2135 1000 2184; x_wconf 87' lang='lat' dir='ltr'>specie.</span> <span class='ocrx_word' id='word_1_444' title='bbox 1030 2136 1079 2172; x_wconf 86' lang='lat' dir='ltr'>Et</span> <span class='ocrx_word' id='word_1_445' title='bbox 1111 2135 1161 2172; x_wconf 90' lang='lat' dir='ltr'>ita</span> <span class='ocrx_word' id='word_1_446' title='bbox 1198 2135 1344 2171; x_wconf 91' lang='lat' dir='ltr'>bonum</span> <span class='ocrx_word' id='word_1_447' title='bbox 1374 2142 1409 2171; x_wconf 89' lang='lat' dir='ltr'>et</span> 
     </span>
     <span class='ocr_line' id='line_1_60' title="bbox 353 2188 1407 2237; baseline -0.002 -12"><span class='ocrx_word' id='word_1_448' title='bbox 353 2189 500 2225; x_wconf 88' lang='lat' dir='ltr'>malum</span> <span class='ocrx_word' id='word_1_449' title='bbox 538 2201 615 2225; x_wconf 91' lang='lat' dir='ltr'>non</span> <span class='ocrx_word' id='word_1_450' title='bbox 653 2188 911 2225; x_wconf 85' lang='lat' dir='ltr'>diversificant</span> <span class='ocrx_word' id='word_1_451' title='bbox 947 2188 1113 2237; x_wconf 90' lang='lat' dir='ltr'>speciem</span> <span class='ocrx_word' id='word_1_452' title='bbox 1150 2188 1407 2224; x_wconf 86' lang='lat' dir='ltr'>humanorum</span> 
     </span>
     <span class='ocr_line' id='line_1_61' title="bbox 354 2247 521 2279; baseline -0.012 0"><span class='ocrx_word' id='word_1_453' title='bbox 354 2247 521 2279; x_wconf 80' lang='lat' dir='ltr'>actuum.</span> 
     </span>
    </p>

    <p class='ocr_par' dir='ltr' id='par_1_22' title="bbox 409 2291 1409 2339">
     <span class='ocr_line' id='line_1_62' title="bbox 409 2291 1409 2339; baseline -0.002 -10"><span class='ocrx_word' id='word_1_454' title='bbox 409 2294 443 2330; x_wconf 87' lang='lat'>3.</span> <span class='ocrx_word' id='word_1_455' title='bbox 465 2294 704 2339; x_wconf 75' lang='lat' dir='ltr'>PRAETEREA,</span> <span class='ocrx_word' id='word_1_456' title='bbox 731 2293 970 2329; x_wconf 90' lang='lat' dir='ltr'>diversorum</span> <span class='ocrx_word' id='word_1_457' title='bbox 1007 2300 1161 2329; x_wconf 88' lang='lat' dir='ltr'>actuum</span> <span class='ocrx_word' id='word_1_458' title='bbox 1199 2291 1409 2328; x_wconf 90' lang='lat' dir='ltr'>secundum</span> 
     </span>
    </p>
   </div>
   <div class='ocr_carea' id='block_1_20' title="bbox 327 2344 1408 2394">
    <p class='ocr_par' dir='ltr' id='par_1_23' title="bbox 327 2344 1408 2394">
     <span class='ocr_line' id='line_1_63' title="bbox 327 2344 1408 2394; baseline -0.002 -12"><span class='ocrx_word' id='word_1_459' title='bbox 327 2346 537 2394; x_wconf 80' lang='lat' dir='ltr'>&#39;speciem,</span> <span class='ocrx_word' id='word_1_460' title='bbox 568 2345 706 2383; x_wconf 88' lang='lat' dir='ltr'>diversi</span> <span class='ocrx_word' id='word_1_461' title='bbox 741 2353 828 2381; x_wconf 89' lang='lat' dir='ltr'>sunt</span> <span class='ocrx_word' id='word_1_462' title='bbox 856 2345 1021 2382; x_wconf 88' lang='lat' dir='ltr'>effectus.</span> <span class='ocrx_word' id='word_1_463' title='bbox 1051 2345 1127 2381; x_wconf 89' lang='lat' dir='ltr'>Sed</span> <span class='ocrx_word' id='word_1_464' title='bbox 1154 2344 1256 2382; x_wconf 88' lang='lat' dir='ltr'>idem</span> <span class='ocrx_word' id='word_1_465' title='bbox 1284 2344 1408 2393; x_wconf 90' lang='lat' dir='ltr'>specie</span> 
     </span>
    </p>
   </div>
   <div class='ocr_carea' id='block_1_21' title="bbox 353 2397 1410 2919">
    <p class='ocr_par' dir='ltr' id='par_1_24' title="bbox 353 2397 1410 2605">
     <span class='ocr_line' id='line_1_64' title="bbox 355 2397 1407 2447; baseline -0.001 -13"><span class='ocrx_word' id='word_1_466' title='bbox 355 2397 512 2435; x_wconf 87' lang='lat' dir='ltr'>effectus</span> <span class='ocrx_word' id='word_1_467' title='bbox 539 2405 664 2447; x_wconf 91' lang='lat' dir='ltr'>potest</span> <span class='ocrx_word' id='word_1_468' title='bbox 698 2397 881 2446; x_wconf 87' lang='lat' dir='ltr'>consequi</span> <span class='ocrx_word' id='word_1_469' title='bbox 910 2410 954 2434; x_wconf 87' lang='lat' dir='ltr'>ex</span> <span class='ocrx_word' id='word_1_470' title='bbox 982 2405 1067 2434; x_wconf 90' lang='lat' dir='ltr'>actu</span> <span class='ocrx_word' id='word_1_471' title='bbox 1095 2398 1198 2434; x_wconf 92' lang='lat' dir='ltr'>bono</span> <span class='ocrx_word' id='word_1_472' title='bbox 1230 2405 1265 2434; x_wconf 90' lang='lat' dir='ltr'>et</span> <span class='ocrx_word' id='word_1_473' title='bbox 1283 2397 1407 2434; x_wconf 90' lang='lat' dir='ltr'>malo:</span> 
     </span>
     <span class='ocr_line' id='line_1_65' title="bbox 353 2450 1410 2499; baseline -0.001 -12"><span class='ocrx_word' id='word_1_474' title='bbox 353 2451 449 2488; x_wconf 91' lang='lat' dir='ltr'>sicut</span> <span class='ocrx_word' id='word_1_475' title='bbox 476 2452 595 2487; x_wconf 90' lang='lat' dir='ltr'>homo</span> <span class='ocrx_word' id='word_1_476' title='bbox 624 2459 823 2499; x_wconf 87' lang='lat' dir='ltr'>generatur</span> <span class='ocrx_word' id='word_1_477' title='bbox 851 2463 896 2487; x_wconf 91' lang='lat' dir='ltr'>ex</span> <span class='ocrx_word' id='word_1_478' title='bbox 924 2450 1118 2496; x_wconf 90' lang='lat' dir='ltr'>adulterio,</span> <span class='ocrx_word' id='word_1_479' title='bbox 1148 2458 1183 2486; x_wconf 88' lang='lat' dir='ltr'>et</span> <span class='ocrx_word' id='word_1_480' title='bbox 1211 2463 1256 2487; x_wconf 87' lang='lat' dir='ltr'>ex</span> <span class='ocrx_word' id='word_1_481' title='bbox 1285 2450 1410 2486; x_wconf 90' lang='lat' dir='ltr'>matri-</span> 
     </span>
     <span class='ocr_line' id='line_1_66' title="bbox 353 2503 1408 2551; baseline -0.001 -11"><span class='ocrx_word' id='word_1_482' title='bbox 353 2504 510 2541; x_wconf 88' lang='lat' dir='ltr'>moniali</span> <span class='ocrx_word' id='word_1_483' title='bbox 547 2504 760 2540; x_wconf 90' lang='lat' dir='ltr'>concubitu.</span> <span class='ocrx_word' id='word_1_484' title='bbox 791 2505 893 2551; x_wconf 91' lang='lat' dir='ltr'>Ergo</span> <span class='ocrx_word' id='word_1_485' title='bbox 932 2511 1035 2540; x_wconf 90' lang='lat' dir='ltr'>actus</span> <span class='ocrx_word' id='word_1_486' title='bbox 1070 2503 1195 2539; x_wconf 89' lang='lat' dir='ltr'>bonus</span> <span class='ocrx_word' id='word_1_487' title='bbox 1224 2511 1260 2539; x_wconf 93' lang='lat' dir='ltr'>et</span> <span class='ocrx_word' id='word_1_488' title='bbox 1286 2503 1408 2539; x_wconf 91' lang='lat' dir='ltr'>malus</span> 
     </span>
     <span class='ocr_line' id='line_1_67' title="bbox 354 2557 800 2605; baseline -0.002 -12"><span class='ocrx_word' id='word_1_489' title='bbox 354 2569 433 2593; x_wconf 92' lang='lat' dir='ltr'>non</span> <span class='ocrx_word' id='word_1_490' title='bbox 462 2557 636 2594; x_wconf 87' lang='lat' dir='ltr'>differunt</span> <span class='ocrx_word' id='word_1_491' title='bbox 664 2557 800 2605; x_wconf 90' lang='lat' dir='ltr'>specie.</span> 
     </span>
    </p>

    <p class='ocr_par' dir='ltr' id='par_1_25' title="bbox 355 2607 1410 2868">
     <span class='ocr_line' id='line_1_68' title="bbox 406 2607 1410 2659; baseline -0.003 -13"><span class='ocrx_word' id='word_1_492' title='bbox 406 2621 443 2656; x_wconf 89' lang='lat'>4.</span> <span class='ocrx_word' id='word_1_493' title='bbox 465 2610 697 2656; x_wconf 75' lang='lat' dir='ltr'>PRAETEREA,</span> <span class='ocrx_word' id='word_1_494' title='bbox 718 2610 864 2645; x_wconf 92' lang='lat' dir='ltr'>bonum</span> <span class='ocrx_word' id='word_1_495' title='bbox 885 2616 922 2659; x_wconf 82' lang='lat' dir='ltr'>et</span> <span class='ocrx_word' id='word_1_496' title='bbox 939 2608 1083 2644; x_wconf 91' lang='lat' dir='ltr'>malum</span> <span class='ocrx_word' id='word_1_497' title='bbox 1114 2607 1246 2644; x_wconf 89' lang='lat' dir='ltr'>dicitur</span> <span class='ocrx_word' id='word_1_498' title='bbox 1265 2607 1302 2643; x_wconf 88' lang='lat' dir='ltr'>in</span> <span class='ocrx_word' id='word_1_499' title='bbox 1323 2607 1410 2643; x_wconf 92' lang='lat' dir='ltr'>acti-</span> 
     </span>
     <span class='ocr_line' id='line_1_69' title="bbox 355 2658 1410 2710; baseline -0.003 -12"><span class='ocrx_word' id='word_1_500' title='bbox 355 2661 426 2698; x_wconf 90' lang='lat' dir='ltr'>bus</span> <span class='ocrx_word' id='word_1_501' title='bbox 455 2662 685 2710; x_wconf 88' lang='lat' dir='ltr'>quandoque</span> <span class='ocrx_word' id='word_1_502' title='bbox 714 2658 924 2698; x_wconf 74' lang='lat' dir='ltr'>secundum</span> <span class='ocrx_word' id='word_1_503' title='bbox 944 2660 1272 2706; x_wconf 87' lang='lat' dir='ltr'>circumstantiam,</span> <span class='ocrx_word' id='word_1_504' title='bbox 1288 2667 1329 2696; x_wconf 91' lang='lat' dir='ltr'>ut</span> <span class='ocrx_word' id='word_1_505' title='bbox 1358 2659 1410 2696; x_wconf 92' lang='lat' dir='ltr'>di-</span> 
     </span>
     <span class='ocr_line' id='line_1_70' title="bbox 357 2712 1408 2760; baseline -0.003 -9"><span class='ocrx_word' id='word_1_506' title='bbox 357 2721 459 2751; x_wconf 88' lang='lat' dir='ltr'>ctum</span> <span class='ocrx_word' id='word_1_507' title='bbox 489 2722 544 2751; x_wconf 91' lang='lat' dir='ltr'>est</span> <span class='ocrx_word' id='word_1_508' title='bbox 557 2715 588 2750; x_wconf 67' lang='lat'>²¹³.</span> <span class='ocrx_word' id='word_1_509' title='bbox 623 2714 698 2751; x_wconf 91' lang='lat' dir='ltr'>Sed</span> <span class='ocrx_word' id='word_1_510' title='bbox 719 2713 1006 2760; x_wconf 84' lang='lat' dir='ltr'>circumstantia,</span> <span class='ocrx_word' id='word_1_511' title='bbox 1030 2725 1117 2749; x_wconf 90' lang='lat' dir='ltr'>curn</span> <span class='ocrx_word' id='word_1_512' title='bbox 1147 2713 1190 2749; x_wconf 91' lang='lat' dir='ltr'>sit</span> <span class='ocrx_word' id='word_1_513' title='bbox 1222 2712 1408 2759; x_wconf 89' lang='lat' dir='ltr'>accidens,</span> 
     </span>
     <span class='ocr_line' id='line_1_71' title="bbox 356 2764 1409 2815; baseline -0.003 -11"><span class='ocrx_word' id='word_1_514' title='bbox 356 2779 435 2804; x_wconf 90' lang='lat' dir='ltr'>non</span> <span class='ocrx_word' id='word_1_515' title='bbox 459 2764 527 2803; x_wconf 42' lang='lat' dir='ltr'>‘dat</span> <span class='ocrx_word' id='word_1_516' title='bbox 555 2767 721 2815; x_wconf 90' lang='lat' dir='ltr'>speciem</span> <span class='ocrx_word' id='word_1_517' title='bbox 750 2766 860 2803; x_wconf 90' lang='lat' dir='ltr'>actui.</span> <span class='ocrx_word' id='word_1_518' title='bbox 881 2767 983 2814; x_wconf 91' lang='lat' dir='ltr'>Ergo</span> <span class='ocrx_word' id='word_1_519' title='bbox 1013 2773 1117 2802; x_wconf 87' lang='lat' dir='ltr'>aetus</span> <span class='ocrx_word' id='word_1_520' title='bbox 1145 2765 1302 2802; x_wconf 90' lang='lat' dir='ltr'>humani</span> <span class='ocrx_word' id='word_1_521' title='bbox 1331 2777 1409 2802; x_wconf 91' lang='lat' dir='ltr'>non</span> 
     </span>
     <span class='ocr_line' id='line_1_72' title="bbox 358 2818 1391 2868; baseline -0.003 -11"><span class='ocrx_word' id='word_1_522' title='bbox 358 2819 535 2857; x_wconf 85' lang='lat' dir='ltr'>differunt</span> <span class='ocrx_word' id='word_1_523' title='bbox 562 2819 686 2868; x_wconf 88' lang='lat' dir='ltr'>specie</span> <span class='ocrx_word' id='word_1_524' title='bbox 713 2826 868 2868; x_wconf 90' lang='lat' dir='ltr'>propter</span> <span class='ocrx_word' id='word_1_525' title='bbox 894 2819 1168 2855; x_wconf 75' lang='lat' dir='ltr'>bonitatemet</span> <span class='ocrx_word' id='word_1_526' title='bbox 1195 2818 1391 2854; x_wconf 90' lang='lat' dir='ltr'>malitiam.</span> 
     </span>
    </p>

    <p class='ocr_par' dir='ltr' id='par_1_26' title="bbox 411 2871 1408 2919">
     <span class='ocr_line' id='line_1_73' title="bbox 411 2871 1408 2919; baseline -0.004 -9"><span class='ocrx_word' id='word_1_527' title='bbox 411 2873 484 2910; x_wconf 84' lang='lat' dir='ltr'>SED</span> <span class='ocrx_word' id='word_1_528' title='bbox 522 2883 687 2919; x_wconf 80' lang='lat' dir='ltr'>CONTRA,</span> <span class='ocrx_word' id='word_1_529' title='bbox 725 2871 934 2907; x_wconf 90' lang='lat' dir='ltr'>secundum</span> <span class='ocrx_word' id='word_1_530' title='bbox 970 2871 1267 2919; x_wconf 89' lang='lat' dir='ltr'>Philosophum,</span> <span class='ocrx_word' id='word_1_531' title='bbox 1301 2871 1339 2908; x_wconf 92' lang='lat' dir='ltr'>in</span> <span class='ocrx_word' id='word_1_532' title='bbox 1377 2872 1408 2906; x_wconf 94' lang='lat' dir='ltr'>II</span> 
     </span>
    </p>
   </div>
   <div class='ocr_carea' id='block_1_22' title="bbox 263 2923 1409 2977">
    <p class='ocr_par' dir='ltr' id='par_1_27' title="bbox 263 2923 1409 2977">
     <span class='ocr_line' id='line_1_74' title="bbox 263 2923 1409 2977; baseline -0.003 -14"><span class='ocrx_word' id='word_1_533' title='bbox 263 2945 268 2951; x_wconf 91' lang='lat'><strong>·</strong></span> <span class='ocrx_word' id='word_1_534' title='bbox 294 2946 305 2977; x_wconf 81' lang='lat'>.&#39;</span> <span class='ocrx_word' id='word_1_535' title='bbox 319 2941 328 2946; x_wconf 93' lang='lat'>·</span> <span class='ocrx_word' id='word_1_536' title='bbox 354 2926 474 2962; x_wconf 82' lang='lat' dir='ltr'>Ethic.</span> <span class='ocrx_word' id='word_1_537' title='bbox 490 2925 520 2972; x_wconf 73' lang='lat'>³¹²,</span> <span class='ocrx_word' id='word_1_538' title='bbox 549 2925 686 2961; x_wconf 80' lang='lat' dir='ltr'>similes</span> <span class='ocrx_word' id='word_1_539' title='bbox 703 2924 849 2961; x_wconf 81' lang='lat' dir='ltr'>habitus</span> <span class='ocrx_word' id='word_1_540' title='bbox 866 2923 1003 2960; x_wconf 79' lang='lat' dir='ltr'>similes</span> <span class='ocrx_word' id='word_1_541' title='bbox 1021 2929 1125 2960; x_wconf 84' lang='lat' dir='ltr'>actus</span> <span class='ocrx_word' id='word_1_542' title='bbox 1144 2923 1311 2960; x_wconf 86' lang='lat' dir='ltr'>reddunt.</span> <span class='ocrx_word' id='word_1_543' title='bbox 1333 2923 1409 2960; x_wconf 93' lang='lat' dir='ltr'>Sed</span> 
     </span>
    </p>
   </div>
   <div class='ocr_carea' id='block_1_23' title="bbox 344 2975 1409 3448">
    <p class='ocr_par' dir='ltr' id='par_1_28' title="bbox 355 2975 1409 3131">
     <span class='ocr_line' id='line_1_75' title="bbox 355 2975 1409 3024; baseline -0.004 -9"><span class='ocrx_word' id='word_1_544' title='bbox 355 2978 505 3015; x_wconf 90' lang='lat' dir='ltr'>habitus</span> <span class='ocrx_word' id='word_1_545' title='bbox 530 2978 654 3014; x_wconf 90' lang='lat' dir='ltr'>bonus</span> <span class='ocrx_word' id='word_1_546' title='bbox 683 2984 719 3013; x_wconf 91' lang='lat' dir='ltr'>et</span> <span class='ocrx_word' id='word_1_547' title='bbox 746 2978 867 3013; x_wconf 92' lang='lat' dir='ltr'>malus</span> <span class='ocrx_word' id='word_1_548' title='bbox 896 2975 1073 3012; x_wconf 89' lang='lat' dir='ltr'>differunt</span> <span class='ocrx_word' id='word_1_549' title='bbox 1100 2976 1236 3024; x_wconf 89' lang='lat' dir='ltr'>specie,</span> <span class='ocrx_word' id='word_1_550' title='bbox 1260 2983 1302 3011; x_wconf 93' lang='lat' dir='ltr'>ut</span> <span class='ocrx_word' id='word_1_551' title='bbox 1319 2975 1409 3012; x_wconf 92' lang='lat' dir='ltr'>libe-</span> 
     </span>
     <span class='ocr_line' id='line_1_76' title="bbox 355 3029 1408 3079; baseline -0.005 -11"><span class='ocrx_word' id='word_1_552' title='bbox 355 3031 478 3068; x_wconf 88' lang='lat' dir='ltr'>ralitas</span> <span class='ocrx_word' id='word_1_553' title='bbox 498 3038 534 3068; x_wconf 93' lang='lat' dir='ltr'>et</span> <span class='ocrx_word' id='word_1_554' title='bbox 552 3030 801 3079; x_wconf 88' lang='lat' dir='ltr'>prodigalitas.</span> <span class='ocrx_word' id='word_1_555' title='bbox 822 3030 923 3076; x_wconf 88' lang='lat' dir='ltr'>Ergo</span> <span class='ocrx_word' id='word_1_556' title='bbox 945 3036 980 3065; x_wconf 92' lang='lat' dir='ltr'>et</span> <span class='ocrx_word' id='word_1_557' title='bbox 1007 3035 1110 3064; x_wconf 90' lang='lat' dir='ltr'>actus</span> <span class='ocrx_word' id='word_1_558' title='bbox 1129 3029 1253 3064; x_wconf 90' lang='lat' dir='ltr'>bonus</span> <span class='ocrx_word' id='word_1_559' title='bbox 1277 3035 1313 3064; x_wconf 92' lang='lat' dir='ltr'>et</span> <span class='ocrx_word' id='word_1_560' title='bbox 1330 3040 1408 3065; x_wconf 89' lang='lat' dir='ltr'>ma-</span> 
     </span>
     <span class='ocr_line' id='line_1_77' title="bbox 355 3082 783 3131; baseline -0.007 -10"><span class='ocrx_word' id='word_1_561' title='bbox 355 3085 413 3121; x_wconf 90' lang='lat' dir='ltr'>lus</span> <span class='ocrx_word' id='word_1_562' title='bbox 443 3083 619 3121; x_wconf 84' lang='lat' dir='ltr'>differunt</span> <span class='ocrx_word' id='word_1_563' title='bbox 647 3082 783 3131; x_wconf 90' lang='lat' dir='ltr'>specie.</span> 
     </span>
    </p>

    <p class='ocr_par' dir='ltr' id='par_1_29' title="bbox 344 3131 1407 3448">
     <span class='ocr_line' id='line_1_78' title="bbox 410 3131 1407 3183; baseline -0.006 -9"><span class='ocrx_word' id='word_1_564' title='bbox 410 3138 633 3173; x_wconf 85' lang='lat' dir='ltr'>RESPONDEO</span> <span class='ocrx_word' id='word_1_565' title='bbox 653 3146 836 3172; x_wconf 66' lang='lat' dir='ltr'>memnon</span> <span class='ocrx_word' id='word_1_566' title='bbox 855 3133 960 3183; x_wconf 86' lang='lat' dir='ltr'>quod</span> <span class='ocrx_word' id='word_1_567' title='bbox 979 3133 1103 3170; x_wconf 89' lang='lat' dir='ltr'>omnis</span> <span class='ocrx_word' id='word_1_568' title='bbox 1122 3140 1226 3169; x_wconf 87' lang='lat' dir='ltr'>actus</span> <span class='ocrx_word' id='word_1_569' title='bbox 1241 3131 1407 3180; x_wconf 91' lang='lat' dir='ltr'>speciem</span> 
     </span>
     <span class='ocr_line' id='line_1_79' title="bbox 356 3185 1407 3235; baseline -0.005 -9"><span class='ocrx_word' id='word_1_570' title='bbox 356 3190 470 3226; x_wconf 90' lang='lat' dir='ltr'>habet</span> <span class='ocrx_word' id='word_1_571' title='bbox 499 3201 545 3226; x_wconf 85' lang='lat' dir='ltr'>ex</span> <span class='ocrx_word' id='word_1_572' title='bbox 572 3201 641 3225; x_wconf 90' lang='lat' dir='ltr'>suo</span> <span class='ocrx_word' id='word_1_573' title='bbox 671 3188 833 3235; x_wconf 87' lang='lat' dir='ltr'>obiecto,</span> <span class='ocrx_word' id='word_1_574' title='bbox 863 3187 957 3224; x_wconf 89' lang='lat' dir='ltr'>sicut</span> <span class='ocrx_word' id='word_1_575' title='bbox 989 3198 1101 3234; x_wconf 91' lang='lat' dir='ltr'>supra</span> <span class='ocrx_word' id='word_1_576' title='bbox 1128 3185 1148 3206; x_wconf 73' lang='lat'>&#39;¹‘</span> <span class='ocrx_word' id='word_1_577' title='bbox 1175 3185 1316 3222; x_wconf 90' lang='lat' dir='ltr'>dictum</span> <span class='ocrx_word' id='word_1_578' title='bbox 1341 3192 1407 3222; x_wconf 90' lang='lat' dir='ltr'>est.</span> 
     </span>
     <span class='ocr_line' id='line_1_80' title="bbox 344 3237 1407 3291; baseline -0.006 -12"><span class='ocrx_word' id='word_1_579' title='bbox 344 3242 467 3279; x_wconf 66' lang='lat' dir='ltr'>&#39;Unde</span> <span class='ocrx_word' id='word_1_580' title='bbox 497 3248 645 3291; x_wconf 83' lang='lat' dir='ltr'>oportet</span> <span class='ocrx_word' id='word_1_581' title='bbox 673 3241 777 3290; x_wconf 91' lang='lat' dir='ltr'>quod</span> <span class='ocrx_word' id='word_1_582' title='bbox 805 3240 930 3288; x_wconf 85' lang='lat' dir='ltr'>aliqua</span> <span class='ocrx_word' id='word_1_583' title='bbox 958 3238 1164 3276; x_wconf 87' lang='lat' dir='ltr'>differentia</span> <span class='ocrx_word' id='word_1_584' title='bbox 1192 3237 1329 3274; x_wconf 92' lang='lat' dir='ltr'>obiecti</span> <span class='ocrx_word' id='word_1_585' title='bbox 1356 3238 1407 3274; x_wconf 91' lang='lat' dir='ltr'>fa-</span> 
     </span>
     <span class='ocr_line' id='line_1_81' title="bbox 357 3291 1407 3342; baseline -0.006 -10"><span class='ocrx_word' id='word_1_586' title='bbox 357 3294 429 3332; x_wconf 89' lang='lat' dir='ltr'>ciat</span> <span class='ocrx_word' id='word_1_587' title='bbox 462 3294 716 3332; x_wconf 83' lang='lat' dir='ltr'>diversitatem</span> <span class='ocrx_word' id='word_1_588' title='bbox 752 3293 891 3342; x_wconf 92' lang='lat' dir='ltr'>speciei</span> <span class='ocrx_word' id='word_1_589' title='bbox 926 3293 965 3328; x_wconf 90' lang='lat' dir='ltr'>in</span> <span class='ocrx_word' id='word_1_590' title='bbox 1000 3291 1153 3328; x_wconf 90' lang='lat' dir='ltr'>actibus.</span> <span class='ocrx_word' id='word_1_591' title='bbox 1183 3291 1251 3327; x_wconf 87' lang='lat' dir='ltr'>Est</span> <span class='ocrx_word' id='word_1_592' title='bbox 1279 3298 1407 3327; x_wconf 87' lang='lat' dir='ltr'>autem</span> 
     </span>
     <span class='ocr_line' id='line_1_82' title="bbox 357 3343 1406 3395; baseline -0.006 -10"><span class='ocrx_word' id='word_1_593' title='bbox 357 3347 675 3385; x_wconf 89' lang='lat' dir='ltr'>considerandum</span> <span class='ocrx_word' id='word_1_594' title='bbox 716 3346 820 3395; x_wconf 90' lang='lat' dir='ltr'>quod</span> <span class='ocrx_word' id='word_1_595' title='bbox 863 3345 987 3394; x_wconf 89' lang='lat' dir='ltr'>aliqua</span> <span class='ocrx_word' id='word_1_596' title='bbox 1024 3343 1232 3382; x_wconf 87' lang='lat' dir='ltr'>differentia</span> <span class='ocrx_word' id='word_1_597' title='bbox 1271 3343 1406 3380; x_wconf 89' lang='lat' dir='ltr'>obiecti</span> 
     </span>
     <span class='ocr_line' id='line_1_83' title="bbox 355 3397 1405 3448; baseline -0.006 -10"><span class='ocrx_word' id='word_1_598' title='bbox 355 3401 442 3438; x_wconf 85' lang='lat' dir='ltr'>facit</span> <span class='ocrx_word' id='word_1_599' title='bbox 474 3400 722 3438; x_wconf 87' lang='lat' dir='ltr'>differentiam</span> <span class='ocrx_word' id='word_1_600' title='bbox 760 3398 898 3448; x_wconf 90' lang='lat' dir='ltr'>speciei</span> <span class='ocrx_word' id='word_1_601' title='bbox 930 3398 977 3435; x_wconf 88' lang='lat' dir='ltr'>in&#39;</span> <span class='ocrx_word' id='word_1_602' title='bbox 1003 3397 1167 3443; x_wconf 88' lang='lat' dir='ltr'>actibus,</span> <span class='ocrx_word' id='word_1_603' title='bbox 1197 3397 1405 3433; x_wconf 89' lang='lat' dir='ltr'>secundum</span> 
     </span>
    </p>
   </div>
   <div class='ocr_carea' id='block_1_24' title="bbox 409 3514 765 3583">
    <p class='ocr_par' dir='ltr' id='par_1_30' title="bbox 409 3514 765 3583">
     <span class='ocr_line' id='line_1_84' title="bbox 409 3514 758 3548; baseline -0.006 -8"><span class='ocrx_word' id='word_1_604' title='bbox 409 3516 435 3548; x_wconf 89' lang='grc' dir='ltr'>α)</span> <span class='ocrx_word' id='word_1_605' title='bbox 454 3515 578 3540; x_wconf 77' lang='lat' dir='ltr'>activum.</span> <span class='ocrx_word' id='word_1_606' title='bbox 596 3529 615 3533; x_wconf 95' lang='lat'><em>-</em></span> <span class='ocrx_word' id='word_1_607' title='bbox 633 3514 693 3539; x_wconf 87' lang='lat' dir='ltr'>Om.</span> <span class='ocrx_word' id='word_1_608' title='bbox 713 3514 758 3538; x_wconf 85' lang='grc' dir='ltr'>Ρα.</span> 
     </span>
     <span class='ocr_line' id='line_1_85' title="bbox 409 3549 765 3583; baseline -0.008 -7"><span class='ocrx_word' id='word_1_609' title='bbox 409 3549 434 3583; x_wconf 79' lang='grc' dir='ltr'>β)</span> <span class='ocrx_word' id='word_1_610' title='bbox 453 3551 584 3576; x_wconf 83' lang='lat' dir='ltr'>humam&#39;s.</span> <span class='ocrx_word' id='word_1_611' title='bbox 603 3564 621 3568; x_wconf 98' lang='lat'>-</span> <span class='ocrx_word' id='word_1_612' title='bbox 639 3550 700 3574; x_wconf 85' lang='lat' dir='ltr'>Om.</span> <span class='ocrx_word' id='word_1_613' title='bbox 719 3549 765 3573; x_wconf 85' lang='lat' dir='ltr'>Pa.</span> 
     </span>
    </p>
   </div>
   <div class='ocr_carea' id='block_1_25' title="bbox 1430 1447 1436 2118">
    <p class='ocr_par' dir='ltr' id='par_1_31' title="bbox 1430 1447 1436 2118">
     <span class='ocr_line' id='line_1_86' title="bbox 1430 1447 1436 2118; baseline 0 0"><span class='ocrx_word' id='word_1_614' title='bbox 1430 1447 1436 2118; x_wconf 95' lang='lat' dir='ltr'> </span> 
     </span>
    </p>
   </div>
   <div class='ocr_carea' id='block_1_26' title="bbox 1456 1399 2514 3444">
    <p class='ocr_par' dir='ltr' id='par_1_32' title="bbox 1456 1399 2512 1961">
     <span class='ocr_line' id='line_1_87' title="bbox 1456 1399 2507 1450; baseline 0.005 -16"><span class='ocrx_word' id='word_1_615' title='bbox 1456 1399 1561 1446; x_wconf 91' lang='lat' dir='ltr'>quod</span> <span class='ocrx_word' id='word_1_616' title='bbox 1594 1399 1803 1436; x_wconf 87' lang='lat' dir='ltr'>referuntur</span> <span class='ocrx_word' id='word_1_617' title='bbox 1836 1400 1883 1436; x_wconf 91' lang='lat' dir='ltr'>ad</span> <span class='ocrx_word' id='word_1_618' title='bbox 1915 1413 2035 1437; x_wconf 92' lang='lat' dir='ltr'>unum</span> <span class='ocrx_word' id='word_1_619' title='bbox 2071 1401 2296 1450; x_wconf 90' lang='lat' dir='ltr'>principium</span> <span class='ocrx_word' id='word_1_620' title='bbox 2324 1402 2507 1450; x_wconf 89' lang='lat' dir='ltr'>activum,</span> 
     </span>
     <span class='ocr_line' id='line_1_88' title="bbox 1457 1451 2507 1502; baseline 0.006 -16"><span class='ocrx_word' id='word_1_621' title='bbox 1457 1451 1560 1498; x_wconf 93' lang='lat' dir='ltr'>quod</span> <span class='ocrx_word' id='word_1_622' title='bbox 1581 1463 1660 1487; x_wconf 91' lang='lat' dir='ltr'>non</span> <span class='ocrx_word' id='word_1_623' title='bbox 1678 1452 1764 1487; x_wconf 83' lang='lat' dir='ltr'>facit</span> <span class='ocrx_word' id='word_1_624' title='bbox 1793 1452 2042 1490; x_wconf 88' lang='lat' dir='ltr'>differentiam</span> <span class='ocrx_word' id='word_1_625' title='bbox 2061 1454 2100 1490; x_wconf 90' lang='lat' dir='ltr'>in</span> <span class='ocrx_word' id='word_1_626' title='bbox 2120 1454 2276 1502; x_wconf 91' lang='lat' dir='ltr'>actibus,</span> <span class='ocrx_word' id='word_1_627' title='bbox 2297 1455 2507 1492; x_wconf 90' lang='lat' dir='ltr'>secundum</span> 
     </span>
     <span class='ocr_line' id='line_1_89' title="bbox 1458 1503 2506 1554; baseline 0.007 -16"><span class='ocrx_word' id='word_1_628' title='bbox 1458 1504 1561 1551; x_wconf 92' lang='lat' dir='ltr'>quod</span> <span class='ocrx_word' id='word_1_629' title='bbox 1599 1503 1809 1540; x_wconf 86' lang='lat' dir='ltr'>referuntur</span> <span class='ocrx_word' id='word_1_630' title='bbox 1846 1504 1894 1541; x_wconf 92' lang='lat' dir='ltr'>ad</span> <span class='ocrx_word' id='word_1_631' title='bbox 1936 1505 2036 1542; x_wconf 90' lang='lat' dir='ltr'>aliud</span> <span class='ocrx_word' id='word_1_632' title='bbox 2068 1506 2292 1554; x_wconf 91' lang='lat' dir='ltr'>principium</span> <span class='ocrx_word' id='word_1_633' title='bbox 2330 1508 2506 1545; x_wconf 90' lang='lat' dir='ltr'>activum.</span> 
     </span>
     <span class='ocr_line' id='line_1_90' title="bbox 1459 1555 2509 1609; baseline 0.006 -18"><span class='ocrx_word' id='word_1_634' title='bbox 1459 1555 1560 1602; x_wconf 88' lang='lat' dir='ltr'>Quia</span> <span class='ocrx_word' id='word_1_635' title='bbox 1586 1555 1676 1592; x_wconf 88' lang='lat' dir='ltr'>nihil</span> <span class='ocrx_word' id='word_1_636' title='bbox 1704 1556 1809 1604; x_wconf 92' lang='lat' dir='ltr'>quod</span> <span class='ocrx_word' id='word_1_637' title='bbox 1837 1564 1893 1592; x_wconf 87' lang='lat' dir='ltr'>est</span> <span class='ocrx_word' id='word_1_638' title='bbox 1918 1570 1986 1605; x_wconf 92' lang='lat' dir='ltr'>per</span> <span class='ocrx_word' id='word_1_639' title='bbox 2005 1558 2190 1605; x_wconf 87' lang='lat' dir='ltr'>accidens,</span> <span class='ocrx_word' id='word_1_640' title='bbox 2212 1560 2399 1596; x_wconf 89' lang='lat' dir='ltr'>constituit</span> <span class='ocrx_word' id='word_1_641' title='bbox 2426 1573 2509 1609; x_wconf 88' lang='lat' dir='ltr'>spe-</span> 
     </span>
     <span class='ocr_line' id='line_1_91' title="bbox 1460 1608 2508 1659; baseline 0.005 -15"><span class='ocrx_word' id='word_1_642' title='bbox 1460 1608 1567 1655; x_wconf 90' lang='lat' dir='ltr'>ciem,</span> <span class='ocrx_word' id='word_1_643' title='bbox 1588 1608 1655 1645; x_wconf 90' lang='lat' dir='ltr'>sed</span> <span class='ocrx_word' id='word_1_644' title='bbox 1683 1609 1808 1645; x_wconf 89' lang='lat' dir='ltr'>solum</span> <span class='ocrx_word' id='word_1_645' title='bbox 1838 1610 1942 1657; x_wconf 90' lang='lat' dir='ltr'>quod</span> <span class='ocrx_word' id='word_1_646' title='bbox 1971 1617 2026 1646; x_wconf 86' lang='lat' dir='ltr'>est</span> <span class='ocrx_word' id='word_1_647' title='bbox 2053 1622 2121 1658; x_wconf 92' lang='lat' dir='ltr'>per</span> <span class='ocrx_word' id='word_1_648' title='bbox 2150 1623 2209 1647; x_wconf 90' lang='lat' dir='ltr'>se:</span> <span class='ocrx_word' id='word_1_649' title='bbox 2230 1619 2353 1659; x_wconf 90' lang='lat' dir='ltr'>potest</span> <span class='ocrx_word' id='word_1_650' title='bbox 2381 1620 2508 1649; x_wconf 91' lang='lat' dir='ltr'>autem</span> 
     </span>
     <span class='ocr_line' id='line_1_92' title="bbox 1460 1660 2508 1713; baseline 0.005 -17"><span class='ocrx_word' id='word_1_651' title='bbox 1460 1661 1583 1708; x_wconf 89' lang='lat' dir='ltr'>aliqua</span> <span class='ocrx_word' id='word_1_652' title='bbox 1613 1660 1819 1697; x_wconf 86' lang='lat' dir='ltr'>differentia</span> <span class='ocrx_word' id='word_1_653' title='bbox 1848 1661 1983 1698; x_wconf 91' lang='lat' dir='ltr'>obiecti</span> <span class='ocrx_word' id='word_1_654' title='bbox 2017 1674 2097 1698; x_wconf 88' lang='lat' dir='ltr'>esse</span> <span class='ocrx_word' id='word_1_655' title='bbox 2125 1675 2194 1710; x_wconf 92' lang='lat' dir='ltr'>per</span> <span class='ocrx_word' id='word_1_656' title='bbox 2221 1676 2261 1699; x_wconf 89' lang='lat' dir='ltr'>se</span> <span class='ocrx_word' id='word_1_657' title='bbox 2290 1665 2327 1700; x_wconf 92' lang='lat' dir='ltr'>in</span> <span class='ocrx_word' id='word_1_658' title='bbox 2356 1677 2508 1713; x_wconf 89' lang='lat' dir='ltr'>compa—</span> 
     </span>
     <span class='ocr_line' id='line_1_93' title="bbox 1460 1713 2510 1765; baseline 0.004 -16"><span class='ocrx_word' id='word_1_659' title='bbox 1460 1713 1602 1749; x_wconf 88' lang='lat' dir='ltr'>ratione</span> <span class='ocrx_word' id='word_1_660' title='bbox 1632 1713 1680 1749; x_wconf 90' lang='lat' dir='ltr'>ad</span> <span class='ocrx_word' id='word_1_661' title='bbox 1699 1725 1819 1750; x_wconf 91' lang='lat' dir='ltr'>unum</span> <span class='ocrx_word' id='word_1_662' title='bbox 1841 1714 2006 1750; x_wconf 90' lang='lat' dir='ltr'>activum</span> <span class='ocrx_word' id='word_1_663' title='bbox 2022 1719 2039 1735; x_wconf 61' lang='grc' dir='ltr'>α</span> <span class='ocrx_word' id='word_1_664' title='bbox 2058 1715 2293 1763; x_wconf 88' lang='lat' dir='ltr'>principium,</span> <span class='ocrx_word' id='word_1_665' title='bbox 2311 1723 2347 1752; x_wconf 88' lang='lat' dir='ltr'>et</span> <span class='ocrx_word' id='word_1_666' title='bbox 2364 1729 2432 1765; x_wconf 90' lang='lat' dir='ltr'>per</span> <span class='ocrx_word' id='word_1_667' title='bbox 2450 1729 2510 1753; x_wconf 90' lang='lat' dir='ltr'>ac-</span> 
     </span>
     <span class='ocr_line' id='line_1_94' title="bbox 1461 1766 2510 1816; baseline 0.004 -15"><span class='ocrx_word' id='word_1_668' title='bbox 1461 1766 1588 1802; x_wconf 88' lang='lat' dir='ltr'>cidens</span> <span class='ocrx_word' id='word_1_669' title='bbox 1603 1766 1641 1802; x_wconf 91' lang='lat' dir='ltr'>in</span> <span class='ocrx_word' id='word_1_670' title='bbox 1662 1766 1945 1814; x_wconf 86' lang='lat' dir='ltr'>comparatione</span> <span class='ocrx_word' id='word_1_671' title='bbox 1965 1767 2014 1803; x_wconf 91' lang='lat' dir='ltr'>ad</span> <span class='ocrx_word' id='word_1_672' title='bbox 2033 1768 2150 1813; x_wconf 88' lang='lat' dir='ltr'>aliud;</span> <span class='ocrx_word' id='word_1_673' title='bbox 2171 1767 2264 1804; x_wconf 89' lang='lat' dir='ltr'>sicut</span> <span class='ocrx_word' id='word_1_674' title='bbox 2285 1780 2510 1816; x_wconf 87' lang='lat' dir='ltr'>cognoscere</span> 
     </span>
     <span class='ocr_line' id='line_1_95' title="bbox 1461 1819 2512 1870; baseline 0.004 -16"><span class='ocrx_word' id='word_1_675' title='bbox 1461 1819 1629 1855; x_wconf 88' lang='lat' dir='ltr'>colorem</span> <span class='ocrx_word' id='word_1_676' title='bbox 1650 1826 1686 1854; x_wconf 90' lang='lat' dir='ltr'>et</span> <span class='ocrx_word' id='word_1_677' title='bbox 1704 1831 1854 1860; x_wconf 72' lang='lat' dir='ltr'>sonum,</span> <span class='ocrx_word' id='word_1_678' title='bbox 1874 1831 1943 1867; x_wconf 93' lang='lat' dir='ltr'>per</span> <span class='ocrx_word' id='word_1_679' title='bbox 1962 1832 2001 1855; x_wconf 92' lang='lat' dir='ltr'>se</span> <span class='ocrx_word' id='word_1_680' title='bbox 2022 1819 2198 1856; x_wconf 89' lang='lat' dir='ltr'>differunt</span> <span class='ocrx_word' id='word_1_681' title='bbox 2221 1833 2289 1869; x_wconf 91' lang='lat' dir='ltr'>per</span> <span class='ocrx_word' id='word_1_682' title='bbox 2317 1833 2512 1870; x_wconf 89' lang='lat' dir='ltr'>compara-</span> 
     </span>
     <span class='ocr_line' id='line_1_96' title="bbox 1460 1871 2510 1922; baseline 0.003 -15"><span class='ocrx_word' id='word_1_683' title='bbox 1460 1871 1602 1908; x_wconf 90' lang='lat' dir='ltr'>tionem</span> <span class='ocrx_word' id='word_1_684' title='bbox 1631 1872 1680 1907; x_wconf 90' lang='lat' dir='ltr'>ad</span> <span class='ocrx_word' id='word_1_685' title='bbox 1708 1883 1879 1918; x_wconf 90' lang='lat' dir='ltr'>sensum,</span> <span class='ocrx_word' id='word_1_686' title='bbox 1903 1884 1982 1908; x_wconf 91' lang='lat' dir='ltr'>non</span> <span class='ocrx_word' id='word_1_687' title='bbox 2010 1880 2136 1909; x_wconf 90' lang='lat' dir='ltr'>autem</span> <span class='ocrx_word' id='word_1_688' title='bbox 2169 1885 2237 1921; x_wconf 89' lang='lat' dir='ltr'>per</span> <span class='ocrx_word' id='word_1_689' title='bbox 2264 1874 2510 1922; x_wconf 90' lang='lat' dir='ltr'>comparatio-</span> 
     </span>
     <span class='ocr_line' id='line_1_97' title="bbox 1461 1924 1897 1961; baseline 0 -1"><span class='ocrx_word' id='word_1_690' title='bbox 1461 1936 1551 1960; x_wconf 91' lang='lat' dir='ltr'>nem</span> <span class='ocrx_word' id='word_1_691' title='bbox 1579 1925 1628 1961; x_wconf 88' lang='lat' dir='ltr'>ad</span> <span class='ocrx_word' id='word_1_692' title='bbox 1656 1924 1897 1961; x_wconf 90' lang='lat' dir='ltr'>intellectum.</span> 
     </span>
    </p>

    <p class='ocr_par' dir='ltr' id='par_1_33' title="bbox 1460 1975 2514 2812">
     <span class='ocr_line' id='line_1_98' title="bbox 1515 1975 2510 2015; baseline 0.003 -3"><span class='ocrx_word' id='word_1_693' title='bbox 1515 1978 1556 2012; x_wconf 92' lang='lat' dir='ltr'>In</span> <span class='ocrx_word' id='word_1_694' title='bbox 1584 1976 1729 2013; x_wconf 87' lang='lat' dir='ltr'>actibus</span> <span class='ocrx_word' id='word_1_695' title='bbox 1749 1983 1876 2013; x_wconf 87' lang='lat' dir='ltr'>autem</span> <span class='ocrx_word' id='word_1_696' title='bbox 1895 1977 2071 2013; x_wconf 89' lang='lat' dir='ltr'>humanis</span> <span class='ocrx_word' id='word_1_697' title='bbox 2091 1975 2106 2006; x_wconf 73' lang='grc' dir='ltr'><strong>β</strong></span> <span class='ocrx_word' id='word_1_698' title='bbox 2133 1978 2277 2014; x_wconf 88' lang='lat' dir='ltr'>bonum</span> <span class='ocrx_word' id='word_1_699' title='bbox 2306 1985 2342 2014; x_wconf 89' lang='lat' dir='ltr'>et</span> <span class='ocrx_word' id='word_1_700' title='bbox 2368 1979 2510 2015; x_wconf 87' lang='lat' dir='ltr'>malum</span> 
     </span>
     <span class='ocr_line' id='line_1_99' title="bbox 1462 2028 2510 2079; baseline 0.002 -14"><span class='ocrx_word' id='word_1_701' title='bbox 1462 2028 1595 2066; x_wconf 92' lang='lat' dir='ltr'>dicitur</span> <span class='ocrx_word' id='word_1_702' title='bbox 1621 2041 1690 2078; x_wconf 94' lang='lat' dir='ltr'>per</span> <span class='ocrx_word' id='word_1_703' title='bbox 1727 2029 2050 2077; x_wconf 88' lang='lat' dir='ltr'>comparationem</span> <span class='ocrx_word' id='word_1_704' title='bbox 2088 2030 2136 2066; x_wconf 90' lang='lat' dir='ltr'>ad</span> <span class='ocrx_word' id='word_1_705' title='bbox 2164 2031 2372 2071; x_wconf 88' lang='lat' dir='ltr'>rationem:</span> <span class='ocrx_word' id='word_1_706' title='bbox 2402 2031 2510 2079; x_wconf 87' lang='lat' dir='ltr'>quia,</span> 
     </span>
     <span class='ocr_line' id='line_1_100' title="bbox 1461 2081 2511 2130; baseline 0.002 -12"><span class='ocrx_word' id='word_1_707' title='bbox 1461 2089 1501 2118; x_wconf 91' lang='lat' dir='ltr'>ut</span> <span class='ocrx_word' id='word_1_708' title='bbox 1520 2081 1725 2130; x_wconf 84' lang='lat' dir='ltr'>Dionysius</span> <span class='ocrx_word' id='word_1_709' title='bbox 1745 2081 1841 2128; x_wconf 88' lang='lat' dir='ltr'>dicit,</span> <span class='ocrx_word' id='word_1_710' title='bbox 1863 2094 1898 2118; x_wconf 93' lang='lat' dir='ltr'>1v</span> <span class='ocrx_word' id='word_1_711' title='bbox 1918 2094 1998 2130; x_wconf 89' lang='lat' dir='ltr'>cap.</span> <span class='ocrx_word' id='word_1_712' title='bbox 2015 2082 2060 2118; x_wconf 83' lang='lat' dir='ltr'>de</span> <span class='ocrx_word' id='word_1_713' title='bbox 2081 2083 2168 2119; x_wconf 76' lang='lat' dir='ltr'>Div.</span> <span class='ocrx_word' id='word_1_714' title='bbox 2184 2084 2300 2120; x_wconf 89' lang='lat' dir='ltr'>Nom.</span> <span class='ocrx_word' id='word_1_715' title='bbox 2316 2083 2347 2130; x_wconf 68' lang='lat'>³¹⁶,</span> <span class='ocrx_word' id='word_1_716' title='bbox 2368 2084 2511 2120; x_wconf 90' lang='lat' dir='ltr'>bonum</span> 
     </span>
     <span class='ocr_line' id='line_1_101' title="bbox 1460 2134 2511 2181; baseline 0.003 -11"><span class='ocrx_word' id='word_1_717' title='bbox 1460 2134 1626 2171; x_wconf 91' lang='lat' dir='ltr'>hominis</span> <span class='ocrx_word' id='word_1_718' title='bbox 1656 2141 1710 2170; x_wconf 91' lang='lat' dir='ltr'>est</span> <span class='ocrx_word' id='word_1_719' title='bbox 1736 2135 1938 2170; x_wconf 82' lang='lat' dir='ltr'>secundum</span> <span class='ocrx_word' id='word_1_720' title='bbox 1967 2135 2148 2171; x_wconf 87' lang='lat' dir='ltr'>rationem</span> <span class='ocrx_word' id='word_1_721' title='bbox 2176 2148 2264 2181; x_wconf 84' lang='lat' dir='ltr'>esse,</span> <span class='ocrx_word' id='word_1_722' title='bbox 2285 2137 2427 2173; x_wconf 89' lang='lat' dir='ltr'>malum</span> <span class='ocrx_word' id='word_1_723' title='bbox 2448 2149 2511 2173; x_wconf 91' lang='lat' dir='ltr'>au-</span> 
     </span>
     <span class='ocr_line' id='line_1_102' title="bbox 1461 2187 2511 2236; baseline 0.003 -14"><span class='ocrx_word' id='word_1_724' title='bbox 1461 2194 1538 2223; x_wconf 89' lang='lat' dir='ltr'>tem</span> <span class='ocrx_word' id='word_1_725' title='bbox 1558 2187 1662 2236; x_wconf 94' lang='lat' dir='ltr'>quod</span> <span class='ocrx_word' id='word_1_726' title='bbox 1692 2194 1746 2223; x_wconf 90' lang='lat' dir='ltr'>est</span> <span class='ocrx_word' id='word_1_727' title='bbox 1767 2192 1921 2234; x_wconf 84' lang='lat' dir='ltr'>praeter</span> <span class='ocrx_word' id='word_1_728' title='bbox 1948 2187 2142 2224; x_wconf 87' lang='lat' dir='ltr'>rationem.</span> <span class='ocrx_word' id='word_1_729' title='bbox 2171 2188 2382 2236; x_wconf 91' lang='lat' dir='ltr'>Unicuique</span> <span class='ocrx_word' id='word_1_730' title='bbox 2410 2189 2511 2226; x_wconf 91' lang='lat' dir='ltr'>enirn</span> 
     </span>
     <span class='ocr_line' id='line_1_103' title="bbox 1462 2239 2511 2286; baseline 0.002 -11"><span class='ocrx_word' id='word_1_731' title='bbox 1462 2239 1515 2275; x_wconf 90' lang='lat' dir='ltr'>rei</span> <span class='ocrx_word' id='word_1_732' title='bbox 1545 2246 1599 2275; x_wconf 89' lang='lat' dir='ltr'>est</span> <span class='ocrx_word' id='word_1_733' title='bbox 1626 2240 1772 2275; x_wconf 91' lang='lat' dir='ltr'>bonurn</span> <span class='ocrx_word' id='word_1_734' title='bbox 1801 2239 1905 2286; x_wconf 89' lang='lat' dir='ltr'>quod</span> <span class='ocrx_word' id='word_1_735' title='bbox 1926 2239 2103 2276; x_wconf 90' lang='lat' dir='ltr'>convenit</span> <span class='ocrx_word' id='word_1_736' title='bbox 2123 2240 2156 2276; x_wconf 91' lang='lat' dir='ltr'>ei</span> <span class='ocrx_word' id='word_1_737' title='bbox 2174 2241 2383 2277; x_wconf 89' lang='lat' dir='ltr'>secundum</span> <span class='ocrx_word' id='word_1_738' title='bbox 2404 2254 2511 2277; x_wconf 88' lang='lat' dir='ltr'>suam</span> 
     </span>
     <span class='ocr_line' id='line_1_104' title="bbox 1462 2291 2513 2340; baseline 0.003 -13"><span class='ocrx_word' id='word_1_739' title='bbox 1462 2291 1647 2337; x_wconf 89' lang='lat' dir='ltr'>formam;</span> <span class='ocrx_word' id='word_1_740' title='bbox 1678 2298 1714 2327; x_wconf 90' lang='lat' dir='ltr'>et</span> <span class='ocrx_word' id='word_1_741' title='bbox 1732 2292 1876 2327; x_wconf 89' lang='lat' dir='ltr'>malum</span> <span class='ocrx_word' id='word_1_742' title='bbox 1904 2291 2007 2339; x_wconf 89' lang='lat' dir='ltr'>quod</span> <span class='ocrx_word' id='word_1_743' title='bbox 2028 2299 2083 2328; x_wconf 89' lang='lat' dir='ltr'>est</span> <span class='ocrx_word' id='word_1_744' title='bbox 2107 2292 2140 2328; x_wconf 91' lang='lat' dir='ltr'>ei</span> <span class='ocrx_word' id='word_1_745' title='bbox 2167 2300 2314 2340; x_wconf 88' lang='lat' dir='ltr'>praeter</span> <span class='ocrx_word' id='word_1_746' title='bbox 2341 2294 2513 2330; x_wconf 90' lang='lat' dir='ltr'>ordinem</span> 
     </span>
     <span class='ocr_line' id='line_1_105' title="bbox 1463 2344 2514 2391; baseline 0.002 -11"><span class='ocrx_word' id='word_1_747' title='bbox 1463 2356 1552 2380; x_wconf 88' lang='lat' dir='ltr'>suae</span> <span class='ocrx_word' id='word_1_748' title='bbox 1573 2344 1729 2380; x_wconf 85' lang='lat' dir='ltr'>formae.</span> <span class='ocrx_word' id='word_1_749' title='bbox 1761 2345 1868 2380; x_wconf 88' lang='lat' dir='ltr'>Patet</span> <span class='ocrx_word' id='word_1_750' title='bbox 1887 2356 1975 2391; x_wconf 90' lang='lat' dir='ltr'>ergo</span> <span class='ocrx_word' id='word_1_751' title='bbox 2000 2345 2105 2391; x_wconf 93' lang='lat' dir='ltr'>quod</span> <span class='ocrx_word' id='word_1_752' title='bbox 2133 2345 2341 2391; x_wconf 82' lang='lat' dir='ltr'>differentia</span> <span class='ocrx_word' id='word_1_753' title='bbox 2369 2346 2459 2382; x_wconf 92' lang='lat' dir='ltr'>boni</span> <span class='ocrx_word' id='word_1_754' title='bbox 2479 2354 2514 2382; x_wconf 90' lang='lat' dir='ltr'>et</span> 
     </span>
     <span class='ocr_line' id='line_1_106' title="bbox 1462 2396 2514 2447; baseline 0.002 -14"><span class='ocrx_word' id='word_1_755' title='bbox 1462 2397 1551 2433; x_wconf 87' lang='lat' dir='ltr'>mali</span> <span class='ocrx_word' id='word_1_756' title='bbox 1581 2396 1678 2433; x_wconf 90' lang='lat' dir='ltr'>circa</span> <span class='ocrx_word' id='word_1_757' title='bbox 1705 2396 1897 2433; x_wconf 89' lang='lat' dir='ltr'>obiectum</span> <span class='ocrx_word' id='word_1_758' title='bbox 1923 2397 2168 2444; x_wconf 88' lang='lat' dir='ltr'>considerata,</span> <span class='ocrx_word' id='word_1_759' title='bbox 2190 2406 2429 2446; x_wconf 88' lang='lat' dir='ltr'>comparatur</span> <span class='ocrx_word' id='word_1_760' title='bbox 2447 2411 2514 2447; x_wconf 88' lang='lat' dir='ltr'>per</span> 
     </span>
     <span class='ocr_line' id='line_1_107' title="bbox 1463 2449 2512 2498; baseline 0.001 -12"><span class='ocrx_word' id='word_1_761' title='bbox 1463 2462 1502 2486; x_wconf 91' lang='lat' dir='ltr'>se</span> <span class='ocrx_word' id='word_1_762' title='bbox 1522 2449 1571 2485; x_wconf 90' lang='lat' dir='ltr'>ad</span> <span class='ocrx_word' id='word_1_763' title='bbox 1590 2449 1792 2485; x_wconf 89' lang='lat' dir='ltr'>rationem:</span> <span class='ocrx_word' id='word_1_764' title='bbox 1813 2449 1951 2486; x_wconf 89' lang='lat' dir='ltr'>scilicet</span> <span class='ocrx_word' id='word_1_765' title='bbox 1970 2450 2178 2487; x_wconf 90' lang='lat' dir='ltr'>secundum</span> <span class='ocrx_word' id='word_1_766' title='bbox 2199 2451 2302 2498; x_wconf 91' lang='lat' dir='ltr'>quod</span> <span class='ocrx_word' id='word_1_767' title='bbox 2322 2452 2512 2487; x_wconf 87' lang='lat' dir='ltr'>obiectum</span> 
     </span>
     <span class='ocr_line' id='line_1_108' title="bbox 1464 2501 2513 2541; baseline 0.002 -3"><span class='ocrx_word' id='word_1_768' title='bbox 1464 2509 1518 2538; x_wconf 91' lang='lat' dir='ltr'>est</span> <span class='ocrx_word' id='word_1_769' title='bbox 1547 2501 1580 2538; x_wconf 89' lang='lat' dir='ltr'>ei</span> <span class='ocrx_word' id='word_1_770' title='bbox 1608 2502 1839 2539; x_wconf 90' lang='lat' dir='ltr'>conveniens</span> <span class='ocrx_word' id='word_1_771' title='bbox 1866 2503 1927 2538; x_wconf 88' lang='lat' dir='ltr'>vel</span> <span class='ocrx_word' id='word_1_772' title='bbox 1956 2514 2032 2538; x_wconf 89' lang='lat' dir='ltr'>non</span> <span class='ocrx_word' id='word_1_773' title='bbox 2059 2503 2299 2539; x_wconf 90' lang='lat' dir='ltr'>conveniens.</span> <span class='ocrx_word' id='word_1_774' title='bbox 2330 2504 2513 2541; x_wconf 89' lang='lat' dir='ltr'>Dicuntur</span> 
     </span>
     <span class='ocr_line' id='line_1_109' title="bbox 1462 2551 2514 2602; baseline 0.003 -12"><span class='ocrx_word' id='word_1_775' title='bbox 1462 2562 1589 2590; x_wconf 90' lang='lat' dir='ltr'>autem</span> <span class='ocrx_word' id='word_1_776' title='bbox 1618 2554 1731 2602; x_wconf 88' lang='lat' dir='ltr'>aliqui</span> <span class='ocrx_word' id='word_1_777' title='bbox 1760 2561 1863 2590; x_wconf 88' lang='lat' dir='ltr'>actus</span> <span class='ocrx_word' id='word_1_778' title='bbox 1891 2555 2063 2602; x_wconf 87' lang='lat' dir='ltr'>humani,</span> <span class='ocrx_word' id='word_1_779' title='bbox 2092 2551 2152 2591; x_wconf 68' lang='lat' dir='ltr'>vel</span> <span class='ocrx_word' id='word_1_780' title='bbox 2181 2557 2355 2602; x_wconf 89' lang='lat' dir='ltr'>morales,</span> <span class='ocrx_word' id='word_1_781' title='bbox 2385 2569 2514 2593; x_wconf 92' lang='lat' dir='ltr'>secun-</span> 
     </span>
     <span class='ocr_line' id='line_1_110' title="bbox 1463 2607 2513 2654; baseline 0.002 -11"><span class='ocrx_word' id='word_1_782' title='bbox 1463 2607 1555 2643; x_wconf 86' lang='lat' dir='ltr'>dum</span> <span class='ocrx_word' id='word_1_783' title='bbox 1584 2607 1688 2654; x_wconf 90' lang='lat' dir='ltr'>quod</span> <span class='ocrx_word' id='word_1_784' title='bbox 1716 2614 1802 2643; x_wconf 91' lang='lat' dir='ltr'>sunt</span> <span class='ocrx_word' id='word_1_785' title='bbox 1829 2619 1851 2642; x_wconf 89' lang='lat' dir='ltr'>a</span> <span class='ocrx_word' id='word_1_786' title='bbox 1879 2607 2032 2643; x_wconf 88' lang='lat' dir='ltr'>ratione.</span> <span class='ocrx_word' id='word_1_787' title='bbox 2063 2607 2172 2644; x_wconf 89' lang='lat' dir='ltr'>Unde</span> <span class='ocrx_word' id='word_1_788' title='bbox 2197 2608 2437 2645; x_wconf 85' lang='lat' dir='ltr'>manifestum</span> <span class='ocrx_word' id='word_1_789' title='bbox 2459 2617 2513 2646; x_wconf 91' lang='lat' dir='ltr'>est</span> 
     </span>
     <span class='ocr_line' id='line_1_111' title="bbox 1462 2659 2512 2709; baseline 0.004 -15"><span class='ocrx_word' id='word_1_790' title='bbox 1462 2659 1567 2708; x_wconf 92' lang='lat' dir='ltr'>quod</span> <span class='ocrx_word' id='word_1_791' title='bbox 1590 2660 1736 2695; x_wconf 89' lang='lat' dir='ltr'>bonum</span> <span class='ocrx_word' id='word_1_792' title='bbox 1767 2666 1802 2695; x_wconf 89' lang='lat' dir='ltr'>et</span> <span class='ocrx_word' id='word_1_793' title='bbox 1829 2660 1972 2695; x_wconf 90' lang='lat' dir='ltr'>malum</span> <span class='ocrx_word' id='word_1_794' title='bbox 2000 2659 2255 2696; x_wconf 87' lang='lat' dir='ltr'>diversificant</span> <span class='ocrx_word' id='word_1_795' title='bbox 2281 2661 2446 2709; x_wconf 89' lang='lat' dir='ltr'>speciem</span> <span class='ocrx_word' id='word_1_796' title='bbox 2474 2661 2512 2698; x_wconf 93' lang='lat' dir='ltr'>in</span> 
     </span>
     <span class='ocr_line' id='line_1_112' title="bbox 1462 2711 2513 2761; baseline 0.004 -14"><span class='ocrx_word' id='word_1_797' title='bbox 1462 2711 1606 2748; x_wconf 90' lang='lat' dir='ltr'>actibus</span> <span class='ocrx_word' id='word_1_798' title='bbox 1626 2711 1852 2748; x_wconf 88' lang='lat' dir='ltr'>moralibus:</span> <span class='ocrx_word' id='word_1_799' title='bbox 1874 2711 2102 2748; x_wconf 85' lang='lat' dir='ltr'>differentiae</span> <span class='ocrx_word' id='word_1_800' title='bbox 2123 2712 2223 2749; x_wconf 89' lang='lat' dir='ltr'>enirn</span> <span class='ocrx_word' id='word_1_801' title='bbox 2242 2725 2312 2761; x_wconf 91' lang='lat' dir='ltr'>per</span> <span class='ocrx_word' id='word_1_802' title='bbox 2329 2726 2370 2750; x_wconf 92' lang='lat' dir='ltr'>se</span> <span class='ocrx_word' id='word_1_803' title='bbox 2389 2714 2513 2751; x_wconf 92' lang='lat' dir='ltr'>diver-</span> 
     </span>
     <span class='ocr_line' id='line_1_113' title="bbox 1463 2764 1814 2812; baseline 0 -12"><span class='ocrx_word' id='word_1_804' title='bbox 1463 2764 1609 2801; x_wconf 90' lang='lat' dir='ltr'>sificant</span> <span class='ocrx_word' id='word_1_805' title='bbox 1636 2764 1814 2812; x_wconf 90' lang='lat' dir='ltr'>speciem.</span> 
     </span>
    </p>

    <p class='ocr_par' dir='ltr' id='par_1_34' title="bbox 1462 2817 2513 3232">
     <span class='ocr_line' id='line_1_114' title="bbox 1515 2817 2512 2864; baseline 0.002 -12"><span class='ocrx_word' id='word_1_806' title='bbox 1515 2818 1572 2853; x_wconf 79' lang='lat' dir='ltr'>An</span> <span class='ocrx_word' id='word_1_807' title='bbox 1602 2828 1737 2853; x_wconf 84' lang='lat' dir='ltr'>PRIMUM</span> <span class='ocrx_word' id='word_1_808' title='bbox 1765 2828 1862 2853; x_wconf 84' lang='lat' dir='ltr'>ERGO</span> <span class='ocrx_word' id='word_1_809' title='bbox 1882 2828 2064 2853; x_wconf 67' lang='lat' dir='ltr'>monimum</span> <span class='ocrx_word' id='word_1_810' title='bbox 2088 2817 2193 2864; x_wconf 91' lang='lat' dir='ltr'>quod</span> <span class='ocrx_word' id='word_1_811' title='bbox 2213 2817 2324 2854; x_wconf 89' lang='lat' dir='ltr'>etiam</span> <span class='ocrx_word' id='word_1_812' title='bbox 2344 2817 2381 2854; x_wconf 92' lang='lat' dir='ltr'>in</span> <span class='ocrx_word' id='word_1_813' title='bbox 2400 2818 2512 2854; x_wconf 88' lang='lat' dir='ltr'>rebus</span> 
     </span>
     <span class='ocr_line' id='line_1_115' title="bbox 1464 2866 2512 2917; baseline 0.001 -12"><span class='ocrx_word' id='word_1_814' title='bbox 1464 2866 1691 2906; x_wconf 77' lang='lat' dir='ltr'>naturalibus</span> <span class='ocrx_word' id='word_1_815' title='bbox 1725 2870 1870 2906; x_wconf 90' lang='lat' dir='ltr'>bonurn</span> <span class='ocrx_word' id='word_1_816' title='bbox 1899 2877 1934 2905; x_wconf 92' lang='lat' dir='ltr'>et</span> <span class='ocrx_word' id='word_1_817' title='bbox 1961 2870 2122 2916; x_wconf 88' lang='lat' dir='ltr'>malum,</span> <span class='ocrx_word' id='word_1_818' title='bbox 2152 2871 2255 2917; x_wconf 89' lang='lat' dir='ltr'>quod</span> <span class='ocrx_word' id='word_1_819' title='bbox 2293 2877 2348 2906; x_wconf 89' lang='lat' dir='ltr'>est</span> <span class='ocrx_word' id='word_1_820' title='bbox 2379 2883 2512 2907; x_wconf 90' lang='lat' dir='ltr'>secun-</span> 
     </span>
     <span class='ocr_line' id='line_1_116' title="bbox 1465 2922 2513 2969; baseline 0.001 -11"><span class='ocrx_word' id='word_1_821' title='bbox 1465 2922 1557 2959; x_wconf 90' lang='lat' dir='ltr'>dum</span> <span class='ocrx_word' id='word_1_822' title='bbox 1594 2929 1766 2958; x_wconf 90' lang='lat' dir='ltr'>naturam</span> <span class='ocrx_word' id='word_1_823' title='bbox 1802 2929 1838 2958; x_wconf 89' lang='lat' dir='ltr'>et</span> <span class='ocrx_word' id='word_1_824' title='bbox 1865 2929 1993 2958; x_wconf 90' lang='lat' dir='ltr'>contra</span> <span class='ocrx_word' id='word_1_825' title='bbox 2028 2929 2222 2969; x_wconf 88' lang='lat' dir='ltr'>naturam,</span> <span class='ocrx_word' id='word_1_826' title='bbox 2261 2922 2513 2959; x_wconf 89' lang='lat' dir='ltr'>diversificant</span> 
     </span>
     <span class='ocr_line' id='line_1_117' title="bbox 1464 2974 2512 3023; baseline 0 -12"><span class='ocrx_word' id='word_1_827' title='bbox 1464 2975 1630 3023; x_wconf 89' lang='lat' dir='ltr'>speciem</span> <span class='ocrx_word' id='word_1_828' title='bbox 1658 2981 1830 3010; x_wconf 84' lang='lat' dir='ltr'>naturae:</span> <span class='ocrx_word' id='word_1_829' title='bbox 1861 2986 1997 3022; x_wconf 90' lang='lat' dir='ltr'>corpus</span> <span class='ocrx_word' id='word_1_830' title='bbox 2025 2974 2124 3010; x_wconf 90' lang='lat' dir='ltr'>enim</span> <span class='ocrx_word' id='word_1_831' title='bbox 2149 2982 2342 3011; x_wconf 88' lang='lat' dir='ltr'>mortuum</span> <span class='ocrx_word' id='word_1_832' title='bbox 2368 2983 2403 3012; x_wconf 92' lang='lat' dir='ltr'>et</span> <span class='ocrx_word' id='word_1_833' title='bbox 2431 2988 2512 3011; x_wconf 93' lang='lat' dir='ltr'>cor-</span> 
     </span>
     <span class='ocr_line' id='line_1_118' title="bbox 1462 3026 2512 3076; baseline 0.001 -13"><span class='ocrx_word' id='word_1_834' title='bbox 1462 3039 1534 3075; x_wconf 91' lang='lat' dir='ltr'>pus</span> <span class='ocrx_word' id='word_1_835' title='bbox 1561 3027 1695 3076; x_wconf 77' lang='lat' dir='ltr'>vivum</span> <span class='ocrx_word' id='word_1_836' title='bbox 1724 3039 1801 3063; x_wconf 93' lang='lat' dir='ltr'>non</span> <span class='ocrx_word' id='word_1_837' title='bbox 1829 3034 1915 3063; x_wconf 89' lang='lat' dir='ltr'>sunt</span> <span class='ocrx_word' id='word_1_838' title='bbox 1948 3026 2117 3063; x_wconf 83' lang='lat' dir='ltr'>eiusdem</span> <span class='ocrx_word' id='word_1_839' title='bbox 2152 3027 2299 3075; x_wconf 91' lang='lat' dir='ltr'>speciei.</span> <span class='ocrx_word' id='word_1_840' title='bbox 2336 3028 2384 3064; x_wconf 89' lang='lat' dir='ltr'>Et</span> <span class='ocrx_word' id='word_1_841' title='bbox 2411 3028 2512 3064; x_wconf 90' lang='lat' dir='ltr'>simi-</span> 
     </span>
     <span class='ocr_line' id='line_1_119' title="bbox 1462 3079 2509 3130; baseline 0.002 -15"><span class='ocrx_word' id='word_1_842' title='bbox 1462 3080 1544 3116; x_wconf 90' lang='lat' dir='ltr'>liter</span> <span class='ocrx_word' id='word_1_843' title='bbox 1570 3079 1728 3130; x_wconf 86' lang='lat' dir='ltr'>bonum,</span> <span class='ocrx_word' id='word_1_844' title='bbox 1758 3079 1981 3126; x_wconf 89' lang='lat' dir='ltr'>inquantum</span> <span class='ocrx_word' id='word_1_845' title='bbox 2010 3087 2066 3116; x_wconf 88' lang='lat' dir='ltr'>est</span> <span class='ocrx_word' id='word_1_846' title='bbox 2084 3079 2292 3117; x_wconf 89' lang='lat' dir='ltr'>secundum</span> <span class='ocrx_word' id='word_1_847' title='bbox 2313 3080 2509 3127; x_wconf 89' lang='lat' dir='ltr'>rationem,</span> 
     </span>
     <span class='ocr_line' id='line_1_120' title="bbox 1464 3131 2512 3181; baseline 0.002 -14"><span class='ocrx_word' id='word_1_848' title='bbox 1464 3139 1499 3168; x_wconf 90' lang='lat' dir='ltr'>et</span> <span class='ocrx_word' id='word_1_849' title='bbox 1527 3132 1691 3178; x_wconf 89' lang='lat' dir='ltr'>malum,</span> <span class='ocrx_word' id='word_1_850' title='bbox 1720 3131 1944 3180; x_wconf 88' lang='lat' dir='ltr'>inquantum</span> <span class='ocrx_word' id='word_1_851' title='bbox 1973 3139 2028 3168; x_wconf 89' lang='lat' dir='ltr'>est</span> <span class='ocrx_word' id='word_1_852' title='bbox 2054 3140 2202 3181; x_wconf 90' lang='lat' dir='ltr'>praeter</span> <span class='ocrx_word' id='word_1_853' title='bbox 2229 3133 2428 3181; x_wconf 90' lang='lat' dir='ltr'>rationem,</span> <span class='ocrx_word' id='word_1_854' title='bbox 2459 3134 2512 3171; x_wconf 86' lang='lat' dir='ltr'>di—</span> 
     </span>
     <span class='ocr_line' id='line_1_121' title="bbox 1462 3184 2050 3232; baseline 0 -10"><span class='ocrx_word' id='word_1_855' title='bbox 1462 3184 1676 3222; x_wconf 89' lang='lat' dir='ltr'>versificant</span> <span class='ocrx_word' id='word_1_856' title='bbox 1703 3184 1868 3232; x_wconf 90' lang='lat' dir='ltr'>speciem</span> <span class='ocrx_word' id='word_1_857' title='bbox 1898 3184 2050 3222; x_wconf 83' lang='lat' dir='ltr'>moris.&#39;</span> 
     </span>
    </p>

    <p class='ocr_par' dir='ltr' id='par_1_35' title="bbox 1461 3237 2512 3444">
     <span class='ocr_line' id='line_1_122' title="bbox 1514 3237 2512 3286; baseline 0.001 -13"><span class='ocrx_word' id='word_1_858' title='bbox 1514 3239 1572 3273; x_wconf 84' lang='lat' dir='ltr'>AD</span> <span class='ocrx_word' id='word_1_859' title='bbox 1601 3249 1789 3274; x_wconf 81' lang='lat' dir='ltr'>SECUNDUM</span> <span class='ocrx_word' id='word_1_860' title='bbox 1816 3249 1999 3274; x_wconf 78' lang='lat' dir='ltr'>D1CEND1JM</span> <span class='ocrx_word' id='word_1_861' title='bbox 2031 3237 2135 3286; x_wconf 91' lang='lat' dir='ltr'>quod</span> <span class='ocrx_word' id='word_1_862' title='bbox 2162 3237 2306 3274; x_wconf 88' lang='lat' dir='ltr'>malum</span> <span class='ocrx_word' id='word_1_863' title='bbox 2334 3237 2512 3286; x_wconf 87' lang='lat' dir='ltr'>importat</span> 
     </span>
     <span class='ocr_line' id='line_1_123' title="bbox 1461 3290 2508 3338; baseline 0 -12"><span class='ocrx_word' id='word_1_864' title='bbox 1461 3290 1712 3338; x_wconf 89' lang='lat' dir='ltr'>privationem</span> <span class='ocrx_word' id='word_1_865' title='bbox 1744 3302 1822 3326; x_wconf 90' lang='lat' dir='ltr'>non</span> <span class='ocrx_word' id='word_1_866' title='bbox 1859 3290 2090 3337; x_wconf 88' lang='lat' dir='ltr'>absolutam,</span> <span class='ocrx_word' id='word_1_867' title='bbox 2120 3291 2185 3327; x_wconf 90' lang='lat' dir='ltr'>sed</span> <span class='ocrx_word' id='word_1_868' title='bbox 2214 3298 2508 3338; x_wconf 90' lang='lat' dir='ltr'>consequentem</span> 
     </span>
     <span class='ocr_line' id='line_1_124' title="bbox 1461 3342 2509 3391; baseline 0 -12"><span class='ocrx_word' id='word_1_869' title='bbox 1461 3344 1573 3379; x_wconf 87' lang='lat' dir='ltr'>talem</span> <span class='ocrx_word' id='word_1_870' title='bbox 1601 3342 1809 3391; x_wconf 89' lang='lat' dir='ltr'>potentiam</span> <span class='ocrx_word' id='word_1_871' title='bbox 1828 3347 1854 3379; x_wconf 72' lang='grc' dir='ltr'>Υ.</span> <span class='ocrx_word' id='word_1_872' title='bbox 1885 3343 2030 3380; x_wconf 89' lang='lat' dir='ltr'>Dicitur</span> <span class='ocrx_word' id='word_1_873' title='bbox 2057 3343 2158 3379; x_wconf 90' lang='lat' dir='ltr'>enim</span> <span class='ocrx_word' id='word_1_874' title='bbox 2187 3344 2306 3379; x_wconf 90' lang='lat' dir='ltr'>malus</span> <span class='ocrx_word' id='word_1_875' title='bbox 2331 3350 2433 3379; x_wconf 90' lang='lat' dir='ltr'>actus</span> <span class='ocrx_word' id='word_1_876' title='bbox 2453 3355 2509 3379; x_wconf 92' lang='lat' dir='ltr'>se-</span> 
     </span>
     <span class='ocr_line' id='line_1_125' title="bbox 1462 3395 2509 3444; baseline 0 -12"><span class='ocrx_word' id='word_1_877' title='bbox 1462 3395 1630 3433; x_wconf 91' lang='lat' dir='ltr'>cundum</span> <span class='ocrx_word' id='word_1_878' title='bbox 1658 3407 1767 3432; x_wconf 89' lang='lat' dir='ltr'>suam</span> <span class='ocrx_word' id='word_1_879' title='bbox 1795 3395 1974 3444; x_wconf 88' lang='lat' dir='ltr'>speciem,</span> <span class='ocrx_word' id='word_1_880' title='bbox 2003 3408 2082 3433; x_wconf 91' lang='lat' dir='ltr'>non</span> <span class='ocrx_word' id='word_1_881' title='bbox 2110 3407 2153 3432; x_wconf 85' lang='lat' dir='ltr'>ex</span> <span class='ocrx_word' id='word_1_882' title='bbox 2178 3408 2223 3432; x_wconf 89' lang='lat' dir='ltr'>eo</span> <span class='ocrx_word' id='word_1_883' title='bbox 2244 3395 2346 3444; x_wconf 92' lang='lat' dir='ltr'>quod</span> <span class='ocrx_word' id='word_1_884' title='bbox 2366 3396 2509 3432; x_wconf 91' lang='lat' dir='ltr'>nullum</span> 
     </span>
    </p>
   </div>
   <div class='ocr_carea' id='block_1_27' title="bbox 1463 3509 2510 3578">
    <p class='ocr_par' dir='ltr' id='par_1_36' title="bbox 1463 3509 2510 3578">
     <span class='ocr_line' id='line_1_126' title="bbox 1515 3509 2510 3543; baseline -0.002 -8"><span class='ocrx_word' id='word_1_885' title='bbox 1515 3510 1542 3543; x_wconf 87' lang='grc' dir='ltr'>γ)</span> <span class='ocrx_word' id='word_1_886' title='bbox 1562 3511 1640 3535; x_wconf 80' lang='lat' dir='ltr'>talem</span> <span class='ocrx_word' id='word_1_887' title='bbox 1656 3510 1813 3541; x_wconf 80' lang='lat' dir='ltr'>potentiam.</span> <span class='ocrx_word' id='word_1_888' title='bbox 1831 3524 1850 3528; x_wconf 96' lang='lat'>-</span> <span class='ocrx_word' id='word_1_889' title='bbox 1867 3510 2002 3542; x_wconf 80' lang='lat' dir='ltr'>quandam</span> <span class='ocrx_word' id='word_1_890' title='bbox 2026 3510 2154 3534; x_wconf 83' lang='lat' dir='ltr'>rationem</span> <span class='ocrx_word' id='word_1_891' title='bbox 2173 3509 2269 3542; x_wconf 84' lang='lat' dir='ltr'>ACpB‚</span> <span class='ocrx_word' id='word_1_892' title='bbox 2290 3509 2422 3541; x_wconf 82' lang='lat' dir='ltr'>quandam</span> <span class='ocrx_word' id='word_1_893' title='bbox 2436 3509 2510 3541; x_wconf 83' lang='lat' dir='ltr'>posi-</span> 
     </span>
     <span class='ocr_line' id='line_1_127' title="bbox 1463 3545 2178 3578; baseline -0.003 -8"><span class='ocrx_word' id='word_1_894' title='bbox 1463 3546 1559 3570; x_wconf 81' lang='lat' dir='ltr'>tionem</span> <span class='ocrx_word' id='word_1_895' title='bbox 1580 3545 1610 3575; x_wconf 82' lang='lat' dir='ltr'>D,</span> <span class='ocrx_word' id='word_1_896' title='bbox 1629 3546 1763 3578; x_wconf 81' lang='lat' dir='ltr'>quandam</span> <span class='ocrx_word' id='word_1_897' title='bbox 1778 3545 1927 3577; x_wconf 78' lang='lat' dir='ltr'>potentiam</span> <span class='ocrx_word' id='word_1_898' title='bbox 1946 3545 2029 3569; x_wconf 82' lang='lat' dir='ltr'>ceteri.</span> <span class='ocrx_word' id='word_1_899' title='bbox 2176 3557 2178 3559; x_wconf 62' lang='lat'>&gt;</span> 
     </span>
    </p>
   </div>
   <div class='ocr_carea' id='block_1_28' title="bbox 2530 930 2739 1003">
    <p class='ocr_par' dir='ltr' id='par_1_37' title="bbox 2530 930 2739 1003">
     <span class='ocr_line' id='line_1_128' title="bbox 2530 930 2738 957; baseline 0 -6"><span class='ocrx_word' id='word_1_900' title='bbox 2530 932 2539 940; x_wconf 86' lang='lat'>¹</span> <span class='ocrx_word' id='word_1_901' title='bbox 2546 930 2581 951; x_wconf 85' lang='lat' dir='ltr'>Cf.</span> <span class='ocrx_word' id='word_1_902' title='bbox 2587 933 2738 957; x_wconf 82' lang='lat' dir='ltr'>qu.xx,m.2,</span> 
     </span>
     <span class='ocr_line' id='line_1_129' title="bbox 2531 956 2739 978; baseline -0.005 0"><span class='ocrx_word' id='word_1_903' title='bbox 2531 956 2661 978; x_wconf 79' lang='lat' dir='ltr'>Comment.</span> <span class='ocrx_word' id='word_1_904' title='bbox 2675 962 2739 977; x_wconf 84' lang='lat' dir='ltr'>num.</span> 
     </span>
     <span class='ocr_line' id='line_1_130' title="bbox 2531 989 2552 1003; baseline 0 0"><span class='ocrx_word' id='word_1_905' title='bbox 2531 989 2552 1003; x_wconf 92' lang='lat' dir='ltr'>v.</span> 
     </span>
    </p>
   </div>
   <div class='ocr_carea' id='block_1_29' title="bbox 2635 1977 2649 2010">
    <p class='ocr_par' dir='ltr' id='par_1_38' title="bbox 2635 1977 2649 2010">
     <span class='ocr_line' id='line_1_131' title="bbox 2635 1977 2649 2010; baseline 0 0"><span class='ocrx_word' id='word_1_906' title='bbox 2635 1977 2649 2010; x_wconf 73' lang='grc' dir='ltr'>β</span> 
     </span>
    </p>
   </div>
   <div class='ocr_carea' id='block_1_30' title="bbox 2538 2089 2747 2112">
    <p class='ocr_par' dir='ltr' id='par_1_39' title="bbox 2538 2089 2747 2112">
     <span class='ocr_line' id='line_1_132' title="bbox 2538 2089 2747 2112; baseline -0.005 0"><span class='ocrx_word' id='word_1_907' title='bbox 2538 2090 2549 2101; x_wconf 72' lang='grc'>’</span> <span class='ocrx_word' id='word_1_908' title='bbox 2556 2089 2627 2112; x_wconf 90' lang='lat' dir='ltr'>S.Th.</span> <span class='ocrx_word' id='word_1_909' title='bbox 2634 2089 2685 2111; x_wconf 82' lang='lat' dir='ltr'>lect.</span> <span class='ocrx_word' id='word_1_910' title='bbox 2691 2096 2747 2111; x_wconf 85' lang='lat' dir='ltr'>xxn.</span> 
     </span>
    </p>
   </div>
  </div>
 </body>
</html>
