2852 4152
120 981 131 991 '⁴
147 980 183 1002 Cf.
199 987 262 1002 num.
278 987 302 1002 11.

119 1112 130 1122 ⁴⁸
144 1111 214 1133 Num.
230 1118 245 1138 t,
262 1118 297 1133 111.

365 197 438 233 308

361 286 434 307 cum
457 276 580 307 bonum
603 276 745 307 absolute
769 277 935 317 appetitur,
960 287 1052 307 verus
1076 288 1220 308 assensus
1244 278 1415 308 voluntatis

361 327 407 351 est
429 320 468 350 ad
491 321 614 350 bonum
637 327 672 351 ut
701 319 798 351 finem
826 328 856 351 et
884 327 1012 361 propter
1035 331 1081 357 se,
1111 328 1141 352 et
1164 331 1229 351 non
1258 328 1304 351 est
1331 327 1419 351 actus

361 371 480 394 neuter.

416 408 456 438 Et
479 417 535 448 per
557 407 618 438 hoc
641 414 726 448 patet
742 407 858 438 solutio
877 408 1017 441 rationis.
1036 408 1101 438 Iam
1119 408 1203 451 eni-m
1227 413 1312 447 patet
1330 407 1419 448 quod

361 458 407 482 est
429 451 602 492 implicatio
618 452 651 482 in
668 451 788 482 adiecto
809 452 909 482 dicere
925 452 1014 492 quod
1029 452 1153 482 bonum
1172 457 1421 490 repraesentatur

360 495 513 532 absolute,
527 502 558 526 et
572 505 637 526 non
654 502 783 536 propter
805 505 837 525 se
854 505 910 526 nec
926 501 1055 535 propter
1071 494 1165 524 aliud.
1185 494 1313 524 Bonum
1335 494 1419 524 enim

361 539 503 571 absolute
527 546 572 570 est
594 546 724 579 propter
747 549 779 569 se
802 539 962 578 negative:
988 545 1018 568 et
1041 538 1102 568 hoc
1119 538 1217 568 modo
1237 537 1420 578 intelligitur

354 588 490 624 propter
511 593 555 620 se,
573 589 609 613 ut
631 582 832 622 distinguitur
855 589 963 612 contra
981 587 1116 621 propter·
1138 581 1229 611 aliud
1235 589 1247 618 ;
1271 581 1351 612 sicut
1373 582 1419 611 in-

359 627 508 667 telligitur
531 637 605 657 cum
629 626 829 665 distinguitur
851 635 907 656 ens
929 635 949 655 a
972 635 1007 655 se
1030 631 1138 655 contra
1160 635 1216 655 ens
1239 625 1279 655 ab
1301 626 1374 656 alio.

416 671 478 702 Sed
496 671 631 706 adverte,
649 669 776 705 novitie‚
794 670 883 709 quod
899 679 1023 708 semper
1037 668 1280 709 subintelligitur
1296 670 1418 700 bonum

360 716 571 750 substratum,
601 713 742 754 alioquin
764 718 900 753 propter
926 722 961 743 se
988 712 1142 743 diceretur
1172 713 1209 743 de
1245 713 1418 744 chimaera:

360 759 447 800 quod
471 758 556 788 enim
580 764 625 788 est
648 758 770 788 bonurn
792 767 859 786 non
882 763 1013 796 propter
1031 756 1126 793 aliud,
1149 763 1195 787 est
1210 757 1333 788 bonum
1349 768 1420 799 pro-

359 810 428 843 pter
444 812 484 832 se.
511 801 607 838 Quod
623 801 648 830 si
666 801 834 831 contendat
853 799 924 840 quis
943 801 1031 841 quod
1046 800 1144 832 sumit
1153 807 1287 842 propter
1309 811 1343 833 se
1361 813 1418 843 po-

360 846 457 882 sitive,
475 844 638 875 manifeste
655 844 817 884 distinguit
834 844 959 874 bonum
975 851 1104 884 propter
1123 844 1208 875 aliud
1225 852 1333 876 contra
1348 847 1418 877 nul-

358 890 427 920 lum
450 890 589 919 bonum:
614 898 679 918 non
703 888 794 918 datur
818 888 903 918 enim
927 889 1050 919 bonum
1073 896 1202 930 propter
1223 899 1254 920 se
1273 890 1417 930 positive,

359 933 417 963 nisi
441 932 576 972 fingatur
599 932 717 972 aliquid
741 932 829 972 quod
853 932 892 963 sit
910 932 1045 972 positive
1067 931 1139 963 finis
1158 934 1207 964 sui
1230 933 1340 973 ipsius.

412 977 450 1007 V.
468 976 518 1006 Ad
543 976 719 1006 secundum
739 975 873 1006 dubium
887 975 905 995 *
920 976 991 1007 dico
1015 977 1104 1018 quod
1127 987 1192 1008 non
1209 977 1301 1008 video
1325 978 1358 1008 in
1374 989 1416 1015 re,

358 1027 412 1050 aut
434 1020 466 1050 in
489 1022 641 1056 Auctore,
667 1019 901 1050 distinctionem
925 1019 1103 1060 specificam
1130 1021 1163 1051 in
1192 1031 1258 1052 esse
1289 1028 1418 1052 naturae

357 1071 485 1095 actuum
513 1063 568 1104 qui
591 1063 764 1103 passiones·
782 1063 945 1101 dicuntur,
974 1064 1007 1094 in
1029 1064 1192 1095 voluntate
1220 1065 1415 1105 positorum:

357 1108 410 1138 sed
434 1118 545 1138 omnes
561 1114 682 1147 praeter
705 1107 870 1145 tristitiam,
888 1109 927 1138 ad
949 1118 1043 1149 supra
1058 1106 1074 1123 *
1090 1108 1271 1139 nominatos
1296 1115 1417 1150 septem

356 1158 453 1188 actus,
470 1151 587 1182 scilicet
599 1151 689 1188 velle,
709 1152 805 1188 nolle,
825 1152 896 1188 frui,
912 1152 1082 1188 intendere,
1100 1153 1221 1193 eligere,
1241 1154 1416 1184 consentire

357 1202 386 1226 et
408 1196 465 1232 uti,
482 1196 589 1227 reduci
612 1202 702 1236 puto.
723 1198 844 1227 Auctor
867 1196 1025 1236 siquidem
1048 1196 1201 1237 superius,
1219 1197 1252 1227 in
1273 1207 1326 1238 qu.
1346 1208 1415 1235 xxx,

356 1246 412 1271 art.
435 1250 463 1276 2,
489 1241 528 1270 ad
556 1251 582 1277 1,
602 1240 804 1280 particulares
829 1240 1026 1271 conditiones
1048 1241 1238 1281 distinguere
1254 1242 1416 1282 passiones

356 1284 450 1324 partis
480 1284 657 1321 sensitivae,
682 1283 854 1321 affirmans;
880 1284 1130 1326 oppositumque
1157 1285 1190 1315 in
1213 1292 1301 1326 parte
1328 1286 1417 1317 intel-

1013 199 1278 245 QUAEST10
1308 200 1480 245 XLVIII,
1512 200 1806 237 ARTICULUS
1836 202 1886 238 lv

1473 277 1584 308 lectiva
1607 278 1783 315 insinuans3
1805 289 1947 310 amorem
1967 287 1997 311 et
2019 281 2209 312 desiderium
2225 282 2257 312 in
2274 289 2360 322 parte
2376 283 2532 319 sensitiva,

1475 330 1540 351 non
1564 321 1761 358 intellectiva,
1782 322 1930 363 distingui
1954 325 2129 356 secundum
2153 326 2291 366 speciem
2313 326 2426 357 innuit.
2443 327 2484 357 Et
2508 327 2533 357 si

1475 365 1513 394 de
1530 365 1735 395 delectatione
1750 365 1782 395 in
1798 366 1960 397 voluntate
1987 374 2017 398 et
2042 369 2109 399 aliis
2128 369 2328 408 passionibus
2354 370 2439 400 idem
2463 380 2532 401 sen-

1474 407 1571 444 sisset,
1596 418 1662 438 non
1685 408 1843 448 posuisset
1865 409 2048 442 fruitionem
2063 413 2167 443 solam
2182 412 2285 453 specie
2300 413 2478 444 distinctam
2494 415 2532 445 ab

1475 451 1543 481 aliis
1566 451 1686 482 actibus
1710 453 1881 484 voluntatis
1902 452 1931 491 *ς
1957 456 2011 486 sed
2033 462 2192 487 tractasset
2220 457 2258 486 de
2282 466 2318 486 ea
2340 456 2373 486 in
2401 463 2531 489 tractatu

1474 495 1512 525 de
1529 495 1734 526 delectatione
1749 496 1777 534 *,
1795 506 1868 527 cum
1884 497 1923 528 sit
1937 498 2003 530 eius
2019 499 2146 539 species.
2164 517 2182 523 -
2199 500 2250 530 Ad
2265 506 2410 530 naturam
2425 507 2534 532 autem

1473 548 1579 569 rerum
1598 539 1789 580 aspiciendo,
1814 541 1920 572 nescio
1942 541 2022 573 iram
2045 542 2078 573 in
2099 543 2272 580 voluntate,
2294 543 2354 574 nisi
2369 543 2448 574 velle
2466 543 2532 575 vin-

1475 582 1606 619 dictam;
1633 590 1663 614 et
1686 593 1842 621 amorem,
1866 585 1926 616 nisi
1947 586 2028 617 velle
2050 587 2173 618 bonum
2198 587 2255 618 sibi
2279 587 2329 618 vel
2351 587 2448 624 alteri,
2473 594 2532 620 etc.

1529 626 1703 658 Tristitiam
1726 634 1832 658 autem
1855 627 1927 659 ideo
1951 630 2071 670 excepi,
2097 631 2172 671 quia
2195 633 2360 662 contraria
2391 631 2530 662 eiusdem

1473 672 1604 711 generis
1625 677 1711 709 sunt,
1728 678 1758 702 et
1774 671 1882 702 eadem
1906 678 1953 704 est
1975 683 2085 705 eorum
2107 674 2295 715 disciplina:
2317 685 2353 706 ac
2372 685 2429 716 per
2454 675 2529 712 hoe,
2553 677 2555 679 '

1475 725 1549 745 cum
1573 715 1738 746 delectatio
1760 715 1793 746 in
1817 716 1980 747 voluntate
2007 717 2171 748 distinctus
2198 719 2238 750 sit
2268 719 2370 760 specie
2401 725 2489 750 actus
2513 730 2531 750 a

1473 758 1552 789 velle
1581 765 1611 790 et
1634 759 1701 789 aliis
1725 759 1861 796 actibus,
1887 769 2084 801 consequens
2115 769 2161 792 est
2182 769 2218 793 ut
2241 763 2378 800 tristitia,
2402 773 2483 804 quae
2503 764 2531 794 ei

1474 810 1520 833 est
1543 803 1715 840 contraria,
1741 803 1779 834 sit
1802 803 1896 834 etiam
1924 804 2027 844 specie
2054 803 2217 836 distinctus
2240 813 2328 838 aetus
2351 817 2369 837 a
2392 807 2477 838 nolle
2501 814 2531 838 et

1474 846 1590 877 ceteris.
1611 848 1677 878 Nec
1700 854 1864 888 propterea
1889 847 2063 879 diminutus
2083 855 2129 879 est
2146 850 2278 880 Auctor.
2301 851 2464 888 Quoniam
2489 858 2528 888 et,

1472 891 1623 930 ponendo
1647 891 1829 923 fruitionem
1853 892 1990 933 speciem
2005 902 2062 933 per
2077 902 2110 922 se
2125 891 2158 922 in
2173 893 2344 932 voluntate,
2361 895 2531 926 insinuavit

1472 934 1644 966 tristitiam:
1669 937 1882 975 oppositorum
1904 936 1989 966 enirn
2012 936 2121 967 eadem
2141 941 2188 967 est
2201 936 2377 978 disciplina.
2395 938 2445 975 Et,
2467 946 2529 970 tra-

1473 979 1587 1009 ctando
1611 979 1650 1009 de
1674 978 1880 1010 delectatione
1903 986 1934 1011 et
1956 980 2092 1016 tristitia,
2117 989 2259 1020 expresse
2285 982 2411 1014 tradidit
2439 983 2530 1014 tristi-

1472 1022 1549 1052 tiam
1573 1023 1761 1053 contrariam
1784 1023 1982 1054 delectationi
2000 1023 2032 1054 in
2046 1023 2218 1060 voluntate,
2239 1030 2275 1055 ut
2285 1028 2370 1066 patet
2385 1026 2529 1067 superius

1470 1066 1502 1096 in
1527 1076 1580 1107 qu.
1600 1076 1680 1096 xxxv
1701 1066 1728 1098 *.
2101 1085 2106 1089 ·

1530 1110 1572 1140 Et
1590 1110 1641 1146 sic,
1654 1110 1679 1140 si
1699 1110 1807 1141 decem
1824 1117 1855 1141 et
1869 1117 1988 1151 septem
2005 1110 2190 1151 supradictis
2203 1111 2221 1130 *
2238 1111 2395 1143 addantur
2411 1111 2444 1143 hi
2463 1114 2528 1144 duo

1473 1160 1570 1190 actus,
1592 1153 1709 1185 scilicet
1731 1154 1816 1185 nolle
1839 1161 1870 1185 et
1891 1154 2017 1191 tristari;
2038 1162 2130 1186 erunt
2150 1155 2185 1185 in
2199 1155 2347 1186 universo
2371 1163 2458 1188 actus
2476 1157 2529 1188 de-

1473 1207 1543 1228 cem
1565 1204 1596 1229 et
1618 1208 1735 1235 novem
1758 1199 1916 1240 appetitus
1946 1199 2083 1230 distincti
2109 1198 2214 1239 specie
2235 1199 2269 1230 in
2293 1209 2359 1230 esse
2381 1206 2528 1238 naturae,

1473 1242 1771 1283 comprehendendo
1796 1243 1854 1274 sub
1881 1242 2044 1281 fruitione,
2058 1253 2189 1274 omnem
2213 1243 2454 1276 delectationem
2476 1252 2528 1276 vo-

1470 1286 1608 1318 luntatis.

2561 458 2568 466 ’
2578 457 2615 478 Cf.
2626 463 2666 485 qu.
2676 463 2726 484 vm,
2734 458 2772 480 In-

2560 483 2621 504 trod.

2560 509 2570 520 ⁸
2585 509 2633 536 Qu.
2647 515 2703 536 xm
2716 516 2770 539 tas·

2554 1069 2566 1080 ⁴
2580 1070 2632 1091 Art.
2645 1075 2665 1098 3.

2556 1118 2565 1128 ·
2581 1117 2617 1139 Cf.
2632 1123 2696 1139 num.
2710 1122 2728 1139 ι.
