2852 4152
1029 244 1293 293 QUAESTIO
1323 244 1445 290 XXX,
1475 243 1769 282 ARTICULUS
1799 243 1848 278 111
2445 251 2514 276 211

1469 321 1523 352 sed
1546 321 1578 352 in
1597 330 1710 361 genere
1733 319 1830 350 moris
1855 326 1928 350 sunt
1944 319 2136 350 diversarum
2155 319 2339 359 specierum,
2360 319 2459 348 immo
2477 318 2522 348 di-

1469 375 1633 396 versorum
1656 374 1817 405 generum,
1841 363 1964 394 virtutis
1989 370 2019 393 et
2041 363 2117 393 vitii.

1527 409 1659 446 Quarto,
1684 408 1773 449 quod
1796 417 1832 437 ex
1855 407 2061 446 responsione
2077 407 2115 436 ad
2135 406 2319 441 secundum,
2343 406 2521 435 mirandum

1470 460 1516 484 est
1531 453 1569 483 de
1581 452 1735 492 Gregorio
1750 452 1789 481 de
1799 451 1955 486 Arimino,
1971 450 2004 480 in
2021 450 2032 480 1
2049 450 2147 487 Seni„
2160 450 2229 480 dist.
2245 460 2266 485 1,
2279 459 2333 489 qu.
2348 460 2380 485 11,
2395 456 2450 479 art.
2466 459 2483 478 2
2495 449 2522 485 *,
2550 454 2560 465 ⁸
2580 454 2605 475 ln
2625 453 2715 480 probat.
2734 457 2759 479 4·

1470 497 1592 527 dicente
1606 496 1694 537 quod
1718 495 1824 525 nullus
1848 495 2016 525 doctorum
2040 503 2122 534 quos
2150 493 2236 529 vidit,
2263 499 2347 523 tenet
2372 493 2523 532 cupidita·
2553 488 2656 510 ⁰⁰¹¹c¹¹¹⁸·
2670 491 2713 509 ²⁸⁴·

1469 548 1534 571 tern
1557 550 1612 571 seu
1637 539 1827 570 desiderium
1850 538 1999 578 distingui
2015 537 2215 568 essentialiter
2236 537 2275 566 ab
2291 545 2416 566 amore:
2441 543 2525 575 patet

1470 584 1556 615 enim
1579 593 1720 623 expresse
1739 583 1800 619 hic,
1817 589 1847 613 et
1871 581 2014 622 superius
2030 581 2056 612 *.
2077 581 2139 611 Sed
2162 580 2242 611 forte
2266 580 2403 610 excusari
2422 586 2525 619 potest
2553 583 2763 610 ·Qu.x2un‚art.4.

1470 628 1502 658 in
1523 628 1697 658 voluntate:
1714 627 1747 657 in
1769 636 1833 667 qua
1851 633 1957 656 tamen
1978 624 2142 655 manifeste
2158 631 2247 659 errat,
2265 633 2386 663 ponens
2401 623 2418 642 *
2433 623 2526 653 etiam
2552 628 2562 638 ⁸
2577 627 2626 648 Loc
2640 627 2678 648 cit.

1471 671 1711 702 delectationem
1734 680 1800 701 esse
1823 679 1975 706 amorem,
2000 676 2036 700 ut
2059 667 2233 709 superius*
2256 667 2375 698 dictum
2399 674 2453 697 est.
2553 670 2765 698 ·Cf.qu.m,art.4.

357 326 481 357 bonitas
511 324 641 366 quidem
673 331 703 355 et
733 324 852 355 malitia
884 334 920 354 ex
949 331 1059 355 natura
1086 324 1243 365 appetitus
1274 322 1414 362 exigitur,

357 369 462 401 omnis
486 368 571 400 enim
595 367 752 408 appetitus
777 378 832 408 per
855 377 887 397 se
910 368 1030 408 appetit
1048 369 1180 403 bonum,
1201 374 1231 398 et
1251 367 1331 407 fugit
1350 376 1416 396 ma-

348 415 444 450 v1um;
469 412 608 443 absentia
630 421 705 442 vero
729 412 779 441 vel
810 412 998 452 praesentia,
1023 419 1058 442 ut
1087 411 1120 441 in
1148 411 1353 451 responsione
1377 410 1416 439 ad

356 457 498 498 primum
529 456 630 487 littera
659 455 751 491 dicit,
776 455 1010 495 particularitati
1042 455 1200 495 potentiae
1230 454 1414 494 respondet;

358 500 569 541 apprehensio
592 509 678 536 vero,
702 499 887 529 animalitati
910 499 1061 530 eiusdem.

411 544 531 580 Tertio,
556 543 646 584 quod
668 553 772 573 sermo
797 553 942 582 praesens
959 551 1005 574 est
1021 544 1059 573 de
1073 542 1271 573 distinctione
1295 541 1416 581 passio-

359 598 439 619 num
461 588 494 618 in
517 596 629 627 genere
652 593 781 617 naturae
804 593 936 617 tantum.
967 586 1200 627 Concupiscere
1224 586 1309 616 enim
1322 585 1415 626 ⁴dele-

359 631 470 663 ctabile
485 632 518 662 in
537 630 664 671 proprIa
678 631 728 660 vel
744 630 845 660 aliena
860 640 966 666 uxore,
986 630 1019 660 in
1034 640 1146 670 genere
1163 636 1291 660 naturae
1308 628 1418 659 distin-

359 682 501 716 guuntur
516 674 586 705 solo
606 684 750 710 nurnero,
768 675 826 704 sub
846 674 956 704 eadem
974 681 1103 704 naturae
1119 674 1222 714 specie
1238 673 1415 703 existentes:

1155 849 1471 892 ARTICULUS
1499 849 1727 890 TERTIUS

494 955 648 986 UTRUM
673 954 769 984 SINT
793 953 983 990 ALIQUAE
1008 950 1409 983 CONCUPISCENTIAE
1432 950 1707 986 NATURALES,
1731 950 1788 980 ET
1813 950 2002 987 ALIQUAE
2025 949 2115 980 NON
2139 949 2395 979 NATURALES

1139 1037 1215 1067 Infra,
1234 1045 1278 1069 qu.
1297 1044 1351 1068 xm,
1371 1042 1416 1061 art.
1438 1036 1465 1067 33
1484 1044 1529 1068 qu.
1548 1044 1643 1066 uxvn,
1663 1041 1710 1061 art.
1731 1035 1755 1060 5.

121 1362 134 1373 “
146 1361 200 1384 An.
214 1367 231 1389 ι,
245 1361 274 1383 nd
287 1367 308 1390 3.

419 1321 429 1334 ..=
453 1295 507 1335 1'52‘
531 1293 892 1349 &Concupiscentia
914 1300 1015 1335 enim
1042 1299 1204 1347 pertinet
1232 1300 1280 1335 ad
1304 1310 1420 1346 appe-

362 1356 472 1393 titum
500 1354 717 1399 animalem,
746 1360 788 1389 ut
815 1352 958 1388 dictum
990 1359 1046 1387 est
1060 1351 1091 1386 *.
1125 1351 1202 1387 Sed
1235 1351 1421 1398 appetitus

355 1405 540 1445 natarali-s
566 1405 747 1443 ‘dividitur
774 1411 905 1440 contra
933 1403 1151 1439 animalem.
1186 1403 1288 1450 Ergo
1320 1403 1422 1438 nulla

363 1457 669 1506 concupiscentia
698 1464 753 1492 est
780 1455 969 1492 naturalis.

417 1522 452 1548 2.
482 1511 721 1555 PRAETEREA,
760 1507 958 1545 diversitas
990 1506 1192 1543 materialis
1225 1518 1302 1543 non
1336 1506 1423 1543 facit

363 1558 620 1601 diversitatem
649 1560 861 1598 secundum
893 1559 1060 1608 speciem
1077 1588 1086 1606 ,
1116 1558 1183 1596 sed
1212 1559 1337 1595 solum
1366 1571 1423 1595 se-

364 1615 533 1654 cundum
553 1625 773 1652 numerum:
799 1625 896 1662 quae
921 1612 1078 1660 quidem
1099 1611 1295 1649 diversitas
1315 1616 1332 1632 α
1351 1611 1422 1648 sub

363 1675 443 1707 arte
462 1680 542 1704 non
569 1666 679 1704 cadit.
709 1666 787 1703 Sed
815 1665 845 1702 si
873 1677 969 1713 quae
999 1665 1071 1701 sint
1095 1664 1423 1713 concupiscentiae

364 1721 554 1758 naturales
583 1727 619 1756 et
646 1731 725 1756 non
752 1718 952 1764 naturales,
970 1730 1054 1754 nonv
1068 1717 1245 1754 differunt
1272 1716 1343 1754 nisi
1367 1716 1423 1753 se-

365 1773 532 1810 cundum
556 1772 706 1809 diversa
726 1770 1030 1819 concupiscibilia
1049 1768 1085 1806 βε
1115 1770 1220 1819 quod
1239 1769 1326 1806 facit
1344 1781 1424 1806 ma-

363 1825 534 1863 terialem
555 1823 820 1870 differentiam,
838 1831 874 1860 et
893 1823 1106 1860 secundum
1125 1835 1329 1859 numerum
1344 1829 1425 1859 tan·

362 1885 458 1916 turn.
487 1878 580 1914 Non
608 1889 696 1924 ergo
727 1875 955 1913 dividendae
983 1882 1070 1912 sunt
1098 1875 1424 1924 concupiscentiae

363 1943 433 1980 per
459 1930 648 1968 naturales
677 1937 712 1966 et
740 1941 818 1966 non
846 1928 1046 1965 naturales.

419 1984 454 2020 3.
483 1983 720 2027 Pmmmm,
750 1981 844 2018 ratio
874 1989 1004 2018 contra
1030 1987 1205 2017 naturam
1235 1980 1423 2027 dividitur,

233 2058 240 2070 .
267 2083 274 2090 .
308 2053 336 2063 ·-
363 2042 407 2072 ut
432 2042 536 2084 patet
562 2035 601 2071 in
630 2035 661 2070 ΙΙ
690 2035 838 2083 Physic.
863 2034 884 2055 '¹¹
912 2034 951 2070 Si
979 2033 1087 2081 igitur
1113 2033 1152 2069 in
1183 2033 1340 2070 homine
1370 2040 1425 2069 est

331 2084 337 2090 ’
365 2087 491 2135 aliqua
519 2087 825 2135 concupiscentia
843 2099 922 2123 non
941 2085 1130 2132 naturalis,
1152 2093 1302 2133 oportet
1320 2085 1425 2134 quod

365 2140 411 2178 sit
438 2139 640 2177 rationalis.
663 2139 741 2176 Sed
768 2140 842 2176 hoc
863 2150 944 2175 esse
965 2150 1043 2175 non
1061 2145 1201 2187 potest:
1226 2138 1315 2187 quia
1335 2150 1424 2174 con-

365 2192 608 2241 cupiscentia,
638 2204 725 2229 cum
755 2192 801 2228 sit
826 2191 953 2240 passio
973 2190 1177 2238 quaedam,
1197 2191 1357 2239 pertinet
1375 2191 1423 2228 ad

1474 1306 1588 1334 vocat
1616 1311 1679 1335 eas
1699 1310 1915 1335 communes
1939 1307 1975 1336 et
1997 1301 2235 1337 necessarias.
2256 1322 2279 1328 -
2301 1302 2379 1338 Sed
2399 1314 2530 1339 secun-

1477 1350 1547 1386 dae
1568 1351 1896 1399 concupiscentiae
1912 1360 1998 1388 sunt
2015 1353 2192 1401 propriae
2206 1354 2420 1401 hominum,
2438 1367 2531 1403 quo-

1475 1414 1560 1438 rum
1589 1403 1786 1451 proprium
1821 1412 1876 1440 est
1904 1405 2115 1452 excogitare
2148 1406 2288 1454 aliquid
2316 1414 2358 1443 ut
2385 1408 2531 1444 bonum

1477 1461 1514 1490 et
1541 1455 1793 1502 conveniens,
1823 1464 1972 1504 praeter
1999 1458 2037 1494 id
2065 1459 2170 1505 quod
2202 1466 2335 1495 natura
2366 1460 2530 1508 requirit.

1477 1506 1587 1543 Unde
1618 1514 1653 1542 et
1681 1508 1719 1543 in
1748 1509 1761 1543 I
1790 1509 1977 1545 Rhetoric.
1997 1509 2033 1556 ²¹³,
2062 1511 2318 1560 Philosophus
2347 1512 2433 1549 dicit
2459 1512 2532 1561 pri-

1476 1571 1560 1595 mas
1588 1560 1912 1607 concupiscentias
1945 1573 2028 1597 esse
2060 1563 2316 1609 irrationales,
2346 1566 2532 1602 secundas

1477 1623 1570 1648 vero
1600 1623 1685 1647 cum
1714 1612 1869 1649 ratione.
1903 1614 1952 1649 Et
1984 1613 2072 1661 quia
2107 1615 2243 1651 diversi
2277 1616 2532 1654 diversimode

1478 1663 1757 1710 ratiocinantur,
1775 1665 1861 1701 ideo
1883 1665 1995 1701 etiarn
2016 1667 2205 1703 secundae
2226 1667 2412 1716 dicuntur,
2429 1670 2467 1707 in
2482 1671 2532 1706 III

1476 1717 1596 1752 Ethic.
1617 1716 1647 1763 *,
1672 1717 1853 1765 propriae
1880 1724 1917 1754 et
1937 1719 2138 1766 appositae,
2167 1719 2307 1756 scilicet
2333 1733 2447 1769 supra
2470 1734 2535 1759 na-

1477 1769 1615 1806 turales
1643 1774 1672 1805 η.

1531 1824 1590 1858 AD
1606 1834 1743 1858 PRIMUM
1763 1833 1860 1858 ERGO
1880 1834 2063 1859 mcENDUM
2079 1823 2184 1871 quod
2203 1824 2293 1861 illud
2311 1825 2412 1863 idem
2432 1827 2536 1875 quod

1479 1875 1666 1923 appetitur
1694 1875 1861 1923 appetitu
1889 1875 2058 1922 naturali,
2078 1883 2204 1924 potest
2221 1877 2348 1926 appeti
2367 1880 2536 1928 appetitu

1479 1927 1648 1973 animali,
1679 1939 1767 1963 cum
1795 1927 1907 1964 fuerit
1932 1929 2226 1976 apprehensum.
2247 1931 2297 1966 Et
2323 1932 2534 1970 secundum

1478 1980 1564 2026 hoc,
1586 1979 1658 2016 cibi
1683 1987 1719 2016 et
1744 1987 1858 2028 potus
1878 1987 1915 2016 et
1932 1981 2165 2028 huiusmodi,
2186 1994 2284 2030 quae
2308 1992 2536 2032 appetuntur

1478 2032 1707 2079 naturaliter,
1735 2040 1861 2080 potest
1889 2045 1972 2070 esse
1992 2034 2295 2082 concupiscentia
2318 2038 2507 2075 naturalis

1531 2087 1590 2121 AD
1618 2097 1808 2122 SECUNDUM
1835 2097 2019 2122 DICENDUM
2038 2087 2143 2135 quod
2171 2087 2366 2126 diversitas
2395 2102 2533 2127 concu-

1477 2137 1745 2185 piscentiarum
1774 2138 2001 2175 naturalium
2030 2151 2052 2175 a
2079 2152 2158 2176 non
2186 2142 2428 2188 naturalibus,
2456 2156 2535 2180 non

1479 2197 1535 2226 est
1570 2190 1772 2227 materialis
1799 2198 1966 2236 tantum;
2000 2192 2067 2228 sed
2101 2192 2215 2228 etiam
2243 2194 2534 2241 quodammodo

390 1159 459 1202 ὣς.
481 1166 548 1194 ,ὅ
573 1157 594 1182 D
614 1156 774 1182 TERTltJM
797 1155 851 1181 s1c
870 1155 1109 1180 paocsmrun.
1137 1142 1296 1179 Videtur
1314 1140 1421 1189 quod
1474 1140 1642 1188 utrisque
1673 1148 1728 1177 est
1754 1141 1893 1190 aliquid
1922 1142 2154 1179 conveniens
2175 1151 2209 1180 et
2229 1144 2447 1181 delectabile
2473 1157 2529 1181 se-

394 1186 544 1256 ἣξᾼὲᾓ
556 1246 562 1251 ἱ
574 1196 965 1245 concupiscentiarum
1002 1208 1081 1232 non
1115 1195 1187 1231 sint
1228 1195 1419 1242 quaedam
1476 1193 1645 1230 cundum
1660 1201 1845 1230 naturam.
1862 1195 1911 1230 Et
1925 1194 1963 1230 in
1977 1194 2035 1231 his
2051 1195 2163 1231 etiam
2178 1195 2190 1220 t
2206 1208 2339 1233 omnes
2354 1197 2528 1234 homines
2652 1194 2667 1223 ζ

380 1250 427 1304 ,ys
487 1270 491 1272 >
516 1252 542 1291 '6
574 1250 782 1295 naturales,
817 1256 853 1285 et
885 1248 1074 1295 quaedam
1108 1259 1186 1283 non
1219 1247 1419 1283 naturales.
1476 1246 1730 1283 conveniunt:
1759 1247 1860 1283 unde
1878 1254 1913 1283 et
1940 1247 2206 1296 Philosophus,
2228 1249 2266 1285 in
2288 1250 2337 1285 III
2356 1250 2476 1286 Ethic.
2497 1250 2528 1296 *,
2558 1258 2769 1312 Iibffssn‘fnc'afifssi',

2558 1317 2581 1332 n.
2592 1317 2618 1337 2;
2635 1311 2770 1333 s.Th.1ect.

2557 1343 2588 1358 vi.

2560 1525 2569 1533 ·
2583 1524 2639 1545 Loc.
2655 1524 2695 1546 cit.

2562 1737 2571 1745 ‘
2586 1735 2641 1757 Loc.
2657 1735 2695 1757 cit.

222 2252 240 2280 τ
365 2245 574 2294 appetitum
607 2244 844 2291 sensitivum,
874 2256 954 2280 non
982 2251 1110 2280 autem
1130 2248 1146 2271 Υ
1174 2244 1223 2280 ad
1249 2244 1423 2280 volunta·
1477 2242 1657 2289 formalis,
1673 2243 1897 2291 inquantum
1916 2243 2087 2291 procedit
2107 2257 2151 2280 ex
2167 2245 2379 2283 diversitate
2400 2248 2535 2285 obiecti

360 2305 454 2344 tem,
485 2309 584 2347 quae
612 2304 668 2333 est
696 2296 883 2346 appetitus
911 2296 1077 2333 rationis.
1108 2296 1200 2332 Non
1221 2308 1308 2343 ergo
1338 2304 1424 2332 sunt
1478 2295 1600 2332 activi.
1623 2295 1826 2332 Obiectum
1855 2302 1983 2332 autem
2012 2297 2197 2344 appetitus
2226 2305 2283 2334 est
2300 2300 2446 2336 bonum
2471 2313 2535 2350 ap-

365 2349 692 2398 concupiscentiae
721 2348 869 2397 aliquae
897 2361 976 2385 non
1003 2349 1205 2385 naturales.
1477 2348 1721 2396 prehensum.
1751 2348 1862 2385 Unde
1891 2348 1938 2385 ad
1963 2348 2218 2386 diversitatem
2239 2350 2349 2388 activi
2376 2353 2536 2400 pertinet

125 2411 138 2454 ζ
146 2409 327 2459 ξιῇυήἓιῐέ
418 2403 493 2439 SED
513 2413 659 2439 CONTRA
677 2413 744 2438 EST
759 2401 864 2450 quod
879 2401 1147 2449 Philosophus,
1163 2400 1201 2437 in
1217 2402 1266 2437 III
1281 2401 1424 2438 Ennia*
1477 2400 1675 2437 diversitas
1689 2401 2017 2449 apprehensionis:
2037 2410 2151 2450 prout
2168 2402 2308 2440 scilicet
2326 2407 2536 2453 apprehen-

123 2451 292 2496 ⁴d=p.‘xx‚n.
306 2452 337 2495 ss
365 2462 402 2492 et
428 2455 467 2492 in
496 2456 510 2490 I
534 2455 722 2491 Rhetoric.
742 2454 774 2501 ⁸³,
794 2454 902 2502 ponit
933 2453 1120 2502 quasdam
1155 2454 1424 2502 concupiscen-
1478 2453 1587 2491 ditur,
1612 2453 1752 2501 aliquid
1785 2461 1824 2489 ut
1856 2453 2090 2491 conveniens
2122 2455 2294 2493 absoluta
2326 2459 2535 2506 apprehen-

363 2507 434 2545 tias
463 2507 664 2553 naturales,
694 2514 730 2543 et
757 2506 943 2555 quasdam
972 2518 1051 2543 non
1079 2507 1279 2543 naturales.
1477 2506 1594 2550 sione,
1615 2518 1661 2542 ex
1675 2518 1751 2553 qua
1771 2513 1971 2542 causantur
1991 2507 2316 2555 concupiscentiae
2336 2512 2533 2558 naturales,

125 2567 136 2579 ·
149 2567 222 2590 Art-1
418 2561 644 2596 Responmzo
673 2571 857 2596 DICENDUM
880 2558 997 2606 quod,
1018 2558 1113 2595 sicut
1141 2558 1283 2595 dictum
1314 2566 1368 2595 est
1386 2559 1421 2606 ³¹⁶,
1476 2571 1572 2606 quas
1586 2558 1842 2607 Philosophus
1861 2558 1899 2595 in
1913 2557 2101 2596 Rhetorict
2114 2560 2134 2580 *
2148 2568 2262 2597 vocat
2279 2562 2535 2608 z'rrationales;
2562 2577 2572 2587 ·
2587 2577 2644 2599 mc.
2657 2577 2698 2598 cn.

367 2611 672 2659 concupiscentia
692 2618 747 2647 est
765 2611 952 2659 appetitus
971 2610 1063 2647 boni
1082 2611 1323 2648 delectabilis.
1345 2612 1424 2648 Du-
1477 2618 1513 2647 et
1530 2618 1644 2659 prout
1671 2611 1966 2658 apprehenditur
1985 2611 2123 2659 aliquid
2144 2625 2231 2649 curn
2252 2614 2532 2663 deliberatione,

365 2664 510 2712 pliciter
537 2671 666 2700 autem
691 2663 832 2711 aliquid
852 2671 906 2699 est
930 2662 1163 2702 delectabile.
1182 2663 1268 2700 Uno
1289 2663 1421 2710 modo,
1478 2675 1522 2699 ex
1541 2675 1618 2711 quo
1634 2660 1647 2683 θ
1668 2670 1870 2699 causantur
1889 2663 2215 2712 concupiscentiae
2235 2679 2313 2703 non
2332 2669 2531 2716 naturales,
2660 2677 2674 2701 ⁰

367 2716 458 2764 quia
478 2722 533 2752 est
551 2715 785 2752 conveniens
804 2722 960 2751 naturae
980 2715 1168 2751 animalis:
1189 2715 1284 2752 sicut
1303 2716 1421 2763 cibus,
1476 2727 1574 2763 quae
1606 2722 1762 2763 propter
1793 2715 1866 2751 hoc
1902 2715 1941 2752 in
1972 2717 2160 2763 Rhetoric.
2189 2718 2210 2740 '¹‘
2242 2719 2417 2757 dicuntur
2448 2733 2533 2758 cum
2561 2733 2645 2755 ἰδία.

365 2775 490 2817 potus,
513 2775 549 2804 et
575 2767 648 2804 alia
670 2767 903 2804 huiusmodi.
924 2768 973 2804 Et
996 2767 1217 2804 huiusmodi
1245 2768 1422 2817 concupi·
1475 2768 1630 2804 ratione.

224 2871 238 2896 δ
366 2820 508 2857 scentia
535 2819 764 2857 delectabilis
789 2819 922 2857 dicitur
944 2820 1172 2856 naturalis·
1188 2820 1273 2857 Alio
1302 2822 1421 2858 modo
1528 2821 1586 2856 AD
1606 2831 1765 2856 TERTIUM
1787 2831 1970 2857 DlCENDUM
1990 2822 2094 2870 quod
2123 2823 2161 2859 in
2190 2822 2347 2861 homine
2375 2837 2454 2862 non
2473 2838 2533 2863 so-

366 2872 507 2922 aliquid
535 2880 589 2908 est
608 2870 621 2894 Β
642 2872 873 2919 delectabile,
902 2872 992 2920 quia
1016 2879 1071 2909 est
1090 2873 1321 2910 conveniens
1345 2873 1423 2910 ani-

366 2925 455 2962 mali
487 2924 700 2962 secundum
725 2924 1091 2973 apprehensionem:
1121 2925 1216 2962 sicut
1244 2938 1331 2963 cum
1355 2926 1421 2963 ali-

366 2978 448 3026 quis
468 2977 716 3026 apprehendit
734 2977 873 3026 aliquid
892 2985 934 3014 ut
954 2978 1100 3014 bonurn
1121 2985 1156 3014 et
1176 2978 1423 3024 conveniens„

366 3038 402 3067 et
420 3035 432 3051 ⁸
450 3042 520 3079 per
548 3042 786 3077 consequens
815 3030 1020 3067 delectatur
1036 3030 1074 3066 in
1102 3029 1198 3078 ipso.
1219 3031 1268 3066 Et
1294 3030 1422 3067 huius-

365 3082 471 3120 modi
500 3082 727 3119 delectabilis
756 3081 1060 3131 concupiscentia
1088 3082 1222 3119 dicitur
1250 3095 1327 3120 non
1355 3096 1421 3120 na-

364 3135 512 3182 turalis,
542 3142 579 3172 et
606 3135 701 3172 solet
736 3135 856 3182 magis
885 3135 957 3172 dici
985 3135 1175 3183 cupiditas.

418 3188 568 3224 Primae
597 3200 685 3235 ergo
715 3187 1058 3236 concupiscentiae,
1087 3187 1287 3234 naturales,
1317 3199 1421 3224 com·-

1475 2865 1555 2909 luin
1582 2879 1637 2908 est
1657 2872 1750 2909 ratio
1769 2872 2003 2921 universalis,
2024 2886 2121 2923 quae
2139 2876 2302 2923 pertinet
2320 2877 2368 2914 ad
2386 2885 2533 2926 partem

1474 2924 1762 2971 intellectivam;
1792 2925 1859 2962 sed
1888 2925 2000 2962 etiam
2032 2927 2124 2963 ratio
2152 2928 2405 2976 particularis,
2435 2943 2533 2979 quae

1474 2977 1635 3025 pertinet
1653 2977 1703 3014 ad
1720 2985 1868 3026 partem
1888 2978 2117 3027 sensitivam,
2138 2987 2179 3016 ut
2197 2980 2236 3017 in
2253 2981 2379 3029 primo
2398 2982 2494 3020 libro
2513 2983 2534 3005 ‘¹‘

1475 3029 1618 3066 dictum
1638 3038 1703 3077 est.
1729 3031 1778 3066 Et
1796 3031 2005 3068 secundum
2025 3032 2110 3079 hoc,
2133 3032 2246 3070 etiarn
2263 3035 2532 3084 concupiscen-

1474 3082 1524 3119 tia
1552 3094 1650 3129 quae
1686 3089 1740 3118 est
1774 3094 1862 3119 cum
1895 3083 2058 3131 ratione,
2087 3092 2213 3133 potest
2240 3086 2290 3123 ad
2323 3088 2531 3136 appetitum

1474 3134 1695 3171 sensitivum
1722 3134 1922 3182 pertinere.
1951 3157 1974 3163 -
2000 3137 2050 3173 Et
2080 3145 2276 3185 praeterea
2305 3145 2312 3160 ²
2344 3141 2531 3190 appetitus

1474 3187 1674 3224 sensitivus
1688 3194 1813 3235 potest
1828 3187 1939 3225 etiam
1953 3201 1976 3225 a
1989 3189 2134 3227 ratione
2148 3191 2351 3229 universali
2370 3195 2529 3242 moveri,

365 3253 501 3278 munes
521 3248 608 3277 sunt
627 3248 663 3277 et
679 3240 898 3278 hominibus
914 3248 950 3277 et
969 3240 1047 3277 aliis
1067 3239 1309 3277 animalibus:
1335 3240 1421 3289 quia
1446 3234 1450 3288 Ι
1473 3239 1662 3276 mediante
1691 3239 1957 3287 imaginatione
1983 3242 2208 3290 particulari.

418 3405 445 3438 α)
465 3405 615 3430 diversitas.
632 3418 651 3424 -
669 3405 732 3429 Om.
752 3404 797 3428 Pa.
1136 3427 1145 3435 ‚

418 3439 443 3472 β)
462 3439 681 3471 concupiscibilia.
699 3453 718 3458 -
736 3439 835 3464 obiecta
853 3439 1065 3471 concupiscibilia
1083 3441 1128 3465 Pa.

416 3476 443 3508 γ)
463 3482 514 3500 non
533 3478 632 3499 autem.
650 3488 669 3493 -
685 3478 712 3499 et
729 3481 781 3499 non
801 3474 833 3504 K,
852 3482 903 3499 non
923 3475 1009 3500 ceteri.

418 3509 443 3542 δ)
461 3510 564 3542 aliquid
582 3513 630 3534 est.
647 3523 666 3528 -
684 3510 783 3534 dicitur
800 3509 904 3541 aliquid
921 3517 976 3535 esse
994 3510 1063 3534 PKa.

416 3546 439 3578 ε)
458 3548 492 3570 et.
509 3559 528 3564 -
546 3545 608 3569 Om.
626 3544 797 3569 PBCDHlLa.

1526 3405 1551 3437 ζ)
1570 3406 1659 3430 etiam.
1678 3419 1698 3423 -
1716 3405 1777 3430 Om.
1797 3406 1842 3430 Pa.

1526 3440 1553 3472 η)
1571 3447 1654 3472 supra
1673 3441 1817 3466 naturales.
1835 3455 1853 3460 -
1870 3449 1950 3473 super
1969 3443 2104 3468 naturales
2123 3443 2217 3475 ΡΗρΒ.

1526 3473 1551 3507 θ)
1570 3483 1630 3507 quo.
1646 3489 1665 3494 -
1682 3483 1735 3507 qua
1753 3476 1792 3500 Pl.

1527 3511 1545 3542 ι)
1561 3514 1712 3542 praeterea.
1728 3524 1748 3531 -
1761 3515 1875 3543 propter
1892 3512 1941 3537 hoc
1959 3513 2017 3537 PsH
2037 3518 2062 3537 et
2080 3521 2105 3538 α.

2561 2992 2570 3000 ·
2576 2990 2622 3017 Qu.
2627 2997 2722 3019 mviii,
2729 2995 2772 3014 art.

2559 3023 2588 3072 ξς
2599 3023 2637 3044 qu.
2643 3023 2720 3045 amr,
2728 3022 2772 3039 art.

2662 3150 2670 3165 Ι.
