2852 4152
192 1489 320 1534 'weh‘

107 1484 190 1535 {aa

108 1831 319 1862 ‘Cep-mmm.

4 2523 38 2563 *Ι

113 3413 326 3463 &affirmat

991 231 1255 277 QUAESTIO
1287 230 1459 276 XLVIII,
1488 228 1782 265 ARTICULUS
1813 227 1863 263 IV

2434 226 2506 272 307

1011 343 1341 376 Commentaria
1364 341 1613 374 Cardinalis
1635 340 1833 373 Caietam

408 441 479 464 ch
515 431 735 473 quaestionem
769 430 1174 471 quadragesimamsextam,
1203 429 1401 471 quadragesi-

346 443 663 516 Cmamseptimam
691 481 721 505 et
748 474 1165 515 quadragesimamoctavam
1188 473 1297 511 simul,
1327 479 1403 503 nota

104 523 315 577 ἆῼὲιζῖξίπῐῖζη-
343 520 561 553 definitionem
575 519 639 550 irae
653 517 792 559 positam
805 519 844 549 ab
857 518 1024 550 Aristotele
1038 518 1070 568 {¹¹
1084 518 1110 548 ΙΙ
1122 518 1279 549 Rhetoric.
1296 517 1327 547 *:
1344 517 1402 547 Ira

105 581 126 602 2,
142 581 188 603 arg.
204 574 253 597 Sed
261 580 316 596 con-

105 604 153 623 tra.

345 570 391 596 est
413 565 571 605 appetitus
600 572 670 594 cum
699 563 829 592 tristitia
857 572 897 592 ac
918 572 973 602 spe
990 563 1169 602 punitionis
1198 562 1401 602 apparentis,

340 614 475 650 propter
495 611 701 648 apparentem
715 607 994 646 parvipensionem
1014 616 1124 636 eorum
1143 615 1226 646 quae
1249 607 1279 635 in
1300 606 1401 646 ipsum

345 657 403 683 aut
424 653 457 683 in
476 652 575 692 ἱρείης
597 651 717 690 aliqua,
735 659 796 680 non
817 651 1060 680 convenientem.
1076 650 1124 680 Ex
1138 659 1201 689 qua
1222 649 1403 680 definitione

345 696 451 727 videre
472 701 562 735 potes
584 694 618 725 in
641 693 750 734 primis
773 693 852 724 iram
875 693 1055 734 passionem
1075 692 1286 733 compositam
1301 703 1338 723 ex
1353 692 1404 723 tri-

345 739 427 770 stitia
450 746 481 770 et
502 748 559 779 spe
581 744 616 768 ut
639 737 757 774 causis;
781 744 812 768 et
837 744 1064 778 consequenter
1084 747 1120 767 ex
1143 737 1228 767 malo
1252 743 1283 767 et
1305 737 1403 767 bono.

345 786 394 814 Ac
415 792 471 824 per
493 782 564 818 hoc,
582 791 618 812 ex
634 788 720 821 parte
743 781 892 818 tristitiae,
909 781 1001 817 mala,
1026 780 1175 816 defectus,
1191 787 1221 811 et
1245 780 1405 810 universa-

344 826 414 857 liter
436 825 660 863 contristantia,
677 825 850 865 disponunt
872 825 911 855 ad
933 825 1022 856 iram.
1039 825 1081 855 Et
1102 824 1135 854 in
1154 824 1269 864 quibus
1283 823 1405 854 tristitia

347 876 473 911 accepta
495 876 669 910 permanet,
689 876 743 899 aut
759 875 938 904 renovatur,
953 869 998 899 ira
1013 877 1144 909 quoque
1160 868 1250 898 facile
1265 867 1374 908 surgit.
1384 885 1404 889 -

346 913 394 944 Ex
416 920 503 955 parte
525 923 600 944 vero
617 913 693 953 spei,
710 913 840 943 audacia
861 912 1089 952 delectatioque
1110 911 1323 952 consequitur,
1339 918 1404 942 tam

346 957 379 988 in
395 957 573 998 cogitando,
590 967 688 998 quam
703 957 735 987 in
752 963 873 997 sperata
887 955 1061 996 praesentia
1075 955 1240 986 vindictae.
1256 955 1303 985 Ex
1317 962 1404 996 parte

347 1008 454 1032 autern
476 1011 638 1032 successus
659 1008 798 1040 speratae
820 999 974 1031 vindictae
998 999 1037 1029 ad
1060 998 1225 1035 tristitiam,
1241 999 1403 1030 delectatio

347 1052 435 1076 tanto
460 1051 505 1075 est
528 1045 647 1080 maior,
672 1050 791 1086 quanto
816 1051 847 1075 et
869 1043 1042 1074 medicinae
1065 1043 1293 1084 contrapositae
1312 1043 1405 1073 habet

348 1089 513 1120 rationem.
771 1120 773 1122 ,

402 1132 525 1163 Deinde
547 1132 642 1162 habes
665 1131 826 1162 obiectum
850 1138 1031 1171 utrumque,
1051 1131 1168 1162 scilicet
1190 1141 1256 1162 rem
1281 1138 1311 1161 et
1332 1140 1404 1171 per-

348 1185 477 1207 sonam:
500 1186 548 1206 res
572 1183 618 1206 est
640 1175 765 1215 punitio
789 1184 952 1215 apparens,
969 1184 1104 1215 persona
1127 1182 1173 1206 est
1190 1175 1216 1205 is
1232 1175 1287 1216 qui
1303 1174 1404 1215 parvi-

348 1220 467 1261 pendit.
484 1220 532 1250 Ex
550 1226 636 1260 parte
659 1218 834 1259 punitionis
849 1218 1004 1258 appetitae
1021 1225 1051 1248 et
1065 1226 1214 1258 speratae,
1230 1219 1301 1249 vide
1317 1219 1404 1259 quod

348 1274 415 1294 non
438 1271 484 1295 est
505 1264 551 1294 ira
573 1263 612 1293 ad
639 1262 822 1293 excellentes
852 1271 1019 1302 persona3‚
1043 1271 1122 1302 quas
1139 1264 1217 1292 'non
1241 1272 1404 1302 speramus

347 1317 441 1347 posse
464 1306 590 1347 punite;
614 1305 674 1336 nisi
693 1315 752 1346 pro
775 1311 895 1345 quanto
919 1315 992 1335 cum
1016 1305 1119 1335 alieno
1139 1306 1311 1342 adiutorio,
1328 1313 1405 1346 puta

348 1351 466 1387 divino,
483 1359 645 1390 speramus
668 1349 789 1387 punire.
808 1348 848 1378 Et
870 1355 956 1383 tunc,
972 1348 1044 1378 licet
1067 1356 1147 1379 esset
1165 1349 1317 1379 excellens
1337 1359 1406 1389 per-

348 1404 427 1424 sona
449 1399 593 1435 respectu
614 1391 683 1422 irati
706 1392 860 1426 absolute,
885 1401 949 1421 non
968 1398 1073 1421 tamen
1089 1399 1230 1432 respectu
1248 1393 1315 1422 eius
1332 1403 1406 1423 cum

347 1437 522 1468 adiutorio:
546 1445 628 1476 quae
652 1435 736 1466 enim
746 1445 809 1475 per
823 1435 943 1465 amicos
955 1444 1138 1474 possumus,
1148 1446 1212 1475 per
1227 1445 1284 1466 nos
1299 1437 1406 1476 aliquo

347 1481 440 1511 modo
462 1488 654 1520 possumus,
679 1485 714 1509 ut
738 1478 851 1509 dicitur
874 1478 914 1508 111
937 1477 1040 1509 Ethic.
1057 1478 1075 1497 *
1097 1479 1138 1509 Et
1160 1480 1250 1519 quod
1270 1479 1315 1509 ira
1341 1489 1406 1510 non

347 1531 394 1555 est
421 1523 480 1554 nisi
503 1523 543 1553 ad
573 1532 655 1563 quos
682 1529 728 1552 est
760 1521 895 1553 iustitia:
924 1521 1047 1561 punitio
1075 1523 1160 1552 enim
1189 1523 1228 1552 ad
1255 1523 1407 1553 iustitiam

347 1574 475 1608 spectat.
491 1567 532 1598 Et
547 1566 636 1608 quod
652 1573 699 1597 est
713 1565 800 1596 finita
816 1573 845 1596 et
861 1573 1056 1596 mensurata:
1072 1566 1197 1605 punitio
1214 1566 1299 1596 enim
1315 1567 1407 1606 puni-

346 1611 402 1642 bili
418 1617 701 1643 commensuratur.
715 1610 755 1640 Et
770 1609 852 1645 hinc,
869 1609 977 1639 multis
998 1609 1096 1646 factis,
1112 1610 1254 1649 placatur
1268 1610 1374 1641 iratus.
1386 1628 1407 1634 —

346 1655 394 1686 Ex
415 1661 504 1696 parte
521 1664 596 1685 vero
619 1653 828 1695 apparentiae,
848 1653 919 1683 vide
941 1654 1031 1694 quod
1053 1653 1097 1684 ira
1120 1664 1186 1684 non
1202 1661 1248 1684 est
1267 1655 1307 1684 ad
1322 1665 1407 1684 rnor-

347 1707 431 1736 tuos,
455 1699 631 1730 secundum
655 1708 702 1733 se,
726 1707 783 1728 nec
800 1697 838 1727 ad
858 1697 1059 1734 insensibilia,
1077 1697 1192 1738 quibus
1215 1708 1281 1728 non
1304 1705 1408 1738 potest

346 1752 496 1784 apparere
519 1742 654 1783 punitio.
671 1742 713 1772 Et
729 1741 818 1781 quod
831 1741 927 1772 iratus
948 1741 1074 1781 appetat
1089 1741 1289 1781 punitionem
1306 1742 1350 1773 sic
1373 1748 1408 1773 ut

345 1788 427 1818 sciat
443 1787 579 1827 punitus
601 1786 694 1826 quid,
719 1795 740 1815 a
763 1795 844 1825 quo,
871 1790 902 1815 et
918 1795 982 1824 pro
1009 1795 1070 1825 quo
1093 1787 1237 1825 patitur,
1265 1793 1300 1816 ut
1322 1786 1355 1816 in
1379 1787 1406 1816 11

345 1830 505 1862 Rhetoric.
520 1830 538 1849 ¹⁸²
553 1829 676 1860 dicitur.
691 1847 711 1851 -
727 1829 774 1859 Ex
789 1838 924 1868 persona
946 1839 1020 1859 vero
1044 1829 1140 1859 habes
1163 1830 1251 1870 quod
1274 1830 1319 1860 ira
1342 1840 1408 1860 non

347 1882 395 1906 est
408 1874 469 1904 nisi
491 1873 531 1904 ad
549 1874 721 1913 singulares
744 1882 910 1912 personas:
934 1872 1088 1913 quoniam
1111 1873 1318 1913 singularium
1341 1881 1408 1905 tan-

346 1925 417 1950 tum
439 1925 486 1949 est
507 1917 742 1958 parvipendere.

402 1962 508 1993 Habes
521 1961 667 2001 deinceps
681 1969 808 1991 causam
820 1959 893 1996 irae,
904 1967 1108 1999 apparentem
1120 1960 1407 2000 parvipensionem.

348 2005 440 2038 Unde
454 2005 551 2041 vides,
565 2015 602 2035 ex
616 2011 703 2044 parte
718 2003 796 2039 irati,
809 2013 936 2034 causam
951 2004 1014 2034 irae
1031 2004 1170 2044 aliquam
1181 2005 1405 2042 excellentiam,

348 2060 446 2091 quam
468 2049 563 2080 laedit
589 2047 804 2088 parvipensio:
831 2053 860 2077 et
884 2057 919 2077 ex
943 2055 1029 2088 parte
1058 2048 1124 2078 eius
1149 2048 1199 2079 cui
1223 2048 1406 2086 irascimur,

347 2094 516 2129 defectum,
537 2102 634 2133 quem
655 2091 783 2122 dedecet
801 2091 1026 2132 parvipendere
1049 2092 1261 2123 excellentem.
1277 2111 1298 2115 -
1312 2093 1408 2123 Deni-

348 2148 410 2179 que
432 2137 527 2168 habes
549 2137 628 2167 iram
645 2145 710 2166 non
734 2145 771 2166 ex
794 2135 942 2176 qualibet,
960 2136 1014 2166 sed
1031 2145 1067 2165 ex
1091 2143 1198 2167 contra
1221 2147 1254 2167 se
1276 2137 1327 2168 vel
1350 2148 1407 2168 sua

348 2187 517 2222 apparente
537 2179 777 2220 parvipensione
799 2189 996 2218 consurgere.
1013 2179 1158 2210 Vindicta
1184 2180 1270 2210 enim
1292 2191 1350 2220 pro
1375 2191 1407 2212 se

346 2226 397 2256 vel
413 2225 478 2255 suis
498 2224 606 2264 aliquo
630 2223 739 2258 modo,
756 2222 805 2252 fit:
831 2229 989 2253 extraneas
1012 2223 1097 2253 enim
1121 2224 1254 2254 omnino
1278 2224 1407 2255 iniurias

347 2279 413 2300 non
443 2278 601 2299 curamus,
617 2285 638 2290 —
654 2267 695 2297 Et
717 2267 848 2296 demum
870 2266 1154 2303 inconvenientem,
1178 2277 1234 2298 seu
1257 2267 1408 2299 iniustam

347 2318 493 2353 oportere
516 2320 665 2352 apparere
682 2310 966 2350 parvipensionem,
982 2310 1078 2346 vides,
1095 2310 1120 2340 si
1142 2311 1188 2341 ira
1206 2311 1329 2342 excitari
1353 2313 1406 2342 de-

347 2357 416 2387 bet:
439 2365 522 2396 quae
545 2355 632 2385 enim
646 2355 728 2384 iuste
750 2353 815 2394 pati
839 2353 1004 2390 credimus,
1021 2364 1087 2384 non
1109 2354 1291 2395 quaerimus
1305 2355 1407 2386 vindi-

347 2408 431 2436 care;
446 2406 482 2430 ut
501 2398 688 2439 experientia
705 2397 855 2428 continua
870 2403 1000 2428 testatur
1014 2398 1047 2427 in
1062 2398 1196 2429 iudiciis.

405 2443 453 2474 Ex
475 2443 591 2484 quibus
623 2441 710 2472 nulla
739 2438 818 2472 mihi
848 2441 971 2471 videtur
1001 2441 1113 2472 clarior
1142 2441 1314 2474 differentia
1342 2453 1406 2484 qua

346 2487 447 2528 possit
470 2487 583 2518 odium
605 2486 644 2516 ab
666 2485 712 2515 ira
735 2484 878 2521 discerni,
902 2495 1000 2525 quam
1018 2486 1107 2526 quod
1125 2486 1169 2515 ira
1185 2492 1231 2517 est
1249 2487 1407 2527 appetitus

347 2531 423 2561 mali
440 2531 484 2561 ita
499 2530 588 2571 quod
603 2529 714 2560 sentiat
734 2539 767 2559 se
781 2528 931 2568 punitum
947 2538 1005 2568 pro
1022 2529 1075 2559 taIi
1091 2538 1139 2559 re:
1157 2529 1189 2559 in
1209 2530 1283 2560 odio
1301 2537 1408 2561 autem

347 2574 505 2615 appetitus
529 2579 575 2604 est
597 2573 696 2603 solius
719 2572 804 2602 mali.
828 2572 868 2602 Et
891 2572 917 2602 si
932 2572 1076 2603 nesciunt
1092 2573 1263 2612 exprimere
1279 2574 1408 2605 affectus

348 2628 434 2653 suos,
458 2618 569 2648 saltem
591 2617 624 2646 in
647 2616 710 2646 hoc
732 2616 933 2651 discernetur,
957 2615 982 2645 si
999 2616 1198 2655 appetierunt
1213 2617 1335 2648 malum
1349 2628 1407 2658 pro

347 2661 484 2692 vindicta
507 2670 562 2690 seu
586 2659 769 2700 punitione,
793 2665 848 2689 aut
870 2659 1052 2698 simpliciter
1075 2666 1111 2690 ut
1132 2660 1245 2691 habeat
1268 2661 1407 2692 malum:

348 2705 428 2735 illud
450 2704 536 2735 enim
559 2704 598 2734 ad
620 2703 713 2738 iram,
737 2702 799 2733 hoc
822 2703 862 2732 ad
885 2702 997 2733 odium
1021 2710 1149 2743 spectat.

399 2802 418 2821 r
439 2791 516 2821 haec
539 2791 578 2821 de
600 2790 799 2831 passionibus
818 2790 900 2820 dicta
922 2789 1089 2821 sufficiant:
1114 2790 1191 2821 nihil
1215 2791 1300 2822 enim
1323 2792 1408 2823 aliud

353 2803 458 2875 Epro
481 2844 567 2865 nunc
589 2834 789 2865 scribendum
809 2834 945 2864 occurrit
967 2834 1000 2864 in
1023 2834 1210 2874 particulari.
1228 2835 1358 2867 Restant
1376 2837 1408 2866 in

349 2879 432 2910 calce
455 2879 554 2909 totius
580 2884 728 2909 tractatus
751 2877 790 2908 de
813 2877 932 2908 actibus
956 2878 1114 2918 appetitus
1136 2886 1202 2909 tam
1229 2879 1409 2911 intellectivi

349 2933 448 2964 quam
472 2922 627 2958 sensitivi,
651 2921 756 2962 aliqua
780 2921 874 2952 dubia
902 2921 1099 2961 simpliciter,
1125 2930 1155 2953 et
1177 2923 1217 2953 ad
1243 2923 1409 2954 hominem

351 2966 460 2997 divum
484 2966 634 2997 Sanctum
656 2965 829 2996 Thomam.

402 3010 546 3041 Primum
562 3017 617 3046 est,
634 3020 674 3039 an
697 3016 818 3049 praeter
833 3009 942 3039 decem
962 3015 992 3038 et
1010 3015 1131 3048 septem
1150 3016 1236 3040 actus
1252 3010 1409 3051 appetitus

349 3055 412 3085 iam
428 3061 585 3090 tractatos,
605 3063 656 3084 sex
673 3052 819 3093 proprios
835 3052 1038 3083 rationalibus
1054 3059 1085 3083 et
1100 3053 1247 3084 undecim
1263 3063 1408 3085 commu-

312 3117 321 3122 -
350 3108 405 3128 nes
417 3097 444 3134 *,
460 3098 523 3128 sint
545 3097 597 3128 alii
621 3103 708 3128 actus
731 3097 888 3137 appetitus
908 3096 1043 3127 distincti
1062 3096 1164 3136 specie
1183 3097 1215 3127 in
1235 3107 1301 3128 esse
1320 3105 1409 3129 natu-

312 3142 324 3174 Ξ
349 3152 401 3172 rae
425 3142 463 3172 ab
487 3141 569 3172 istis:
594 3151 633 3172 an
657 3140 719 3172 sint
742 3141 801 3171 soli
825 3140 1004 3180 supradicti.
1036 3140 1134 3177 Quod
1157 3141 1243 3171 enim
1265 3151 1330 3172 non
1347 3142 1411 3173 sint

315 3201 322 3213 ι
350 3186 475 3226 plureS‚
505 3195 541 3216 ex
568 3185 630 3216 hoc
657 3185 820 3221 suadetur,
845 3184 920 3225 quia
949 3184 1124 3215 diminutus
1154 3187 1275 3216 Auctor
1302 3185 1411 3217 fuisset

351 3229 528 3260 omittendo
544 3229 625 3260 illos.
643 3246 662 3251 -
678 3228 776 3266 Quod
791 3238 865 3259 vero
882 3227 944 3258 sint
958 3228 1074 3267 plures,
1095 3238 1131 3258 ex
1155 3229 1280 3259 duobus
1298 3230 1410 3269 proba·

351 3281 412 3304 tur.
436 3273 554 3309 Primo,
575 3273 649 3314 quia
671 3279 793 3314 praeter
812 3282 923 3302 omnes
939 3272 1050 3308 dictos,
1068 3279 1114 3302 est
1129 3279 1215 3303 actus
1237 3273 1409 3312 nolitionis‚

352 3326 407 3348 seu
432 3317 526 3354 nolle,
544 3317 576 3347 in
599 3316 772 3352 voluntate,
793 3316 830 3346 de
854 3326 920 3356 quo
944 3326 1009 3346 non
1033 3322 1079 3346 est
1101 3322 1276 3347 tractatum.

408 3361 568 3397 Secundo,
593 3360 667 3401 quia
694 3367 815 3400 praeter
845 3370 956 3390 omnes
979 3359 1094 3396 dictos,
1118 3366 1164 3390 est
1186 3360 1219 3390 in
1245 3360 1409 3391 voluntate

352 3410 443 3436 actus
457 3410 569 3435 neuter
582 3404 609 3441 *,
625 3414 691 3445 quo
706 3404 855 3434 voluntas
869 3404 937 3434 vult
951 3404 1074 3434 bonum
1093 3404 1246 3440 absolute,
1258 3414 1324 3434 non
1340 3413 1412 3444 pro-

352 3455 423 3489 pter
437 3459 469 3479 se
485 3458 542 3479 nec
560 3455 690 3488 propter
709 3447 804 3478 aliud.
819 3448 860 3478 Et
881 3461 896 3476 ‹
913 3448 1001 3488 quod
1017 3448 1056 3478 sit
1070 3447 1236 3488 ponendus
1252 3447 1285 3478 in
1301 3448 1412 3478 volun-

352 3499 415 3524 tate
437 3493 488 3524 hic
503 3499 591 3524 actus
614 3498 733 3528 neuter,
751 3492 903 3532 probatur
916 3504 944 3528 ιο,
964 3491 1067 3532 inquit
1089 3491 1212 3527 Scotus,
1228 3491 1261 3522 in
1277 3492 1289 3521 Ι
1306 3491 1411 3529 Sem„

354 3535 424 3567 dist.
437 3547 458 3573 1,
471 3547 525 3578 qu.
538 3547 582 3573 111,
596 3543 651 3567 art.
671 3547 695 3567 1.
716 3549 730 3564 a<
745 3535 910 3567 Voluntati
925 3542 1030 3576 potest
1043 3535 1165 3566 ostendi
1181 3535 1311 3576 aliquod
1325 3535 1411 3566 obie-

1454 435 1541 459 ctum
1564 428 1687 458 bonum
1709 427 1852 458 absolute
1875 425 2118 467 apprehensum,
2142 435 2207 455 non
2231 426 2289 455 sub
2313 424 2432 455 ratione
2456 433 2511 463 per

1454 482 1497 508 se,
1521 482 1579 502 nec
1602 478 1730 512 propter
1753 470 1871 511 aliquid
1894 466 1981 501 aliud
2003 469 2089 500 boni.
2106 469 2147 499 Et
2168 469 2314 499 voluntas
2336 475 2439 508 potest
2458 468 2510 497 ha-

1454 516 1526 546 bere
1542 515 1622 546 circa
1644 515 1704 545 tale
1723 514 1883 545 obiectum
1902 514 2040 555 aliquem
2062 519 2178 548 actum,
2199 519 2230 543 et
2251 522 2317 542 non
2336 511 2509 542 necessario

1454 559 1680 590 inordinatum.
1703 559 1787 598 Ergo
1816 564 1920 599 potest
1942 558 2056 588 habere
2085 556 2223 597 aliquem
2250 563 2356 586 actum
2384 554 2511 585 volendi

1455 610 1613 639 neutrum,
1629 603 1709 633 idest
1731 612 1789 632 nec
1811 608 1941 642 propter
1956 611 1988 632 se
2011 611 2068 631 nec
2083 607 2213 640 propter
2235 599 2319 630 aliud
2335 611 2362 630 ».
2379 599 2426 629 De
2450 598 2510 628 hoc

1456 654 1563 677 autem
1581 653 1654 677 actu
1676 656 1742 676 non
1766 653 1812 676 est
1834 652 2011 676 tractatum.
2029 645 2123 684 Ergo.
2136 662 2157 667 —
2173 646 2386 684 Assumptum
2408 649 2509 682 patet:

1457 701 1531 721 cum
1546 691 1740 731 quandoque
1755 690 1858 730 primo
1875 689 2021 720 offeratur
2036 690 2173 724 bonum;
2193 694 2224 718 et
2239 687 2351 718 deinde
2367 685 2511 717 discutia-

1456 742 1508 765 tur
1521 744 1562 764 an
1577 734 1616 764 sit
1631 735 1754 764 bonum
1777 740 1906 774 propter
1927 743 1959 763 se
1983 743 2023 763 an
2045 739 2174 773 propter
2196 731 2292 762 aliud.

1511 777 1548 808 II.
1565 777 1748 808 Secundum
1765 777 1899 807 dubium
1918 783 1973 812 est,
1987 787 2026 806 an
2050 786 2162 806 omnes
2180 775 2329 806 undecim
2350 780 2436 805 actus
2458 783 2512 813 ap-

1457 821 1572 861 petitus
1595 831 1678 862 quos
1701 820 1864 861 passiones
1880 820 2014 851 dicimus
2028 820 2056 856 '¹‘,
2075 827 2110 851 ut
2126 826 2199 850 sunt
2213 819 2246 849 in
2262 819 2434 853 voluntate,
2451 817 2512 847 sint

1457 872 1545 896 actus
1560 865 1730 896 voluntatis
1746 863 1888 904 specifice
1905 864 2040 895 distincti
2062 864 2096 894 in
2113 873 2179 894 esse
2195 870 2337 894 naturae:
2363 872 2402 892 an
2418 861 2510 891 nulli:

1457 919 1498 939 an
1516 909 1612 950 aliqui
1636 909 1689 944 sic,
1714 915 1744 939 et
1766 908 1863 949 aliqui
1886 918 1961 939 non.
1985 925 2006 931 —
2028 908 2069 938 Et
2092 917 2132 938 an
2155 906 2332 937 coincidant
2355 915 2428 936 cum
2451 905 2512 935 illis

1457 963 1509 983 sex
1531 953 1565 983 in
1588 962 1654 983 esse
1685 958 1831 982 naturae:
1856 962 1896 982 an
1920 951 1981 982 sint
2003 951 2054 981 alii
2077 950 2219 991 specifice
2251 951 2289 980 ab
2318 949 2390 980 illis.

1512 996 1610 1034 Quod
1632 996 1718 1026 enim
1747 995 1978 1035 distinguantur
2000 995 2116 1035 specie,
2142 1005 2179 1025 ex
2201 993 2400 1025 distinctione
2423 992 2509 1023 obie-

1457 1047 1581 1071 ctorum
1604 1046 1740 1080 apparet.
1760 1057 1780 1062 -
1798 1039 1896 1076 Quod
1918 1049 1992 1069 vero
2008 1049 2074 1069 non
2098 1038 2337 1078 distinguantur,
2354 1047 2390 1067 ex
2413 1036 2512 1067 eleva-

1456 1084 1542 1115 tione
1565 1083 1752 1114 inferiorum
1767 1083 1799 1113 in
1812 1082 2007 1123 superiorem
2030 1090 2188 1118 naturam,
2212 1082 2347 1112 videtur:
2369 1081 2511 1120 dispersa

1458 1127 1543 1158 enim
1565 1129 1597 1158 in
1621 1127 1838 1168 inferioribus,
1857 1127 2014 1157 uniuntur
2035 1127 2067 1156 in
2091 1126 2259 1166 superiori.

1512 1172 1607 1209 Quod
1626 1171 1804 1202 coincidant
1826 1180 1900 1212 cum
1922 1170 1982 1200 illis
1998 1180 2059 1206 sex,
2077 1169 2235 1200 inductive
2250 1168 2439 1199 manifestari
2454 1178 2512 1208 po·

1457 1223 1531 1246 test:
1556 1225 1660 1246 amare
1680 1215 1774 1252 enim,
1796 1213 1978 1250 desiderare,
2006 1223 2138 1254 sperare,
2163 1213 2286 1248 audere,
2310 1211 2410 1247 irasci,
2434 1211 2512 1241 velle

1458 1259 1622 1300 quoddam
1645 1265 1700 1289 est.
1717 1276 1735 1281 -
1750 1258 1849 1296 Quod
1871 1268 1937 1288 non
1956 1257 2143 1293 coincidant,
2163 1263 2291 1297 apparet
2308 1266 2344 1286 ex
2367 1265 2404 1285 eo
2425 1255 2513 1295 quod

1459 1312 1603 1333 seorsum
1618 1309 1763 1333 tractatae
1778 1308 1862 1332 sunt.
1879 1302 1922 1332 Ut
1938 1301 2023 1332 enim
2042 1308 2127 1341 patet
2141 1301 2174 1330 in
2190 1311 2244 1341 qu.
2260 1310 2363 1335 xxvm,
2379 1305 2434 1329 art.
2453 1299 2471 1329 6
2486 1297 2512 1335 ⁸,

1459 1353 1490 1376 et
1512 1356 1567 1386 per
1589 1352 1694 1376 totum
1723 1345 1904 1375 immediate
1926 1345 2011 1375 hunc
2039 1352 2205 1375 tractatum
2229 1344 2268 1374 de
2296 1342 2512 1383 passionibus,

1460 1390 1652 1420 examinatae
1675 1396 1749 1420 sunt
1772 1399 1837 1419 non
1861 1389 1967 1419 solum
1990 1395 2025 1419 ut
2047 1389 2079 1418 in
2103 1388 2243 1428 appetitu
2268 1387 2434 1423 sensitivo‚
2459 1387 2513 1416 sed

1459 1433 1554 1463 etiam
1576 1433 1609 1462 in
1632 1433 1821 1463 intellectivo
1846 1439 1928 1463 sunt.

1515 1477 1566 1507 111.
1583 1477 1633 1506 Ad
1647 1477 1788 1516 primum
1804 1476 1939 1506 dubium
1949 1475 1966 1495 *
1978 1475 2090 1506 dicitur
2104 1475 2191 1515 quod
2209 1481 2330 1514 praeter
2346 1474 2445 1504 dictos
2462 1474 2513 1504 de-

1460 1530 1529 1550 cem
1552 1527 1582 1550 et
1605 1527 1725 1559 septem
1741 1526 1837 1555 actus,
1855 1519 1961 1549 nullus
1977 1526 2023 1549 est
2038 1519 2117 1549 alius
2134 1526 2236 1549 actus:
2261 1518 2412 1558 quoniam
2430 1518 2514 1548 nolle

1460 1573 1526 1593 non
1551 1570 1596 1593 est
1619 1563 1698 1593 alius
1721 1574 1739 1593 a
1762 1563 1940 1603 praedictis;
1966 1569 1996 1592 et
2017 1569 2104 1592 actus
2128 1569 2238 1592 neuter
2260 1571 2326 1591 non
2350 1562 2454 1598 datur,
2479 1568 2516 1592 ut

1460 1607 1578 1647 patebit
1591 1607 1626 1642 *;
1651 1617 1709 1637 nec
1728 1607 1807 1641 alius
1826 1606 1939 1646 aliquis
1955 1613 2092 1646 apparet.
2108 1606 2156 1635 De
2172 1606 2256 1635 nolle
2279 1605 2311 1634 in
2330 1605 2438 1645 primis
2458 1606 2514 1635 du-

1460 1651 1582 1691 pliciter
1604 1650 1666 1680 dici
1689 1657 1801 1690 potest.
1818 1649 1936 1686 Primo,
1954 1650 2042 1689 quod
2065 1649 2150 1679 nolle
2165 1648 2313 1679 coincidit
2328 1658 2401 1678 curn
2416 1649 2514 1679 velle:

1461 1694 1614 1735 quoniam
1630 1694 1708 1724 nihil
1724 1694 1809 1724 aliud
1833 1693 1985 1733 significat
2007 1693 2092 1723 nolle
2108 1703 2204 1733 quam
2222 1692 2302 1723 velle
2325 1702 2397 1723 non.
2417 1693 2458 1723 Et
2477 1693 2516 1722 ad

1461 1739 1523 1769 hoc
1547 1745 1592 1768 est
1615 1738 1783 1768 auctoritas
1807 1748 1831 1768 s.
1845 1737 1991 1767 Thomae
2007 1736 2159 1776 superius,
2175 1736 2208 1766 in
2224 1746 2278 1776 qu.
2298 1746 2338 1771 vt,
2355 1743 2410 1766 art.
2433 1737 2460 1772 3,
2477 1737 2516 1766 ad

1463 1792 1491 1818 2,
1509 1789 1540 1813 et
1553 1782 1586 1812 in
1604 1782 1615 1811 1
1631 1781 1730 1819 Sem„
1748 1781 1817 1812 dist.
1842 1791 1882 1817 vr,
1899 1781 1931 1811 in
1955 1790 2062 1820 expos.
2079 1780 2150 1818 litt.‚
2167 1787 2196 1811 et
2213 1780 2282 1810 dist.
2303 1790 2382 1815 var,
2404 1786 2459 1810 art.
2483 1790 2514 1819 4,

1462 1827 1501 1856 ad
1527 1834 1562 1856 2:
1587 1826 1621 1855 in
1644 1825 1794 1856 omnibus
1817 1825 1902 1855 enim
1925 1824 1974 1854 his
1996 1824 2075 1855 locis
2098 1825 2166 1855 vult
2180 1824 2268 1864 quod
2292 1823 2377 1854 nolle
2400 1823 2516 1863 signifi-

1461 1877 1510 1901 cat
1527 1877 1634 1900 actum
1648 1869 1776 1899 volendi
1795 1879 1869 1900 cum
1887 1868 2054 1908 negatione
2073 1868 2196 1899 obiecti.

1515 1914 1576 1944 Sed
1600 1913 1753 1954 quoniam
1769 1913 1891 1943 bonum
1907 1919 1938 1943 et
1959 1912 2081 1942 malum
2104 1919 2176 1942 sunt
2193 1911 2315 1942 obiecta
2343 1911 2516 1951 appetitus,

1461 1957 1606 1998 quamvis
1622 1957 1743 1987 malum
1760 1957 1960 1992 secundario;
1981 1962 2012 1986 et
2026 1956 2149 1986 bonum
2169 1962 2215 1986 est
2232 1955 2321 1996 quod
2340 1955 2447 1985 omnia
2462 1965 2517 1995 ap-

1460 2009 1582 2041 petunt,
1600 2002 1721 2031 malum
1744 2010 1819 2031 vero
1843 2001 1931 2041 quod
1960 2000 2068 2030 omnia
2091 1999 2232 2039 fugiunt:
2262 1999 2445 2030 rationabile
2469 2006 2515 2029 est

1460 2052 1495 2076 ut
1513 2045 1545 2075 in
1560 2045 1663 2085 primo
1679 2044 1830 2085 appetitu,
1854 2050 1973 2084 quotus
1988 2050 2035 2074 est
2056 2043 2225 2079 rationalis,
2242 2043 2282 2073 sit
2300 2049 2387 2073 actus
2403 2052 2515 2073 conso-

1461 2099 1520 2119 nus
1535 2089 1660 2129 utrique
1675 2088 1809 2124 obiecto,
1821 2088 2001 2128 prosecutio
2013 2087 2128 2118 scilicet
2143 2094 2284 2127 respectu
2300 2086 2387 2125 boni,
2399 2093 2429 2117 et
2443 2086 2518 2126 fuga

1460 2140 1602 2173 respectu
1625 2133 1709 2163 mali.
1734 2134 1781 2163 Ac
1804 2142 1860 2172 per
1881 2132 1957 2168 hoc,
1981 2132 2062 2162 sicut
2083 2131 2162 2161 velle
2185 2131 2265 2161 inest
2288 2141 2346 2171 pro
2370 2140 2518 2170 prosecu-

1460 2177 1556 2213 tione,
1579 2177 1622 2207 ita
1645 2176 1729 2206 nolle
1753 2185 1811 2216 pro
1835 2175 1923 2215 fuga:
1947 2175 2031 2205 illius
2054 2175 2139 2205 enim
2163 2175 2323 2205 obiectum
2351 2175 2518 2215 proprium

1461 2227 1508 2251 est
1530 2221 1663 2256 bonurn,
1687 2219 1782 2250 huius
1806 2226 1912 2249 autem
1935 2219 2067 2249 malum.
2092 2219 2133 2249 Et
2154 2218 2216 2249 hoc
2238 2225 2284 2248 est
2299 2218 2471 2248 tenendum
2488 2225 2519 2248 et

1461 2265 1637 2295 secundum
1665 2273 1745 2299 rem,
1770 2270 1800 2293 et
1823 2262 1998 2293 secundum
2020 2266 2166 2303 {mentem
2189 2262 2351 2292 Auctoris:
2376 2268 2411 2292 ut
2434 2268 2519 2301 patet

1461 2308 1606 2348 superius
1634 2307 1666 2337 in
1695 2317 1749 2347 qu.
1773 2317 1840 2342 vm,
1870 2313 1926 2336 art.
1952 2317 1976 2342 1,
2001 2307 2040 2335 ad
2065 2317 2090 2342 1,
2115 2306 2169 2336 ubi
2200 2315 2235 2335 ex
2263 2305 2429 2345 proposito
2458 2305 2519 2335 hoc

1460 2358 1579 2388 tractat,
1594 2357 1747 2391 tanquam
1765 2350 1798 2380 in
1814 2350 1944 2390 proprio
1968 2350 2052 2381 loco.
2075 2350 2142 2380 Nec
2162 2349 2347 2389 oppositum
2370 2349 2466 2379 sensit
2486 2349 2519 2378 in

1458 2396 1539 2426 Iocis
1553 2394 1780 2436 praeinductis:
1804 2394 1858 2424 sed
1874 2394 2099 2424 tantummodo
2116 2393 2260 2433 exposuit
2275 2403 2332 2434 per
2346 2393 2436 2430 velle,
2453 2399 2520 2423 tan-

1461 2449 1559 2481 quam
1575 2439 1693 2474 notius,
1710 2437 1920 2478 significatum
1943 2447 1998 2477 per
2014 2438 2107 2468 nolle.
2122 2455 2143 2460 —
2162 2437 2221 2467 Dic
2246 2447 2320 2477 ergo
2331 2437 2419 2477 quod
2434 2437 2519 2467 nolle

1461 2482 1615 2524 significat
1628 2490 1735 2513 actum
1750 2481 1923 2522 positivum
1939 2481 2141 2512 refutativum
2157 2481 2280 2511 obiecti.
2294 2481 2335 2511 Et
2348 2480 2422 2521 quia
2427 2480 2519 2521 suga

1462 2529 1494 2557 in
1518 2527 1657 2567 appetitu
1681 2531 1726 2556 est
1744 2527 1826 2556 sicut
1849 2526 1978 2566 negatio
2001 2526 2033 2555 in
2058 2525 2228 2563 intellectu,
2245 2532 2280 2555 ut
2299 2524 2412 2555 dicitur
2427 2525 2459 2554 in
2475 2525 2518 2555 Vl

1461 2571 1564 2601 Ethic.
1580 2570 1611 2606 *;
1636 2570 1708 2600 ideo
1731 2569 1781 2599 hic
1804 2575 1891 2599 actus
1916 2569 2088 2599 declaratus
2112 2575 2158 2599 est
2176 2578 2232 2608 per
2254 2569 2334 2599 velle
2352 2578 2423 2599 non.

1515 2615 1590 2644 Non
1613 2613 1672 2644 fuit
1694 2619 1800 2643 tamen
1823 2613 1935 2643 tacitus
1950 2613 1989 2642 ab
2004 2614 2143 2643 Auctore
2162 2612 2194 2642 in
2210 2612 2271 2642 hoc
2285 2618 2416 2643 tractatu
2432 2619 2519 2643 actus
2566 2622 2572 2628 ·

1462 2658 1552 2689 istius
1576 2657 1748 2688 nolitionis.
1766 2656 1827 2687 Sed
1845 2656 2036 2696 inquantum
2051 2662 2098 2686 est
2112 2655 2259 2696 proprius
2277 2655 2442 2692 voluntati,
2459 2663 2519 2686 tra-

1463 2709 1563 2732 ctatus
1591 2707 1637 2731 est
1660 2710 1734 2731 cum
1758 2710 1817 2730 suo
1846 2700 2016 2736 contrario,
2041 2700 2156 2730 scilicet
2178 2700 2276 2729 velle:
2305 2701 2518 2740 oppositorum

1463 2746 1549 2776 enim
1572 2745 1680 2775 eadem
1705 2749 1751 2775 est
1773 2744 1950 2784 disciplina.
1967 2744 2008 2774 Et
2030 2743 2224 2783 assignatum
2243 2750 2288 2774 est
2303 2743 2331 2773 ei
2347 2743 2518 2780 obiectum,

1463 2789 1578 2820 scilicet
1593 2789 1729 2824 malum;
1746 2795 1777 2818 et
1792 2788 1913 2818 dictum
1929 2787 2006 2828 quid
2022 2794 2077 2823 est,
2098 2787 2214 2818 scilicet
2230 2787 2318 2827 fuga;
2336 2794 2371 2818 ut
2385 2794 2470 2827 patet
2485 2787 2517 2817 in

1461 2834 1534 2873 loco
1555 2833 1689 2873 allegato
1707 2832 1735 2863 *.
1752 2850 1771 2854 -
1787 2832 1979 2872 Inquantum
2001 2841 2076 2861 vero
2092 2831 2246 2862 rationem
2266 2831 2359 2861 habet
2375 2841 2519 2862 commu-

1463 2887 1538 2908 nem
1553 2887 1628 2907 cum
1643 2875 1852 2916 passionibus
1869 2882 2016 2906 tractatus
2032 2882 2078 2906 est
2092 2875 2125 2905 in
2141 2881 2271 2906 tractatu
2295 2875 2335 2905 de
2353 2875 2427 2905 odio
2446 2875 2472 2911 *,
2489 2882 2520 2906 et

1463 2921 1612 2962 opposito
1642 2920 1794 2955 desiderii,
1819 2919 2036 2960 desperatione
2051 2929 2087 2949 ac
2109 2919 2222 2949 timore
2236 2918 2263 2949 *.
2281 2919 2361 2949 Sunt
2377 2919 2462 2949 enim
2485 2919 2518 2949 in

1462 2965 1624 2995 voluntate
1639 2964 1716 2994 haec
1738 2963 1918 2994 nolitiones.
1934 2963 1984 2999 Et,
2007 2970 2042 2993 ut
2065 2963 2184 2993 dictum
2201 2969 2246 2993 est
2260 2962 2286 2999 *,
2306 2962 2520 2994 universaliter

1462 3008 1624 3048 passiones
1651 3014 1796 3038 tractatae
1825 3013 1899 3037 sunt
1922 3013 1987 3037 tarn
2014 3016 2072 3046 pro
2101 3006 2315 3046 passionibus,
2340 3016 2437 3047 quam
2461 3017 2518 3047 pro

1462 3052 1582 3083 actibus
1605 3050 1776 3082 voluntatis
1795 3050 1949 3081 similibus
1972 3050 2181 3090 passionibus.

1518 3096 1570 3126 IV.
1595 3095 1642 3126 De
1658 3101 1728 3125 actu
1748 3101 1854 3125 autem
1870 3100 1983 3124 neutro
1998 3094 2025 3130 *‚
2041 3094 2129 3135 quod
2144 3104 2210 3124 non
2234 3094 2333 3130 detur,
2351 3093 2439 3124 facile
2454 3104 2519 3124 ma-

1462 3139 1613 3170 nifestum
1636 3138 1671 3169 fit
1694 3148 1731 3168 ex
1751 3138 1824 3168 hoc.
1840 3137 1925 3169 Cum
1948 3138 2249 3179 appetiturjbonum
2268 3138 2421 3174 absolute,
2446 3148 2519 3168 con-

1464 3189 1593 3214 currunt
1616 3183 1697 3213 duae
1713 3181 1910 3212 conditiones
1933 3181 1965 3211 in
1981 3182 2120 3213 obiecto:
2145 3182 2260 3213 scilicet
2279 3181 2402 3212 bonitas
2418 3182 2520 3212 termi-

1464 3237 1542 3257 nans
1565 3233 1671 3257 actum
1688 3225 1859 3266 appetitus;
1884 3232 1914 3256 et
1936 3226 2061 3266 negatio
2085 3225 2202 3256 ordinis
2219 3226 2258 3256 ad
2274 3225 2370 3262 aliud,
2390 3232 2518 3265 propter

1464 3271 1553 3312 quod
1576 3277 1751 3310 appetatur.
1776 3269 1887 3300 Fertur
1910 3269 1995 3300 enim
2013 3270 2160 3300 voluntas
2183 3269 2216 3299 in
2238 3270 2361 3300 bonum
2377 3269 2520 3299 absolute

1464 3320 1745 3355 repraesentatum,
1775 3313 1818 3343 sic
1844 3314 1933 3354 quod
1962 3314 2081 3354 appetit
2106 3314 2231 3354 ipsum,
2256 3320 2286 3343 et
2309 3322 2374 3343 non
2402 3313 2521 3352 appetit

1463 3359 1570 3399 ipsum
1593 3364 1722 3398 propter
1743 3357 1838 3388 aliud.
1862 3357 1908 3387 Ex
1931 3357 1993 3388 hoc
2016 3364 2123 3388 autem
2150 3356 2280 3387 ulterius
2307 3357 2518 3396 procedendo,

1466 3402 1614 3432 adiuncto
1638 3402 1726 3442 quod
1749 3401 1864 3432 bonum
1882 3406 2017 3442 propter
2038 3411 2073 3432 se
2096 3411 2162 3431 non
2186 3400 2352 3441 exponitur
2374 3400 2519 3440 positive,

1467 3446 1521 3476 sed
1545 3445 1685 3486 negative
1709 3443 1803 3488 (quia
1831 3445 1911 3476 sicut
1938 3445 2016 3475 nihil
2043 3452 2089 3475 est
2111 3455 2128 3475 a
2152 3455 2183 3474 se
2207 3444 2356 3485 positive,
2385 3444 2439 3474 sed
2467 3454 2520 3474 ne-

1467 3490 1582 3531 gative,
1606 3489 1686 3520 idest
1708 3499 1774 3520 non
1797 3489 1835 3519 ab
1859 3489 1940 3525 alio;
1964 3489 2006 3519 ita
2034 3489 2112 3519 nihil
2135 3496 2180 3519 est
2203 3495 2332 3528 propter
2354 3498 2386 3518 se
2410 3488 2519 3528 positi—

1467 3544 1521 3570 ve,
1547 3534 1601 3564 sed
1624 3533 1776 3573 negative,
1800 3533 1879 3564 idest
1902 3543 1967 3563 non
1991 3539 2120 3573 propter
2145 3530 2255 3574 aliud),
2278 3532 2397 3562 videbis
2421 3532 2519 3572 quod,

2539 825 2548 833 '¹
2569 823 2605 845 cf.
2624 830 2665 851 qu.
2682 829 2749 850 xxm,

2539 853 2582 871 art.
2595 857 2619 877 4.

2540 1308 2550 1318 ·
2565 1306 2590 1328 ln
2605 1312 2666 1333 resp.
2681 1306 2710 1327 ad
2726 1312 2742 1327 ι.

2542 1486 2550 1493 ·
2567 1485 2604 1506 Cf.
2618 1490 2681 1506 num.
2697 1491 2713 1506 1.

2542 1611 2551 1620 ·
2566 1610 2636 1632 Num.
2651 1616 2698 1638 seq.

2546 2843 2558 2854 ⁴
2565 2842 2604 2864 Sc.
2612 2848 2651 2870 qu.
2660 2848 2706 2869 vm,
2715 2846 2758 2864 art.

2547 2875 2563 2896 ι,
2578 2869 2606 2890 ad
2621 2874 2638 2890 1.

2546 2897 2556 2905 '¹
2572 2895 2621 2922 Qu.
2634 2901 2697 2916 xxix.

2547 2932 2556 2940 '
2577 2930 2624 2957 Qu.
2638 2937 2697 2955 ως
2717 2936 2756 2957 qu.

2546 2963 2639 2984 xr.;qu.
2654 2963 2690 2978 ω
2705 2962 2756 2984 sqq.

2546 2984 2556 2995 ⁸
2564 2983 2599 3005 Cf.
2607 2989 2670 3004 num.
2681 2988 2757 3010 praee.

2548 3103 2556 3111 ·
2572 3101 2608 3123 Cf.
2621 3107 2685 3123 num.
2700 3107 2717 3123 ι.
