2852 4152
383 181 455 217 302
995 185 1260 231 QUAEsTm
1290 185 1445 231 XLvu,

1475 183 1770 220 ARTICULUS
1800 183 1867 229 111,
1899 182 1949 219 IV

1186 334 1501 377 ARTICULUS
1529 333 1756 375 TERTIUS

904 429 1058 459 UTRUM
1082 426 1384 458 EXCELLENTIA
1408 422 1658 456 IRASCENTIS
1682 425 1747 456 SIT
1772 424 1913 456 CAUSA
1937 425 2036 456 IRAE

424 550 447 567 s*
472 546 483 560 ‹
505 546 535 564 „s
552 528 620 552 D
639 527 797 552 Ti-:R’rmM
817 527 869 552 sm
892 525 1129 551 PROCEDITUR.
1159 512 1317 549 Videtur
1337 511 1441 560 quod

449 567 462 588 *⁶
599 568 816 605 excellentia
840 567 995 604 alicuius
1023 578 1101 602 non
1120 565 1166 602 sit
1194 577 1307 601 causa
1339 564 1442 612 quod

450 662 452 666 y
530 560 740 669 isacilius
777 620 968 656 irascatur.
1004 618 1102 654 Dicit
1136 618 1236 654 enim
1269 617 1442 653 Philoso-

442 690 455 704 ,κ
476 667 519 700 :⁹5⁷
555 641 732 722 ik'phus,
724 685 761 709 m
778 674 808 708 Il
823 671 1010 708 Rhetoric.
1026 671 1046 692 '¹‘
1048 671 1180 719 ,quod
1194 670 1362 707 maxime
1375 669 1442 706 ali-

384 738 446 775 qm
467 727 680 763 irascuntur
699 738 783 762 cum
804 725 1007 769 tristantur,
1026 700 1066 760 u⁷t
1079 729 1096 744 ‘²
1111 723 1263 783 infirmi,
1280 729 1316 759 et
1328 734 1440 772 egen-

384 785 447 825 tes,
468 784 504 814 et
529 779 594 826 qui
620 790 693 815 non
722 778 859 814 habent
884 777 922 813 id
943 777 1044 824 quod
1067 776 1341 824 concupiscunt.
1363 775 1439 812 Sed

385 831 514 868 omnia
541 831 610 867 ista
638 831 687 867 ad
707 830 896 867 defectum
923 829 1109 877 pertinere
1128 829 1316 866 videntur.
1338 829 1439 876 Ergo

384 883 503 930 magis
531 884 618 919 facit
645 894 809 931 pronum
838 882 887 919 ad
911 881 1006 918 iram
1036 881 1204 919 defectus
1232 893 1349 930 quam
1379 893 1440 917 ex-

384 935 564 972 cellentia.

438 1000 471 1024 2.
492 989 724 1035 PRAETEREA,
745 987 1000 1036 Philosophus
1025 987 1112 1024 dicit
1138 987 1281 1024 ibidem
1300 986 1320 1008 '¹‘
1334 986 1440 1034 quod

383 1047 469 1077 tunc
496 1040 614 1089 aliqui
630 1041 798 1077 maxime
824 1041 1048 1086 irascuntur,
1069 1040 1219 1088 quando
1248 1040 1284 1075 in
1309 1039 1361 1075 eis
1379 1039 1439 1076 de-

381 1094 534 1141 spicitur
570 1093 609 1130 id
638 1094 683 1130 de
709 1105 782 1141 quo
805 1099 927 1141 potest
950 1105 1029 1130 esse
1063 1093 1222 1140 suspicio
1250 1092 1351 1140 quod
1380 1091 1441 1128 vel

383 1159 456 1183 non
485 1147 570 1183 insit
604 1147 676 1192 eis,
705 1146 766 1183 vel
791 1146 892 1194 quod
923 1146 1009 1182 insit
1035 1144 1049 1175 β
1077 1146 1129 1182 eis
1160 1145 1348 1182 debiliter:
1375 1145 1442 1181 sed

383 1211 467 1236 cum
482 1205 619 1247 putant
634 1211 673 1236 se
701 1199 857 1235 multum
878 1199 1120 1235 excellerein
1147 1198 1218 1234 illis
1241 1198 1278 1234 in
1307 1197 1439 1246 quibus

381 1252 642 1300 despiciuntur,
672 1263 747 1289 non
776 1257 920 1288 curant.
949 1251 1026 1288 Sed
1053 1251 1245 1300 praedicta
1273 1250 1437 1299 suspicio

383 1317 428 1341 ex
448 1305 597 1341 defectu
615 1304 802 1353 provenit.
819 1305 920 1352 Ergo
936 1305 1104 1342 defectus
1120 1311 1176 1341 est
1190 1303 1309 1352 magis
1324 1315 1438 1341 causa

381 1358 486 1406 quod
514 1357 645 1406 aliquis
672 1358 862 1404 irascatur,
883 1369 999 1406 quam
1030 1357 1257 1395 excellentia.

435 1412 469 1448 3.
491 1411 805 1457 PRAETEREA,-ea
834 1421 932 1459 quae
962 1411 1011 1448 ad
1040 1410 1299 1447 excellentiam
1327 1410 1438 1460 perti-

381 1471 482 1510 nent,
499 1464 664 1500 maxime
687 1463 829 1500 faciunt
851 1463 1028 1500 homines
1047 1463 1234 1501 iucundos
1258 1470 1295 1500 et
1313 1465 1437 1500 bonae

291 1529 304 1544 ¹¹
324 1529 353 1544 ¹2·
381 1516 462 1565 spei
482 1529 575 1553 esse.
598 1516 675 1554 Sed
694 1516 950 1565 Philosophus
968 1516 1066 1564 dicit,
1087 1516 1125 1553 in
1146 1517 1177 1553 ΙΙ
1197 1517 1385 1554 Rhetoric.
1405 1517 1436 1563 ³⁸,

382 1570 487 1618 quod
515 1570 552 1606 in
580 1570 679 1615 ludo,
700 1570 737 1607 in
766 1570 855 1615 risu,
877 1569 914 1606 in
923 1571 1038 1618 festo,
1058 1570 1095 1606 in
1118 1571 1378 1618 prosperitate,
1399 1546 1436 1605 iri

381 1623 701 1660 consummatione
719 1634 887 1671 operum,
909 1623 946 1659 in
966 1623 1205 1659 delectatione
1232 1635 1306 1659 non
1327 1623 1437 1671 turpi,

381 1682 417 1712 et
440 1677 478 1712 in
506 1687 570 1723 spe
597 1676 753 1724 optima,
783 1676 951 1712 homines
978 1687 1052 1712 non
1081 1676 1305 1712 irascuntur.
1335 1676 1437 1723 Ergo

381 1728 598 1765 excellentia
626 1741 703 1766 non
733 1736 789 1766 est
817 1741 931 1765 causa
958 1728 1046 1765 irae.

433 1783 507 1818 SED
535 1793 681 1818 CONTRA
709 1793 774 1818 EST
802 1781 908 1829 quod
936 1781 1201 1829 Philosophus,
1232 1781 1269 1817 in
1299 1780 1437 1816 eodem

242 1845 276 1865 ¹³‘›
293 1845 315 1860 ¹¹·
331 1845 350 1865 ¹»
377 1834 472 1871 libro
494 1835 526 1881 ²³,
548 1834 636 1870 dicit
660 1834 768 1883 quod
793 1834 968 1871 homines
996 1841 1152 1883 propter
1179 1833 1436 1869 excellentiam

376 1887 625 1934 indignantur.

430 1941 654 1977 RESPONDEO
674 1951 857 1976 morannum
877 1939 982 1987 quod
1003 1951 1117 1976 causa
1144 1939 1221 1976 irae
1242 1939 1279 1975 in
1306 1950 1352 1975 eo
1373 1938 1437 1987 qui

375 1992 556 2040 irascitur,
578 1992 774 2041 dupliciter
803 1992 920 2041 accipi
948 1998 1084 2041 potest.
1112 1992 1199 2030 Uno
1227 1991 1358 2037 modo,
1379 2003 1436 2028 se-

377 2046 545 2083 cundum
565 2046 827 2083 habitudinem
849 2046 897 2082 ad
916 2045 1106 2083 motivum
1127 2045 1216 2082 irae.
1237 2045 1286 2081 Et
1305 2044 1358 2081 sic
1378 2055 1438 2081 ex-

378 2099 547 2136 cellentia
586 2107 640 2136 est
669 2111 782 2136 causa
814 2106 855 2135 ut
883 2099 1016 2146 aliquis
1046 2098 1092 2135 de
1121 2097 1216 2134 facili
1245 2097 1436 2134 irascatur.

1496 512 1565 548 Est
1593 511 1694 548 enim
1732 511 1921 550 motivum
1955 513 2032 550 irae
2061 513 2197 556 iniusta
2223 512 2486 561 parvipensio,
2514 520 2556 550 ut

1496 564 1639 601 dictum
1669 571 1724 601 est
1743 566 1774 601 *.
1797 565 1954 602 Constat
1973 573 2101 603 autem
2130 566 2235 615 quod
2259 573 2401 614 quanto
2421 564 2555 614 aliquis

1495 624 1551 653 est
1578 617 1829 664 excellentior,
1850 617 2021 655 iniustius
2043 619 2328 668 parvipenditur
2355 618 2394 655 in
2416 619 2491 655 hoc
2516 618 2555 655 in

1495 682 1572 718 quo
1602 670 1756 707 excellit.
1787 671 1836 707 Et
1863 670 1951 707 ideo
1979 670 2030 708 illi
2059 671 2123 720 qui
2159 679 2247 709 sunt
2272 672 2311 708 in
2339 670 2464 719 aliqua
2492 683 2554 708 ex·
2580 675 2582 677 ’

1495 722 1677 770 cellentia,
1707 723 1871 760 maxime
1899 723 2121 770 irascuntur,
2144 723 2180 766 *si
2208 723 2553 773 parvipendantur:

1494 783 1586 824 puta
1605 776 1635 812 si
1654 776 1762 813 dives
1790 775 2076 825 parvipenditur
2103 776 2141 812 in
2159 776 2337 825 pecunia,
2362 785 2399 814 et
2426 777 2554 814 rhetor

1495 830 1534 866 in
1562 828 1769 878 loquendo,
1790 836 1826 865 et
1853 829 1905 865 sic
1932 828 1981 866 de
2009 828 2101 865 aliis.

1554 882 1639 918 Alio
1669 882 1788 919 modo
1816 888 1941 930 potest
1969 880 2199 918 considerari
2219 892 2332 918 causa
2351 881 2428 918 irae
2447 881 2485 918 in
2505 894 2551 918 eo

1495 935 1559 983 qui
1587 934 1775 981 irascitur,
1806 947 1852 971 ex
1879 941 1985 983 parte
2014 933 2270 982 dispositionis
2307 946 2404 982 quae
2437 935 2476 971 in
2505 946 2552 971 eo

1494 987 1715 1035 relinquitur
1733 999 1779 1023 ex
1802 987 1864 1023 tali
1887 987 2045 1023 motivo.
2067 986 2312 1023 Manifestum
2341 994 2396 1023 est
2424 994 2552 1024 autem

1495 1040 1598 1088 quod
1614 1039 1704 1076 nihil
1723 1047 1855 1076 movet
1874 1040 1923 1076 ad
1940 1039 2048 1086 iram,
2065 1038 2134 1076 nisi
2154 1046 2428 1076 nocumentum
2448 1040 2554 1088 quod

1495 1092 1697 1129 contristat.
1719 1093 1776 1129 Ea
1796 1100 1924 1129 autem
1944 1103 2044 1140 quae
2072 1092 2121 1128 ad
2143 1091 2334 1128 defectum
2352 1092 2552 1140 pertinent,

1492 1146 1656 1182 maxime
1676 1153 1763 1182 sunt
1782 1144 2056 1182 contristantia:
2086 1144 2175 1193 quia
2198 1143 2374 1181 homines
2403 1144 2553 1181 defecti—

1493 1199 1564 1235 bus
1599 1198 1837 1235 subiacentes
1874 1197 2016 1234 facilius
2057 1197 2269 1234 laeduntur.
2293 1197 2354 1234 Et
2390 1197 2460 1234 ista
2497 1204 2554 1234 est

1493 1263 1607 1289 causa
1630 1263 1748 1300 quare
1771 1250 1946 1287 homines
1965 1250 2030 1299 qui
2044 1257 2144 1288 ‘sunt
2162 1249 2314 1297 infirmi,
2332 1249 2454 1287 velvin
2473 1249 2553 1287 aliis

1493 1304 1719 1352 defectibus,
1747 1303 1890 1341 facilius
1918 1303 2148 1340 irascuntur:
2177 1302 2267 1351 quia
2287 1302 2553 1340 ‘facilius-con-

1490 1357 1691 1394 tristantur.

1546 1411 1594 1447 Et
1621 1422 1690 1459 per
1715 1410 1790 1446 hoc
1817 1416 1920 1459 patet
1947 1409 2144 1458 responsio
2174 1409 2222 1446 ad
2249 1407 2430 1457 primum.

1545 1465 1603 1500 An
1623 1474 1812 1500 SECUNDUM
1831 1473 2015 1500 monimum
2040 1461 2146 1510 quod
2168 1462 2226 1498 ille
2255 1461 2320 1510 qui
2349 1460 2553 1510 despicitur

1491 1516 1529 1553 in
1558 1529 1604 1552 eo
1633 1516 1671 1552 in
1699 1527 1776 1563 quo
1805 1515 2003 1552 manifeste
2032 1515 2195 1551 multum
2221 1514 2376 1561 excellit,
2397 1525 2476 1550 non
2490 1524 2552 1550 re·

1490 1576 1597 1628 putat
1620 1581 1660 1605 se
1688 1568 1853 1616 aliquam
1873 1568 2054 1604 iacturam
2082 1566 2171 1626 pati,
2193 1574 2230 1602 et
2256 1567 2343 1603 ideo
2363 1578 2443 1603 non
2461 1576 2551 1602 eon-

1490 1622 1671 1658 tristatur.
1698 1629 1735 1657 et
1762 1632 1808 1656 ex
1830 1621 1903 1656 hac
1930 1627 2035 1668 parte
2055 1619 2181 1656 minus
2201 1619 2380 1655 irascitur.
2402 1618 2479 1655 Sed
2507 1615 2552 1655 e'x

1492 1675 1564 1711 alia
1590 1681 1709 1722 parte,
1729 1673 1953 1721 inquantum
1982 1672 2171 1720 indignius
2200 1671 2417 1720 despicitur,
2437 1671 2553 1708 habet

1492 1726 1676 1763 maiorem
1695 1725 1881 1763 rationem
1900 1725 2096 1762 irascendi.
2115 1724 2203 1761 Nisi·
2225 1725 2321 1762 forte
2340 1730 2551 1773 -reputerse

1492 1792 1571 1816 non
1599 1778 1760 1816 invideri
1785 1779 1848 1815 vel
1876 1778 2099 1816 subsannari
2127 1785 2283 1826 propter
2308 1778 2550 1826 despectum;

1491 1832 1560 1869 sed
1587 1840 1742 1881 propter
1775 1831 2048 1879 ignorantiam,
2074 1831 2136 1868 vel
2163 1837 2320 1880 propter
2352 1830 2455 1867 aliud
2482 1830 2552 1900 hu·-

1491 1885 1667 1922 iusmodi.

1545 1939 1605 1975 Ao
1617 1946 1778 1975 martum
1793 1949 1976 1975 memnon
1992 1937 2095 1986 quod
2110 1937 2240 1974 omnia
2259 1937 2320 1974 illa
2338 1908 2553 1989 impediunt

1491 1991 1600 2038 iram,
1621 1991 1846 2040 inquantum
1869 1990 2083 2039 impediunt
2101 1990 2297 2027 tristitiam.
2319 1990 2403 2026 Sed
2414 1999 2467 2025 ex
2475 1988 2553 2025 alia

1491 2052 1621 2093 parte,
1637 2052 1724 2081 nata
1743 2051 1830 2081 sunt
1847 2052 2060 2092 provocare
2079 2043 2193 2091 iram,
2214 2041 2433 2080 secundum
2445 2039 2552 2091 quod

1491 2098 1631 2135 faciunt
1659 2098 1857 2134 hominem
1886 2095 2214 2134 inconvenientius
2234 2093 2395 2144 despici.

430 2217 455 2249 α)
477 2221 514 2242 ut.
532 2232 549 2236 -
568 2220 594 2242 et
611 2217 876 2242 ABCEFGHIKLsD.

1459 2210 1463 2250 Ι
1491 2208 1497 2231 Ῑ
1542 2213 1658 2248 β)ἰ”ιιει”ί.
1676 2229 1695 2235 -·
1712 2217 1748 2241 sit
1767 2215 1792 2240 ἰη
1811 2214 1882 2245 ΡΙ-ΙΙ;
1903 2216 1944 2240 vel
1962 2215 2033 2247 quod
2052 2214 2116 2239 insit
2133 2214 2170 2239 eis
2188 2221 2242 2238 om.
2261 2212 2290 2238 C.

1157 2368 1473 2411 ARTICULUS
1503 2367 1774 2423 QUARTUS

824 2462 979 2493 UTRUM
1003 2461 1228 2495 DEFECTUS
1250 2461 1449 2494 ALICUIUS
1473 2461 1539 2494 SIT
1560 2461 1704 2492 CAUSA
1726 2461 1787 2492 UT
1811 2460 1990 2493 CONTRA
2013 2461 2106 2493 EUM

1231 2514 1426 2546 FACILIUS
1451 2513 1700 2545 IRASCAMUR

460 2627 469 2654 5
583 2617 606 2642 D
626 2615 799 2647 QUARTUM
818 2615 873 2640 s1c
889 2615 1128 2641 PRocEmTtJR.
1149 2603 1307 2640 Videtur
1330 2603 1434 2650 quod

403 2654 450 2682 '²³
500 2654 565 2690 '⁵1³³
585 2658 754 2696 defectus
780 2657 938 2694 alicuius
958 2669 1036 2694 non
1064 2657 1110 2694 sit
1139 2669 1252 2693 causa
1279 2663 1322 2693 ut
1345 2668 1434 2692 con-

524 2709 526 2711 ’
532 2713 640 2764 (tra
659 2711 785 2759 ipsum
810 2709 982 2747 facilius
972 2722 1192 2747 irascamur.
1213 2708 1312 2746 Dicit
1333 2709 1434 2768 enim

375 2820 440 2868 qui
471 2820 693 2866 confitentur
728 2822 763 2853 et
784 2817 975 2864 poenitent
1001 2821 1038 2852 et
1063 2791 1324 2860 humiliantur,
1356 2827 1431 2852 non

374 2873 584 2917 irascimur,
604 2870 670 2906 sed
695 2870 819 2919 magis
847 2869 899 2906 ad
915 2881 977 2905 eos
1005 2869 1240 2905 mitescimus.
1268 2868 1373 2905 Unde
1399 2874 1434 2904 et

375 2937 485 2962 canes
505 2937 578 2961 non
598 2923 771 2960 mordent
788 2934 850 2959 eos
869 2923 934 2970 qui
952 2922 1121 2958 resident.
1139 2921 1216 2958 Sed
1236 2921 1330 2957 haec
1349 2933 1433 2969 per-

374 2977 491 3014 tinent
511 2983 528 2998 α
548 2977 597 3014 ad
616 2975 840 3024 parvitatem
862 2983 897 3012 et
921 2975 1123 3012 defectum.
1145 2975 1246 3022 Ergo
1267 2973 1432 3023 parvitas

374 3030 529 3067 alicuius
559 3037 615 3066 est
645 3041 758 3067 causa
786 3037 827 3066 ut
856 3028 890 3065 ei
909 3026 924 3057 β
953 3028 1079 3064 minus
1107 3027 1324 3064 irascamur.

428 3095 462 3119 2.
483 3083 715 3129 PRAETEREA,
737 3083 860 3119 nullus
889 3089 944 3118 est
972 3081 1095 3117 maior
1120 3080 1287 3117 defectus
1315 3091 1432 3128 quam

374 3136 517 3172 mortis.
541 3135 617 3172 Sed
637 3137 685 3172 ad
705 3144 875 3173 mortuos
896 3134 1030 3172 desinit
1050 3134 1114 3170 ira.
1136 3135 1237 3180 Ergo
1265 3133 1432 3170 defectus

375 3189 529 3225 alicuius
558 3201 635 3226 non
665 3197 719 3226 est
757 3201 869 3225 causa
906 3187 1154 3236 provocativa
1186 3186 1264 3222 irae
1304 3193 1432 3222 contra

373 3242 509 3290 ipsum.

430 3296 463 3331 3.
487 3296 719 3342 PRAETEREA,
741 3294 864 3330 nullus
885 3293 1058 3330 aestimat
1077 3292 1241 3340 aliquem
1270 3303 1434 3340 parvum

377 3359 420 3383 ex
449 3348 522 3383 hoc
551 3348 655 3396 quod
677 3355 731 3384 est
759 3347 828 3383 sibi
859 3346 1016 3401 amicus.
1040 3346 1116 3382 Sed
1145 3346 1191 3382 ad
1222 3344 1378 3390 amicos,
1405 3344 1435 3380 si

428 3464 453 3494 α)
474 3464 537 3488 haec
551 3464 696 3495 pertinent.
715 3477 732 3481 —-
751 3463 799 3487 hoc
814 3462 932 3494 pertinet
951 3462 998 3485 Pa.

429 3498 453 3530 β’)
473 3499 505 3523 ei.
524 3513 541 3517 -
561 3499 622 3523 Om.
642 3499 687 3522 Pa.

1488 2614 1560 2639 nos
1578 2607 1594 2630 Υ
1614 2601 1853 2648 offenderint,
1869 2602 1930 2639 vel
1950 2601 1982 2639 si
1999 2614 2078 2640 non
2098 2601 2273 2651 iuverint,
2280 2601 2412 2651 magis
2429 2579 2552 2653 offen-

1489 2655 1630 2692 dimur:
1651 2654 1753 2692 unde
1781 2654 1941 2692 dicitur
1933 2667 1972 2691 111
1991 2655 2144 2699 Psalmo
2164 2666 2253 2692 Liv
2252 2655 2292 2676 *·
2284 2655 2356 2699 ,Si
2381 2654 2588 2704 inimicus·

1487 2720 1592 2745 meus
1615 2707 1867 2744 maledixisset
1892 2708 1995 2755 mihi,
2013 2708 2268 2747 sustinuissem
2289 2708 2427 2756 utique.
2439 2708 2550 2757 Ergo

1488 2761 1655 2798 defectus
1684 2759 1840 2797 alicuius
1868 2773 1947 2798 non
1976 2769 2032 2798 est
2050 2773 2164 2799 causa
2191 2768 2234 2799 ut
2262 2767 2394 2807 contra
2410 2761 2549 2810 ipsum

1487 2812 1631 2851 facilius
1659 2813 1877 2851 irascamur.

1541 2867 1615 2903 SED
1644 2878 1789 2903 CONTRA
1817 2878 1883 2903 EST
1911 2866 2016 2914 quod
2044 2843 2299 2915 Philosophus
2329 2866 2427 2913 dicit,
2447 2866 2486 2903 in
2515 2844 2547 2903 ΙΙ

1485 2919 1673 2956 Rhetoric.
1695 2919 1731 2966 ³⁸,
1762 2919 1868 2967 quod
1899 2920 2000 2956 dives
2036 2920 2211 2957 irascitur
2242 2921 2374 2957 contra
2405 2931 2548 2968 paupe-

1487 2985 1578 3015 rem,
1606 2973 1640 3008 si
1663 2984 1748 3008 eum
1768 2973 1964 3020 despiciat,·
1982 2978 2018 3010 et
2036 2973 2257 3021 principans
2280 2978 2411 3010 contra
2428 2972 2549 3010 subie-

1487 3031 1585 3062 ctum
1605 3023 1630 3061 δ.
2477 3066 2490 3072 ,

1541 3079 1965 3115 RESPONDEo'mOENnuM
1986 3078 2103 3126 quod,
2124 3078 2219 3115 sicut
2238 3090 2352 3127 supra
2370 3077 2391 3100 ’¹‘
2405 3077 2547 3115 dictum

1488 3138 1561 3178 est,
1592 3131 1743 3178 indigna
1777 3131 1967 3179 despectio
2003 3139 2058 3168 est
2095 3131 2261 3168 maxime
2297 3131 2547 3180 provocativa

1487 3185 1576 3221 irae.
1598 3184 1777 3221 Defectus
1793 3183 1902 3231 igitur
1918 3185 1981 3222 vel
1999 3184 2165 3233 parvitas
2186 3184 2265 3220 eius
2286 3191 2415 3221 contra
2431 3195 2546 3233 quem

1488 3237 1705 3284 irascimur,
1733 3237 1818 3273 facit
1847 3237 1895 3274 ad
1924 3245 2172 3285 augmentum
2201 3237 2290 3284 irae,
2321 3237 2546 3286 inquantum

1488 3298 1599 3338 auget
1618 3290 1809 3349 indignam
1829 3290 2125 3339 despectionem.
2149 3290 2253 3328 Sicut
2272 3290 2374 3327 enirn
2402 3296 2545 3337 quanto

1489 3343 1619 3391 aliquis
1650 3351 1704 3380 est
1733 3343 1872 3388 maior,
1898 3351 2001 3380 tanto
2031 3343 2218 3392 indignius
2247 3342 2466 3391 despicitur;
2497 3341 2546 3377 ita

1455 3458 1458 3522 γ
1537 3460 1562 3491 γ)
1584 3467 1637 3483 nos.
1657 3473 1675 3477 -
1694 3466 1745 3483 non
1766 3459 1795 3489 E,
1815 3467 1867 3483 om.
1887 3460 1972 3484 ceteri.

1537 3494 1560 3526 δ)
1581 3495 1732 3519 subiectum.
1752 3509 1770 3512 -
1789 3495 1922 3519 subditum
1942 3495 2011 3519 Plx'a.

2582 577 2592 587 ·
2606 577 2657 598 Art.
2673 576 2778 604 praeced.

2620 1567 2651 1594 χ
2767 1543 2799 1578 k

2675 2614 2694 2640 ‘t

2603 2665 2671 2688 Vm.
2685 2671 2717 2695 ¹3.

2575 2930 2658 2959 '0¹1’-
2671 2936 2698 2958 ιι,
2713 2936 2736 2952 u.
2752 2937 2779 2958 7-

2659 3028 2686 3053 ’ὃ

2574 3091 2583 3101 ·
2598 3090 2650 3112 Art.
2664 3095 2684 3117 2,
2698 3095 2720 3118 3.
