2852 4152
123 1825 132 1834 ·
149 1823 184 1846 Cf.
200 1829 264 1845 num.
279 1829 314 1844 nr.

361 218 437 254 214

361 287 436 323 sibi;
461 297 564 328 neque
580 287 712 327 gravitas
726 284 857 317 inclinat
870 287 909 317 ad
924 286 1041 323 locum,
1059 287 1119 317 nisi
1139 286 1420 326 proportionatum

362 331 438 368 sibi;
462 341 520 361 nec
536 341 651 371 corpus
667 330 810 361 animalis
826 331 994 361 inclinatur
1012 331 1045 360 in
1062 330 1198 360 calidum
1215 335 1245 360 et
1261 329 1419 369 frigidum,

361 375 421 406 nisi
444 375 723 415 proportionatum
748 374 815 405 sibi.
839 375 932 405 Unde
961 374 1121 404 obiectum
1144 373 1302 414 appetitus
1329 378 1419 402 natu-

361 419 433 449 ralis
457 426 503 450 est
526 425 819 449 commensuratum
843 427 898 448 seu
922 417 1200 457 proportionatum
1223 423 1364 446 naturae:
1391 421 1421 445 et

362 473 428 493 non
452 469 498 494 est
513 472 560 493 res
584 462 760 493 secundum
779 471 826 498 se;
852 461 910 491 nisi
927 461 1006 491 forte
1023 470 1078 500 per
1094 460 1235 490 accidens
1251 469 1298 489 res
1315 458 1420 499 aliqua

361 517 417 547 per
440 517 472 537 se
487 506 526 537 sit
548 506 788 546 proportionata
803 505 848 534 illi
871 510 1018 539 naturae,
1043 510 1078 533 ut
1102 513 1169 533 esse
1192 503 1342 532 deorsum
1365 512 1420 542 per

361 561 394 581 se
418 556 692 581 commensuratur
710 548 804 589 gravi,
822 558 857 578 ac
880 557 936 587 per
958 547 1019 577 hoc
1038 547 1138 586 magis
1162 553 1192 576 et
1210 546 1346 576 maxime
1365 556 1420 586 ap-

361 594 486 635 petitur.
504 592 768 633 Concupiscentia
791 598 898 621 autem
921 590 1070 620 naturalis
1089 600 1155 619 non
1180 589 1280 620 differt
1302 590 1340 619 ab
1364 599 1419 630 ap-

362 638 462 679 petitu
486 637 619 668 naturali
642 636 749 676 quoad
773 635 943 670 obiectum,
961 634 1015 663 sed
1036 634 1143 674 quoad
1159 633 1305 664 modum.
1321 634 1419 664 Natu-

361 682 466 712 raliter
486 681 653 722 siquidem,
670 686 699 710 et
715 678 889 709 animaliter
912 683 1056 717 appetere
1077 676 1184 707 cibum
1199 677 1418 713 necessarium,

361 725 394 756 in
410 725 509 755 modo
526 723 687 754 differunt:
713 722 786 763 quia
801 721 975 751 animaliter
990 727 1145 760 appetere,
1163 727 1210 751 est
1224 728 1370 761 appetere
1384 721 1420 751 il-

360 770 429 800 lum
442 767 718 809 apprehendendo,
728 773 758 796 et
767 775 823 805 per
834 771 940 795 actum
951 764 1131 804 proprium;
1143 765 1324 795 naturaliter
1333 775 1418 801 vero,

362 820 408 844 est
431 813 549 852 absque
565 810 744 850 cognitione
759 816 790 839 et
806 808 936 848 proprio
957 815 1037 844 actu,
1053 808 1292 839 inclinationem
1306 809 1420 839 habere

360 857 394 887 in
415 856 518 886 illum.
536 856 701 892 Quatenus
716 852 811 893 igitur
835 852 1090 892 concupiscentia
1106 853 1256 883 naturalis
1278 853 1311 882 in
1335 853 1421 883 obie-

361 907 449 931 ctum
464 898 563 930 tendit
578 897 820 937 apprehensum,
837 896 870 926 in
886 895 983 926 finem
1000 903 1030 927 et
1047 903 1177 936 propter
1191 895 1288 927 finem
1304 897 1419 927 tendit:

360 950 516 984 quatenus
535 951 609 972 vero
626 951 644 971 a
659 947 769 971 natura
784 939 935 980 dirigitur,
953 939 1023 970 finis
1046 940 1100 970 ille
1117 940 1318 971 modificatur
1334 951 1420 971 com-

360 986 594 1017 mensuratione
617 985 657 1014 ad
680 990 838 1020 naturam,
862 984 951 1024 quod
975 990 1022 1015 est
1052 983 1189 1014 ordinari
1212 984 1251 1014 ad
1275 991 1420 1015 naturam

360 1037 396 1061 ut
418 1031 457 1060 ad
479 1029 577 1059 finem
595 1038 662 1059 non
685 1028 929 1068 apprehensum,
946 1029 1001 1058 sed
1024 1028 1171 1058 inditum.
1191 1028 1232 1058 Et
1254 1035 1421 1068 propterea

359 1079 512 1114 repugnat
536 1073 660 1103 obiecto
691 1072 962 1112 concupiscentiae
986 1072 1135 1102 naturalis
1162 1071 1267 1112 appeti
1291 1078 1327 1102 ut
1349 1071 1420 1102 finis

359 1117 558 1157 simpliciter:
581 1117 662 1147 sicut
684 1123 838 1156 repugnat
861 1116 889 1146 ei
913 1116 1019 1156 appeti
1042 1116 1160 1156 absque
1185 1125 1420 1146 commensura-

358 1162 445 1193 tione
469 1161 508 1191 ad
531 1166 686 1192 naturam.
715 1159 981 1200 Concupiscentia
1013 1166 1120 1190 autern
1143 1158 1320 1195 rationalis,
1346 1159 1421 1199 quia

359 1206 399 1236 ad
423 1205 586 1236 obiectum
609 1205 843 1245 apprehensum
867 1204 1044 1234 secundum
1067 1213 1100 1233 se
1120 1203 1245 1233 tendere
1268 1203 1420 1243 permitti-

358 1257 419 1286 tur,
445 1255 610 1290 reputante
633 1248 741 1289 aliquo
764 1248 796 1278 id
820 1247 878 1278 sibi
901 1257 960 1287 pro
984 1248 1082 1283 bono,
1107 1256 1143 1276 ex
1166 1246 1235 1286 ipsa
1258 1257 1420 1277 commen-

359 1294 518 1325 suratione
543 1292 656 1323 obiecti
680 1293 719 1323 ad
743 1292 911 1327 rationem,
935 1290 1087 1321 infinitate
1111 1290 1330 1321 modificatum
1353 1301 1420 1322 sor-

359 1339 435 1370 titur
458 1337 634 1368 obiectum:
664 1347 700 1367 ex
724 1346 762 1366 eo
787 1336 873 1366 enim
897 1335 985 1376 quod
1007 1335 1042 1365 in
1064 1335 1227 1374 voluptate
1258 1335 1421 1366 constituit

359 1382 430 1423 quis
453 1380 562 1417 finem,
583 1380 731 1420 voluptas
754 1390 821 1410 non
845 1386 1119 1410 commensuratur
1141 1379 1225 1409 illius
1247 1379 1362 1409 rationi
1385 1386 1421 1410 ut

359 1425 537 1466 appetibile,
555 1424 614 1455 nisi
630 1431 666 1455 ut
687 1423 808 1454 infinite
823 1423 1003 1464 appetibile,
1023 1430 1059 1454 ut
1080 1429 1176 1462 patet.
1197 1423 1254 1453 Est
1272 1433 1346 1463 ergo
1363 1423 1420 1454 dif-

358 1469 488 1500 ferentia
515 1469 594 1499 inter
624 1468 783 1499 rationalis
814 1474 844 1498 et
867 1466 1017 1498 naturalis
1041 1467 1312 1507 concupiscentiae
1336 1467 1420 1498 obie—

359 1520 456 1550 ctum,
474 1523 540 1543 non
555 1513 644 1553 quod
659 1512 785 1543 alterius
801 1511 882 1548 finis,
902 1511 1029 1542 alterius
1044 1511 1077 1541 id
1092 1511 1181 1552 quod
1197 1518 1243 1542 est
1258 1511 1298 1541 ad
1312 1510 1419 1548 finem,

358 1557 519 1588 obiectum
535 1563 597 1587 est:
615 1557 669 1587 sed
685 1556 774 1597 quod
791 1555 927 1591 alterius,
941 1555 1057 1586 scilicet
1072 1555 1242 1591 rationalis,
1260 1555 1420 1586 obiectum

358 1609 389 1633 et
412 1608 458 1632 est
477 1600 557 1637 finis,
574 1607 604 1631 et
626 1601 720 1631 habet
735 1600 872 1631 totaliter
897 1599 1052 1630 rationem
1074 1598 1160 1635 finis;
1185 1599 1311 1630 alterius
1334 1609 1419 1636 vero,

359 1645 475 1676 scilicet
498 1644 659 1684 naturalis,
676 1644 846 1680 obiectum,
864 1643 921 1674 etsi
945 1643 984 1674 sit
1006 1643 1087 1680 finis,
1109 1653 1176 1673 non
1198 1650 1304 1674 tamen
1328 1643 1421 1674 habet

358 1689 496 1720 totaliter
510 1689 667 1719 rationem
681 1688 763 1724 finis,
778 1695 849 1719 tum
873 1687 948 1728 quia
963 1687 1057 1718 habet
1075 1687 1230 1718 rationem
1249 1687 1422 1718 modificati

359 1734 398 1764 ad
421 1740 582 1769 naturam,
608 1739 678 1763 tum
701 1732 776 1773 quia
792 1732 955 1763 ordinatur
978 1732 1017 1761 ad
1033 1731 1131 1762 alium
1154 1730 1250 1761 finem
1273 1731 1420 1768 inditum,

359 1777 475 1808 scilicet
498 1784 653 1807 naturam.
1352 1806 1353 1810 Ἰ

414 1822 453 1852 V.
472 1822 523 1852 Ad
546 1820 759 1852 obiectionem
776 1829 850 1860 ergo
875 1819 1010 1860 primam
1022 1819 1040 1838 *
1056 1825 1142 1859 patet
1157 1819 1235 1860 quid
1252 1819 1422 1849 dicendum

1035 209 1299 256 QUAESTIO
1329 210 1452 255 XXX,
1482 207 1776 245 ARTICULUS
1806 206 1856 243 IV

1475 293 1529 316 est.
1550 284 1737 316 Formaliter
1760 290 1866 313 tamen
1882 283 1980 314 dicito
2002 286 2091 325 quod
2113 286 2367 326 concupiscentia
2386 287 2535 317 naturalis

1473 329 1573 360 tendit
1587 329 1621 359 in
1645 327 1764 368 aliquid
1787 326 1969 366 dupliciter:
1990 328 2106 360 scilicet
2128 336 2164 360 ut
2186 331 2429 370 apprehensum,
2447 338 2477 361 et
2500 338 2535 362 ut

1473 372 1620 403 inditum.
1639 372 1679 402 Et
1702 370 1867 401 concedito
1888 371 1986 410 quod,
2007 373 2118 403 stando
2141 373 2174 403 in
2198 374 2411 414 apprehensis,
2435 375 2536 406 tendit

1473 415 1507 445 in
1530 415 1650 455 aliquid
1665 421 1701 444 ut
1723 413 1830 449 finem,
1848 414 1902 444 sed
1917 423 1984 444 non
2007 422 2043 446 ut
2065 417 2202 447 totaliter
2221 425 2416 448 exercentem
2438 419 2534 449 ratio-

1474 469 1548 488 nem
1571 458 1656 488 finis:
1681 457 1756 498 quia
1787 463 1854 487 tota
1882 457 2015 489 latitudo
2039 470 2172 491 suorum
2205 461 2403 492 obiectorum
2426 472 2536 502 appre-

1474 502 1647 532 hensorum
1670 501 1894 531 subordinatur
1917 509 2045 533 naturae
2068 511 2104 534 ut
2125 504 2191 535 fini.
2212 505 2253 535 Et
2278 512 2444 545 propterea
2467 516 2534 536 non

1475 553 1520 576 est
1542 545 1678 581 infinita,
1699 545 1755 574 sed
1776 545 1942 576 terminata
1965 547 2005 577 ad
2028 547 2188 579 obiectum
2218 548 2453 589 apprehensum
2475 556 2533 580 ter-

1474 589 1598 619 minum
1627 595 1657 619 et
1678 587 1785 624 finem,
1803 595 1838 619 ut
1861 589 1981 620 dictum
2004 597 2059 622 est.

1530 633 1579 663 Ad
1603 633 1775 663 secundam
1792 642 1867 663 vero
1891 633 2004 664 dicitur
2026 635 2140 666 eodem
2162 636 2272 673 modo,
2290 636 2378 677 quod
2402 636 2533 667 delecta-

1473 677 1535 707 bile
1560 683 1607 707 est
1622 676 1798 707 secundum
1821 686 1853 706 se
1868 676 2040 708 formaliter
2062 678 2222 710 obiectum
2245 687 2275 711 et
2297 680 2368 711 finis
2384 680 2535 711 naturalis

1475 720 1766 760 concupiscentiae,
1787 719 2007 751 modificatum
2029 727 2137 752 tamen
2159 719 2469 755 commensuratione
2493 725 2534 754 ad

1473 771 1636 800 naturam,
1660 770 1691 794 et
1705 763 1948 794 subordinatum
1963 763 2019 794 fini
2041 760 2153 802 indito,
2170 767 2226 808 qui
2250 775 2296 799 est
2315 775 2435 799 natura.
2455 769 2533 798 Pro-

1474 816 1542 849 pter
1565 809 1654 849 quod
1673 807 1927 848 concupiscentia
1943 808 2093 839 naturalis
2108 809 2209 848 ipsius
2223 811 2422 848 delectabilis,
2443 812 2533 843 satia-

1474 860 1533 884 tur.
1551 852 1724 883 Rationalis
1740 858 1847 882 autem
1863 852 2117 892 concupiscentia
2133 853 2332 892 delectabilis,
2351 856 2533 887 insatiabilis

1475 903 1537 933 est;
1563 903 1599 927 ut
1621 902 1707 936 patet
1728 896 1761 926 in
1785 895 1927 935 personis
1951 895 2063 926 deditis
2086 897 2235 928 venereis.

1530 941 1582 971 VI.
1604 940 1695 971 Circa
1718 939 1959 980 responsionem
1979 940 2018 969 ad
2041 939 2182 979 primum
2197 940 2230 971 in
2253 943 2366 973 eodem
2390 943 2531 980 articulo,

1474 985 1599 1014 adverte
1625 984 1714 1024 quod
1736 983 1789 1014 illa
1811 983 1905 1013 verba
1925 983 2053 1019 litterae,
2066 989 2167 1023 prout
2181 986 2415 1025 concupiscitur
2436 988 2534 1018 semel

1474 1029 1506 1057 in
1530 1032 1615 1065 actu,
1633 1027 1812 1067 replicanda
1835 1033 1909 1057 sunt
1931 1037 2027 1067 super
2045 1028 2185 1058 secundo
2204 1029 2358 1060 membro.
2376 1031 2421 1061 Ita
2443 1031 2533 1071 quod

1474 1081 1585 1101 sensus
1609 1077 1655 1101 est
1675 1071 1765 1111 quod
1788 1071 2041 1111 concupiscibile,
2058 1078 2156 1111 prout
2181 1073 2414 1112 concupiscitur
2436 1075 2535 1105 semel

1473 1115 1506 1144 in
1530 1121 1611 1150 actu,
1636 1121 1683 1145 est
1705 1113 1841 1150 finitum,
1866 1114 1916 1144 vel
1938 1114 2013 1155 quia
2036 1121 2083 1145 est
2104 1114 2233 1146 finitum
2256 1117 2432 1148 secundum
2454 1128 2532 1156 rem,

1472 1158 1523 1189 vel
1555 1158 1630 1199 quia
1661 1164 1707 1189 est
1738 1157 1865 1189 finitum
1895 1158 2072 1189 secundum
2103 1159 2398 1199 apprehensionem.
2427 1162 2535 1193 Potest

1474 1203 1559 1233 enim
1575 1202 1757 1243 concupisci
1780 1202 1878 1232 semel
1893 1202 1926 1232 in
1951 1209 2022 1233 actu
2037 1209 2103 1233 tam
2122 1202 2248 1234 finitum
2263 1213 2362 1244 quam
2374 1204 2535 1236 infinitum

1474 1247 1651 1277 secundum
1673 1255 1756 1277 rem:
1778 1253 1814 1277 ut
1835 1253 1921 1286 patet
1938 1246 1972 1276 in
1996 1247 2237 1287 concupiscente
2261 1247 2356 1278 simul
2378 1247 2536 1280 infinitam

1474 1290 1652 1331 pecuniam.
1683 1290 1828 1330 Apponit
1855 1297 1962 1321 autem
1985 1290 2041 1321 has
2072 1291 2150 1321 duas
2179 1291 2393 1329 conditiones,
2419 1292 2536 1324 scilicet

1474 1335 1601 1366 unitatis
1617 1341 1648 1365 et
1661 1334 1858 1371 actualitatis,
1874 1334 1949 1375 quia
1963 1334 2104 1374 plurium
2119 1335 2446 1375 concupiscentiarum
2456 1336 2536 1367 nihil

1473 1379 1620 1419 prohibet
1634 1378 1794 1409 infinitum
1810 1378 2054 1418 concupiscibile
2068 1389 2134 1410 esse
2150 1379 2324 1416 obiectum
2349 1387 2380 1411 et
2394 1380 2538 1412 similiter

1474 1422 1682 1463 concupitum
1704 1422 1738 1452 in
1760 1422 1902 1463 potentia
1924 1429 2029 1462 potest
2054 1422 2169 1454 infiniti
2193 1423 2348 1454 rationem
2370 1421 2532 1467 [habere]:

1471 1467 1528 1497 sed
1552 1466 1654 1498 semel
1672 1474 1702 1497 et
1724 1466 1757 1496 in
1780 1473 1852 1497 actu
1876 1466 2093 1506 concupitum,
2117 1477 2183 1497 non
2198 1467 2258 1498 nisi
2274 1466 2410 1504 finitum,
2426 1468 2476 1499 vel
2499 1475 2536 1499 ut

1473 1510 1609 1547 finitum,
1626 1516 1682 1541 est.
1698 1509 1860 1550 Apposuit
1874 1516 1981 1540 autem
1993 1513 2115 1541 Auctor
2127 1511 2221 1541 verba
2236 1511 2290 1541 illa
2301 1511 2382 1542 inter
2393 1511 2534 1552 primum

1474 1561 1505 1585 et
1520 1554 1697 1585 secundum
1712 1555 1894 1584 membrum
1909 1554 1942 1584 in
1959 1554 2069 1590 littera,
2084 1564 2158 1584 cum
2172 1561 2279 1585 tamen
2290 1555 2417 1595 utrique
2433 1564 2535 1587 mem·

1473 1599 1531 1629 bro
1554 1598 1732 1640 praeposita
1749 1597 1914 1628 clariorem
1933 1597 2105 1628 effecissent
2120 1608 2251 1628 sensum
2272 1598 2479 1638 praedictum,
2498 1605 2535 1629 ut

1474 1642 1584 1673 merita
1607 1641 1706 1682 ipsius
1729 1641 1808 1672 finiti
1837 1642 2014 1672 secundum
2036 1651 2113 1678 rem,
2133 1652 2151 1672 a
2173 1641 2264 1673 finito
2287 1642 2464 1672 secundum
2486 1651 2535 1672 ra-

1473 1686 1595 1717 tionem
1619 1685 1816 1716 discerneret.
1832 1685 1974 1716 Finitum
1998 1685 2083 1716 enim
2102 1686 2279 1716 secundum
2293 1695 2371 1723 rem,
2388 1695 2425 1716 ex
2447 1692 2536 1726 parte

1474 1730 1523 1760 sui
1554 1730 1647 1760 habet
1679 1730 1768 1770 quod
1799 1729 1896 1760 semel
1925 1729 1958 1759 in
1989 1735 2060 1760 actu
2090 1729 2346 1770 concupiscatur:
2374 1728 2535 1760 infinitum

1474 1780 1590 1810 autem,
1608 1783 1674 1804 non
1690 1783 1727 1804 ex
1742 1780 1829 1814 parte
1845 1773 1904 1809 sui,
1923 1774 1977 1804 sed
2001 1773 2129 1804 rationis
2153 1773 2415 1814 apprehendentis
2439 1780 2475 1804 ut
2497 1772 2534 1804 fi—

1474 1818 1587 1855 nitum,
1604 1818 1697 1848 habet
1720 1824 1756 1848 ut
1778 1817 1876 1848 semel
1894 1817 1927 1847 in
1950 1824 2020 1849 actu
2045 1817 2296 1858 concupiscatur.
