2852 4152
135 328 144 338 ⁸
160 328 209 348 Art.
227 325 331 353 praeced.

138 579 145 587 ”
163 577 194 599 ea
213 584 255 603 .v‚
270 583 292 598 n.
309 583 325 598 1.
338 588 348 593 —

138 603 190 625 S.T
210 620 215 624 .
231 604 282 624 lect.
294 609 346 624 xm.

233 418 246 450 β

138 3006 148 3016 ”
164 3006 215 3026 Art.
230 3011 250 3026 2.

378 186 447 233 176

373 263 466 300 dum
486 275 681 299 accessum
695 262 758 300 vel
777 262 987 299 secundum
1004 274 1206 308 recessum,
1226 269 1267 298 ut
1286 261 1427 298 dictum

373 323 428 352 est
446 315 477 352 ³⁸.
508 315 585 352 Sed
605 315 755 352 cuilibet
782 314 948 352 accessui
974 315 1219 352 contrariatur
1246 325 1427 358 recessus,

374 375 409 404 et
438 380 457 404 e
487 380 685 405 converso.
707 369 808 415 Ergo
838 367 963 404 omnis
985 367 1109 415 passio
1139 366 1287 402 animae
1315 365 1429 400 habet

374 420 604 457 contrarium
624 419 650 457 β».

429 473 502 510 SED
531 485 697 519 CONTRA,
726 472 780 508 ira
808 480 862 508 est
890 471 1079 519 quaedam
1106 468 1232 517 passio
1266 468 1427 504 animae.

374 525 451 562 Sed
479 526 580 562 nulla
606 524 731 573 passio
760 524 911 571 ponitur
940 521 1123 559 contraria
1150 521 1238 566 irae,
1259 527 1300 556 ut
1327 526 1428 567 patet

373 577 412 614 in
432 578 482 614 IV
500 578 620 614 Ethic.
641 577 660 597 ‘¹‘
688 578 789 623 Ergo
819 588 895 612 non
916 574 1040 611 omnis
1059 573 1185 621 passio
1205 573 1320 609 habet
1339 584 1428 608 con-

373 629 541 666 trarium.

427 683 649 718 RESPONDEO
678 691 859 716 DICENDUM
880 678 983 726 quod
1007 677 1191 724 singulare
1212 685 1266 714 est
1288 677 1326 714 in
1345 689 1429 725 pas-

374 734 479 770 sione
508 734 600 780 irae,
631 732 734 780 quod
761 744 839 768 non
867 738 990 778 potest
1018 730 1158 766 habere
1188 731 1426 776 contrarium,

373 798 497 834 neque
531 785 740 822 secundum
775 795 969 820 accessum
998 790 1033 819 et
1062 795 1274 830 recessum,
1304 795 1428 831 neque

374 838 583 875 secundum
612 836 912 873 contrarietatem
942 835 1032 872 boni
1058 842 1093 871 et
1121 835 1221 872 mali.
1243 836 1429 873 Causatur
1468 875 1474 882 ‚

374 891 475 928 enirn
504 891 557 926 ira
577 901 619 926 ex
641 889 741 925 malo
762 888 902 925 difficili
930 888 1006 924 iam
1025 888 1221 925 iniacente.
1242 888 1303 925 Ad
1323 889 1429 925 cuius

371 943 635 991 praesentiam,
664 953 819 977 necesse
848 948 903 978 est
922 941 1027 989 quod
1046 948 1110 977 aut
1138 941 1323 990 appetitus
1348 953 1430 978 suc-

374 996 538 1041 cumbat,
560 1001 596 1030 et
624 994 674 1030 sic
703 1006 781 1030 non
810 993 883 1030 exit
909 993 1091 1030 terminos
1119 993 1301 1040 tristitiae,
1333 1005 1429 1041 quae

373 1054 428 1084 est
460 1047 586 1095 passio
622 1046 941 1095 concupiscibilis:
971 1053 1036 1083 aut
1062 1047 1176 1082 habet
1204 1053 1352 1082 motum
1381 1045 1430 1082 ad

371 1099 631 1137 invadendum
661 1100 804 1136 malum
832 1099 1034 1145 laesivum,
1064 1099 1168 1145 quod
1195 1098 1355 1145 pertinet
1383 1098 1430 1135 ad

371 1153 480 1189 iram.
510 1153 662 1189 Motum
697 1159 824 1189 autem
855 1153 902 1189 ad
935 1151 1154 1198 fugiendum
1183 1151 1323 1187 habere
1352 1162 1431 1187 non

425 1277 450 1311 β)
469 1279 644 1304 contrarium.
662 1293 680 1298 -
699 1279 801 1311 aliquid
818 1278 983 1303 contrarium
1004 1278 1113 1302 codices.

1039 185 1303 231 QUAESTIO
1333 185 1472 231 XXIII,
1501 185 1796 221 ARTICULUS
1826 184 1876 220 IV

1481 268 1620 309 potest:
1642 261 1729 309 quia
1747 261 1821 296 iarn
1838 261 1981 298 malum
1995 262 2148 310 ponitur
2161 275 2340 311 praesens
2353 264 2415 300 vel
2430 275 2536 312 prae-

1481 313 1642 349 teritum.
1673 314 1721 350 Et
1740 313 1793 349 sic
1813 313 1933 349 motui
1951 313 2027 351 irae
2045 327 2124 352 non
2144 315 2391 352 contrariatur
2409 317 2536 365 aliqua

1481 365 1606 412 passio
1636 365 1847 401 secundum
1881 366 2179 405 contrarietatem
2214 380 2388 405 accessus
2416 375 2452 405 et
2479 381 2536 404 re-

1483 428 1622 453 cessuS.
2151 451 2154 454 .

1536 468 1713 505 Similiter
1741 468 1854 506 etiam
1881 481 1953 507 nec
1986 473 2196 509 secundum
2234 473 2536 510 contrarietatem

1483 520 1574 557 boni
1607 528 1642 557 et
1675 521 1776 558 mali.
1811 522 1910 568 Quia
1938 525 2039 561 malo
2071 524 2147 562 iam
2166 530 2181 553 Υ
2210 525 2384 562 iniacenti
2417 537 2536 574 oppo-

1483 573 1583 609 nitur
1601 573 1748 610 bonum
1765 573 1843 610 iarn
1862 575 2063 624 adeptum:
2093 578 2197 626 quod
2220 578 2296 614 iarn
2316 590 2395 614 non
2413 585 2537 626 potest

1482 626 1622 662 habere
1661 625 1846 663 rationem
1884 628 1990 665 ardui
2021 630 2084 666 vel
2122 630 2291 667 difficilis.
2335 631 2419 667 Nec
2437 624 2537 679 'post

1483 677 1726 726 adeptionem
1755 678 1846 715 boni
1865 689 2035 718 remanet
2061 682 2155 719 alius
2175 690 2313 730 motus,
2333 683 2404 720 nisi
2432 683 2535 731 quie-

1482 730 1571 767 tatio
1601 730 1786 779 appetitus
1814 731 1853 767 in
1880 732 1983 769 bono
2007 734 2166 782 adepto:
2195 747 2292 783 quae
2311 735 2471 784 pertinet
2489 737 2537 773 ad

1483 783 1679 831 gaudium,
1710 783 1814 831 quod
1843 791 1897 820 est
1928 785 2054 832 passio
2090 788 2398 836 concupiscibilis.

1536 836 1646 873 Unde
1675 843 1800 872 motus
1829 836 1905 872 irae
1933 849 2011 874 non
2044 845 2170 886 potest
2195 840 2335 877 habere
2369 841 2538 889 aliquem

1484 896 1634 925 motum
1662 886 1810 925 animae
1837 890 2079 937 contrarium,
2109 891 2175 928 sed
2198 893 2443 930 solummodo
2470 905 2539 941 op·-

1483 941 1636 989 ponitur
1656 941 1689 978 ei
1709 941 1867 978 cessatio
1887 954 1910 978 a
1928 950 2057 979 motu:
2087 942 2183 980 sicut
2209 944 2465 994 Philosophus
2485 946 2539 982 di-

1485 993 1543 1039 cit,
1565 993 1603 1029 in
1625 1006 1693 1030 sua
1710 995 1913 1031 Rhetorica
1931 995 1962 1042 ³⁸,
1992 996 2097 1044 quod
2124 996 2315 1034 mitesoere
2340 999 2540 1047 opponitur

1484 1046 1520 1082 ei
1538 1046 1638 1093 quod
1664 1051 1717 1082 est
1740 1047 1867 1094 irasci,
1897 1048 2001 1095 quod
2028 1060 2107 1085 non
2135 1056 2192 1085 est
2210 1050 2429 1098 oppositum
2449 1062 2539 1088 con-

1484 1098 1606 1144 trarie,
1636 1098 1702 1135 sed
1731 1099 1904 1146 negative
1935 1101 1997 1136 vel
2024 1101 2221 1148 privative.

1537 1151 1587 1187 Et
1613 1163 1681 1199 per
1708 1151 1783 1188 hoe
1810 1159 1912 1200 patet
1939 1153 2135 1202 responsio
2164 1154 2214 1191 ad
2242 1154 2400 1192 obiecta.

1537 1277 1564 1310 γ)
1585 1278 1646 1302 iam.
1665 1268 1684 1298 ζ
1703 1279 1765 1303 Om.
1784 1279 1837 1304 PG.

1157 1421 1367 1463 ARTICU
1374 1422 1471 1463 LUS
1501 1422 1771 1474 QUARTUS

581 1515 736 1546 UTRUM
759 1515 855 1545 SINT
879 1503 1070 1552 ALIQUAE
1093 1513 1320 1544 PASSIONES
1343 1513 1638 1544 DIFFERENTES
1662 1514 1822 1551 SPECIE,
1847 1515 1891 1545 IN
1915 1516 2064 1547 EADEM
2087 1517 2316 1554 POTENTIA,

1121 1557 1212 1588 NON
1237 1556 1516 1587 CONTRARIAE
1540 1557 1598 1587 AD
1624 1558 1802 1588 INVICEM

844 1636 874 1660 111
895 1636 976 1664 Sena,
996 1635 1056 1660 dist.
1074 1642 1138 1666 xxvr,
1159 1642 1203 1667 qu.
1222 1642 1238 1666 1,
1258 1640 1303 1659 art.
1321 1634 1349 1664 33
1365 1635 1411 1668 ,De
1435 1635 1522 1663 Verit„
1543 1642 1586 1667 qu.
1606 1642 1670 1666 xxv1‚
1690 1640 1736 1661 art.
1754 1643 1786 1667 43
1805 1636 1824 1661 II
1844 1636 1938 1666 Ethic„
1958 1638 2016 1662 lect.
2034 1645 2060 1662 v.

583 1739 604 1762 D
625 1736 796 1768 QUARTUM
816 1736 868 1761 sm
888 1735 1126 1760 PROCEDITUR.
1147 1722 1305 1759 Videtur
1324 1722 1427 1771 quod

583 1791 661 1816 non
679 1777 825 1826 possint
843 1777 881 1813 in
910 1776 1035 1823 aliqua
1053 1775 1222 1824 potentia
1243 1787 1324 1812 esse
1343 1787 1427 1823 pas-

375 1877 390 1894 ·-
408 1835 428 1879 y
430 1846 527 1916 ἐξ
532 1836 575 1918 εχ
583 1832 724 1919 sionesd
730 1841 852 1889 specie
875 1829 1263 1917 dlfflqrentes,eeteti¹1inrli
1279 1836 1429 1917 {ginntlrga-

430 1897 442 1911 ³
463 1890 519 1910 ¹¹
562 1897 660 1921 riae
676 1895 697 1919 a
738 1894 915 1918 invicem.
970 1894 1096 1918 assion
1122 1894 1138 1918 s
1409 1894 1428 1917 e

374 1939 551 1976 differunt
579 1935 790 1974 secundum
820 1934 978 1970 obiecta.
1011 1934 1170 1970 Obiecta
1190 1941 1317 1970 autem
1345 1946 1430 1982 pas-

372 1992 524 2028 sionum
544 1990 692 2027 animae
710 1995 797 2024 sunt
815 1987 963 2024 bonum
983 1994 1019 2023 et
1038 1987 1195 2032 malum,
1217 1987 1428 2023 secundum

373 2056 536 2092 quorum
558 2040 808 2080 differentiam
837 2039 1033 2088 passiones
1058 2040 1199 2076 habent
1228 2039 1429 2075 contrarie-

372 2103 499 2133 tatem.
525 2097 626 2143 Ergo
656 2094 779 2130 nullae
807 2092 1002 2141 passiones
1028 2092 1197 2129 eiusdem
1227 2092 1428 2140 potentiae,

373 2162 451 2186 non
470 2149 653 2186 habentes
674 2145 974 2183 contrarietatem
995 2145 1044 2182 ad
1059 2145 1236 2192 invicem,
1253 2144 1431 2181 differunt

375 2202 510 2251 specie.

428 2267 462 2292 2.
485 2256 717 2299 PRAETEREA,
739 2250 946 2287 differentia
971 2250 1111 2298 speciei
1140 2257 1195 2286 est
1223 2250 1431 2287 differentia

375 2307 586 2344 secundum
606 2306 782 2342 formam.
813 2303 890 2340 Sed
919 2302 1043 2339 omnis
1064 2302 1271 2339 differentia
1299 2315 1432 2340 secun·

375 2361 468 2398 dum
497 2360 673 2404 formam,
696 2363 751 2394 est
770 2355 980 2392 secundum
1002 2355 1165 2403 aliquam
1195 2355 1430 2392 contrarieta-

375 2421 463 2460 tem,
484 2420 526 2449 ut
545 2411 678 2448 dicitur
704 2410 741 2446 in
768 2410 802 2445 X
822 2409 1037 2456 Metaphys.
1057 2407 1079 2429 ²¹⁶
1107 2409 1207 2456 Ergo
1236 2408 1432 2457 passiones

376 2465 546 2503 eiusdem
565 2462 756 2513 potentiae
786 2474 883 2511 quae
912 2473 991 2498 non
1010 2460 1096 2498 sunt
1116 2461 1334 2508 contrariae,
1355 2474 1432 2499 non

376 2519 553 2558 differunt
581 2516 718 2566 specie.

430 2573 464 2609 3.
485 2573 718 2616 PRAETEREA,
740 2581 828 2605 cum
857 2568 980 2605 omnis
1008 2567 1134 2617 passio
1164 2568 1314 2605 animae
1343 2580 1432 2605 con-

401 1767 448 1785 ιν..
459 1743 466 1757 ²
490 1746 560 1792 ἦῆ(

422 1812 445 1838 ss
568 1828 574 1834 .

375 2625 479 2662 sistat
505 2625 543 2661 in
572 2635 727 2661 accessu
758 2623 820 2659 vel
856 2633 1007 2658 recessu
1040 2621 1088 2658 ad
1117 2621 1263 2658 bonurn
1295 2621 1358 2658 vel
1386 2621 1455 2658 ad'

373 2678 531 2724 malum,
559 2689 713 2714 necesse
749 2675 900 2712 videtur
928 2674 1032 2723 quod
1070 2673 1195 2710 omnis
1225 2673 1435 2711 differentia

374 2731 596 2780 passionum
617 2730 766 2766 animae
796 2728 840 2764 sit
859 2728 920 2763 vel
949 2727 1160 2763 secundum
1183 2726 1433 2764 differentiam

375 2784 467 2821 boni
487 2791 523 2820 et
541 2782 630 2820 mali
651 2788 686 2828 οι;
716 2782 778 2819 vel
800 2780 1011 2817 secundum
1033 2779 1283 2817 differentiam
1313 2793 1436 2817 acces-

377 2850 439 2874 sus
468 2844 505 2873 et
532 2848 723 2880 recessus;
751 2834 814 2871 vel
834 2833 1044 2870 secundum
1071 2833 1256 2869 maiorem
1276 2833 1339 2869 vel
1367 2833 1436 2869 mi-

376 2902 511 2927 norem
537 2900 732 2926 accessum
753 2894 817 2924 aut
835 2898 1038 2923 recessum.
1071 2886 1146 2922 Sed
1175 2885 1317 2933 primae
1338 2886 1436 2922 duae

378 2942 609 2980 differentiae
645 2940 828 2977 inducunt
857 2938 1159 2975 contrarietatem
1187 2938 1225 2974 in
1253 2938 1436 2986 passioni-

377 2997 448 3032 bus
468 2995 628 3041 animae,
659 3001 699 3030 ut
728 2993 869 3030 dictum
891 2999 946 3028 est
965 2992 996 3027 ²¹⁸.
1028 2991 1157 3028 Tertia
1181 2998 1309 3028 autem
1330 2991 1436 3028 diffe-

379 3048 495 3085 rentia
528 3060 605 3084 non
638 3046 866 3083 diversificat
899 3043 1085 3092 speciem:
1116 3044 1204 3092 quia
1232 3044 1284 3080 sic
1313 3052 1437 3082 essent

378 3101 546 3137 infinitae
584 3098 728 3148 species
764 3097 985 3146 passionum
1019 3096 1180 3134 animae.
1218 3097 1320 3144 Ergo
1358 3110 1438 3135 non

379 3160 503 3203 potest
523 3164 604 3189 esse
626 3152 729 3200 quod
748 3150 944 3199 passiones
965 3149 1136 3187 eiusdem
1150 3150 1341 3198 potentiae
1361 3150 1438 3188 ani-

380 3218 466 3244 mae
496 3205 669 3243 differant
697 3203 834 3252 specie,
865 3211 901 3239 et
928 3215 1005 3239 non
1035 3202 1107 3239 sint
1135 3203 1354 3241 contrariae.

434 3259 508 3296 SED
537 3269 693 3304 CONTRA,
719 3269 829 3293 amor
848 3263 884 3292 et
902 3255 1082 3303 gaudium
1102 3255 1279 3293 differunt
1297 3255 1435 3304 specie,

381 3319 417 3349 et
436 3319 522 3348 sunt
545 3310 583 3348 in
604 3308 896 3357 concupiscibili.
918 3309 1003 3344 Nec
1021 3315 1148 3345 tamen
1165 3308 1437 3347 contrariantur

1483 1723 1531 1759 ad
1550 1722 1736 1760 invicem:
1765 1723 1858 1771 quin
1876 1724 2002 1773 potius
2021 1738 2141 1762 unum
2163 1729 2218 1763 es't
2237 1739 2351 1764 causa
2379 1728 2540 1765 alterius.

1483 1776 1584 1823 Ergo
1619 1783 1704 1812 sunt
1736 1776 1882 1825 aliquae
1918 1778 2115 1826 passiones
2153 1779 2323 1817 eiusdem
2350 1781 2541 1828 potentiae

1483 1840 1582 1875 quae
1611 1828 1788 1865 differunt
1807 1827 1822 1858 β
1850 1830 1987 1878 specie,
2017 1844 2087 1868 nec
2115 1839 2202 1868 sunt
2231 1833 2451 1871 contrariae.

1537 1882 1761 1918 RESPONDEO
1789 1893 1972 1920 DlCENDUM
2001 1884 2107 1932 quod
2138 1885 2335 1933 passiones
2363 1885 2543 1923 differunt

1483 1934 1694 1971 secundum
1723 1935 1865 1982 activa,
1896 1948 1993 1984 quae
2021 1945 2110 1974 sunt
2136 1938 2284 1975 obiecta
2320 1938 2542 1987 passionum

1483 1986 1645 2024 animae.
1658 1986 1880 2025 Differentia
1895 1997 2022 2026 autem
2035 1990 2250 2027 activorum
2263 1998 2388 2039 potest
2403 1988 2544 2028 attendi

1485 2038 1697 2087 dupliciter:
1724 2052 1804 2076 uno
1824 2041 1954 2088 modo,
1976 2043 2185 2080 secundum
2207 2044 2373 2092 speciem
2396 2043 2547 2090 velnae

1482 2099 1606 2129 turam
1635 2093 1806 2141 ipsorum
1840 2093 2070 2142 activorum,
2099 2095 2194 2132 sicut
2220 2095 2315 2144 ignis
2344 2095 2468 2146 differt
2494 2096 2547 2133 ab

1484 2156 1599 2193 aqua3
1630 2145 1701 2182 alio
1731 2146 1869 2194 modo,
1899 2147 2111 2185 secundum
2143 2147 2335 2187 diversam
2367 2149 2548 2197 virtutem

1485 2198 1660 2235 activam.
1681 2199 1888 2236 Diversitas
1907 2208 2034 2238 autem
2055 2201 2166 2238 activi
2184 2202 2246 2239 vel
2265 2201 2400 2240 motivi
2423 2214 2546 2251 quan.-

1484 2258 1566 2287 tum
1586 2251 1635 2288 ad
1653 2251 1831 2288 virtutem
1851 2254 2047 2300 movendi,
2067 2261 2192 2302 potest
2206 2254 2326 2303 accipi
2344 2254 2383 2291 in
2400 2254 2548 2303 passio—

1485 2303 1596 2340 nibus
1624 2304 1770 2340 animae
1804 2306 2015 2342 secundum
2044 2306 2324 2344 similitudinem
2353 2304 2554 2354 agentium?

1486 2357 1725 2395 naturalium.
1757 2357 1884 2393 Omne
1905 2358 2009 2394 enim
2028 2371 2190 2395 movens
2219 2359 2329 2396 trahit
2357 2359 2548 2407 quodam-'

1486 2410 1604 2447 modo
1634 2410 1682 2447 ad
1710 2423 1750 2447 se
1778 2410 1937 2458 patiens,
1956 2411 2019 2448 vel
2048 2423 2070 2447 a
2091 2423 2130 2448 se
2160 2411 2315 2460 repellit.
2336 2412 2544 2449 Trahendo

1486 2462 1640 2511 quidem
1669 2463 1717 2500 ad
1737 2475 1789 2509 se,
1809 2462 1876 2500 tria
1904 2462 1989 2500 facit
2007 2463 2047 2501 in
2075 2463 2169 2512 ipso,
2191 2464 2295 2503 Nam
2319 2464 2444 2512 primo
2465 2464 2549 2513 qui-

1488 2516 1588 2563 dem,
1619 2517 1684 2553 dat
1711 2515 1744 2552 ei
1771 2515 2053 2552 inclinationem
2071 2517 2134 2553 vel
2157 2517 2408 2565 aptitudinem
2439 2525 2482 2554 ut
2506 2517 2546 2554 in

1487 2569 1613 2618 ipsum
1641 2568 1788 2605 tendat:
1818 2567 1913 2604 sicut
1941 2578 2027 2605 cum
2058 2579 2195 2618 corpus
2223 2570 2328 2616 leve,
2358 2571 2463 2618 quod
2491 2566 2549 2618 est

1488 2633 1650 2668 sursum,
1673 2621 1735 2658 dat
1754 2621 1946 2658 levitatem
1967 2621 2115 2670 corpori
2130 2628 2320 2669 generatO,
2335 2620 2410 2671 ,per
2426 2631 2550 2670 quam

1488 2675 1602 2711 habet
1621 2673 1903 2711 inclinationem
1923 2674 1984 2710 vel
2004 2672 2252 2722 aptitudinem
2269 2674 2318 2712 ad
2341 2674 2415 2712 hoc
2443 2664 2550 2724 quod

1488 2728 1534 2764 sit
1548 2740 1710 2764 sursum.
1729 2727 1920 2773 Secundo,
1937 2726 1967 2763 si
1983 2739 2120 2775 corpus
2135 2734 2355 2775 generatum
2376 2734 2432 2764 est
2447 2735 2549 2765 extra

1488 2782 1616 2817 locum
1630 2779 1842 2828 proprium,
1864 2779 1926 2816 dat
1946 2779 1979 2815 ei
1999 2779 2147 2816 moveri
2169 2781 2216 2818 ad
2236 2781 2376 2817 locum.
2403 2780 2547 2827 Tertio,

1491 2834 1554 2870 dat
1581 2833 1614 2869 ei
1642 2832 1849 2880 quiescere,
1870 2832 1908 2869 in
1936 2833 2064 2869 locum
2094 2845 2180 2869 curn
2199 2833 2431 2882 pervenerit:
2461 2833 2550 2883 quia

1491 2899 1535 2924 ex
1556 2885 1691 2923 eadem
1712 2897 1826 2922 causa
1841 2885 1982 2934 aliquid
2001 2885 2156 2934 quiescit
2174 2885 2212 2922 in
2230 2886 2329 2932 loco,
2344 2898 2414 2934 per
2433 2897 2550 2933 quam

1491 2939 1718 2976 movebatur
1746 2939 1794 2975 ad
1823 2939 1962 2974 locum.
1993 2939 2041 2975 Et
2069 2938 2235 2975 similiter
2267 2935 2550 2986 intelligendum

1491 3000 1546 3029 est
1575 2991 1621 3028 de
1651 2990 1765 3028 causa
1793 2990 2029 3039 repulsionis.

1550 3046 1593 3082 In
1618 3044 1784 3081 motibus
1820 3051 1948 3081 autem
1976 3043 2202 3096 appetitivae
2229 3043 2367 3093 partis,
2405 3044 2551 3092 honum

1490 3098 1604 3134 habet
1632 3097 1739 3146 quasi
1765 3096 1945 3137 virtutem
1969 3096 2219 3143 attractivam,
2249 3097 2395 3136 malum
2423 3095 2550 3146 mmm

1490 3150 1668 3188 virtutem
1689 3149 1932 3199 repulsivam.
1947 3148 2102 3187 Bonum
2118 3161 2206 3197 ergo
2222 3149 2348 3198 primo
2369 3142 2550 3201 quffimfff

1490 3203 1529 3240 in
1547 3202 1716 3252 potentia
1739 3201 1942 3251 appetitiva
1971 3209 2100 3239 causat
2127 3202 2321 3250 quandam
2345 3186 2552 3244 incibati&-

1492 3269 1593 3302 nem,
1611 3267 1679 3293 seu
1693 3254 1954 3304 aptitudinem,
1970 3266 2037 3292 seu
2053 3255 2404 3293 connaturalitatem
2415 3244 2550 3293 {esbo-

1492 3321 1603 3346 num:
1617 3309 1720 3357 quod
1733 3306 1893 3358 pertinet
1906 3308 1954 3345 ad
1969 3307 2187 3356 passionem
2201 3306 2342 3346 amoris
2350 3306 2381 3345 ¹¹².
2399 3304 2471 3343 Cui
2483 3317 2553 3354 per

435 3433 462 3459 α)
482 3436 508 3456 et
527 3432 597 3456 mali.
615 3445 634 3450 -
653 3431 694 3455 vel
713 3430 776 3454 mali
795 3430 890 3454 PHKa.
905 3443 922 3448 -
938 3430 987 3453 Pro
1006 3433 1031 3454 et
1046 3437 1169 3458 recessus,
1184 3430 1224 3454 vel
1238 3437 1354 3455 recessus
1369 3431 1440 3463 PHpI

382 3473 406 3491 et
424 3475 456 3496 a;
475 3467 651 3500 differentiam
712 3466 854 3490 secundum
875 3473 927 3489 om.
947 3465 978 3489 Κ.
998 3479 1014 3482 -
1034 3466 1082 3488 Pro
1102 3466 1142 3489 vel
1161 3465 1297 3494 minorem,
1317 3469 1343 3490 et
1359 3465 1441 3490 mino-

383 3509 436 3527 rem
457 3502 497 3526 ΕΙ.
509 3516 527 3520 -
539 3502 589 3526 Pro
608 3505 655 3525 aut
674 3507 811 3529 recessum,
832 3500 873 3524 vel
891 3507 1020 3524 recessum
1041 3500 1132 3524 ΡΕΚα.

1552 3430 1576 3462 β)
1596 3430 1731 3464 differunt.
1750 3443 1767 3448 -
1786 3437 1836 3454 non
1858 3429 1985 3462 differunt
2004 3429 2200 3461 BGlpACEFH.

1549 3465 1575 3499 γ)
1591 3466 1682 3496 primo
1701 3465 1814 3497 quidem.
1833 3479 1851 3482 -
1866 3465 1956 3496 primo
1976 3465 2053 3489 modo
2072 3465 2112 3489 ed.
2127 3471 2151 3493 a,
2166 3463 2257 3496 primo
2276 3463 2304 3488 P.

2566 1005 2668 1054 ΞΙΙᾸΙΜῙ,
2679 1011 2729 1034 cap.
2741 1011 2779 1032 ιιι,

2578 3318 2586 3328 ”
2602 3317 2631 3338 D.
2646 3322 2697 3339 ιω.
