2852 4152
140 296 150 305 '
164 293 230 315 Vers.
246 299 274 321 ¹3·

144 421 154 431 ⁴
164 420 191 441 In
199 419 274 446 Ioan„
289 423 354 441 tract.

141 446 163 468 X
167 446 189 467 V.

135 1658 143 1667 '
161 1656 217 1684 Cap.
232 1662 265 1678 xi.

131 2244 140 2252 ·
154 2242 221 2264 Vers.
235 2248 271 2270 29.

128 3299 137 3307 ·
151 3297 207 3345 Ἣ.
218 3304 252 3325 nr,
262 3304 285 3319 n.
297 3305 318 3326 7.
329 3310 340 3314 -

128 3324 271 3372 ’ἄνει-ἐμὲ·
281 3331 312 3346 w*

378 207 451 243 232

435 285 507 321 SED
529 296 673 322 CONTRA
692 297 758 322 Esr
777 285 881 333 quod
901 286 1089 323 Dominus
1110 287 1208 335 dicit,
1226 289 1328 323 Ioan.
1347 299 1382 323 iv
1396 287 1433 323 *ε

384 337 457 379 Qui
484 338 616 374 biberit
632 350 681 374 ex
699 339 770 375 hac
788 350 900 387 aqua,
920 339 1015 375 sitiet
1032 340 1184 375 iterum:
1208 351 1276 387 per
1295 351 1434 386 aquam

380 397 508 426 autem
525 395 541 411 α
561 390 803 439 significatur,
820 391 1030 428 secundum
1051 391 1304 438 Augustinum
1319 391 1350 438 ²⁸,
1372 391 1436 427 de-

379 442 527 479 lectatio
557 444 773 492 corporalis.

433 496 657 533 RESPONDEO
686 508 868 533 mOENDUM
894 495 998 542 quod
1023 494 1219 532 delectatio
1240 494 1437 543 dupliciter

378 555 504 596 potest
538 549 787 586 considerari:
817 560 895 584 uno
924 547 1060 594 modo,
1091 546 1301 583 secundum
1331 547 1435 595 quod

380 608 435 637 est
462 601 500 637 in
530 609 632 647 actu;
663 601 736 637 alio
770 600 904 645 modo,
935 599 1145 636 secundum
1175 600 1277 647 quod
1312 607 1367 636 est
1397 600 1436 636 in

378 654 576 690 memoria.
589 655 719 689 -Item
739 653 827 699 sitis,
843 653 904 689 vel
921 651 1162 698 desiderium,
1177 659 1303 699 potest
1318 652 1437 701 dupli-

380 706 470 742 citer
498 705 636 754 accipi:
664 718 742 742 uno
763 704 893 751 m0d0,
914 704 1078 752 proprie,
1099 704 1311 741 secundum
1331 706 1435 754 quod

378 757 558 806 importat
585 758 794 806 appetitum
814 757 867 793 rei
896 769 974 793 non
1002 756 1172 802 habitae;
1202 757 1273 793 alio
1302 758 1433 805 modo,

379 810 642 856 communiter,
674 809 885 846 secundum
916 809 1021 858 quod
1047 809 1226 857 importat
1254 811 1434 847 exclusio-

377 875 467 900 nem
495 862 639 899 fastidii.

431 915 650 952 Secundum
679 914 834 962 quidem
853 913 868 943 β
896 914 1006 961 igitur
1038 914 1141 962 quod
1171 922 1227 951 est
1261 915 1299 952 in
1327 923 1433 962 actu,

378 967 574 1004 delectatio
609 979 687 1003 non
721 974 849 1003 causat
881 966 979 1003 sitim
1013 967 1075 1003 vel
1108 967 1338 1004 desiderium
1377 969 1434 1005 sui

375 1019 504 1067 ipsius,
524 1031 592 1068 per
619 1031 659 1055 se
687 1019 892 1068 loquendo,
918 1019 986 1056 sed
1005 1020 1129 1056 solum
1151 1032 1221 1068 per
1240 1021 1433 1058 accidens:

375 1071 407 1108 si
432 1079 560 1108 tamen
589 1071 665 1108 sitis
688 1073 750 1108 vel
776 1072 1006 1109 desiderium
1032 1072 1176 1109 dicatur
1194 1072 1247 1109 rei
1271 1085 1350 1109 non
1369 1074 1435 1110 ha-

375 1124 473 1160 bitae
503 1125 688 1173 appetitus
707 1130 738 1161 Y:
768 1137 858 1161 narn
887 1124 1083 1162 delectatio
1113 1132 1168 1161 est
1191 1125 1339 1162 affectio
1370 1138 1434 1175 ap-

372 1177 511 1225 petitus
532 1177 627 1214 circa
647 1189 728 1214 rem
747 1185 999 1226 praesentem.
1016 1198 1040 1204 -
1057 1178 1133 1214 Sed
1154 1177 1333 1225 contingit
1352 1190 1432 1215 rem

373 1237 613 1278 praesentem
645 1242 724 1267 non
758 1231 922 1279 perfecte
951 1230 1093 1267 haberi.
1128 1231 1176 1266 Et
1207 1230 1282 1267 hoc
1310 1238 1434 1280 potest

374 1294 456 1319 esse
489 1283 550 1320 vel
580 1295 624 1319 ex
652 1290 757 1331 parte
787 1283 839 1319 rei
867 1282 1033 1330 habitae,
1062 1283 1125 1319 vel
1160 1295 1205 1319 ex
1233 1290 1339 1332 parte
1367 1285 1433 1321 ha-

374 1335 508 1373 bentis.
539 1336 596 1372 Ex
623 1343 730 1384 parte
750 1335 906 1384 quidem
927 1335 978 1372 rei
998 1335 1160 1383 habitae,
1183 1348 1228 1373 eo
1249 1336 1354 1385 quod
1373 1349 1432 1374 res

372 1388 497 1424 habita
525 1401 603 1425 non
632 1396 687 1424 est
705 1395 783 1424 tota
812 1388 944 1425 simul:
973 1388 1077 1426 unde
1106 1389 1317 1426 successive
1341 1390 1432 1427 reci-

371 1441 482 1489 pitur,
510 1448 546 1477 et
566 1441 659 1478 dum
679 1441 813 1489 aliquis
834 1441 1039 1484 delectatur
1058 1441 1096 1478 in
1116 1454 1162 1478 eo
1182 1442 1286 1490 quod
1305 1443 1430 1491 habet,

373 1493 560 1531 desiderat
587 1494 698 1543 potiri
727 1506 773 1531 eo
802 1494 907 1543 quod
936 1502 1069 1541 restat3
1104 1494 1199 1532 sicut
1231 1494 1295 1543 qui
1327 1496 1431 1533 audit

370 1546 535 1595 primam
567 1554 715 1596 partem
742 1559 896 1594 versus,
927 1554 963 1584 et
994 1547 1034 1584 in
1065 1548 1138 1584 hoc
1161 1545 1175 1569 δ
1205 1548 1429 1597 delectatur,

373 1598 561 1636 desiderat
586 1600 743 1636 alteram
771 1607 918 1648 partem
945 1612 1080 1637 versus
1108 1600 1257 1648 audire,
1286 1608 1328 1637 ut
1354 1603 1431 1638 Au-

371 1653 542 1699 gustinus
563 1653 659 1699 dicit,
686 1653 738 1689 IV
761 1654 926 1701 Confess.
947 1653 967 1675 *
995 1654 1044 1690 Et
1061 1653 1136 1690 hoc
1156 1654 1274 1690 modo
1295 1666 1430 1691 omnes

371 1707 449 1742 fere
478 1705 744 1742 delectationes
774 1706 988 1754 corporales
1016 1706 1158 1743 faciunt
1185 1707 1242 1743 sui
1261 1706 1430 1755 ipsarum

372 1759 492 1806 sitim,
522 1771 723 1807 quousque
762 1766 1095 1806 consummentur,
1125 1771 1171 1795 eo
1202 1760 1306 1808 quod
1338 1761 1430 1796 tales

373 1812 640 1850 delectationes
661 1819 944 1859 consequuntur
963 1812 1127 1860 aliquem
1148 1819 1315 1849 motum:
1336 1812 1432 1849 sicut

369 1872 472 1914 patet
486 1865 525 1901 in
541 1863 851 1900 delectationibus
867 1863 1052 1901 ciborum.
1069 1885 1093 1891 -
1109 1865 1167 1901 Ex
1181 1872 1286 1913 parte
1302 1872 1429 1902 autern

369 1918 486 1966 ipsius
514 1916 704 1963 habentis,
740 1916 835 1953 sicut
863 1929 951 1953 cum
987 1917 1120 1965 aliquis
1155 1917 1318 1966 aliquam
1348 1930 1429 1954 rem

369 1971 407 2007 in
427 1982 466 2007 se
486 1970 693 2018 perfectam
713 1974 725 1990 ⁸
754 1969 987 2016 existentem,
1013 1981 1092 2006 non
1121 1969 1245 2006 statim
1265 1971 1429 2018 perfecte

368 2024 494 2070 habet,
511 2023 578 2059 secl
592 2021 773 2071 paulatim
789 2021 957 2070 acquirit.
980 2022 1085 2059 Sicut
1099 2020 1111 2047 ζ
1129 2021 1168 2059 in
1183 2023 1329 2060 mundo
1345 2023 1428 2071 isto,

367 2075 618 2125 percipientes
647 2074 788 2123 aliquid
820 2075 1041 2124 imperfecte
1070 2075 1117 2112 de
1147 2074 1275 2112 divina
1304 2075 1429 2124 cogni-

367 2130 483 2175 tione,
514 2128 764 2174 delectamur;
795 2135 831 2164 et
857 2128 939 2176 ipsa
959 2128 1155 2165 delectatio
1177 2128 1311 2165 excitat
1329 2128 1427 2166 sitim

367 2183 428 2219 vel
459 2181 686 2219 desiderium
720 2180 908 2229 perfectae
943 2180 1187 2228 cognitionis;
1217 2182 1428 2219 secundum

369 2235 472 2283 quod
501 2242 624 2282 potest
652 2233 802 2280 intelligi
835 2233 939 2282 quod
967 2233 1128 2270 habetur
1154 2234 1269 2270 Eccli.
1290 2234 1428 2270 xxiv*:

373 2288 447 2330 Qui
473 2287 602 2323 bibunt
627 2298 698 2332 me,
727 2287 851 2323 adhuc
872 2286 1003 2322 sitient.

423 2340 463 2376 Si
489 2351 583 2376 vero
612 2351 680 2387 per
713 2338 811 2375 sitim
838 2339 900 2376 vel
935 2338 1167 2375 desiderium
1205 2338 1428 2387 intelligatur

369 2394 448 2430 sola
476 2391 636 2428 intensio
667 2391 824 2428 affectus
852 2392 987 2428 tollens
1021 2390 1223 2438 fastidium,
1247 2390 1299 2428 sic
1328 2392 1427 2429 dele-

1039 209 1303 255 QUAESTIO
1333 211 1510 258 XXXIII,
1539 212 1834 249 ARTICULUS
1864 213 1913 249 111

1492 288 1672 326 ctationes
1692 289 1899 337 spirituales
1927 292 2090 330 maxime
2111 293 2250 331 faciunt
2270 294 2369 331 sitim
2397 295 2458 332 vel
2484 294 2547 332 de-

1491 340 1669 377 siderium
1698 342 1753 378 sui
1780 342 1958 389 ipsarum.
1979 345 2257 383 Delectationes
2287 347 2387 384 enim
2413 359 2546 396 corpo-

1491 393 1598 439 rales,
1629 393 1717 442 quia
1737 402 2011 444 augmentatae,
2030 398 2092 434 vel
2121 399 2233 435 etiam
2254 405 2272 426 η
2293 400 2544 448 continuatae,

1489 443 1629 480 faciunt
1652 447 2061 493 superexcrescentiarn
2082 451 2259 488 naturalis
2295 452 2544 500 habitudinis,

1492 496 1706 533 efficiuntur
1742 498 1976 546 fastid10sae3
2011 509 2051 538 ut
2086 510 2188 551 patet
2221 504 2260 540 in
2297 504 2543 541 delectatione

1491 547 1675 585 ciborum.
1697 550 1746 585 Et
1763 558 1919 599 propter
1935 553 2021 600 hoc,
2038 556 2190 603 quando
2211 556 2344 606 aliquis
2362 556 2439 593 iam
2458 569 2543 605 per-

1490 600 1593 637 venit
1608 602 1656 638 ad
1670 602 1879 650 perfectum
1895 603 1933 641 in
1949 604 2256 645 delectationibus
2271 609 2543 657 corporalibus,

1489 653 1627 690 fastidit
1655 666 1730 700 eas,
1752 662 1789 691 et
1815 658 2046 705 quandoque
2074 661 2214 709 appetit
2233 661 2376 711 aliquas
2404 661 2503 698 alias.
2519 683 2543 689 -

1489 705 1568 742 Sed
1597 705 1862 744 delectationes
1883 708 2092 756 spirituales
2110 724 2188 750 non
2211 721 2545 763 superexcrescunt

1490 759 1700 795 naturalem
1728 759 2005 809 habitudinem,
2036 762 2115 800 sed'
2130 766 2331 813 perficiunt
2357 774 2542 804 naturam.

1490 811 1600 848 Unde
1637 824 1723 848 cum
1761 812 1979 860 pervenitur
2015 814 2064 851 ad
2099 819 2467 856 consummationem
2504 819 2543 856 in

1490 863 1590 912 ipsis,
1620 871 1709 901 tunc
1728 872 1813 902 sunt
1841 865 1961 913 magis
1989 866 2242 907 delectabiles:
2263 871 2332 908 nisi
2354 873 2448 909 forte
2476 884 2544 921 per

1489 916 1686 964 accidens,
1720 917 1946 966 inquantum
1981 920 2190 967 operationi
2228 924 2543 974 contemplativae

1489 969 1743 1017 adiunguntur
1767 970 1914 1019 aliquae
1944 972 2183 1020 operationes
2209 974 2390 1013 virtutum
2410 989 2544 1026 corpo-

1488 1021 1635 1069 ralium,
1656 1034 1754 1071 quae
1772 1035 1841 1072 per
1860 1023 2115 1061 assiduitatem
2146 1027 2328 1074 operandi
2348 1029 2542 1067 lassantur.

1489 1074 1538 1110 Et
1564 1086 1633 1123 per
1660 1075 1761 1111 hunc
1790 1075 1902 1112 etiam
1921 1077 2082 1114 modum
2110 1085 2236 1126 potest
2259 1079 2410 1129 intelligi
2437 1084 2543 1130 quod

1489 1126 1624 1163 dicitur
1649 1127 1764 1164 Eccli.
1793 1140 1878 1165 xxiv
1904 1128 1944 1165 *ε
1978 1129 2052 1171 Qui
2077 1131 2166 1167 bibit
2192 1143 2264 1178 me,
2290 1133 2412 1170 adhuc
2437 1134 2542 1171 sitiet.

1490 1178 1590 1226 Quia
1609 1179 1721 1216 etiam
1741 1179 1789 1217 de
1816 1181 1969 1229 angelis,
1991 1182 2054 1231 qui
2073 1183 2237 1232 perfecte
2257 1185 2385 1222 Deum
2405 1198 2543 1234 cogno-

1488 1240 1607 1280 scunt,
1638 1239 1674 1269 et
1703 1233 1933 1271 delectantur
1960 1235 1999 1272 in
2026 1235 2120 1284 ipso,
2147 1236 2280 1274 dicitur
2309 1239 2322 1274 Ι
2350 1238 2450 1275 Petri
2474 1251 2485 1276 1
2505 1238 2542 1288 ²²,

1488 1285 1593 1334 quod
1620 1286 1832 1323 desiderant
1857 1287 1893 1323 in
1923 1299 2008 1324 eum
2037 1289 2260 1338 conspicere.
2300 1321 2302 1323 ,

1542 1338 1582 1375 Si
1599 1350 1693 1375 vero
1715 1338 1972 1377 consideretur
1986 1340 2184 1379 delectatio
2203 1349 2318 1392 prout
2332 1351 2387 1380 est
2404 1343 2443 1381 in
2462 1357 2543 1382 me-

1487 1391 1608 1428 moria
1638 1399 1674 1428 et
1701 1404 1780 1429 non
1797 1392 1837 1429 in
1856 1400 1952 1440 actu,
1983 1393 2035 1430 sic
2054 1406 2123 1443 per
2142 1407 2182 1431 se
2202 1403 2290 1432 nata
2310 1403 2365 1433 est
2390 1409 2544 1435 causare

1486 1443 1543 1480 sui
1577 1444 1693 1492 ipsius
1728 1444 1826 1482 sitim
1861 1452 1896 1482 et
1928 1445 2178 1484 desiderium:
2214 1449 2368 1497 quando
2406 1449 2546 1487 scilicet

1485 1497 1603 1533 homo
1632 1497 1728 1534 redit
1761 1498 1808 1534 ad
1841 1497 1942 1535 illam
1977 1499 2262 1548 dispositionem
2293 1501 2332 1538 in
2360 1515 2437 1552 qua
2466 1510 2545 1540 erat

1485 1549 1556 1585 sibi
1570 1550 1790 1587 delectabile
1807 1551 1911 1599 quod
1929 1552 2130 1600 praeteriit.
2152 1553 2193 1590 Si
2211 1565 2305 1590 vero
2324 1553 2544 1592 immutatus

1485 1601 1531 1638 sit
1549 1603 1597 1638 ab
1617 1603 1679 1639 illa
1698 1602 1956 1651 dispositione,
1976 1605 2165 1642 memoria
2190 1605 2446 1644 delectationis
2465 1620 2544 1645 non

1485 1662 1614 1692 causat
1640 1655 1678 1691 in
1707 1667 1753 1692 eo
1783 1655 2088 1704 delectationem,
2119 1658 2186 1694 sed
2213 1658 2421 1696 fastidium:
2450 1660 2546 1698 sicut

1483 1708 1597 1756 pleno
1627 1708 1795 1745 existenti
1823 1709 2010 1746 memoria
2038 1709 2121 1747 cibi.

1536 1762 1595 1797 AD
1620 1772 1756 1798 PRIMUM
1775 1773 1873 1798 ERGO
1901 1774 2085 1800 mcENDUM
2114 1763 2230 1812 quod,
2259 1766 2414 1812 quando
2443 1765 2544 1802 dele-

1485 1813 1595 1850 ctatio
1626 1821 1680 1850 est
1707 1815 1885 1862 perfecta,
1911 1822 2002 1853 tunc
2020 1815 2136 1853 habet
2154 1816 2419 1854 omnimodam
2439 1818 2544 1867 quie-

1484 1872 1583 1913 tem,
1614 1873 1650 1903 et
1679 1874 1799 1904 cessat
1824 1875 1951 1905 motus
1979 1868 2153 1906 desiderii
2186 1869 2371 1907 tendentis
2399 1869 2437 1908 in
2465 1883 2544 1908 non

1483 1918 1666 1955 habiturn.
1697 1919 1774 1956 Sed
1807 1921 1961 1968 quando
1996 1921 2215 1970 imperfecte
2247 1923 2425 1971 habetur,
2453 1931 2544 1961 tunc

1484 1983 1563 2008 non
1591 1971 1748 2008 omnino
1785 1981 1904 2010 cessat
1932 1981 2058 2010 motus
2087 1974 2259 2011 desiderii
2290 1975 2478 2012 tendentis
2506 1975 2545 2013 in
2578 2019 2587 2027 ⁶

1484 2036 1563 2060 non
1590 2024 1763 2061 habitum
1783 2022 1808 2061 θ.

1536 2077 1595 2113 AD
1615 2087 1805 2114 SECUNDUM
1824 2089 2008 2115 DiCENDUM
2024 2078 2129 2127 quod
2148 2079 2186 2116 id
2202 2080 2306 2128 quod
2325 2079 2541 2129 imperfecte

1482 2129 1662 2176 habetur,
1693 2129 1903 2167 secundum
1938 2130 2030 2179 quid
2058 2132 2238 2180 habetur,
2269 2139 2305 2169 et
2332 2133 2543 2171 secundum

1483 2181 1575 2231 quid
1609 2194 1687 2219 non
1719 2183 1889 2220 habetur.
1920 2184 1968 2220 Et
1996 2183 2082 2221 ideo
2112 2185 2224 2222 simul
2259 2185 2306 2222 de
2340 2197 2387 2222 eo
2419 2193 2545 2235 potest

1484 2247 1566 2271 esse
1596 2242 1632 2271 et
1659 2234 1889 2272 desiderium
1919 2243 1954 2272 et
1982 2236 2191 2275 delectatio.
2325 2239 2329 2245 '

1537 2288 1595 2323 An
1623 2298 1781 2324 TERTmM
1809 2299 1992 2326 DicENDUM
2027 2290 2133 2337 quod
2167 2289 2435 2327 delectationes
2469 2290 2542 2328 alio

1480 2339 1600 2377 modo
1622 2347 1778 2376 causant
1796 2340 1999 2389 fastidium,
2016 2349 2052 2378 et
2066 2341 2138 2378 alio
2159 2342 2279 2380 modo
2299 2342 2541 2392 desiderium,

1482 2399 1523 2428 ut
1550 2391 1692 2434 dictum
1721 2399 1776 2429 est
1796 2394 1828 2430 ⁸³.

421 2505 448 2536 α)
468 2511 564 2536 aquam
583 2507 681 2528 autem.
699 2517 718 2522 —
737 2511 815 2535 quam
835 2503 945 2528 codices.

421 2539 446 2572 β)
465 2540 580 2572 quidem.
597 2553 616 2558 -
635 2539 695 2563 Om.
716 2539 761 2563 Pa.

419 2576 445 2608 γ)
465 2575 608 2607 appetitus.
625 2588 644 2592 -
663 2577 725 2599 runc
743 2573 882 2598 delectatio
898 2581 949 2598 non
970 2573 1032 2606 (non
1053 2581 1106 2598 om.
1120 2574 1153 2606 K)
1167 2578 1260 2599 causat
1273 2574 1427 2606 simpliciter

365 2610 437 2635 sitim
457 2611 497 2634 vel
515 2609 675 2634 desiderium
696 2609 792 2633 addunt
811 2609 879 2633 PKa.

419 2644 443 2677 δ)
464 2646 490 2670 in
510 2646 567 2670 hoc.
585 2659 602 2664 —
622 2645 648 2669 in
667 2644 716 2669 hoc
734 2644 805 2676 quod
825 2644 853 2668 Ρ.
871 2657 889 2662 -
908 2644 958 2668 Pro
976 2644 1098 2673 alteram,
1118 2644 1200 2668 aliam
1219 2644 1329 2669 codices.

1536 2505 1558 2536 ε)
1573 2505 1731 2538 perfectam.
1749 2519 1768 2524 -
1786 2506 1966 2539 imperfectam
1985 2506 2199 2538 ABCDFGKpH.

1535 2539 1560 2571 ζ)
1581 2540 1663 2565 Sicut.
1680 2553 1700 2559 —
1718 2541 1794 2565 Sicut
1811 2541 1892 2566 etiam
1911 2541 2020 2566 codices.

1535 2575 1563 2606 η)
1582 2575 1671 2600 etiam.
1690 2589 1708 2593 -
1727 2575 1787 2600 Om.
1808 2576 1877 2600 PEa.

1535 2608 1559 2642 θ)
1579 2610 1752 2635 desiderii
1767 2610 1894 2635 habitum.
1913 2624 1931 2628 -
1949 2610 2011 2635 Om.
2030 2611 2141 2636 codices.

1171 2790 1488 2832 ARTICULUS
1517 2790 1744 2832 TERTIUS
1828 2842 1831 2845 ἱ

926 2882 1082 2912 UTRUM
1105 2882 1385 2914 DELECTATlO
1410 2883 1615 2914 IMPEmAT
1639 2883 1757 2914 USUM
1780 2883 1983 2915 RATIONis

706 2960 795 2992 Supra,
815 2967 860 2992 qu.
878 2967 912 2990 lv,
932 2964 978 2984 art.
1002 2967 1021 2990 ι,
1042 2960 1074 2984 ad
1095 2959 1123 2990 3;
1143 2960 1215 2990 infra,
1235 2968 1279 2992 qu.
1298 2968 1379 2991 xxxw,
1399 2965 1445 2986 art.
1468 2969 1489 2990 1,
1509 2961 1540 2986 ad
1564 2969 1589 2992 13
1610 2961 1641 2985 ΙΙ·
1662 2962 1711 2990 11··,

1731 2969 1776 2994 qu.
1794 2969 1834 2991 xv,
1853 2966 1899 2986 art.
1922 2961 1948 2992 3;
1969 2969 2013 2994 qu.
2029 2969 2082 2993 Lm,
2102 2967 2148 2987 art.
2168 2960 2197 2993 6;

1091 2995 1125 3019 IV
1144 2995 1226 3024 Sent„
1246 2995 1304 3020 dist.
1322 3003 1389 3026 xux,
1408 3003 1452 3028 qu.
1471 3003 1508 3027 111,
1528 3000 1574 3021 art.
1595 2995 1618 3027 5,
1638 2998 1684 3029 qu·
1708 3004 1728 3026 x,
1748 2997 1780 3021 ad
1798 3004 1824 3028 4.

577 3095 599 3119 D
619 3094 777 3120 TERTlUM
807 3095 859 3120 sm
883 3094 1121 3121 PROCED1TUR.
1142 3084 1301 3122 Videtur
1320 3084 1424 3133 quod

578 3135 772 3172 delectatio
801 3148 879 3173 non
907 3136 1089 3185 impediat
1116 3149 1229 3174 usum
1256 3137 1421 3175 rationis.

434 3100 459 3140 .'
485 3104 555 3150 w‘ss(

525 3194 555 3237 (ξ,
578 3189 696 3235 Quies
717 3200 818 3225 enim
837 3201 1000 3226 maxime
1022 3190 1166 3227 confert
1184 3190 1233 3227 ad
1254 3190 1423 3227 debitum

443 3203 498 3222 Ἰν)

384 3191 512 3269 1γῶΞῷ
536 3234 731 3277 &rationis
750 3253 879 3278 usum:
900 3242 1002 3279 unde
1027 3242 1160 3280 dicitur
1178 3243 1216 3280 in
1235 3243 1304 3280 VII
1323 3244 1424 3291 Phy-

365 3293 428 3329 sic.
450 3292 487 3339 ⁹¹⁴,
518 3293 622 3341 quod
650 3294 687 3330 in
715 3294 873 3331 sedendo
902 3300 937 3331 et
971 3296 1190 3343 quiescendo
1217 3297 1270 3344 fit
1294 3296 1424 3333 anima

365 3345 484 3382 sciens
503 3351 539 3382 et
550 3346 737 3395 prudens‚·
757 3354 793 3383 et
811 3348 898 3395 Sap.
910 3347 1021 3385 V111*:
1041 3350 1193 3386 Intrans
1213 3349 1250 3386 in
1270 3348 1423 3385 domum

366 3410 511 3444 meam,
541 3399 801 3448 conquiescam
834 3411 919 3436 cum
949 3400 1032 3447 illa,
1062 3401 1201 3438 scilicet
1227 3401 1422 3450 sapientia.

368 3451 444 3487 Sed
472 3451 668 3489 delectatio
689 3460 745 3489 est
764 3452 955 3500 quaedam
975 3453 1092 3502 quies.
1122 3455 1224 3503 Ergo
1248 3466 1327 3491 non
1355 3454 1424 3491 im-

365 3503 479 3551 pedit,
511 3505 577 3541 sed
606 3505 725 3553 magis
754 3505 858 3543 iuvat
886 3505 1039 3543 rationis
1066 3519 1190 3544 usum.

1531 3097 1565 3122 2.
1582 3086 1813 3132 PRAETEREA,
1832 3097 1876 3122 ea
1892 3097 1990 3134 quae
2006 3097 2083 3122 non
2099 3092 2185 3122 sunt
2202 3084 2241 3122 in
2256 3085 2407 3132 eodem,
2425 3085 2537 3123 etiarn

1476 3138 1506 3174 si
1526 3138 1599 3175 sint
1618 3138 1815 3185 contraria,
1837 3150 1916 3175 non
1935 3150 1976 3175 se
1996 3137 2221 3186 impediunt.
2243 3138 2321 3175 Sed
2340 3138 2536 3176 delectatio

1477 3198 1532 3227 est
1567 3191 1606 3228 in
1634 3198 1739 3240 parte
1777 3190 1999 3240 appetitiva,
2029 3203 2121 3228 usus
2158 3198 2287 3228 autem
2316 3189 2469 3228 rationis
2496 3189 2536 3228 in

1475 3250 1580 3292 parte
1601 3243 1889 3292 apprehensiva.
1920 3244 2022 3291 Ergo
2052 3243 2249 3281 delectatio
2278 3255 2357 3281 non
2377 3241 2538 3292 impedit

1478 3296 1631 3333 rationis
1659 3308 1784 3334 usum.

1531 3350 1566 3386 3.
1595 3350 1828 3395 PRAETEREA,
1859 3349 1964 3397 quod
1983 3348 2187 3398 impeditur
2207 3349 2255 3386 ab
2274 3347 2360 3395 ali0,
2385 3347 2538 3385 videtur

1476 3401 1766 3449 quodammodo
1794 3401 2033 3438 transmutari
2061 3402 2108 3439 ab
2138 3402 2233 3451 ipso.
2265 3400 2342 3438 Sed
2360 3411 2451 3437 usus
2470 3411 2536 3448 ap-

1475 3455 1728 3503 prehensivae
1752 3453 1900 3491 virtutis
1926 3454 2045 3503 magis
2072 3461 2206 3492 movet
2232 3452 2535 3500 delectationem,

1476 3520 1592 3556 quam
1620 3520 1643 3544 a
1672 3506 1918 3545 delectatione
1956 3514 2172 3546 moveatur:
2202 3514 2258 3543 est
2293 3504 2394 3542 enim
2422 3517 2537 3542 causa

2571 1149 2581 1159 ·
2595 1149 2641 1171 Ubi
2655 1155 2736 1178 cupra-

2571 1250 2581 1259 ’
2595 1248 2662 1271 Vera.
2677 1254 2711 1271 ιη-

2571 2391 2581 2400 ·
2594 2389 2621 2411 In
2635 2393 2748 2417 corpore.
