2846 4146
100 1527 112 1538 ⁸
126 1526 193 1548 Vera.
209 1532 239 1554 ¹7·

1013 262 1278 309 QUAESTIO
1308 262 1428 308 LXX,
1458 259 1752 296 ARTICULUS
1782 259 1832 295 IV

1108 395 1423 437 ARTICULUS
1453 393 1724 445 QUARTUS

645 498 800 529 UTRUM
821 496 1019 528 FRUCTus
1043 495 1230 526 SPIRITUS
1250 494 1404 525 SANCTI
1429 494 1802 525 CONTRARIENTUR
1821 494 2028 526 opnmssus
2051 495 2204 526 CARNIS

1218 581 1261 606 Ad
1282 581 1380 610 Galat„
1401 588 1457 613 cap.
1474 587 1498 611 v,
1517 580 1575 605 lect.
1594 587 1628 605 vx.
1648 575 1650 578 ’

425 701 431 715 t
549 693 569 719 ι)
591 692 761 723 QUARTUM
782 692 833 717 sm
853 690 1090 716 PRocEmTUR.
1111 678 1269 715 Videtur
1288 678 1391 726 quod

478 734 529 781 ’³²2
547 735 688 770 fructus
717 746 794 770 non
815 732 1088 768 contrarientur
1115 731 1294 779 operibus
1315 741 1392 767 car-

402 804 470 833 Γν»
497 786 605 829 (nis
645 797 741 835 quae
769 785 976 834 Apostolus
1006 791 1204 820 enumerat
1233 783 1264 820 ³¹.
1291 783 1392 819 Con-

394 816 485 869 κᾷθ’
508 833 658 877 Ktraria
687 837 787 874 enim
816 844 902 874 sunt
920 837 958 873 in
979 836 1116 873 eodem
1145 846 1294 884 genere.
1317 835 1394 872 Sed

340 903 456 940 opera
485 891 604 927 carnis
634 903 711 927 non
741 890 914 927 dicuntur
941 890 1093 926 fructus.
1124 889 1225 936 Ergo
1254 889 1394 925 fruetus

340 943 490 993 spiritus
519 943 572 979 eis
601 954 678 980 non
707 942 989 979 contrariantur.

394 1008 428 1032 2.
458 997 689 1042 PRAETEREA‚
718 1007 838 1031 unum
866 994 932 1031 uni
961 1001 1016 1031 est
1044 993 1286 1030 contrarium.
1318 993 1395 1030 Sed

338 1049 447 1098 plura
467 1056 663 1084 enumerat
676 1048 882 1096 Apostolus
902 1059 1019 1096 opera
1044 1046 1164 1083 carnis
1183 1057 1300 1095 quam
1320 1046 1394 1083 fru-

341 1109 420 1138 ctus
445 1100 607 1149 spiritus.
625 1100 726 1148 Ergo
746 1101 887 1137 fructus
908 1100 1055 1149 spiritus
1083 1106 1118 1136 et
1137 1111 1255 1147 opera
1275 1099 1395 1136 carnis

339 1166 417 1191 non
447 1160 729 1190 contrariantur.

394 1207 428 1243 3.
458 1206 688 1253 PRAETEREA,
709 1206 805 1243 inter
831 1206 971 1242 fructus
1001 1203 1149 1254 spiritus
1177 1203 1303 1253 primo
1327 1215 1395 1253 po-

339 1266 479 1295 nuntur
507 1259 650 1306 caritas,
680 1259 872 1307 gaudium,
893 1270 982 1307 pax:
1010 1258 1147 1306 quibus
1167 1269 1244 1294 non
1274 1268 1395 1294 corre-

340 1311 529 1360 spondent
548 1323 593 1348 ea
617 1323 714 1360 quae
733 1311 858 1361 primo
879 1318 1149 1347 enumerantur
1166 1309 1262 1346 inter
1280 1322 1396 1358 opera

340 1363 471 1411 carnis,
497 1375 595 1412 quae
624 1373 709 1401 sunt
734 1364 941 1411 fornicatio,
961 1363 1213 1410 immunditia,
1234 1362 1396 1412 impudi-

340 1416 434 1454 citia.
464 1417 565 1464 Ergo
585 1417 725 1454 fruetus
745 1416 894 1466 spiritus
915 1428 993 1454 non
1014 1416 1287 1453 contrariantur
1306 1425 1395 1465 ope-

340 1469 441 1506 ribus
471 1468 603 1506 carnis.

393 1523 467 1559 SED
491 1533 635 1559 CONTRA
654 1534 720 1572 RsT
739 1523 844 1570 quod
870 1523 1076 1570 Apostolus
1103 1521 1190 1559 dicit
1208 1521 1350 1558 ibidem
1363 1520 1394 1568 ³¹⁶,

340 1575 442 1624 quod
470 1586 560 1612 caro
588 1576 815 1624 concupiscit
830 1576 1009 1612 adversus
1036 1575 1218 1624 spiritum,
1240 1580 1275 1611 et
1290 1574 1396 1623 spiri-

339 1633 396 1664 tus
423 1628 602 1664 adversus
629 1640 794 1665 carnem.

393 1681 618 1718 RESPONDEO
645 1692 827 1718 mcENDUM
861 1680 967 1728 quod
986 1691 1103 1729 opera
1124 1679 1245 1716 carnis
1267 1686 1304 1715 et
1322 1679 1395 1716 fru-

341 1740 421 1770 ctus
445 1733 593 1782 spiritus
611 1741 771 1782 possunt
790 1733 908 1782 accipi
928 1733 1134 1782 dupliciter.
1155 1733 1242 1770 Uno
1263 1732 1394 1780 modo,

341 1787 551 1823 secundum
581 1798 829 1823 communem
859 1786 1056 1823 rationem.
1086 1787 1135 1822 Et
1162 1786 1236 1821 hoc
1264 1785 1395 1832 modo,

339 1838 377 1875 in
406 1839 602 1876 communi
630 1839 770 1876 fructus
791 1838 949 1887 Spiritus
969 1838 1096 1875 Sancti
1125 1837 1398 1874 contrariantur

340 1891 517 1940 operibus
538 1892 670 1928 carnis.
693 1891 852 1940 Spiritus
873 1891 973 1927 enim
999 1891 1159 1927 Sanctus
1178 1897 1311 1926 movet
1327 1890 1397 1927 hu-

339 1955 493 1980 manam
521 1951 688 1981 mentem
719 1945 766 1981 ad
794 1943 832 1981 id
855 1943 961 1993 quod
981 1951 1036 1980 est
1055 1944 1266 1980 secundum
1286 1942 1397 1979 ratio-

340 2009 440 2044 nem,
469 1997 531 2033 vel
558 1997 685 2045 potius
713 1996 762 2033 ad
789 1996 828 2033 id
847 1997 951 2045 quod
973 2004 1028 2033 est
1046 2008 1160 2044 supra
1189 1995 1396 2032 rationem:

340 2049 525 2098 appetitus
553 2057 680 2086 autem
717 2050 857 2098 carnis,
887 2049 950 2099 qui
985 2055 1040 2086 est
1067 2048 1254 2098 appetitus
1282 2048 1398 2085 sensi-

338 2102 454 2149 tivus,
483 2102 593 2139 trahit
620 2102 669 2139 ad
697 2103 799 2139 bona
827 2102 1031 2148 sensibilia,
1061 2113 1161 2149 quae
1189 2108 1276 2138 sunt
1303 2101 1398 2138 infra

338 2155 548 2192 hominem.
586 2155 696 2192 Unde
730 2155 825 2192 sicut
858 2162 986 2192 motus
1020 2165 1170 2191 sursum
1206 2162 1242 2191 et
1270 2161 1396 2191 motus

340 2208 519 2245 deorsum
540 2208 812 2245 contrariantur
839 2208 877 2245 in
900 2207 1151 2254 naturalibus,
1182 2206 1232 2244 ita
1250 2207 1289 2244 in
1307 2219 1398 2256 ope-

338 2261 441 2298 ribus
469 2261 645 2298 humanis
679 2261 952 2298 contrariantur
980 2273 1097 2310 opera
1126 2259 1247 2297 carnis
1275 2260 1398 2297 fructi-

337 2315 409 2351 bus
437 2313 596 2363 spiritus.

392 2367 476 2403 Alio
495 2367 613 2404 modo
632 2374 793 2415 possunt
813 2366 1042 2404 considerari
1071 2365 1283 2403 secundum
1311 2377 1398 2414 pro-

337 2419 438 2468 prias
472 2420 634 2457 rationes
666 2419 902 2468 singulorum
937 2419 1126 2456 fructuum
1160 2426 1399 2456 enumerato-

338 2484 436 2519 rum,
467 2480 503 2509 et
531 2485 691 2521 operum
722 2471 852 2509 carnis.
883 2472 932 2509 Et
955 2472 1009 2508 sic
1027 2483 1106 2509 non
1126 2478 1275 2520 oportet
1294 2471 1398 2521 quod

1448 676 1595 724 singula
1627 676 1780 724 singulis
1815 685 2159 726 contraponantur:
2195 679 2303 728 quia,
2334 680 2429 717 sicut
2461 678 2513 718 di-

1449 737 1552 766 ctum
1589 737 1644 766 est
1670 729 1710 776 ³⁸,
1740 730 1947 778 Apostolus
1981 742 2060 767 non
2097 731 2255 769 intendit
2287 745 2512 770 enumerare

1449 781 1580 818 omnia
1599 793 1716 830 opera
1735 782 1949 830 spiritualia,
1965 795 2036 819 nec
2051 783 2181 820 omnia
2200 797 2317 835 opera
2338 785 2511 825 carnalia.

1449 856 1472 862 -
1495 835 1571 871 Sed
1593 842 1735 881 tamen,
1757 835 1969 872 secundum
1993 836 2189 884 quandam
2217 838 2511 887 adaptationem,

1448 887 1693 935 Augustinus,
1723 899 1838 936 super
1866 887 2063 936 epistolam
2093 889 2145 925 ad
2165 889 2288 927 Galat.
2303 891 2335 939 ⁴²,
2365 898 2513 929 contra-

1448 940 1556 988 ponit
1592 939 1744 988 singulis
1783 941 1963 988 operibus
2001 941 2121 978 carnis
2154 941 2321 990 singulos
2357 944 2512 982 fructus.

1451 992 1555 1029 Sicut
1569 993 1834 1041 fornicationi,
1859 1005 1956 1042 quae
1983 999 2037 1030 est
2062 1005 2173 1031 amor
2200 995 2407 1044 explendae
2433 997 2513 1034 libi-

1450 1045 1544 1082 dinis
1572 1057 1596 1082 a
1625 1045 1790 1094 legitimo
1818 1045 2004 1083 connubio
2037 1047 2194 1094 solutus,
2225 1049 2424 1096 opponitur
2451 1061 2512 1087 ca-

1450 1098 1553 1144 ritas,
1581 1109 1650 1145 per
1677 1109 1790 1146 quam
1818 1099 1948 1135 anima
1977 1099 2219 1149 coniungitur
2245 1101 2347 1138 Deo.-
2376 1102 2414 1138 in
2438 1111 2513 1152 qua

1451 1152 1562 1187 etiam
1591 1155 1645 1187 est
1669 1161 1761 1187 vera
1789 1151 1948 1188 castitas.
1982 1147 2250 1190 Immunditiae
2276 1159 2401 1190 autem
2428 1159 2517 1191 sunt

1451 1214 1580 1240 omnes
1601 1204 1903 1251 perturbationes
1931 1205 1976 1241 de
2009 1204 2073 1242 illa
2096 1206 2358 1253 fornicatione
2384 1218 2514 1244 conce·-

1445 1262 1561 1304 ptae.·
1600 1256 1732 1304 quihus
1766 1257 1950 1306 gaudium
1988 1258 2264 1306 tranquillitatis
2301 1260 2511 1308 opponitur.

1450 1308 1646 1346 Idolorum
1665 1314 1789 1346 autem
1813 1310 1982 1356 servitus,
1995 1316 2154 1359 propter
2172 1323 2286 1360 quam
2307 1311 2443 1350 bellum
2462 1318 2515 1350 est

1450 1366 1597 1411 gestum
1616 1362 1796 1399 adversus
1823 1362 2061 1413 evangelium
2082 1363 2166 1410 Dei,
2187 1365 2388 1412 opponitur
2406 1366 2510 1414 paci.

1457 1415 1597 1451 Contra
1624 1415 1805 1463 veneficia
1823 1421 1960 1461 autem,
1981 1421 2018 1452 et
2034 1415 2246 1454 inimicitias
2259 1422 2296 1454 et
2312 1418 2513 1456 contentio—

1453 1479 1516 1505 nes
1544 1473 1580 1504 et
1604 1468 1886 1514 aemulationes,
1916 1468 2168 1506 animositates
2195 1475 2232 1506 et
2256 1469 2512 1519 dissensiones,

1452 1525 1690 1569 opponuntur
1720 1521 2008 1570 longanimitas,
2041 1522 2093 1559 ad
2123 1523 2377 1560 sustinendum
2410 1524 2513 1562 mala

1451 1573 1645 1610 hominum
1680 1573 1775 1610 inter
1809 1585 1901 1622 quos
1932 1574 2113 1619 vivimus;
2141 1581 2178 1611 et
2202 1575 2255 1612 ad
2279 1577 2511 1624 curandum,

1452 1626 1683 1676 benignitas,·
1711 1632 1747 1662 et
1771 1626 1822 1663 ad
1848 1626 2129 1676 ignoscendum,
2150 1627 2305 1664 bonitas.
2333 1628 2514 1666 Haeresi-

1452 1680 1520 1715 bus
1538 1685 1662 1716 autem
1682 1678 1880 1728 opponitur
1895 1679 2015 1726 fides‚·
2047 1679 2220 1726 invidiae,
2249 1682 2514 1728 mansuetudo;

1451 1732 1686 1768 ebrietatibus
1714 1737 1750 1767 et
1774 1731 2113 1778 comessationibus,
2142 1732 2378 1771 continentia.

1505 1786 1564 1821 An
1593 1794 1730 1830 prunum
1758 1795 1856 1820 ERGO
1875 1795 2059 1821 monimum
2093 1785 2196 1834 quod
2224 1785 2263 1823 id
2291 1786 2397 1835 quod
2423 1798 2512 1836 pro-

1445 1836 1550 1875 cedit
1578 1838 1626 1873 ab
1654 1837 1790 1873 arbore
1819 1843 1950 1873 contra
1978 1844 2152 1875 naturam
2181 1838 2338 1887 arboris,
2358 1851 2437 1877 non
2458 1839 2512 1877 di-

1453 1889 1547 1926 citur
1566 1901 1647 1926 esse
1659 1893 1676 1910 α
1690 1889 1831 1926 fructus
1853 1889 1944 1936 eius,
1961 1889 2028 1927 sed
2043 1889 2163 1940 magis
2183 1892 2376 1941 corruptio
2397 1904 2513 1941 quae-

1453 1942 1554 1979 dam.
1585 1943 1635 1979 Et
1661 1942 1750 1990 quia
1777 1942 1961 1979 virtutum
1989 1955 2105 1992 opera
2135 1952 2223 1982 sunt
2253 1945 2512 1983 connaturalia

1454 1994 1609 2042 rationi,
1639 2007 1756 2044 opera
1783 2007 1877 2046 Vero
1905 1995 2086 2033 vitiorum
2119 2004 2206 2034 sunt
2238 2006 2370 2035 contra
2397 1997 2509 2037 ratio-

1452 2059 1561 2094 nern;
1591 2047 1678 2085 ideo
1708 2059 1825 2096 opera
1852 2047 2034 2086 virtutum
2053 2048 2196 2087 fructus
2225 2049 2512 2099 dicuntur‚lnon

1453 2108 1579 2138 autern
1610 2112 1727 2150 opera
1755 2100 1946 2138 vitiorum.

1505 2156 1564 2191 AD
1593 2165 1782 2191 SECUNDUM
1811 2166 1994 2192 montinum
2023 2155 2130 2204 quod
2157 2157 2298 2194 bonum
2330 2154 2516 2208 contingit

1454 2218 1528 2244 uno
1548 2206 1672 2252 modo,
1693 2207 1835 2244 malum
1856 2218 1947 2244 vero
1966 2205 2223 2257 omnifariam,
2244 2216 2286 2247 ut
2305 2209 2513 2259 Dionysius

1454 2259 1556 2306 dicit,
1586 2271 1623 2296 1v
1650 2271 1731 2310 cap.
1761 2261 1806 2297 de
1834 2261 1920 2298 Div.
1945 2261 2062 2298 Nom.
2079 2260 2119 2298 *τ
2148 2261 2251 2300 unde
2280 2270 2317 2300 et
2347 2262 2412 2300 uni
2439 2262 2513 2300 vir-

1451 2313 1520 2349 tuti
1548 2313 1656 2362 plura
1682 2312 1773 2350 vitia
1801 2321 2057 2363 opponuntur.
2079 2314 2128 2352 Et
2149 2323 2306 2364 propter
2327 2316 2414 2364 hoc,
2435 2327 2514 2354 non

1453 2373 1508 2402 est
1529 2364 1666 2402 mirum
1688 2365 1718 2402 si
1744 2366 1853 2414 plura
1877 2374 2071 2416 ponuntur
2099 2379 2217 2421 opera
2247 2369 2368 2406 carnis
2395 2380 2513 2418 quarn

1453 2418 1592 2455 fructus
1622 2417 1784 2466 spiritus.
2005 2439 2010 2444 -

1505 2473 1565 2508 An
1593 2481 1752 2508 TERTHJM
1779 2478 1884 2519 patet
1912 2471 2050 2509 solutio
2081 2483 2125 2509 ex
2155 2472 2261 2510 dictis
2275 2473 2307 2510 *.

391 2603 418 2638 α)
439 2611 502 2629 esse.
519 2617 537 2623 -
556 2604 616 2629 Om.
637 2604 746 2629 codices.

2540 737 2570 785 {d
2565 738 2617 760 Art.
2632 738 2751 766 praeced..

2540 895 2615 950 ἑξερ.
2621 901 2643 922 v,
2652 899 2751 923 vermu,

2716 2092 2723 2109 χ

2541 2328 2565 2375 ¹.
2590 2325 2758 2375 stt-assi.

2541 2358 2556 2374 n
2575 2358 2610 2380 14,
2621 2358 2634 2374 ι

2541 2385 2583 2401 vu.

2540 2488 2552 2499 ⁴
2566 2487 2592 2510 In
2606 2492 2717 2516 corpore.
