2852 4152
142 943 151 951 ⁶
168 941 224 968 Cap.
238 947 270 967 xi,
286 947 308 961 n.
323 947 343 967 5.

140 1152 150 1160 ⁶
166 1150 215 1177 Qu.
229 1156 308 1171 xxxin.

140 1518 149 1527 ‘¹
165 1516 212 1544 Qu.
226 1523 291 1543 xxm,
307 1520 349 1538 art.

138 1627 147 1636 ·
158 1626 194 1647 De
203 1625 261 1647 Fide
274 1626 348 1653 Orth„

138 1652 179 1674 lib.
193 1652 226 1680 11,
242 1659 292 1680 cap.
308 1659 349 1674 xu-

138 2316 148 2325 ‘'
162 2315 212 2336 Art.
233 2314 348 2342 praeced.;

139 2347 178 2369 qu.
192 2347 259 2368 xxm,
274 2344 317 2362 art.
333 2347 350 2362 ι.

145 3140 154 3149 ·
171 3138 204 3186 (ἒ
214 3153 219 3159 .
232 3143 298 3162 xxm,
313 3139 357 3157 art.

144 3171 169 3191 4,
205 3167 319 3185 omment.
334 3168 357 3183 n.

147 3219 167 3227 '⁸
182 3217 208 3238 In
224 3222 285 3244 resp.
299 3215 327 3236 ad
338 3221 357 3236 2.

145 3253 157 3258 —
172 3242 208 3264 Cf.
225 3242 357 3264 Comment.

146 3275 212 3291 num.
226 3275 256 3290 ιν.

147 3298 156 3306 ”
164 3296 274 3322 Quanti,
283 3298 324 3315 art.
335 3300 357 3322 3,

149 3322 290 3346 Comment.;
300 3321 360 3341 Part.

146 3348 157 3370 1
177 3350 359 3375 qu.t.xxx,art.2‚

149 3364 280 3396 domment.
296 3379 359 3394 nuin.

148 3406 174 3422 111
188 3406 239 3428 sqq.

389 231 464 256 210

1073 222 1338 268 QUAESTIO
1368 223 1490 270 XXX,
1520 224 1814 261 ARTICULUS
1845 226 1876 260 II

1144 357 1457 398 ARTICULUS
1487 357 1784 400 SECUNDUS

947 450 1100 480 UTRUM
1125 447 1500 479 CONCUPISCENTIA
1524 449 1590 479 Sir
1613 449 1757 480 PAsslo
1782 449 1995 482 SPECIALIS

1020 528 1109 558 Supra,
1130 534 1174 558 qu.
1193 533 1265 556 xxm,
1285 531 1331 550 art.
1350 532 1380 557 4;
1400 525 1431 549 111
1451 526 1533 555 Sent„
1554 527 1612 550 dist.
1632 534 1700 557 xxvr,
1720 533 1765 559 qu.
1784 535 1805 556 1,
1825 533 1872 552 art.
1894 528 1917 553 3.

499 629 571 678 aa(
594 630 615 654 ι)
635 628 823 654 SECUNDUM
839 627 891 652 sm
907 626 1144 651 paocemrua.
1161 614 1320 651 Videtur
1335 613 1439 662 quod

594 668 897 717 concupiscentia
926 679 1003 703 non
1037 667 1082 703 sit
1114 667 1238 715 passio
1268 667 1439 715 specialis

401 698 522 796 ,52:⁷3
531 702 782 770 potentiae
799 719 1321 768 concupiscibilis.Passiones
1338 720 1439 756 enim

441 785 451 796 “
472 764 537 804 Ἢ)
552 762 868 820 distinguuntur
905 772 1116 809 secundum
1159 772 1318 809 obiecta.
1363 773 1440 810 Sed

382 826 574 862 obiectum
591 825 892 874 concupiscibilis
913 832 967 861 est
987 825 1207 862 delectabile
1227 827 1438 863 secundum

382 891 554 924 sensum;
584 878 688 926 quod
723 878 835 914 etiam
864 885 920 914 est
948 877 1139 914 obiectum
1169 878 1439 927 concupiscen-

381 931 478 977 tiae,
508 932 719 968 secundum
753 930 1052 979 Philosophum,
1082 931 1120 967 in
1159 932 1172 967 I
1205 932 1394 968 Rhetoric.
1420 932 1439 953 '¹‘

381 985 482 1031 Ergo
513 983 819 1031 concupiscentia
851 995 930 1020 non
963 990 1019 1020 est
1045 983 1172 1032 passio
1202 984 1373 1032 specialis
1401 984 1440 1020 in

381 1036 674 1084 concupiscibili.

435 1101 468 1126 2.
500 1091 736 1136 PRAETEREA,
762 1089 992 1136 Augustinus
1023 1089 1121 1135 dicit,
1138 1089 1175 1125 in
1204 1089 1301 1125 libro
1332 1089 1439 1125 Octo-

377 1143 484 1192 ginta
513 1142 625 1178 trium
658 1142 806 1183 Quaest.
836 1143 875 1188 *‚
906 1142 1011 1191 quod
1042 1142 1221 1189 cupiditas
1249 1147 1304 1177 est
1328 1153 1440 1177 amor

379 1208 507 1232 rerum
535 1196 828 1231 transeuntium.-
858 1203 892 1231 et
912 1195 965 1231 sic
985 1195 1032 1231 ab
1053 1206 1185 1231 amore
1204 1206 1283 1230 non
1312 1193 1438 1230 distin-

379 1249 514 1296 guitur.
546 1248 692 1284 Omnes
721 1255 848 1284 autem
878 1248 1077 1296 passiones
1105 1247 1288 1295 speciales
1317 1247 1364 1283 ab
1385 1246 1439 1285 in-

377 1301 503 1338 vicem
525 1300 812 1347 distinguuntur.
839 1301 940 1348 Ergo
962 1299 1267 1348 concupiscentia
1286 1312 1364 1336 non
1385 1307 1440 1336 est

377 1354 503 1403 passio
533 1353 704 1402 specialis
732 1353 770 1390 in
800 1352 1092 1401 concupiscibili.

433 1408 466 1444 3.
497 1407 733 1453 PRAETEREA,
765 1406 915 1443 cuilibet
942 1405 1109 1455 passioni
1138 1405 1438 1455 concupiscibilis

378 1458 583 1509 opponitur
615 1459 740 1507 aliqua
773 1459 900 1507 passio
933 1459 1105 1507 specialis
1137 1459 1176 1495 in
1205 1459 1438 1507 concupisci-

378 1513 454 1559 bili,
484 1520 526 1549 ut
552 1524 666 1560 supra
684 1511 704 1533 ‘¹‘
733 1511 875 1548 dictum
903 1519 969 1548 est.
1005 1511 1081 1549 Sed
1110 1511 1438 1559 concupiscentiae

378 1578 456 1603 non
485 1565 690 1614 opponitur
718 1565 843 1614 aliqua
865 1564 992 1612 passio
1013 1564 1183 1613 specialis
1201 1564 1239 1601 in
1261 1565 1438 1614 concupi-

377 1618 508 1655 scibili.
529 1618 627 1655 Dicit
646 1618 748 1655 enim
768 1619 1030 1655 Damascenus
1044 1617 1064 1639 '¹‘
1080 1617 1183 1666 quod
1203 1624 1437 1666 expectatum

377 1674 517 1709 bonum
546 1671 882 1719 concupiscentiam
911 1670 1114 1716 constituit,
1138 1682 1320 1718 praesens
1346 1682 1436 1707 vero

376 1725 576 1761 laetitiam:
604 1724 773 1760 similiter
800 1728 1034 1771 expectatum
1067 1723 1210 1759 malum
1243 1724 1436 1768 timorem,

370 1790 553 1826 praesens
584 1789 674 1814 vero
708 1777 914 1813 tristitiam:
953 1787 997 1812 ex
1031 1788 1107 1824 quo
1135 1775 1286 1812 videtur
1313 1776 1436 1824 quod,

377 1830 473 1867 sicut
499 1830 643 1866 tristitia
673 1828 919 1866 contrariatur
946 1828 1119 1874 laetitiae,
1146 1827 1196 1864 ita
1214 1828 1329 1865 timor
1349 1841 1438 1864 con-

376 1883 550 1920 trariatur
569 1881 909 1930 concupiscentiae.
926 1880 1062 1917 Timor
1081 1887 1208 1916 autem
1229 1893 1308 1917 non
1328 1889 1383 1917 est
1401 1881 1439 1917 in

377 1934 670 1983 concupiscibili,
698 1934 765 1970 sed
794 1934 831 1970 in
860 1933 1046 1969 irascibili.
1077 1933 1168 1969 Non
1189 1945 1277 1980 ergo
1299 1945 1438 1970 concu-

375 1988 558 2037 piscentia
586 1995 640 2023 est
667 1986 838 2036 specialis
865 1986 991 2035 passio
1021 1985 1059 2022 in
1089 1985 1383 2034 concupiscibili.

430 2042 503 2078 SED
532 2052 679 2077 CONTRA
705 2051 771 2076 EST
798 2039 904 2087 quod
933 2037 1239 2087 concupiscentia
1264 2045 1438 2074 causatur

376 2095 424 2131 ab
454 2106 596 2140 amore,
627 2099 663 2129 et
690 2091 808 2129 tendit
834 2092 872 2128 in
901 2091 1203 2137 delectationem,
1234 2103 1332 2139 quae
1353 2099 1440 2127 sunt

375 2147 572 2196 passiones
610 2144 923 2193 concupiscibilis.
955 2145 1004 2181 Et
1037 2144 1088 2181 sic
1117 2143 1354 2190 distinguitur
1390 2144 1438 2180 ab

376 2200 456 2237 aliis
484 2198 725 2248 passionibus
756 2196 1072 2246 concupiscibilis,
1102 2204 1284 2244 tanquam
1313 2196 1439 2245 passio

377 2251 560 2302 specialis.
949 2294 952 2297 X

431 2306 656 2342 RespoNnEo
685 2314 868 2340 DICENDUM
901 2301 1018 2351 quod,
1039 2301 1135 2338 sicut
1163 2300 1305 2338 dictum
1335 2307 1390 2336 est
1407 2299 1440 2347 ²⁸,

379 2358 526 2395 bonum
565 2355 784 2394 delectabile
818 2355 1030 2392 secundum
1064 2365 1219 2390 sensum
1248 2360 1303 2390 est
1337 2364 1441 2389 com-

379 2410 543 2448 muniter
558 2410 748 2446 obiectum
765 2406 1079 2456 concupiscibilis.
1100 2406 1211 2443 Unde
1227 2405 1440 2442 secundum

380 2464 459 2500 eius
489 2462 718 2500 differentias
739 2467 767 2508 α,
789 2461 960 2498 diversae
984 2459 1182 2508 passiones
1207 2457 1440 2506 concupisci-

379 2516 462 2553 bilis
477 2515 765 2563 distinguuntur.
787 2513 994 2550 Diversitas
1014 2520 1141 2549 autem
1160 2510 1297 2547 obiecti
1316 2518 1441 2559 potest

379 2569 520 2606 attendi
548 2569 611 2605 vel
639 2567 852 2604 secundum
877 2573 1052 2603 naturam
1071 2564 1189 2613 ipsius
1209 2563 1358 2609 obiecti,
1378 2563 1441 2600 vel

379 2621 590 2659 secundum
621 2619 877 2657 diversitatem
906 2618 944 2655 in
971 2617 1108 2655 virtute
1128 2616 1276 2664 agendi.
1306 2615 1441 2653 Diver-

380 2675 466 2712 sitas
500 2674 655 2723 quidem
689 2672 827 2709 obiecti
860 2671 971 2708 activi
1003 2682 1102 2719 quae
1140 2677 1195 2706 est
1228 2668 1441 2705 secundum

380 2728 433 2764 rei
452 2735 639 2774 naturam,
660 2725 747 2762 facit
770 2724 1005 2762 materialem
1026 2722 1278 2760 differentiam
1297 2721 1441 2770 passio-

434 2850 461 2881 α)
482 2848 653 2882 differentias.
671 2861 691 2866 -
709 2846 887 2880 differentiam
907 2845 1018 2870 codices.

435 2884 459 2917 β)
472 2886 608 2918 futurum.
627 2896 646 2902 —
665 2883 724 2907 Om.
745 2882 791 2906 Pa.

1493 626 1599 650 num.
1627 614 1704 651 Sed
1725 614 1919 652 diversitas
1942 629 2040 665 quae
2061 626 2116 655 est
2139 619 2350 656 secundum
2373 618 2552 655 virtutem

1493 666 1669 712 activam,
1699 667 1785 703 facit
1812 668 2011 706 formalem
2041 670 2291 708 differentiam
2315 671 2549 720 passionum,

1494 720 1704 756 secundum
1735 731 1851 768 quam
1879 721 2075 768 passiones
2103 723 2227 771 specie
2256 724 2445 760 differunt.

1547 773 1615 808 Est
1629 779 1757 809 autem
1777 772 1848 809 alia
1869 773 1961 809 ratio
1981 773 2127 811 virtutis
2146 776 2313 813 motivae
2331 776 2448 825 ipsius
2466 775 2554 813 finis

1493 826 1556 863 vel
1576 825 1678 871 boni,
1700 825 1912 862 secundum
1937 826 2041 874 quod
2067 834 2122 863 est
2139 828 2285 865 realiter
2303 841 2496 877 praesens,
2518 835 2554 866 et

1494 878 1704 915 secundum
1725 878 1830 926 quod
1850 886 1906 915 est
1924 879 2080 915 absens:
2106 891 2196 916 narn
2216 882 2426 918 secundum
2447 881 2552 930 quod

1494 938 1550 967 est
1576 943 1767 979 praesens,
1791 931 1878 967 facit
1896 930 1934 967 in
1953 931 2078 980 seipso
2099 931 2313 979 quiescere;
2342 934 2553 970 secundum

1494 991 1621 1020 autem
1650 983 1755 1031 quod
1776 991 1832 1020 est
1859 984 2007 1030 absens,
2028 984 2115 1020 facit
2133 984 2182 1020 acl
2202 984 2370 1033 seipsum
2390 986 2550 1023 moveri.

1493 1036 1605 1073 Unde
1631 1035 1758 1083 ipsum
1797 1036 2016 1072 delectabile
2049 1036 2261 1073 secundum
2293 1050 2469 1085 sensum,
2497 1039 2552 1075 in-

1494 1096 1679 1136 quantum
1700 1088 1908 1136 appetitum
1929 1088 1999 1124 sibi
2023 1088 2177 1137 adaptat
2205 1090 2495 1138 quodammodo
2517 1098 2553 1127 et

1493 1141 1718 1187 conformat,
1749 1148 1878 1177 causat
1905 1153 2100 1186 amorem;
2130 1141 2354 1189 inquantum
2373 1155 2468 1180 vero
2487 1143 2552 1179 ab·

1492 1206 1579 1230 sens
1599 1193 1749 1230 attrahit
1768 1193 1816 1230 ad
1836 1193 2018 1242 seipsum,
2039 1201 2167 1230 causat
2189 1195 2552 1243 concupiscentiam;

1492 1247 1718 1294 inquantum
1745 1258 1839 1283 vero
1858 1246 2195 1295 praesensquietat
2209 1247 2247 1284 in
2266 1247 2404 1296 seipso,
2425 1255 2554 1284 causat

1493 1298 1794 1337 delectationem.
1825 1298 1887 1335 Sic
1917 1310 2005 1346 ergo
2026 1300 2332 1348 concupiscentia
2352 1307 2408 1336 est
2424 1299 2552 1348 passio

1493 1352 1671 1389 differens
1690 1351 1816 1400 specie
1836 1359 1872 1388 et
1899 1352 1947 1388 ab
1977 1363 2106 1388 amore
2136 1359 2172 1389 et
2198 1365 2220 1389 a
2250 1352 2509 1390 delectatione.
2529 1373 2553 1380 —

1494 1405 1571 1442 Sed
1600 1404 1870 1453 concupiscere
1897 1404 1972 1441 hoe
2001 1405 2220 1442 delectabile
2243 1406 2306 1442 vel
2333 1405 2436 1452 illud,
2466 1405 2555 1442 facit

1493 1457 1814 1507 concupiscentias
1845 1456 2013 1494 diversas
2041 1469 2215 1494 numero.

1503 1547 1507 1551 .
1544 1513 1603 1548 Αι)
1633 1521 1770 1547 ptumum
1804 1521 1902 1546 ERGO
1930 1521 2115 1546 mel-:noum
2143 1510 2248 1558 quod
2276 1511 2422 1546 bonurn
2452 1509 2552 1546 dele·

1493 1564 1626 1600 ctabile
1655 1575 1735 1599 non
1770 1570 1825 1598 est
1852 1562 2023 1598 absolute
2056 1562 2249 1599 obiectum
2283 1562 2553 1610 concupiscen-

1491 1617 1575 1663 tiae,
1606 1616 1673 1652 sed
1702 1615 1772 1651 sub
1802 1614 1947 1651 ratione
1975 1614 2160 1651 absentis:
2190 1614 2286 1651 sicut
2312 1622 2350 1651 et
2377 1614 2553 1651 sensibile

1492 1670 1562 1706 sub
1595 1668 1741 1704 ratione
1768 1666 1978 1715 praeteriti,
2009 1675 2064 1703 est
2097 1667 2290 1703 obiectum
2328 1666 2551 1704 memoriae.

1492 1719 1723 1758 Huiusmodi
1753 1719 1853 1756 enim
1880 1719 2123 1768 particulares
2143 1719 2379 1756 conditiones
2399 1719 2552 1756 diversi-

1491 1775 1607 1811 ficant
1635 1772 1801 1822 speciem
1822 1772 2057 1821 passionum,
2081 1773 2144 1809 vel
2164 1772 2276 1809 etiam
2296 1772 2552 1820 potentiarum

1492 1826 1694 1864 sensitivae
1722 1824 1848 1874 partis,
1879 1837 1976 1873 quae
2006 1824 2156 1873 respicit
2183 1824 2430 1873 particularia.

1545 1881 1603 1916 An
1624 1890 1813 1916 SECUNDUM
1833 1889 2016 1914 manDUM
2035 1877 2142 1925 quod
2160 1877 2223 1914 illa
2245 1876 2476 1926 praedicatio
2496 1883 2554 1926 est

1491 1944 1561 1980 per
1589 1943 1755 1977 causam,
1785 1942 1864 1967 non
1891 1942 1960 1978 per
1988 1930 2210 1967 essentiam:
2245 1935 2324 1967 non
2352 1930 2456 1977 enim
2491 1941 2554 1966 cu-

1491 1984 1626 2032 piditas
1647 1991 1703 2020 est
1721 1995 1788 2031 per
1807 1995 1847 2019 se
1869 1995 1990 2030 amor,
2012 1982 2080 2019 sed
2103 1982 2245 2019 amoris
2265 1982 2432 2019 effectus.
2448 1981 2555 2018 -Vel

1493 2036 1597 2074 aliter
1616 2035 1834 2082 dicendum,
1854 2034 1959 2083 quod
1987 2035 2220 2082 Augustinus
2249 2034 2384 2083 accipit
2411 2033 2555 2083 cupidi-

1493 2097 1608 2126 tatem
1627 2089 1728 2136 large
1756 2100 1826 2137 pro
1856 2087 2026 2135 quolibet
2051 2094 2158 2124 motu
2191 2087 2378 2136 appetitus
2401 2087 2467 2135 qui
2485 2099 2554 2135 po-

1492 2150 1564 2179 test
1583 2154 1665 2178 esse
1686 2148 1859 2190 respectu
1883 2139 1974 2176 boni
1993 2139 2118 2176 futuri.
2134 2140 2245 2177 Unde
2267 2139 2556 2188 comprehendit

1493 2195 1564 2232 sub
1593 2207 1634 2231 se
1664 2201 1701 2230 et
1727 2205 1902 2230 amorem
1932 2199 1968 2229 et
1995 2204 2116 2241 spem.

1547 2249 1605 2283 AD
1625 2258 1784 2283 TER‘rmM
1803 2257 1988 2282 DICENDUM
2017 2244 2120 2293 quod
2140 2245 2266 2293 passio
2295 2257 2394 2294 quae
2415 2244 2555 2291 directe

1495 2299 1700 2348 opponitur
1724 2297 2065 2346 concupiscentiae,
2090 2297 2326 2334 innominata
2354 2304 2427 2334 est:
2456 2307 2554 2345 quae

1493 2351 1544 2388 ita
1573 2363 1612 2388 se
1641 2351 1756 2388 habet
1783 2350 1832 2387 ad
1860 2350 2018 2396 malum,
2049 2349 2145 2386 sicut
2173 2349 2478 2398 concupiscentia
2505 2348 2556 2389 ad

1494 2405 1652 2441 bonum.
1688 2403 1764 2440 Sed
1783 2401 1872 2450 quia
1893 2409 1948 2438 est
1966 2401 2056 2439 mali
2075 2401 2240 2438 absentis
2260 2401 2355 2438 sicut
2374 2409 2411 2438 et
2429 2401 2553 2448 timor,

1494 2457 1726 2505 quandoque
1745 2456 1832 2492 loco
1852 2454 1931 2491 eius
1950 2453 2103 2503 ponitur
2117 2454 2244 2491 timor:
2268 2454 2363 2491 sicut
2382 2461 2418 2490 et
2436 2466 2556 2502 quan-

1495 2510 1622 2556 doque
1653 2507 1836 2557 cupiditas
1864 2508 1949 2544 loco
1983 2507 2076 2555 spei.
2106 2507 2222 2553 Quod
2252 2506 2353 2544 enim
2383 2513 2439 2543 est
2469 2518 2555 2555 par-

1493 2574 1590 2599 vum
1616 2562 1763 2598 bonum
1782 2561 1844 2597 vel
1864 2560 2020 2606 malum,
2042 2559 2151 2607 quasi
2178 2566 2258 2596 non
2285 2565 2499 2608 reputatur:
2520 2565 2557 2595 et

1494 2615 1582 2652 ideo
1610 2626 1680 2663 pro
1711 2612 1817 2650 omni
1845 2619 1955 2648 motu
1983 2611 2170 2660 appetitus
2198 2612 2238 2648 in
2264 2612 2414 2648 bonurn
2435 2611 2500 2648 vel
2517 2610 2557 2649 in

1496 2667 1641 2704 malurn
1675 2666 1845 2702 futurum
1874 2662 1904 2710 β,
1933 2664 2086 2716 ponitur
2114 2677 2201 2713 spes
2230 2671 2267 2701 et
2293 2663 2425 2711 timor,
2457 2675 2557 2711 quae

1497 2719 1704 2768 respiciunt
1731 2719 1878 2755 bonum
1906 2717 1969 2754 vel
1997 2718 2142 2754 malum
2172 2717 2336 2754 arduum
2364 2721 2391 2752 Υ.

1551 2841 1577 2874 γ)
1599 2840 1724 2864 arduum.
1742 2839 1899 2872 -futurum
1919 2839 1948 2863 P.

1061 2957 1390 2990 Commenta-ria
1413 2954 1660 2987 Cardinahs
1683 2953 1881 2985 Caietani

414 3053 434 3073 N
450 3042 635 3082 quaestione
650 3041 817 3080 trigesima,
835 3039 954 3069 omisso
971 3038 1074 3079 primo
1091 3038 1233 3072 articulo,
1254 3037 1287 3066 in
1307 3035 1446 3066 secundo

387 3056 540 3116 Iadverte
563 3092 708 3126 quatuor.
737 3084 863 3122 Primo,
888 3083 977 3123 quod
1001 3082 1159 3112 distinctio
1183 3082 1215 3111 in
1239 3080 1339 3111 littera
1367 3079 1448 3110 sacta

386 3130 530 3170 superius
545 3129 563 3148 *
586 3129 738 3159 declarata
762 3135 815 3164 est,
841 3134 871 3158 et
894 3128 925 3157 in
951 3126 1094 3167 sequenti
1108 3126 1143 3145 **
1159 3125 1290 3156 articulo
1311 3123 1448 3163 amplius

385 3173 521 3215 patefiet.

442 3217 603 3253 Secundo,
634 3216 722 3256 quod
745 3217 878 3250 Auctor,
900 3221 1028 3254 propter
1056 3223 1210 3243 annexam
1234 3211 1448 3243 causalitatem

388 3262 520 3293 activam
536 3260 631 3296 finali,
644 3259 788 3299 superius
802 3258 819 3277 *
835 3259 1031 3294 declaratam,
1049 3257 1159 3297 incipit
1175 3267 1193 3287 a
1207 3256 1322 3287 virtute
1338 3255 1447 3291 activa,

389 3314 418 3336 et
442 3305 601 3336 descendit
624 3304 664 3333 ad
687 3303 834 3333 virtutem
858 3302 1011 3332 motivam
1034 3301 1115 3331 finis.
1140 3301 1181 3331 Et
1204 3300 1279 3341 quia
1302 3299 1373 3329 finis
1397 3299 1449 3328 de-

388 3350 535 3380 terminat
558 3348 691 3379 activam
709 3346 757 3376 sui
772 3346 936 3381 virtutem;
958 3352 988 3375 et
1004 3344 1100 3375 finem
1120 3351 1242 3375 constat
1261 3343 1349 3373 aliter
1371 3342 1448 3372 fina-

388 3394 480 3424 lizare
504 3398 719 3433 praesentem,
744 3390 831 3420 aliter
858 3390 1036 3420 absentem:
1061 3389 1133 3418 ideo
1158 3388 1253 3418 etiam
1276 3387 1364 3417 aliter
1387 3386 1451 3426 agit

390 3447 536 3477 praesens
567 3443 597 3466 et
620 3437 742 3466 absens.
766 3435 807 3464 Et
830 3443 895 3463 non
919 3443 951 3463 se
974 3433 1090 3462 habent
1117 3432 1230 3462 absens
1253 3438 1283 3462 et
1293 3439 1450 3471 praesens

390 3489 425 3511 ut
449 3479 679 3521 approximatio
703 3486 733 3509 et
757 3477 916 3517 elongatio
941 3486 973 3506 se
992 3476 1109 3506 habent
1124 3476 1155 3505 in
1172 3475 1336 3515 agentibus
1360 3480 1450 3504 natu-

390 3525 524 3560 ralibus,
550 3524 665 3554 scilicet
688 3529 724 3553 ut
747 3521 943 3553 conditiones
972 3520 1038 3550 sine
1063 3519 1178 3560 quibus
1203 3519 1283 3549 actio
1308 3528 1373 3548 non
1397 3517 1448 3548 fit:

1500 3035 1555 3064 sed
1579 3044 1611 3064 se
1634 3034 1750 3064 habent
1773 3039 1809 3063 ut
1830 3033 1960 3063 virtutes
1983 3032 2109 3063 activae.
2134 3031 2197 3062 Ubi
2220 3031 2308 3067 scito,
2329 3031 2457 3067 novitie‚
2475 3040 2560 3061 com-

1501 3088 1598 3108 mune
1622 3087 1688 3108 esse
1713 3077 1801 3108 omni
1825 3076 1937 3112 activo,
1955 3076 1980 3106 si
1996 3075 2068 3115 agit,
2084 3075 2267 3116 proximum
2291 3085 2357 3106 esse
2380 3085 2484 3115 passo,
2503 3083 2561 3105 nec

1501 3123 1539 3152 ab
1570 3122 1631 3152 hoc
1662 3121 1814 3152 exorbitat
1843 3120 1981 3151 activum
2008 3119 2041 3150 in
2074 3119 2250 3159 appetitum
2280 3125 2346 3149 tam
2377 3118 2561 3149 sensitivum

1501 3176 1600 3207 quam
1622 3165 1864 3196 intellectivum:
1891 3170 1921 3194 et
1943 3163 2251 3203 approximationem
2274 3163 2385 3203 ipsam,
2406 3161 2562 3203 quidquid

1502 3210 1556 3246 sit,
1581 3220 1648 3240 non
1671 3219 1738 3240 esse
1760 3208 1916 3239 rationem
1946 3213 2001 3237 aut
2025 3207 2174 3237 virtutem
2203 3206 2353 3243 activam,
2376 3207 2430 3236 sed
2454 3204 2560 3236 condi-

1501 3254 1623 3284 tionem
1645 3255 1715 3284 sine
1737 3262 1799 3293 qua
1823 3261 1897 3282 non.
1921 3251 1962 3282 Et
1986 3251 2024 3281 de
2047 3250 2115 3287 hac,
2142 3258 2253 3291 utpote
2277 3251 2316 3280 ad
2340 3247 2560 3281 communissi-

1503 3308 1594 3328 mum
1618 3297 1767 3328 artificem
1790 3301 1958 3336 spectante,
1983 3304 2049 3324 non
2069 3301 2114 3325 est
2130 3304 2234 3325 sermo
2258 3294 2318 3325 hic.
2343 3293 2404 3324 Sed
2419 3293 2458 3322 de
2473 3301 2560 3332 prae-

1503 3341 1601 3372 sentia
1618 3348 1648 3372 et
1663 3340 1802 3371 absentia
1825 3339 1899 3369 reali
1921 3338 2033 3369 dicitur
2048 3339 2137 3379 quod
2157 3344 2349 3369 concurrunt
2367 3337 2406 3366 ad
2422 3336 2560 3366 activum

1502 3386 1535 3415 in
1559 3385 1753 3425 appetitum,
1778 3390 1814 3414 ut
1837 3383 1972 3413 rationes
1995 3382 2140 3422 partiales
2168 3381 2299 3422 agendi,
2321 3381 2363 3411 ita
2385 3379 2474 3420 quod
2499 3379 2559 3409 dis-

1504 3429 1654 3468 tinguunt
1682 3427 1785 3468 specie
1815 3426 1987 3467 passiones.
2022 3427 2196 3466 Integratur
2225 3425 2310 3455 enim
2337 3423 2416 3454 ratio
2448 3423 2562 3453 obiecti

1503 3472 1659 3513 passionis
1683 3471 1839 3512 appetitus
1863 3469 2001 3501 sensitivi
2025 3480 2061 3500 ex
2084 3470 2224 3500 bonitate
2246 3468 2297 3499 vel
2320 3466 2447 3503 malitia,
2473 3476 2561 3507 prae-

1504 3517 1603 3548 sentia
1625 3516 1674 3546 vel
1697 3514 1836 3546 absentia
1859 3515 1908 3545 vel
1930 3513 2149 3550 indifferentia,
2178 3519 2209 3543 et
2231 3510 2488 3552 apprehensione.
2520 3511 2561 3541 Et

2684 2670 2703 2744 -‹·w
