2852 4152
206 1935 342 1979 21¹4&ss:

131 3174 292 3202 'DeAnt'ma,
301 3174 341 3196 lib

203 3207 283 3249 :lX’AE‘
289 3207 342 3248 ΡΥ

1020 270 1284 318 QUAESTIO
1313 271 1435 318 xvn,

359 348 410 390 ad
429 349 711 398 intelligendum
731 348 889 397 qualiter
916 358 1019 387 actus
1043 350 1228 399 appetitus
1247 349 1412 386 sensitivi

361 403 543 441 subdatur
582 402 743 450 imperio
786 402 954 450 rationis,
984 411 1133 452 oportet
1175 402 1413 439 considerare

363 455 521 506 qualiter
548 454 594 491 sit
620 454 658 491 in
686 462 870 513 potestate
890 463 1027 492 nostra.
1049 457 1117 492 Est
1140 463 1267 492 autern
1296 455 1414 491 scien-

363 510 457 547 dum
484 508 588 556 quod
616 507 803 555 appetitus
831 508 1029 545 sensitivus
1057 508 1094 544 in
1122 509 1196 544 hoc
1225 507 1348 544 differt
1367 507 1414 543 ab

360 560 530 620 appetitu
556 559 806 606 intellectivo,
836 560 900 608 qui
928 561 1060 597 dicitur
1086 562 1283 606 voluntas,
1310 559 1414 607 quod

359 613 550 663 appetitus
579 612 779 649 sensitivus
808 619 863 648 est
889 613 1007 649 virtus
1035 613 1166 660 organi
1194 612 1413 671 corporalis,

364 678 443 703 non
462 673 589 708 autem
616 665 804 701 voluntas.
826 665 961 701 Omnis
985 668 1111 702 autem
1140 673 1244 702 actus
1271 664 1415 701 virtutis

363 717 501 755 utentis
540 729 681 765 organo
716 717 920 766 corporali,
955 718 1144 766 dependet
1179 730 1257 754 non
1292 717 1416 753 solum

359 769 412 813 ex
438 769 607 818 potentia
634 770 796 817 animae,
821 770 888 807 sed
917 770 1030 807 etiam
1059 783 1104 806 ex
1132 769 1337 818 corporalis
1356 780 1416 804 or-

365 823 453 871 gani
480 822 740 870 dispositione:
769 823 864 859 sicut
890 822 986 859 visio
1017 835 1061 859 ex
1087 821 1255 870 potentia
1282 820 1415 866 visiva,

359 882 403 912 ‘et
431 875 607 923 qualitate
636 875 746 921 oculi,
766 887 835 924 per
858 887 974 922 quarn
1003 875 1154 912 iuvatur
1171 874 1232 910 vel
1259 872 1417 920 impedi-

365 935 437 969 tur.
459 927 568 964 Unde
597 934 634 963 et
657 934 760 964 actus
789 927 974 976 appetitus
994 926 1159 963 sensitivi
1187 937 1264 961 non
1293 925 1416 961 solum

367 980 557 1029 dependet
593 992 637 1016 ex
665 980 704 1017 vi
732 979 954 1028 appetitiva,
983 979 1052 1015 sed
1080 978 1191 1014 etiam
1220 989 1264 1013 ex
1293 976 1419 1024 dispo-

367 1040 499 1070 sitione
529 1044 709 1080 corporis.

422 1085 516 1122 Illud
532 1092 658 1121 autem
674 1084 778 1132 quod
793 1091 849 1120 est
864 1095 908 1119 ex
922 1089 1027 1131 parte
1045 1080 1236 1130 potentiae
1256 1080 1415 1126 animae,

368 1137 535 1186 sequitur
580 1136 934 1195 apprehensionem.
981 1133 1246 1182 Apprehensio
1290 1139 1418 1169 autem

367 1189 655 1237 imaginationis,
685 1201 772 1225 cum
802 1188 847 1224 sit
873 1186 1122 1246 particularis,
1152 1185 1339 1232 regulatur
1370 1185 1418 1220 ab

369 1242 672 1301 apprehensione
708 1239 724 1270 β
757 1239 930 1285 rationis,
961 1251 1057 1286 quae
1087 1245 1142 1274 est
1172 1236 1416 1283 universalis,

369 1294 464 1331 sicut
480 1294 599 1331 virtus
618 1293 740 1330 activa
758 1291 991 1340 particularis
1007 1303 1029 1326 a
1042 1290 1178 1326 virtute
1199 1289 1321 1326 activa
1338 1289 1420 1325 uni-

367 1346 516 1384 versali.
538 1347 587 1382 Et
604 1345 691 1382 ideo
713 1357 758 1380 ex
776 1344 845 1380 ista
862 1350 980 1391 parte,
1001 1349 1106 1378 actus
1129 1341 1315 1390 appetitus
1335 1353 1419 1377 sen—

368 1398 466 1435 sitivi
493 1398 661 1435 subiacet
689 1396 849 1455 imperio
878 1394 1041 1431 rationis.
1059 1415 1083 1421 -
1103 1394 1272 1452 Qualitas
1292 1401 1418 1430 autem

347 1453 351 1455 ’
369 1457 406 1487 et
424 1449 619 1498 dispositio
639 1448 807 1497 corporis
835 1459 913 1484 non
937 1446 1105 1483 subiacet
1131 1446 1290 1494 imperio
1312 1445 1420 1482 ratio-

367 1502 425 1539 nis
443 1502 474 1538 ²¹⁸.
495 1503 545 1538 Et
562 1501 650 1538 ideo
672 1513 716 1537 ex
734 1501 806 1537 hac
823 1507 940 1548 parte,
962 1498 1164 1547 impeditur
1182 1498 1274 1546 quin
1293 1506 1420 1534 motus

367 1554 536 1592 sensitivi
564 1553 750 1603 appetitus
774 1552 936 1589 totaliter
963 1551 1146 1588 subdatur
1174 1551 1334 1599 imperio
1363 1562 1419 1587 ra-

366 1607 492 1645 tionis.

422 1658 614 1706 Contingit
641 1656 754 1695 etiam
772 1662 788 1685 Υ
808 1656 1038 1705 quandoque
1066 1655 1169 1704 quod
1201 1662 1328 1692 motus
1356 1667 1420 1703 ap-

368 1711 505 1760 petitus
524 1710 693 1748 sensitivi
712 1709 836 1747 subito
858 1709 1065 1746 concitatur
1088 1709 1136 1745 ad
1155 1708 1421 1756 apprehensio-

368 1777 459 1801 nem
485 1763 763 1811 imaginationis
781 1763 843 1799 vel
863 1774 1007 1800 sensus,
1029 1761 1078 1797 Et
1095 1768 1185 1797 tunc
1208 1760 1268 1796 ille
1292 1768 1419 1797 motus

370 1824 425 1854 est
442 1823 592 1865 praeter
617 1815 821 1875 imperium
848 1813 1018 1851 rationis.
1043 1813 1219 1861 quamvis
1237 1813 1419 1861 potuisset

368 1868 544 1918 impediri
563 1881 586 1905 a
613 1868 771 1915 ratione,
792 1868 822 1904 si
841 1866 1099 1916 praevidisset.
1120 1866 1232 1903 Unde
1251 1866 1421 1902 Philoso-

367 1922 467 1971 phus
495 1921 594 1968 dicit,
618 1921 656 1958 in
677 1922 691 1957 I
710 1897 817 1957 Po⁷lit.
837 1919 867 1967 ³⁸,
888 1919 994 1968 quod
1013 1918 1105 1955 ratio
1125 1925 1273 1967 praeest
1298 1917 1421 1954 irasci-

368 1974 433 2010 bili
453 1981 490 2010 et
508 1950 790 2022 concupiscibili
811 1985 889 2009 non
907 1971 1122 2020 principatu
1141 1971 1336 2019 despotico,
1357 1970 1421 2019 qui

369 2033 425 2063 est
444 2026 589 2064 domini
608 2026 658 2063 ad
677 2037 851 2071 servum;
871 2025 939 2061 sed
958 2023 1171 2072 principatu
1184 2023 1336 2070 politico
1355 2027 1423 2059 aut

367 2079 501 2128 regali,
529 2078 593 2127 qui
621 2085 677 2114 est
704 2078 752 2115 ad
779 2077 930 2124 liberos,
952 2076 1016 2124 qui
1039 2087 1118 2111 non
1145 2075 1304 2111 totaliter
1331 2076 1418 2111 sub-

369 2131 510 2168 duntur
537 2130 708 2179 imperio.

422 2232 447 2266 β)
466 2234 499 2258 ab
517 2233 733 2265 apprehensione.
751 2248 771 2252 -
788 2233 826 2258 ad
843 2233 1078 2265 apprehensionem
1097 2233 1208 2258 codices.

1463 271 1756 308 ARTICULUS
1783 271 1852 307 VII
2441 284 2481 308 12
2489 273 2508 309 3

1518 351 1576 386 AD
1595 361 1732 386 Palmum
1746 360 1844 385 ERGO
1858 361 2040 386 mCENDUM
2060 350 2164 397 quod
2178 351 2252 387 hoc
2275 351 2379 399 quod
2391 352 2510 388 homo

1466 402 1546 438 vult
1563 414 1642 438 non
1661 401 1939 450 concupiscere,
1960 409 1997 438 et
2014 409 2141 438 tamen
2165 403 2403 451 concupiscit,
2425 415 2512 440 con-
2568 412 2570 417 ’

1466 453 1570 502 tingit
1585 466 1630 490 ex
1646 453 1891 502 dispositione
1906 454 2084 502 corporis,
2101 466 2168 502 per
2182 466 2297 502 quam
2313 454 2513 504 impeditur

1467 506 1652 555 appetitus
1667 506 1864 543 sensitivus
1884 519 1931 542 ne
1950 505 2110 543 totaliter
2123 514 2299 554 sequatur
2312 507 2511 555 imperium

1468 559 1631 595 rationis.
1647 559 1757 596 Unde
1773 566 1808 595 et
1826 559 2031 607 Apostolus
2049 558 2191 595 ibidem
2206 559 2331 595 subdit
2343 559 2380 595 *z
2402 560 2511 596 Video
2540 566 2550 575 ·

1468 611 1582 648 aliam
1612 612 1732 660 legem
1751 611 1788 647 in
1816 611 1992 648 membris
2019 611 2121 657 meis,
2141 617 2410 660 repugnantem
2438 612 2515 661 legi

1468 664 1599 700 mentis
1625 675 1741 700 meae.
1762 684 1785 690 -
1802 664 1887 700 Hoc
1907 663 2018 700 etiam
2040 663 2217 711 contingit
2237 671 2390 712 propter
2413 664 2511 700 subi-

1468 723 1550 752 tum
1568 723 1715 752 motum
1744 715 2079 764 concupiscentiae,
2103 723 2145 752 ut
2173 716 2312 752 dictum
2341 724 2395 752 est
2420 716 2451 752 ³¹⁶.

1521 769 1579 803 AD
1607 779 1793 804 SECUNDUM
1821 780 2003 805 DICENDUM
2031 768 2135 816 quod
2154 768 2311 816 qualitas
2340 781 2513 816 corpora-

1469 819 1512 855 lis
1541 819 1735 866 dupliciter
1754 832 1793 856 se
1821 821 1934 857 habet
1961 821 2010 857 ad
2037 828 2162 857 actum
2188 821 2373 869 appetitus
2401 821 2514 858 sensi-

1470 870 1547 907 tivi.
1568 872 1653 908 Uno
1678 873 1807 919 modo,
1827 881 1867 908 ut
1892 873 2140 921 praecedens:
2164 880 2276 922 prout
2303 873 2432 922 aliquis
2460 881 2515 910 est

1471 923 1676 971 aliqualiter
1703 924 1903 972 dispositus
1931 926 2141 962 secundum
2165 938 2313 974 corpus,
2342 926 2389 962 ad
2417 926 2514 962 hanc

1469 976 1531 1012 vel
1558 975 1658 1012 illam
1685 976 1912 1024 passionem.
1931 977 2015 1013 Alio
2042 978 2172 1024 modo,
2191 985 2232 1015 ut
2260 990 2513 1026 consequens:

1472 1027 1566 1064 sicut
1585 1040 1672 1063 cum
1702 1040 1746 1064 ex
1764 1028 1818 1065 ira
1846 1029 1977 1076 aliquis
1996 1030 2194 1067 incalescit.
2216 1030 2384 1077 Qualitas
2406 1030 2515 1078 igitur

1471 1080 1702 1127 praecedens
1736 1093 1814 1117 non
1841 1081 2007 1117 subiacet
2038 1082 2198 1130 imperio
2227 1083 2399 1120 rationis:
2427 1083 2514 1132 quia

1470 1133 1532 1169 vel
1561 1140 1616 1168 est
1644 1144 1688 1168 ex
1706 1140 1847 1179 natura,
1867 1134 1928 1169 vel
1957 1145 2001 1169 ex
2021 1134 2143 1181 aliqua
2170 1135 2408 1182 praecedenti
2432 1147 2513 1171 mo-

1471 1184 1584 1231 tione,
1605 1196 1703 1232 quae
1722 1197 1800 1221 non
1819 1185 1942 1222 statim
1961 1185 2152 1232 quiescere
2171 1195 2304 1234 potest.
2331 1188 2406 1224 Sed
2425 1199 2514 1235 qua-

1471 1237 1553 1273 litas
1573 1249 1808 1284 consequens
1827 1237 1994 1285 sequitur
2011 1237 2211 1286 imperium
2232 1239 2402 1275 rationis:
2428 1239 2515 1287 quia

1473 1289 1639 1337 sequitur
1657 1297 1804 1326 motum
1820 1290 1980 1326 localem
1996 1291 2128 1337 cordis,
2144 1291 2248 1338 quod
2263 1291 2515 1328 diversimode

1473 1349 1649 1378 movetur
1676 1343 1885 1379 secundum
1919 1342 2088 1379 diversos
2122 1351 2226 1380 actus
2260 1343 2424 1380 sensitivi
2452 1356 2516 1391 ap-

1471 1400 1619 1442 pentus.

1526 1447 1584 1482 AD
1611 1457 1769 1483 TER-num
1796 1458 1977 1484 DlCENDUM
1996 1447 2111 1496 quod,
2131 1447 2218 1496 quia
2237 1448 2286 1484 ad
2309 1448 2516 1496 apprehen-

1475 1497 1622 1534 sionem
1651 1510 1782 1534 sensus
1811 1499 2008 1547 requiritur
2035 1500 2208 1536 sensibile
2236 1500 2413 1546 exterius,
2438 1512 2516 1536 non

1475 1557 1531 1586 est
1548 1550 1586 1586 in
1605 1558 1788 1598 potestate
1803 1559 1930 1587 nostra
1944 1552 2226 1599 apprehendere
2241 1552 2378 1600 aliquid
2393 1565 2516 1599 sensu,

1475 1602 1544 1639 nisi
1564 1602 1729 1639 sensibili
1742 1611 1955 1651 praesente;
1976 1605 2080 1640 cuius
2098 1605 2306 1652 praesentia
2324 1617 2403 1641 non
2421 1617 2517 1641 sem-

1475 1667 1543 1703 per
1562 1662 1616 1691 est
1635 1655 1674 1691 in
1697 1663 1880 1703 potestate
1899 1663 2037 1692 nostra.
2058 1657 2168 1692 Tunc
2187 1657 2287 1692 enim
2313 1657 2431 1693 homo
2450 1669 2518 1705 po-

1476 1715 1547 1744 test
1573 1707 1627 1743 uti
1654 1720 1766 1744 sensu
1794 1720 1882 1744 curn
1909 1708 2080 1755 voluerit,
2106 1709 2176 1745 nisi
2203 1709 2248 1745 sit
2274 1709 2520 1757 impedimen-

1476 1767 1558 1797 tum
1579 1772 1624 1796 ex
1642 1768 1746 1808 parte
1766 1760 1907 1808 organi.
1923 1782 1946 1787 -
1966 1761 2227 1809 Apprehensio
2247 1768 2372 1798 autern
2391 1761 2520 1808 imagi-

1476 1812 1636 1849 nationis
1669 1812 1835 1850 subiacet
1862 1813 2086 1850 ordinationi
2113 1813 2282 1860 rationis,
2311 1814 2519 1850 secundum

1476 1866 1636 1901 modum
1667 1865 1812 1902 virtutis
1843 1866 1904 1902 vel
1938 1865 2133 1902 debilitatis
2160 1866 2420 1913 imaginativae
2451 1878 2521 1914 po-

1475 1918 1623 1954 tentiae.
1654 1917 1770 1964 Quod
1798 1917 1899 1954 enim
1927 1919 2045 1954 homo
2077 1931 2155 1955 non
2181 1919 2299 1966 possit
2328 1917 2520 1965 imaginari

1476 1982 1574 2018 quae
1602 1970 1695 2006 ratio
1716 1970 1936 2017 considerat,
1958 1970 2135 2018 contingit
2157 1971 2218 2007 vel
2243 1982 2288 2006 ex
2314 1971 2388 2007 hoc
2416 1970 2520 2018 quod

1475 2035 1554 2059 non
1566 2029 1661 2069 ‚sunt
1678 2022 1939 2069 imaginabilia,
1960 2022 2054 2059 sicut
2071 2022 2334 2071 incorporalia3
2353 2023 2416 2059 vel
2432 2035 2519 2070 pro-

1475 2082 1558 2123 pter
1586 2074 1815 2111 debilitatem
1833 2074 1978 2111 virtutis
1999 2075 2272 2122 imaginativae,
2288 2087 2385 2122 quae
2405 2082 2460 2111 est
2474 2086 2519 2110 ex

1477 2127 1600 2174 aliqua
1618 2126 1900 2174 indispositione
1915 2127 2056 2174 organi.

1530 2232 1556 2264 γ)
1575 2233 1664 2257 etiam.
1681 2244 1701 2251 -
1717 2235 1805 2256 autem
1824 2232 1903 2256 etiam
1922 2232 1968 2256 Pa.

1040 2302 1368 2335 Commentaria
1391 2290 1639 2335 cardinalis
1661 2302 1858 2335 Caietam

463 2392 634 2413 aranmssts
656 2381 792 2412 articulis
816 2382 965 2417 secundo,
985 2381 1087 2417 tertio,
1112 2388 1234 2421 quarto,
1259 2381 1371 2422 quinto
1392 2388 1423 2411 et

370 2395 394 2456 I
422 2433 520 2462 sext0‚
544 2426 623 2457 circa
646 2426 728 2456 duos
749 2427 914 2465 sequentes
937 2425 1083 2455 articulos
1106 2425 1202 2455 simul
1220 2425 1353 2455 dubium
1370 2435 1422 2455 oc-

363 2470 472 2507 currit,
496 2480 536 2500 an
557 2469 591 2499 in
613 2468 679 2499 istis
702 2469 849 2509 quaesitis
871 2466 1051 2499 intendatur
1074 2468 1295 2505 universaliter,
1320 2478 1361 2498 an
1375 2469 1421 2498 in-

367 2513 494 2545 definite
525 2523 581 2543 seu
604 2512 837 2553 particulariter.
861 2513 902 2543 Et
925 2519 971 2543 est
992 2512 1071 2543 ratio
1101 2512 1188 2542 dubii
1210 2512 1300 2552 quia,
1324 2512 1350 2542 si
1373 2512 1421 2542 in-

366 2557 505 2589 tenditur
536 2556 766 2592 universaliter,
798 2556 876 2586 falsa
901 2556 1024 2586 videtur
1057 2555 1173 2586 decisio
1205 2562 1271 2586 tam
1298 2556 1422 2596 septimi

367 2611 466 2643 quam
481 2600 583 2632 octavi
602 2600 732 2630 articuli.
757 2599 887 2639 Septimi
903 2599 1042 2640 quidem,
1059 2599 1134 2639 quia
1149 2600 1342 2639 quandoque
1355 2600 1424 2630 vult

367 2645 440 2686 quis
454 2644 566 2675 tristari
583 2650 613 2674 et
627 2643 796 2673 condolere
812 2643 924 2679 amico,
942 2649 1057 2680 etc.‚·et
1071 2649 1177 2672 tamen
1193 2653 1259 2673 non
1274 2643 1420 2674 tristatur.

368 2688 480 2719 Octavi
501 2697 587 2723 vero,
611 2686 685 2727 quia
708 2686 888 2726 saepissime
905 2686 1014 2716 volens
1037 2686 1179 2722 seminat,
1195 2686 1237 2716 ita
1253 2686 1340 2726 quod
1356 2697 1422 2717 non

368 2731 475 2762 solum
491 2730 743 2770 concupiscentia
762 2730 899 2766 seminis,
916 2730 971 2760 sed
986 2730 1054 2769 ipsa
1068 2729 1232 2760 seminatio
1248 2730 1423 2760 voluntaria

368 2781 431 2805 est:
456 2781 486 2805 et
509 2780 631 2804 constat
653 2774 742 2814 quod
764 2773 928 2803 seminatio
952 2773 1047 2813 partis
1070 2779 1116 2803 est
1137 2773 1336 2812 vegetativae.

422 2818 460 2848 11.
484 2818 535 2847 Ad
557 2817 620 2847 hoc
642 2817 754 2847 dicitur
771 2818 861 2857 quod
875 2817 1007 2847 intentio
1022 2817 1168 2847 Auctoris
1185 2823 1231 2847 est
1244 2817 1334 2858 loqui
1350 2817 1420 2847 uni-

368 2861 541 2897 versaliter,
566 2867 597 2891 et
618 2860 706 2900 quod
736 2867 822 2890 actus
852 2861 1008 2900 appetitus
1036 2860 1189 2896 sensitivi,
1214 2870 1272 2900 pro
1301 2867 1421 2901 quanto

369 2905 507 2945 pendent
529 2914 567 2934 ex
588 2910 675 2944 parte
698 2903 831 2940 animae,
853 2904 1066 2934 universaliter
1081 2903 1237 2934 subsunt
1229 2904 1361 2944 imperio
1378 2914 1424 2934 ra-

368 2948 464 2980 tionis
486 2954 517 2978 et
547 2947 726 2978 voluntatis.
750 2947 816 2977 Nec
839 2954 886 2977 est
906 2957 1017 2977 verum
1047 2948 1135 2987 quod
1162 2947 1236 2977 velit
1258 2947 1328 2988 quis
1352 2957 1421 2987 per-

369 2992 451 3023 fecto
481 2991 615 3031 imperio
641 2991 770 3027 tristari,
801 2997 833 3021 et
858 3001 924 3020 non
954 2990 1105 3021 tristetur:
1129 2990 1274 3030 quamvis
1305 2991 1421 3030 pluries

370 3035 530 3075 contingat
557 3034 644 3075 quod
667 3034 760 3064 vellet
782 3032 852 3074 quis
874 3034 1003 3069 tristari,
1027 3040 1057 3064 et
1080 3043 1145 3063 non
1169 3034 1323 3070 tristatur,
1346 3034 1420 3074 quia

370 3089 436 3110 non
458 3078 592 3118 perfecte
615 3078 676 3108 hoc
699 3078 776 3108 vult.
799 3078 840 3107 Et
861 3077 923 3108 hoc
947 3077 1027 3112 dico,
1051 3076 1077 3106 si
1100 3086 1165 3107 non
1180 3077 1273 3107 habet
1288 3077 1420 3116 disposi-

368 3123 489 3154 tionem
513 3122 621 3162 organi
645 3127 887 3161 repugnantem:
913 3121 992 3151 sicut
1015 3120 1099 3150 enim
1118 3120 1271 3159 contingit
1285 3120 1422 3151 totaliter

368 3166 514 3218 impediri
536 3166 640 3196 visum
659 3175 695 3195 ex
711 3171 797 3205 parte
820 3165 944 3204 organi,
970 3164 1090 3194 dicente
1112 3163 1311 3201 Aristotele*v
1332 3165 1420 3204 quod

368 3213 397 3242 si
418 3220 518 3241 senex
544 3210 680 3249 accipiat
705 3209 831 3239 oculum
860 3209 997 3246 iuvenis,
1022 3207 1136 3238 videbit
1158 3212 1192 3237 ut
1215 3208 1358 3245 iuvenis;
1379 3208 1422 3238 ita

369 3261 476 3286 actum
499 3253 647 3284 tristitiae.
682 3252 835 3289 Quamvis
857 3252 890 3282 in
913 3252 973 3282 hoc
998 3261 1070 3282 casu
1093 3257 1203 3291 putem
1226 3251 1323 3291 quod,
1347 3251 1421 3291 quia

369 3297 491 3329 tristitia
514 3297 629 3337 pendet
645 3306 681 3326 ex
695 3295 900 3335 dispositione
924 3295 1042 3335 organi,
1066 3295 1153 3334 quod
1168 3295 1361 3334 quandoque
1376 3301 1422 3325 est

368 3341 594 3381 indispositum
617 3340 656 3370 ad
679 3339 749 3375 hoc,
766 3345 931 3379 propterea
953 3339 995 3369 ita
1018 3338 1142 3369 modica
1164 3344 1211 3368 est
1231 3338 1362 3374 tristitia,
1379 3344 1422 3368 vut

369 3391 519 3427 appareat
541 3394 606 3414 non
630 3383 751 3414 tristari.

425 3429 508 3459 Inter
529 3435 616 3458 actus
640 3433 745 3457 autem
768 3426 925 3466 appetitus
951 3425 1088 3456 sensitivi
1111 3431 1142 3455 et
1161 3425 1257 3465 partis
1278 3425 1422 3464 vegetati-

369 3483 426 3503 vae
456 3472 517 3503 hoc
540 3472 680 3507 interest,
706 3470 794 3511 quod
823 3476 910 3500 actus
938 3469 1094 3519 appetitus
1122 3468 1259 3499 sensitivi
1289 3469 1422 3498 subsunt

369 3516 503 3557 imperio
526 3515 558 3546 in
583 3515 692 3545 ordine
715 3514 754 3544 ad
776 3513 903 3554 propria
924 3513 1076 3553 principia
1091 3512 1231 3548 elicitiva‚
1249 3518 1279 3542 et
1294 3511 1421 3552 propria

370 3560 507 3591 obiecta:
531 3566 619 3590 actus
641 3568 715 3589 vero
730 3557 826 3598 partis
841 3557 1030 3598 vegetativae
1045 3563 1156 3587 neutro
1172 3556 1270 3586 modo
1287 3556 1422 3586 subsunt

1474 2381 1618 2421 imperio,
1643 2381 1698 2411 sed
1720 2381 1972 2421 concupiscentia
1987 2387 2017 2411 et
2032 2380 2198 2421 applicatio
2215 2390 2336 2417 eorum,
2352 2380 2432 2411 sicut
2446 2381 2523 2411 alio-

1475 2435 1547 2455 rum
1569 2425 1744 2455 activorum
1767 2431 1796 2455 et
1815 2424 2012 2464 passivorum
2026 2424 2226 2455 naturalium.
2251 2424 2342 2455 Cadit
2365 2425 2448 2454 enim
2465 2425 2522 2455 sub

1475 2468 1608 2508 imperio
1631 2468 1759 2498 rationis
1783 2468 2002 2508 concupiscere
2027 2468 2088 2498 hoc
2111 2468 2295 2508 pulchrum,
2318 2468 2361 2498 ita
2383 2469 2471 2508 quod
2493 2475 2524 2499 et

1475 2512 1508 2542 in
1531 2518 1684 2552 potestate
1698 2511 1835 2542 hominis
1852 2518 1898 2542 est
1917 2511 2134 2564 concupiscere
2158 2519 2188 2542 et
2206 2521 2271 2541 non
2293 2511 2521 2552 concupiscere,

1476 2562 1506 2586 et
1528 2555 1747 2595 concupiscere
1774 2555 1836 2586 hoc
1866 2562 1896 2586 et
1918 2565 1983 2585 non
2005 2555 2077 2585 hoc.
2093 2551 2168 2585 'Sed
2190 2565 2256 2585 non
2285 2555 2366 2585 cadit
2395 2556 2452 2585 sub
2475 2565 2523 2585 ra-

1474 2599 1569 2629 tionis
1591 2599 1725 2639 imperio
1742 2599 1830 2639 quod
1845 2598 1941 2628 virtus
1956 2598 2131 2638 generativa
2146 2599 2266 2629 emittat
2286 2598 2335 2628 vel
2350 2608 2416 2628 non
2433 2599 2522 2629 emit-

1476 2649 1520 2673 tat
1543 2651 1668 2678 semen;
1693 2649 1747 2672 aut
1769 2642 1857 2682 quod
1879 2648 2004 2681 generet
2026 2648 2079 2672 aut
2094 2651 2174 2678 non,
2199 2648 2253 2672 aut
2274 2641 2335 2672 hoc
2358 2643 2407 2672 vel
2426 2642 2518 2678 illud;

1476 2686 1619 2726 quamvis
1643 2686 1731 2716 cadat
1752 2686 1810 2715 sub
1833 2685 1966 2725 imperio
1989 2685 2155 2725 applicatio
2182 2685 2303 2716 virtutis
2327 2685 2522 2725 generativae

1477 2739 1550 2759 eum
1580 2739 1636 2759 sua
1659 2729 1793 2764 actione,
1818 2729 1844 2758 si
1866 2729 1967 2759 habet.
1991 2729 2078 2759 Sicut
2104 2739 2170 2758 non
2193 2729 2274 2759 cadit
2300 2729 2358 2759 sub
2386 2729 2518 2769 imperio

1476 2773 1564 2813 quod
1585 2773 1666 2812 ignis
1689 2773 1861 2803 excutiatur
1876 2782 1913 2802 ex
1934 2772 2047 2812 lapide,
2064 2772 2118 2802 sed
2141 2772 2201 2802 hoc
2222 2772 2337 2812 pendet
2350 2782 2386 2802 ex
2407 2772 2520 2802 virtute

1474 2816 1586 2856 lapidis
1614 2816 1770 2856 percussi,
1790 2822 1862 2846 etc.:
1889 2815 2033 2856 quamvis
2056 2815 2221 2855 applicatio
2244 2816 2355 2855 lapidis
2378 2823 2409 2846 et
2431 2815 2516 2851 ferri,

1477 2866 1550 2890 cum
1566 2859 1630 2890 suis
1649 2859 1791 2890 efficaciis
1805 2860 1845 2889 ad
1858 2859 2086 2895 excutiendum,
2099 2859 2156 2889 sub
2170 2859 2304 2899 imperio
2317 2859 2414 2889 cadat.
2428 2859 2519 2890 Unde

1475 2913 1540 2933 non
1560 2903 1752 2944 quandoque
1771 2903 1814 2933 sic
1833 2910 1864 2934 et
1881 2903 2072 2944 quandoque
2087 2913 2162 2939 non,
2179 2913 2249 2942 pars
2263 2902 2436 2942 generativa
2458 2902 2517 2932 im-

1475 2947 1563 2987 perio
1583 2947 1741 2977 subditur:
1766 2947 1820 2977 sed
1842 2956 2006 2986 nunquam
2029 2953 2114 2976 actus
2138 2946 2220 2982 eius,
2245 2953 2280 2976 ut
2302 2946 2361 2982 sic,
2385 2945 2518 2986 imperio

1475 2990 1635 3021 subditur:
1655 2990 1798 3030 quamvis
1817 2990 1924 3029 ipsius,
1942 2999 2015 3019 cum
2030 2999 2087 3019 sua
2102 2989 2234 3020 efficacia
2251 2996 2281 3020 et
2296 2989 2417 3020 actione
2435 2999 2516 3030 quae

1474 3040 1618 3063 naturam
1641 3033 1790 3076 sequitur,
1815 3032 2037 3073 applicabilitas
2060 3033 2192 3072 imperio
2210 3033 2308 3063 subsit
2326 3033 2464 3069 rationis,
2489 3039 2520 3062 et

1474 3084 1639 3117 propterea
1661 3077 1741 3107 inter
1762 3076 1938 3107 voluntaria
1961 3082 2170 3116 computatur.

1477 3173 1523 3234 IN
1546 3162 1750 3202 responsione
1773 3162 1812 3192 ad
1835 3162 2009 3192 secundum
2031 3162 2152 3193 articuli
2175 3162 2308 3202 septimi,
2328 3163 2458 3193 collecto
2483 3173 2519 3193 ex

1504 3207 1604 3238 littera
1626 3205 1735 3236 ordine
1758 3205 2024 3245 apprehensionis,
2044 3206 2209 3246 appetitus,
2228 3213 2335 3237 motus
2359 3207 2468 3243 cordis,
2489 3214 2519 3237 et

1474 3249 1630 3290 qualitatis
1654 3249 1827 3290 sequentis,
1850 3249 1952 3290 aspice
1975 3250 2063 3290 quod
2085 3250 2188 3280 varius
2211 3257 2317 3280 motus
2341 3250 2455 3286 cordis,
2480 3260 2516 3280 ex

1475 3292 1721 3333 apprehensione
1737 3298 1768 3323 et
1782 3293 1922 3332 appetitu
1938 3293 2065 3323 animali
2081 3303 2219 3329 nascens,
2237 3303 2351 3333 corpus
2365 3299 2471 3324 movet
2486 3300 2516 3324 et

1475 3337 1582 3367 alterat
1604 3337 1778 3366 secundum
1794 3336 1928 3366 diversas
1947 3337 2118 3377 qualitates.
2135 3337 2309 3367 Alteratum
2327 3343 2432 3367 autem
2448 3347 2517 3367 cor-

1474 3391 1535 3421 pus
1557 3380 1639 3410 varie
1656 3380 1750 3410 etiam
1772 3379 1866 3410 afficit
1885 3380 2140 3420 imaginationem
2163 3387 2194 3410 et
2215 3380 2398 3420 appetitum,
2415 3386 2451 3410 ut
2466 3390 2516 3410 su-

1474 3424 1579 3464 perius
1594 3423 1611 3443 *
1625 3423 1768 3454 habitum
1791 3430 1846 3454 est.
1864 3423 1905 3454 Et
1925 3424 2008 3454 varie
2024 3424 2199 3464 disponitur
2221 3424 2327 3463 ipsum
2349 3433 2462 3464 corpus
2480 3433 2516 3454 ex

1474 3468 1535 3498 hoc
1558 3468 1597 3497 ad
1620 3467 1791 3503 sanitatem,
1816 3468 1855 3497 ad
1879 3477 1948 3503 cor,
1969 3468 2009 3497 ad
2030 3467 2221 3498 habilitatem
2243 3467 2323 3497 hanc
2347 3467 2396 3497 vel
2418 3467 2514 3498 illam.

1474 3511 1515 3542 Et
1530 3521 1603 3541 cum
1622 3511 1696 3541 haec
1712 3511 1875 3551 aspexeris,
1891 3511 2009 3541 videbis
2025 3511 2112 3551 quod
2127 3511 2241 3550 pluries
2257 3510 2427 3541 accidentia
2441 3521 2515 3542 con-

1474 3555 1624 3595 tingentia
1646 3555 1786 3595 personis
1809 3555 1996 3595 patientibus
2010 3555 2163 3590 exstasim,
2183 3561 2214 3585 et
2235 3554 2427 3591 huiusmodi,
2445 3565 2515 3585 cau-

2564 565 2630 587 Vers.
2645 571 2678 593 23.

2540 721 2548 729 ·
2563 719 2589 740 In
2604 724 2708 746 corpore.

2542 3433 2553 3443 '
2570 3432 2618 3460 Qu.
2628 3438 2661 3459 tx,
2676 3436 2717 3455 m.
2732 3439 2753 3461 5.
