2852 4152
84 2926 95 2935 ·
110 2925 167 2953 Cap.
184 2932 215 2947 iv.

85 3293 98 3305 ⁴
112 3292 169 3321 Cap.
184 3299 215 3315 ιι.

337 189 411 224 258

926 191 1192 237 QUAEsrlo
1221 194 1433 240 xxxvm,
1463 195 1758 234 ARTICULUS
1789 196 1837 242 11,
1869 198 1917 232 111

1103 352 1418 394 ARTICULUS
1448 353 1745 396 SECUNDUS

798 444 952 475 UTRUM
976 445 1126 475 notor.
1150 445 1233 474 VEL
1257 421 1474 475 TRISTITIA
1498 446 1742 477 MITIGETUR
1765 448 1846 478 PER
1869 412 2046 480 FLETUM

370 562 380 573 s
399 547 427 562 »ν
452 553 505 579 ‚13
543 542 565 567 D
581 542 769 568 SECUNDUM
785 543 837 568 s1c
853 543 1089 568 PROCEDITUR.
1111 530 1271 568 Videtur
1286 531 1390 580 quod

462 573 518 643 {³3ae
543 583 653 620 fletus
668 596 747 620 non
762 584 905 631 mitiget
920 583 1115 620 tristitiam.
1134 584 1271 620 Nullus
1288 584 1390 621 enim

349 634 464 681 'jjn
485 626 698 673 ''effectus
719 636 891 672 diminuit
910 648 1019 672 suam
1040 648 1205 672 causam.
1229 637 1304 673 Sed
1325 637 1390 673 fle-

388 662 448 714 ἐ
501 680 611 734 Mus,
642 690 704 725 vel
728 689 888 736 gemitus
909 694 937 736 α,
960 697 1015 725 θεῖ
1035 688 1191 726 effectus
1211 689 1387 726 tristitiae.

331 738 431 785 Ergo
462 751 540 776 non
568 740 702 777 minuit
728 741 924 777 tristitiam.

384 802 419 827 2.
440 791 671 839 PRAETEREA,
702 793 798 830 sicut
823 793 934 830 fletus
961 795 1024 830 vel
1043 794 1204 840 gemitus
1225 802 1280 831 est
1300 795 1389 831 effe-

330 851 409 880 ctus
437 844 614 891 tristitiae,
644 846 693 882 ita
721 846 816 883 risus
846 854 901 883 est
931 846 1088 883 effectus
1108 847 1280 884 laetitiae.
1311 848 1388 885 Sed

329 896 422 932 risus
450 909 528 934 non
557 898 690 934 minuit
717 899 908 936 laetitiam.
943 900 1045 947 Ergo
1074 899 1185 936 fietus
1213 913 1292 937 non
1319 901 1389 949 mi-

328 949 417 995 tigat
444 949 640 987 tristitiam.

382 1002 415 1037 3.
438 1003 669 1050 PRAETEREA,
690 1003 728 1040 in
748 1004 840 1040 fletu
861 1013 1164 1053 repraesentatur
1179 1006 1289 1042 nobis
1309 1018 1389 1042 ma-

326 1054 404 1089 lum
434 1055 670 1092 contristans.
705 1057 782 1093 Sed
811 1057 1027 1105 imaginatio
1057 1058 1110 1094 rei
1138 1058 1388 1094 contristantis

327 1114 438 1153 auget
465 1107 670 1145 tristitiam:
701 1109 796 1146 sicut
828 1110 1047 1158 imaginatio
1083 1111 1136 1147 rei
1169 1111 1388 1148 delectantis

326 1167 438 1206 auget
468 1160 658 1198 laetitiam.
697 1163 799 1210 Ergo
832 1163 984 1200 videtur
1017 1163 1121 1211 quod
1159 1163 1270 1200 fietus
1307 1176 1386 1200 non

326 1220 469 1259 m1t1get
496 1220 689 1251 trist1t1am.

379 1265 453 1301 SED
483 1278 627 1303 CONTRA
659 1279 725 1318 nsr
753 1268 858 1316 quod
885 1268 1119 1316 Augustinus
1149 1269 1247 1316 dicit,
1268 1269 1307 1306 in
1336 1270 1387 1307 lV

330 1318 495 1366 Confess.
516 1319 546 1366 ³¹⁶,
578 1320 680 1368 quod
701 1320 855 1369 quando
877 1321 1030 1358 dolebat
1050 1321 1096 1359 de
1117 1330 1240 1359 morte
1260 1322 1384 1371 amici,

324 1371 361 1407 in
389 1371 475 1408 solis
501 1373 700 1421 gemitibus
715 1371 730 1402 β
749 1379 785 1409 et
800 1373 982 1422 lacrymis
1001 1380 1085 1412 erat
1101 1374 1137 1411 ei
1153 1375 1385 1424 aliquantula

324 1435 480 1472 requzeS.

375 1477 600 1515 REsponmzo
628 1490 812 1516 DmENDuM
837 1479 942 1528 quod
961 1480 1151 1528 lacrymae
1172 1488 1208 1518 et
1225 1481 1385 1528 gemitus

323 1530 539 1574 naturaliter
565 1530 736 1579 mitigant
763 1531 960 1570 tristitiam.
991 1533 1040 1569 Et
1067 1534 1142 1570 hoe
1171 1533 1309 1582 duplici
1330 1546 1385 1571 ra-

322 1581 438 1620 tione.
468 1584 599 1620 Primo
629 1584 798 1633 quidem,
828 1585 917 1633 quia
946 1598 1062 1622 omne
1090 1586 1273 1623 nocivum
1293 1587 1386 1624 inte-

322 1635 399 1671 rius
428 1636 600 1673 clausum
629 1638 750 1686 magis
779 1637 920 1686 affligit,
951 1638 1041 1686 quia
1069 1639 1190 1687 magis
1210 1640 1386 1689 multipli-

323 1696 428 1725 catur
455 1689 612 1727 intentio
641 1691 792 1728 animae
826 1691 924 1729 circa
952 1691 1098 1740 ipsum:
1128 1692 1196 1729 sed
1230 1693 1383 1741 quando

322 1742 371 1778 ad
400 1742 584 1780 exteriora
614 1742 846 1792 diffunditur,
875 1752 965 1782 tunc
993 1745 1141 1782 animae
1161 1745 1316 1782 intentio
1336 1746 1385 1782 ad

323 1794 507 1832 exteriora
527 1796 818 1844 quodammodo
840 1797 1084 1845 disgregatur,
1106 1805 1142 1834 et
1161 1798 1213 1834 sic
1231 1797 1386 1834 interior

323 1847 432 1884 dolor
459 1847 651 1887 minuitur.
673 1850 723 1886 Et
745 1858 902 1898 propter
926 1851 1012 1897 hoc,
1034 1850 1188 1899 quando
1209 1851 1385 1887 homines

321 1899 386 1947 qui
415 1909 501 1938 sunt
519 1901 558 1938 in
585 1901 751 1949 tristitiis,
773 1902 935 1939 exterius
961 1915 1071 1939 suam
1099 1902 1284 1939 tristitiam
1304 1916 1384 1940 ma-

321 1952 496 1990 nifestant
522 1955 584 1991 vel
612 1955 704 1991 fletu
734 1963 797 1991 aut
825 1955 985 2003 gemitu,
1014 1955 1076 1992 vel
1106 1955 1219 1992 etiarn
1248 1956 1381 2004 verbo,

321 2005 511 2053 mitigatur
534 2007 688 2045 tristitia.
710 2029 733 2035 -
755 2008 947 2054 Secundo,
969 2007 1058 2057 quia
1076 2020 1230 2057 semper
1249 2021 1383 2058 opera-

320 2058 372 2094 tio
407 2060 638 2098 conveniens
665 2061 811 2098 homini
845 2060 1059 2098 secundum
1095 2061 1381 2110 dispositionem

320 2110 359 2148 in
387 2125 463 2160 qua
493 2121 558 2162 est,
589 2114 660 2150 sibi
689 2122 744 2151 est
773 2114 1013 2151 delectabilis.
1032 2115 1160 2152 Fletus
1189 2122 1318 2152 autem
1348 2123 1384 2152 et

374 2228 400 2260 α)
416 2229 456 2252 vel
469 2228 591 2260 gemitus.
606 2242 623 2247 —-
635 2228 696 2253 Om.
707 2229 817 2253 codices.
830 2242 847 2246 —
858 2229 908 2253 Pro
923 2229 1027 2258 minuit,
1039 2230 1146 2262 mitigat
1155 2229 1383 2254 ABCDEFGHIL.

374 2261 398 2295 β)
417 2264 566 2296 gemitibus.
584 2278 602 2283 —
620 2264 720 2298 gemitu
740 2265 850 2289 codices.

373 2299 399 2331 γ)
419 2298 451 2323 εἰ.
468 2312 487 2318 -
505 2299 542 2324 eis
560 2299 589 2324 P.

1445 532 1609 578 gemitus
1637 541 1723 570 sunt
1751 534 1942 582 quaedam
1963 537 2204 585 operationes
2234 538 2507 575 convenientes

1445 585 1589 622 tristato
1617 587 1679 623 vel
1700 586 1853 624 dolenti,
1881 589 1929 625 Et
1947 588 2034 626 ideo
2065 590 2279 627 efficiuntur
2309 590 2341 626 ei
2361 595 2376 618 Υ
2405 591 2507 627 dele-

1446 637 1611 674 ctabiles.
1643 639 1742 676 Cum
1772 639 1882 687 igitur
1911 642 2035 678 omnis
2071 643 2269 680 delectatio
2299 643 2508 691 aliqualiter

1445 690 1590 738 mitiget
1617 691 1801 741 tristitiam
1823 694 1896 729 Vvel
1931 694 2125 742 dolorem,
2154 704 2195 733 ut
2223 696 2367 737 dictum
2395 703 2452 742 est
2468 695 2504 743 *,

1444 743 1610 791 sequitur
1629 744 1735 792 quod
1762 757 1832 793 per
1850 746 2043 793 planctum
2063 745 2076 768 δ
2105 754 2141 784 et
2159 748 2342 796 gemitum
2363 748 2506 787 tristitia
2567 777 2572 781 «

1444 803 1644 843 mitigetur.

1495 851 1554 885 An
1575 861 1712 887 PRlMUM
1732 861 1830 887 ERGO
1853 862 2037 888 DICENDUM
2056 851 2077 873 '¹‘
2094 852 2202 899 quod
2220 852 2302 901 ipsa
2320 853 2504 891 habitudo

1445 913 1580 938 causae
1610 902 1657 939 ad
1687 902 1864 939 effectum
1898 904 2147 942 contrariatur
2178 905 2388 943 habitudini
2416 918 2506 942 con-

1443 954 1619 991 tristantis
1639 956 1687 992 ad
1709 956 1989 992 contristatum:
2016 969 2107 993 nam
2128 957 2254 993 omnis
2275 958 2430 995 effectus
2451 965 2506 995 est

1443 1007 1677 1044 conveniens
1697 1020 1787 1044 suae
1808 1021 1956 1055 causae,
1988 1017 2024 1045 et
2051 1022 2119 1058 per
2138 1022 2377 1058 consequens
2397 1018 2453 1047 est
2472 1011 2506 1047 ei

1444 1059 1689 1105 delectabilis;
1712 1061 1933 1097 contristans
1954 1069 2083 1098 autern
2104 1062 2350 1099 contrariatur
2370 1064 2504 1100 contri-

1443 1118 1552 1148 stato.
1573 1113 1623 1148 Et
1650 1112 1737 1148 ideo
1764 1113 1920 1150 effectus
1949 1114 2114 1151 tristitiae
2134 1115 2250 1151 habet
2277 1116 2505 1152 contrariam

1441 1164 1703 1202 habitudinem
1729 1170 1741 1186 Β
1761 1166 1809 1203 ad
1840 1166 2112 1213 contristatum,
2134 1179 2251 1215 quam
2281 1168 2504 1205 contristans

1442 1217 1490 1254 ad
1525 1217 1663 1265 ipsum.
1686 1218 1735 1254 Et
1762 1226 1917 1267 propter
1944 1219 2241 1267 hoq-mitigatur
2267 1220 2409 1257 tristitia
2436 1233 2506 1268 per

1443 1270 1621 1307 effectum
1637 1270 1814 1318 tristitiae,
1828 1272 1971 1309 ratione
1988 1273 2259 1319 contrarietatis
2273 1272 2503 1322 praedictae.

1493 1325 1552 1360 AD
1581 1335 1771 1361 SECUNDUM
1790 1336 1974 1362 DICENDUM
2002 1325 2107 1373 quod
2135 1325 2319 1363 habitudo
2348 1325 2504 1363 effieetus

1441 1375 1490 1414 ad
1519 1389 1673 1414 causam
1709 1384 1764 1413 est
1797 1377 1928 1414 similis
1963 1377 2174 1416 habitudini
2207 1377 2427 1416 delectantis
2455 1378 2505 1416 ad

1442 1428 1689 1466 delectatum:
1720 1430 1809 1478 quia
1837 1430 2042 1478 utrobique
2065 1431 2331 1469 convenientia
2358 1430 2504 1468 inveni-

1440 1489 1510 1522 tur.
1542 1483 1670 1519 Omne
1699 1490 1828 1520 autern
1857 1483 1978 1520 simile
2006 1492 2118 1531 auget
2144 1496 2258 1521 suum
2291 1483 2425 1521 simile.
2454 1484 2504 1520 Et

1440 1535 1526 1572 ideo
1555 1548 1624 1584 per
1653 1536 1771 1572 risum
1800 1543 1837 1572 et
1864 1535 1957 1572 alios
1986 1535 2143 1573 effectus
2166 1536 2326 1573 laetitiae
2345 1544 2504 1584 augetur

1440 1588 1598 1625 laetitia:
1635 1588 1706 1625 nisi
1738 1589 1833 1625 forte
1868 1600 1938 1636 per
1973 1588 2148 1625 accidens
2176 1587 2208 1636 ζ,
2246 1596 2404 1637 propter
2441 1601 2503 1626 ex-

1441 1654 1604 1678 cessum.

1492 1695 1551 1730 Αι)
1577 1704 1737 1729 TER-num
1766 1704 1949 1729 mcaNDUM
1979 1692 2084 1741 quod
2102 1692 2321 1740 imaginatio
2341 1692 2394 1730 rei
2414 1705 2503 1731 con-

1439 1745 1629 1792 tristantis,
1659 1752 1844 1793 quantum
1874 1753 1928 1782 est
1957 1745 2005 1782 de
2030 1757 2082 1792 se,
2103 1753 2190 1782 nata
2210 1753 2267 1782 est
2285 1758 2424 1794 augere
2443 1745 2504 1782 tri-

1440 1798 1598 1835 stitiam:
1629 1798 1698 1835 sed
1726 1810 1772 1834 ex
1800 1798 1874 1834 hoc
1893 1797 1977 1846 ipso
2003 1799 2109 1846 quod
2136 1799 2257 1836 homo
2276 1798 2504 1847 imaginatur

1440 1851 1544 1900 quod
1581 1851 1667 1888 facit
1705 1850 1795 1887 illud
1831 1851 1935 1900 quod
1972 1851 2150 1888 convenit
2185 1851 2256 1888 sibi
2289 1851 2503 1898 secundum

1439 1904 1555 1940 talem
1583 1911 1734 1951 statum,
1761 1903 1952 1951 consurgit
1971 1904 2059 1942 inde
2079 1904 2270 1953 quaedam
2290 1903 2501 1951 delectatio,

1439 1957 1488 1993 Et
1517 1957 1653 1993 eadem
1678 1955 1834 2005 ratione,
1855 1957 1885 1994 si
1906 1956 2017 1994 alicui
2035 1958 2215 2006 subrepat
2233 1958 2330 1994 risus
2348 1957 2388 1995 in
2407 1964 2504 1997 statu

1438 2009 1477 2046 in
1506 2022 1583 2058 quo
1611 2009 1762 2046 videtur
1790 2009 1860 2046 sibi
1889 2022 1973 2047 esse
2000 2011 2221 2058 lugendum,
2242 2022 2288 2046 ex
2315 2010 2391 2046 hoc
2415 2009 2502 2058 vipso

1439 2062 1558 2109 dolet,
1589 2070 1770 2110 tanquam
1799 2062 1910 2100 faciat
1938 2062 1976 2099 id
2004 2063 2111 2112 quod
2143 2075 2223 2100 non
2251 2061 2441 2110 convenit,
2462 2070 2504 2109 ut

1438 2115 1587 2152 Tullius
1616 2115 1714 2162 dicit,
1744 2115 1782 2152 in
1811 2115 1860 2152 111
1890 2115 1936 2152 de
1967 2116 2003 2152 T
2000 2115 2114 2152 uscul.
2140 2115 2423 2163 Quaestionibus
2442 2116 2485 2161 ἢ,

1490 2228 1515 2261 δ)
1529 2230 1678 2260 planctum.
1696 2243 1714 2247 —
1725 2231 1820 2263 fletum
1842 2229 1951 2254 codices.

1490 2264 1512 2296 ε)
1532 2264 1722 2291 habitudinem.
1740 2278 1759 2283 —
1778 2265 1865 2298 magis
1884 2265 1981 2288 addunt
1999 2264 2048 2293 PF.
2068 2265 2139 2297 quod
2157 2265 2178 2289 Ε
2198 2264 2269 2297 ponit
2287 2270 2345 2290 ante
2363 2265 2448 2291 habet.

1490 2299 1515 2331 ζ)
1534 2300 1666 2324 accidens.
1683 2314 1702 2318 —
1721 2300 1860 2324 minuatur
1878 2299 1948 2324 addit
1966 2300 1995 2324 F.

1124 2445 1439 2486 ARTICULUS
1467 2444 1695 2486 TERTIUS

574 2537 728 2568 UTRUM
752 2536 903 2568 DOLOR
926 2537 984 2567 ET
1008 2536 1227 2567 TRISTITIA
1250 2535 1525 2567 M1T1GENTUR
1547 2536 1630 2566 PER
1654 2535 1988 2567 COMPAssloNEM
2011 2535 2246 2567 AM1CORUM

757 2616 786 2640 In
808 2615 851 2640 Iob
871 2623 928 2648 cap.
946 2622 974 2645 11,
994 2615 1052 2640 lect.
1070 2622 1105 2645 11;
1124 2622 1180 2647 cap.
1198 2622 1248 2644 xvr.
1267 2615 1324 2640 lect.
1344 2621 1366 2644 13
1386 2615 1472 2644 Rom„
1493 2622 1547 2646 cap.
1566 2622 1609 2643 xu,
1629 2614 1687 2639 lect.
1706 2621 1748 2644 1113
1768 2614 1801 2638 IX
1821 2614 1915 2643 Ethic„
1937 2615 1995 2639 lect.
2013 2621 2066 2639 xm.

533 2717 556 2742 D
584 2716 743 2741 ’marium
762 2716 815 2741 stc
835 2716 1073 2742 paocamwa.
1099 2704 1259 2742 Videtur
1277 2704 1383 2752 quod

506 2758 644 2795 dolor
681 2757 794 2794 amici
832 2757 1096 2806 compatientis
1129 2770 1208 2794 non
1242 2757 1385 2805 mitiget

438 2842 459 2854 a

379 2839 476 2896 &sim
490 2856 523 2899 K
535 2871 621 2900 sunt
640 2863 808 2900 effectus.
826 2864 904 2900 Sed
923 2863 1019 2900 sicut
1033 2863 1264 2911 Augustinus
1285 2862 1384 2909 dicit,

322 2916 409 2952 VIII
435 2916 600 2963 Confess.
621 2916 656 2953 *ε
689 2917 848 2958 Quando
877 2928 963 2953 cum
983 2917 1108 2953 multis
1125 2917 1326 2966 gaudetur,
1347 2916 1383 2952 in

322 2969 480 3018 singulis
500 2970 650 3006 uberius
669 2975 723 3006 est
734 2969 940 3019 gaudium:
969 2970 1057 3018 quia
1065 2971 1224 3018 fervere
1238 2969 1388 3016 faciunt

322 3034 377 3067 se,
406 3027 443 3058 et
468 3022 752 3071 inflammantur
778 3035 828 3059 ex
854 3022 1046 3060 alterutro.
1076 3023 1191 3070 Ergo,
1220 3022 1302 3071 pari
1330 3033 1386 3059 ra-

324 3074 427 3111 tione
448 3079 480 3121 “,
510 3075 664 3122 quando
699 3075 807 3112 multi
844 3075 955 3112 simul
992 3075 1201 3122 tristantur,
1235 3075 1386 3112 videtur

325 3127 431 3176 quod
459 3127 505 3164 sit
533 3128 655 3164 maior
682 3128 835 3165 tristitia.

380 3192 414 3216 2.
440 3181 674 3228 PRAETEREA,
703 3182 777 3217 hoc
805 3182 961 3230 requirit
988 3180 1163 3228 amicitia,
1184 3188 1225 3219 ut
1244 3180 1386 3218 amoris

324 3233 450 3270 vicem
470 3234 555 3282 quis
575 3234 769 3282 rependat,
790 3242 830 3271 ut
850 3235 1084 3282 Augustinus
1104 3234 1202 3281 dicit,
1219 3234 1271 3271 IV
1290 3234 1386 3271 Con-

318 3287 408 3332 fess.
438 3285 458 3307 *
487 3287 564 3323 Sed
604 3286 748 3323 amicus
787 3288 994 3324 condolens
1032 3288 1135 3324 dolet
1169 3287 1216 3324 de
1255 3286 1386 3323 dolore

326 3339 437 3375 amici
467 3339 639 3377 dolentis.
669 3341 771 3387 Ergo
801 3340 881 3389 ipse
911 3341 1020 3377 dolor
1044 3340 1154 3376 amici
1183 3339 1388 3376 condolen-

325 3391 370 3428 tis
391 3399 445 3428 est
465 3405 578 3429 causa
598 3392 721 3429 amico
743 3393 846 3441 prius
867 3393 1008 3429 dolenti
1028 3393 1074 3429 de
1094 3393 1250 3442 proprio
1271 3393 1386 3438 malo,

340 2809 453 2858 ’,ἰὴν

1437 2703 1588 2740 alterius
1618 2702 1770 2740 doloris.
1792 2703 1842 2739 Et
1868 2702 1933 2750 sic,
1959 2702 2151 2751 duplicato
2179 2703 2324 2751 dolore,
2353 2703 2504 2742 videtur

1438 2756 1581 2793 tristitia
1609 2767 1789 2793 crescere.

1495 2810 1529 2846 3.
1559 2810 1796 2855 PRAETEREA,
1826 2820 1942 2845 omne
1971 2809 2115 2846 malum
2143 2808 2255 2846 amici
2284 2816 2339 2846 est
2367 2809 2503 2847 contri-

1440 2869 1554 2909 stans,
1583 2861 1679 2898 sicut
1699 2869 1734 2898 et
1753 2862 1899 2899 malum
1919 2861 2137 2910 proprium:
2167 2874 2259 2899 nam
2287 2863 2433 2900 amicus
2451 2868 2506 2900 est

1440 2915 1535 2952 alter
1554 2915 1630 2963 ipse
1648 2914 1679 2951 ²¹³.
1702 2915 1779 2951 Sed
1798 2914 1908 2952 dolor
1928 2922 1983 2952 est
2002 2915 2200 2963 quoddam
2218 2915 2376 2952 malum.
2399 2916 2501 2963 Ergo

1441 2969 1552 3005 dolor
1588 2967 1700 3004 amici
1735 2967 1973 3005 condolentis
2010 2975 2123 3015 auget
2158 2967 2343 3005 tristitiam
2375 2968 2501 3007 amico

1441 3021 1502 3058 cui
1530 3022 1764 3058 condoletur.

1495 3075 1569 3111 SED
1595 3085 1740 3111 CONTRA
1766 3085 1831 3110 EST
1859 3073 1964 3122 quod
1988 3073 2244 3122 Philosophus
2274 3073 2372 3121 dicit,
2392 3074 2430 3111 in
2450 3074 2502 3115 IX

1439 3129 1558 3164 Ethic.
1579 3127 1610 3174 ²⁸,
1632 3126 1737 3176 quod
1765 3126 1804 3163 in
1831 3125 1982 3162 tristitiis
2006 3127 2152 3163 amicus
2181 3127 2389 3164 condolens
2413 3139 2503 3164 con-

1441 3182 1592 3217 solatur.
2432 3223 2433 3226 Ἰ

1494 3235 1719 3270 RESPONDEO
1757 3243 1942 3269 mcannuu
1976 3231 2081 3280 quod
2116 3231 2332 3270 naturaliter
2358 3230 2502 3270 amicus

1444 3287 1652 3322 condolens
1672 3285 1709 3322 in
1738 3284 1901 3330 tristitiis,
1923 3292 1978 3320 est
1998 3285 2265 3322 consolativus.
2289 3285 2405 3322 Cuius
2434 3284 2501 3321 du-

1442 3339 1580 3388 plicem
1604 3339 1789 3375 rationem
1811 3337 1928 3385 tangit
1951 3337 2207 3386 Philosophus
2226 3337 2264 3374 in
2285 3338 2335 3374 IX
2349 3337 2467 3374 Ethic.
2481 3337 2501 3356 ⁴*

1443 3392 1618 3438 Quarum
1647 3391 1770 3440 prima
1800 3398 1855 3427 est
1882 3389 1981 3439 quia,
2013 3403 2100 3427 cum
2130 3392 2178 3428 ad
2206 3389 2389 3427 tristitiam
2417 3401 2502 3437 per-

379 3496 407 3528 α)
426 3497 538 3522 ratione.
556 3512 575 3516 -
593 3498 698 3523 videtur
721 3498 792 3530 quod
815 3498 911 3522 addunt
930 3498 1156 3522 ABCDEFGHlL.
1178 3498 1227 3521 Pro
1246 3498 1352 3522 videtur
1370 3497 1448 3529 quod,
1470 3497 1540 3528 quod
1558 3496 1776 3525 ABCDEHlLsG,
1797 3496 1903 3520 videtur
1921 3496 1970 3528 pG,
1989 3503 2042 3520 om.
2062 3495 2090 3520 F.

2637 592 2654 618 t

2534 704 2544 712 ·
2558 703 2611 724 Art.
2626 703 2732 730 praeced.

2633 747 2647 772 ὃ

2613 859 2746 880 Commeat.

2625 888 2687 912 post.
2701 888 2746 907 art.

2600 917 2631 932 m.
2647 917 2664 932 ι.

2534 860 2542 868 α
2549 859 2569 879 xl

2533 885 2573 907 cai

2570 859 2607 880 ide

2576 889 2605 906 et.

2532 918 2551 939 5,
2567 917 2597 932 nu

2529 2118 2541 2129 ⁴
2555 2117 2612 2146 cap.
2627 2123 2701 2140 xxvix.

2532 2929 2544 2941 ⁸
2554 2929 2591 2952 ef.
2599 2929 2699 2952 Aristot.
2710 2929 2743 2952 Ε-

2533 2955 2587 2978 mic.
2594 2955 2680 2981 timui.
2689 2961 2740 2984 cap.

2531 2988 2563 3030 ἔῖ]
2573 2987 2740 3030 ¹1¹6.⁵i⁰}!’'†¹31

2478 3047 2479 3050 =
2530 3035 2582 3056 lect.
2595 3040 2628 3060 1v‚·
2638 3040 2671 3056 11.

2529 3135 2740 3184 {Pata-‚tzar

2529 3345 2538 3355 ⁸
2554 3344 2612 3367 Ibid.
2627 3350 2650 3366 n.
2664 3350 2684 3366 2.
