2852 4152
124 1182 134 1192 *
141 1180 270 1207 Enchirid„
282 1186 332 1207 cap.

123 1213 187 1255 Hbc.-
194 1233 247 1254 Div.
257 1232 332 1259 Nom„

123 1266 174 1287 cap.
193 1266 222 1280 ιν.
233 1269 243 1274 -
254 1259 278 1281 S.
287 1259 332 1280 Th.

122 1288 174 1309 lect.
188 1292 245 1307 xxu.

125 3037 135 3046 '
150 3035 200 3057 Art.
215 3035 320 3063 praeced.

375 191 443 226 132

367 271 506 307 habeat
534 269 744 315 obiectum;
774 269 842 305 sed
862 268 950 318 quia
977 270 1093 306 habet
1119 269 1313 306 obiectum
1347 281 1426 305 non

369 322 601 360 conveniens
629 321 773 369 rationi,
804 322 898 358 sicut
925 322 1053 358 tollere
1080 322 1211 359 aliena.
1242 321 1353 358 Unde
1373 322 1426 358 in-

366 383 552 426 quantum
587 375 779 412 obiectum
818 383 873 411 est
910 375 1049 423 aliquid
1085 373 1267 423 positive,
1300 381 1426 424 potest

367 429 592 466 constituere
621 427 787 476 speciem
817 428 905 464 mali
933 435 1048 464 actus.

372 529 374 531 q
419 484 477 519 AD
505 493 664 519 TERTIUM
692 493 875 518 mcENDUM
904 480 1008 528 quod
1036 486 1142 516 actus
1162 477 1369 524 coniugalis
1389 484 1425 514 et

366 534 606 581 adulterium,
636 534 846 571 secundum
875 533 980 580 quod
1009 537 1279 578 comparantur
1300 530 1349 566 ad
1369 542 1425 566 ra-

364 588 520 634 tionem,
551 587 729 624 differunt
749 585 885 635 specie,
907 591 942 620 et
960 584 1101 620 habent
1122 583 1278 619 effectus
1297 582 1423 631 specie

365 641 602 678 differentes:
633 639 720 688 quia
752 650 872 675 unum
905 648 1038 673 eorum
1076 642 1243 672 meretur
1269 635 1423 672 laudem

365 701 402 731 et
428 693 656 742 praemium,
688 691 786 729 aliud
812 689 1043 737 vituperium
1074 696 1109 725 et
1136 701 1315 737 poenam.
1348 688 1425 726 Sed

363 746 576 783 secundum
608 745 713 794 quod
746 750 1016 791 comparantur
1048 741 1097 779 ad
1124 741 1334 790 potentiam
1363 754 1425 789 ge-

1044 191 1309 238 QUAESTIO
1340 192 1480 238 XVIII,
1509 191 1805 228 ARTICULUS
1833 192 1883 227 VI

1481 269 1712 316 nerativam,
1742 281 1822 305 non
1855 269 2032 307 differunt
2065 271 2202 320 specie.
2232 272 2281 308 Et
2309 271 2362 308 sic
2397 271 2540 308 habent

1479 333 1600 358 unum
1630 322 1807 358 effectum
1837 323 2047 360 secundum
2077 325 2254 372 speciem.
2530 336 2532 339 ·

1532 375 1591 410 AD
1607 386 1779 416 QUARTUM
1799 385 1982 412 DICENDUM
2001 377 2105 424 quod
2125 376 2400 414 circumstantia
2419 389 2538 425 quan-

1480 426 1608 473 doque
1643 427 1804 463 sumitur
1830 434 1872 463 ut
1900 426 2109 467 differentia
2146 429 2350 467 essentialis
2379 429 2537 477 obiecti,

1479 478 1691 516 secundum
1712 479 1817 527 quod
1836 480 1883 517 ad
1903 480 2088 519 rationem
2109 490 2366 531 comparatur:
2394 490 2537 520 et-tunc

1477 538 1602 578 potest
1627 531 1717 567 dare
1746 532 1913 580 speciem
1933 534 2031 570 actui
2050 535 2197 572 morali.
2228 536 2277 573 Et
2295 536 2370 572 hoc
2389 542 2539 583 oportet

1479 595 1586 630 esse,
1631 584 1954 634 quandocumque
1997 587 2274 625 circumstantia
2314 595 2539 625 transmutat

1479 643 1606 672 actum
1644 636 1691 673 de
1729 637 1895 675 bonitate
1928 638 1966 675 in
1994 639 2198 677 malitiam:
2228 653 2306 678 non
2335 640 2435 677 enim
2471 640 2538 681 cir-

1481 689 1706 726 cumstantia
1733 690 1872 728 faceret
1899 694 2222 741 actummalum,
2251 693 2323 731 nisi
2358 705 2428 743 per
2463 693 2538 731 hoc

1479 742 1584 790 quod
1613 742 1748 779 rationi
1776 752 1972 792 repugnat.
2080 743 2082 746 ’

1032 829 1363 862 Commentaria.
1385 828 1635 862 Car-(linaiis
1656 829 1856 862 Caietam

428 923 498 944 IRCA
525 912 674 953 quintum
702 908 871 939 articulum
898 908 993 942 huius
1025 907 1294 938 decimaeoctavae
1323 917 1418 948 quae-

366 925 547 991 Cstionis,
566 962 596 985 et
618 953 792 994 specialiter
814 952 847 982 in
869 951 1075 992 responsione
1094 951 1134 982 ad
1155 952 1341 988 secundum,
1362 952 1419 981 du-

361 1002 451 1032 bium
474 1009 626 1039 magnum
643 997 882 1028 dilucidandum
905 1003 959 1032 est,
977 996 1143 1036 quomodo
1160 1002 1241 1026 stant
1259 996 1335 1026 haec
1355 997 1420 1026 duo

362 1045 470 1080 simul,
494 1043 626 1085 scilicet:
650 1041 862 1082 Differentiae
888 1040 1061 1071 secundum
1086 1040 1200 1070 bonum
1225 1045 1255 1069 et
1277 1039 1418 1076 malum,

361 1090 556 1120 constituunt
578 1087 744 1117 distinctas
768 1090 797 1115 et
821 1086 1001 1115 contrarias
1023 1085 1142 1124 species
1160 1089 1289 1113 actuum
1314 1092 1419 1113 mora-

361 1134 449 1170 lium,
467 1139 510 1163 et:
530 1131 655 1161 Malum
672 1140 734 1160 non
752 1134 798 1159 est
815 1134 933 1159 natura
947 1129 1067 1168 aliqua,
1082 1128 1139 1157 sed
1155 1127 1242 1164 nihil,
1259 1134 1295 1157 ut
1309 1129 1420 1166 Augu-

360 1177 484 1208 stinus*
500 1183 530 1206 et
543 1170 716 1215 Dionysius
727 1173 762 1192 **
773 1173 891 1203 dicunt.
910 1172 941 1203 Si
958 1172 1043 1202 enim
1058 1177 1145 1201 actus
1161 1171 1289 1200 moralis
1305 1171 1418 1207 malus,

360 1228 437 1262 puta
465 1218 715 1259 intemperantia,
732 1217 850 1257 species
872 1223 918 1247 est
941 1216 1046 1255 aliqua
1068 1215 1148 1245 inter
1164 1215 1247 1245 entia
1267 1215 1420 1246 contraria

360 1265 474 1305 speciei
498 1262 731 1303 temperantiae,
755 1261 835 1291 sicut
850 1260 980 1300 nigredo
1004 1258 1149 1294 albedini,
1167 1259 1308 1299 sequitur
1331 1260 1420 1300 quod

362 1309 531 1340 differentia
554 1307 628 1337 mali
645 1313 690 1336 est
714 1311 824 1335 natura
847 1304 961 1344 aliqua,
982 1309 1013 1333 et
1035 1313 1100 1333 non
1120 1303 1270 1342 privatio:
1299 1309 1420 1334 constat

361 1354 446 1384 enim
459 1352 547 1393 quod
561 1350 695 1391 privatio
708 1348 827 1379 nullam
844 1354 950 1388 potest
961 1347 1151 1378 constituere
1171 1347 1307 1387 speciem
1331 1354 1419 1378 actus

361 1404 415 1428 aut
437 1397 561 1427 habitus
585 1401 639 1425 aut
663 1393 816 1433 cuiusque
839 1392 893 1422 rei.
911 1392 943 1423 Si
967 1398 1074 1423 autem
1097 1391 1219 1422 malum
1242 1393 1419 1422 secundum

359 1449 461 1473 totam
484 1450 572 1471 suam
602 1438 770 1470 formalem
793 1436 1006 1472 latitudinem,
1033 1435 1167 1476 privatio
1193 1435 1334 1476 nihilque
1359 1443 1418 1473 est,

360 1486 448 1516 nulla
471 1483 527 1515 erit
549 1484 580 1514 in
597 1482 770 1513 moralibus
793 1481 868 1511 mali
884 1480 1002 1521 species
1026 1479 1161 1520 positiva
1185 1478 1237 1522 (de
1260 1479 1318 1510 hac
1334 1480 1418 1510 enirn

359 1526 555 1570 loquimur):
579 1537 614 1558 ac
638 1536 693 1567 per
715 1526 786 1561 hoc,
811 1525 897 1554 nulla
919 1534 991 1555 vere
1012 1531 1042 1555 et
1064 1524 1191 1565 proprie
1220 1524 1419 1555 contrarietas

359 1575 440 1605 inter
463 1580 569 1604 actum
592 1571 800 1610 habitumque
823 1568 958 1600 iustitiae
982 1575 1013 1598 et
1035 1567 1219 1604 iniustitiae,
1241 1575 1419 1608 temperan-

359 1619 420 1649 tiae
437 1624 467 1648 et
482 1614 754 1656 intemperantiae:
775 1614 864 1654 quod
883 1619 929 1644 est
952 1618 1060 1643 contra
1077 1621 1282 1643 communem
1305 1613 1418 1644 doctri-

359 1673 444 1694 nam.
460 1662 595 1702 Oportet
614 1659 700 1690 enim
715 1666 887 1698 utrumque
904 1657 1142 1693 contrariorum,
1160 1663 1196 1687 ut
1211 1657 1263 1694 sic,
1281 1666 1348 1687 esse
1364 1667 1418 1688 ens

360 1706 534 1748 positivum
557 1703 739 1739 formaliter,
758 1709 788 1735 et
810 1711 876 1732 non
899 1708 1024 1732 tantum
1047 1700 1226 1731 subiective.

416 1751 452 1781 II.
473 1749 524 1780 Ad
541 1748 711 1778 claritatem
726 1746 820 1777 huius
846 1746 996 1776 obscurae
1012 1744 1211 1780 difficultatis,
1236 1744 1314 1775 scito
1330 1745 1419 1786 quod

361 1795 461 1826 dicere
485 1803 551 1823 non
574 1793 737 1827 auderem,
762 1789 822 1820 nisi
841 1799 984 1829 expressa
1012 1789 1075 1819 divi
1098 1788 1243 1819 Thomae
1267 1789 1419 1819 sententia

360 1839 522 1873 inIParte,
539 1847 592 1877 qu.
606 1846 710 1871 xnvm,
725 1841 780 1865 art.
799 1845 824 1870 1,
836 1834 875 1863 ad
890 1843 918 1870 2,
932 1839 963 1863 et
973 1833 1006 1863 in
1019 1833 1059 1863 111
1075 1833 1166 1863 Cont.
1180 1833 1283 1870 Gent„
1297 1843 1364 1873 cap.
1378 1843 1417 1869 ix,

361 1883 539 1923 explicaret,
565 1880 652 1920 quod
675 1879 726 1909 hic
749 1878 899 1917 tangitur,
925 1877 1042 1907 scilieet
1063 1877 1152 1920 quod
1174 1877 1296 1907 malum
1319 1886 1418 1916 genus

360 1934 391 1958 et
413 1924 583 1956 differentia
599 1924 631 1953 in
651 1922 834 1957 moralibus,
856 1921 1029 1952 formaliter
1052 1928 1098 1952 est
1121 1930 1175 1950 ens
1191 1920 1366 1960 positivum
1389 1927 1419 1951 et

359 1972 482 2001 bonum
501 1969 534 1998 in
558 1978 600 2004 se,
616 1966 760 2007 quamvis
780 1965 819 1996 sit
841 1965 963 1995 malum
982 1964 1106 1994 homini
1130 1965 1306 1994 secundum
1325 1965 1418 1995 ratio-

359 2022 446 2044 nem:
471 2013 552 2043 sicut
574 2012 677 2042 forma
700 2009 818 2040 mortui
842 2016 888 2039 est
911 2009 1075 2049 quoddam
1103 2018 1158 2038 ens
1188 2014 1218 2038 et
1240 2008 1363 2038 bonum
1385 2008 1418 2038 in

360 2068 410 2094 se,
435 2056 580 2098 quamvis
610 2055 650 2085 sit
672 2054 794 2084 malum
815 2053 899 2083 vivo.
925 2053 981 2084 Est
1009 2052 1115 2093 itaque
1138 2051 1308 2083 iniustitiae
1331 2059 1419 2082 actus

360 2110 390 2133 et
412 2101 552 2139 habitus,
583 2099 758 2130 secundum
783 2107 874 2128 suam
897 2097 1033 2137 speciem
1056 2097 1225 2133 moralem,
1247 2096 1419 2127 formaliter

359 2156 414 2177 ens
438 2145 621 2185 positivum,
646 2150 677 2174 et
700 2142 893 2173 contrarium
916 2141 1061 2172 iustitiae.

413 2191 478 2220 Nec
503 2199 539 2219 ex
562 2188 624 2218 hoc
646 2187 788 2228 sequitur
806 2187 895 2226 quod
914 2186 1036 2215 malum
1051 2185 1090 2215 sit
1110 2191 1220 2215 natura
1237 2184 1342 2225 aliqua
1364 2192 1420 2215 aut

360 2243 431 2265 ens:
457 2234 512 2263 sed
526 2231 745 2273 aequivocatio
770 2230 911 2261 accidens
930 2229 981 2260 hic
998 2229 1221 2259 obscuritatem
1237 2228 1326 2268 parit.
1346 2229 1418 2259 Ma-

1477 908 1543 939 lum
1569 909 1654 939 enim
1677 909 1890 950 aequivocum
1914 915 1960 939 est
1982 910 2022 939 ad
2045 909 2168 940 malum
2190 921 2261 945 vere
2284 919 2315 943 et
2337 912 2481 957 proprie;
2507 919 2537 944 et

1476 952 1516 982 ad
1531 952 1653 983 malum
1669 963 1778 993 genus,
1795 952 1982 984 differentias
1999 960 2029 983 et
2045 953 2162 993 species
2178 955 2357 987 moralium.
2380 957 2442 987 Pro
2459 967 2535 997 qu0‚

1476 1003 1553 1026 nota
1576 997 1664 1037 quod
1692 997 1814 1027 malum
1847 997 1990 1027 absolute
2014 998 2192 1038 loquendO,
2217 998 2369 1038 significat
2389 1001 2537 1041 privatio-

1477 1050 1551 1070 nem
1574 1040 1650 1070 boni
1675 1040 1780 1076 debiti,
1805 1042 1942 1080 quando,
1958 1042 2051 1079 sicut,
2070 1049 2127 1072 etc.
2147 1042 2270 1072 Malum
2286 1050 2392 1074 autem
2414 1044 2447 1074 in
2467 1054 2536 1075 mo-

1476 1083 1592 1114 ralibus
1622 1084 1816 1124 quandoque
1841 1084 1994 1124 significat
2021 1085 2231 1124 privationem
2254 1087 2330 1116 boni
2360 1088 2536 1118 secundum

1475 1127 1631 1158 rationem
1655 1128 1760 1164 debiti,
1785 1129 1923 1168 quando,
1947 1129 2039 1166 sicut,
2064 1136 2132 1166 etc„
2149 1129 2231 1160 actui
2254 1130 2395 1161 humano
2418 1132 2468 1162 vel
2483 1132 2536 1161 ha-

1476 1172 1572 1202 bitui:
1597 1173 1792 1212 quandoque
1808 1179 1915 1203 autem
1932 1172 2085 1212 significat
2100 1183 2154 1203 ens
2172 1174 2364 1204 contrarium
2379 1175 2462 1206 actui
2487 1175 2538 1205 vel

1476 1216 1600 1246 habitui
1623 1216 1766 1246 humano
1790 1216 1887 1247 bono.
1913 1217 1957 1247 Ita
1980 1218 2070 1257 quod
2092 1217 2172 1248 inter
2188 1217 2449 1257 significationem
2463 1219 2539 1249 mali

1475 1259 1508 1290 in
1531 1260 1706 1291 moralibus
1730 1267 1761 1291 et
1783 1261 1936 1297 absolute,
1961 1260 2023 1291 hoc
2042 1261 2182 1298 interest,
2200 1262 2287 1302 quod
2302 1263 2423 1292 malum
2446 1263 2538 1293 abso-

1475 1304 1540 1334 lute
1564 1304 1738 1334 formaliter
1766 1311 1812 1334 est
1834 1304 1929 1342 nihil,
1955 1305 2188 1336 denominative
2208 1312 2314 1336 autem
2338 1313 2384 1337 est
2407 1315 2480 1336 ens:
2505 1306 2538 1337 in

1475 1348 1648 1379 moralibus
1671 1354 1779 1379 autem
1801 1348 1933 1385 malum,
1958 1350 2047 1390 quod
2066 1355 2112 1380 est
2133 1359 2205 1389 pars
2226 1349 2536 1390 subiecrivaLmnli-in

1476 1392 1650 1429 communi,
1675 1392 1789 1423 eodem
1811 1393 1911 1423 modo
1934 1403 1967 1423 se
1989 1393 2093 1430 habet,
2117 1393 2234 1424 scilicet
2256 1394 2344 1435 quod
2362 1393 2536 1427 formaliter

1475 1443 1521 1467 est
1544 1436 1641 1472 nihil,
1666 1434 1900 1467 denominative
1927 1446 2002 1467 vero
2027 1443 2073 1467 est
2095 1446 2169 1474 ens;
2194 1438 2248 1468 sed
2271 1444 2392 1478 praeter
2404 1436 2477 1477 hoc,
2501 1438 2535 1469 in

1474 1480 1648 1511 moralibus
1659 1515 1661 1517 v
1671 1480 1766 1510 etiam
1789 1480 1896 1521 ipsum
1916 1490 1970 1511 ens
1986 1480 2158 1511 formaliter
2173 1482 2367 1512 contrarium
2382 1481 2466 1514 actui
2484 1482 2545 1513 vel-

1474 1524 1595 1555 habitui
1623 1525 1709 1554 bono
1734 1524 1906 1560 moraliter,
1931 1531 2062 1555 vocatur
2091 1525 2213 1555 malum
2243 1525 2417 1565 secundum
2442 1535 2535 1556 suam

1474 1569 1621 1609 speciem.
1650 1568 1712 1599 Ubi
1740 1567 1903 1598 manifeste
1931 1574 2017 1608 patet
2044 1568 2271 1608 aequivocatiO.
2299 1569 2357 1599 Est
2381 1569 2477 1609 igitur
2501 1569 2535 1600 in

1474 1613 1646 1643 moralibus
1670 1612 1792 1642 malum
1815 1611 2000 1652 dupliciter:
2026 1612 2142 1643 scilicet
2164 1612 2325 1652 privative,
2350 1619 2380 1644 et
2403 1613 2467 1644 hoe
2489 1619 2535 1645 est

1475 1656 1659 1697 simpliciter
1675 1663 1706 1687 et
1728 1655 1903 1687 formaliter
1921 1656 2053 1693 malum,
2071 1657 2160 1697 quod
2176 1663 2222 1687 est
2236 1656 2324 1693 nihil,
2343 1657 2433 1688 cuius
2447 1657 2535 1689 Deus

1475 1711 1541 1732 non
1558 1707 1603 1731 est
1619 1707 1742 1736 auctor;
1767 1707 1798 1730 et
1814 1700 1976 1737 contrarie,
2001 1707 2032 1731 et
2054 1700 2116 1731 hoc
2132 1706 2178 1731 est
2192 1700 2226 1738 in
2241 1710 2274 1731 se
2290 1701 2422 1738 bonum,
2440 1708 2470 1731 et
2488 1707 2535 1733 est

1475 1755 1493 1775 a
1508 1745 1587 1781 Deo,
1613 1744 1757 1785 quamvis
1776 1744 1909 1784 privatio
1934 1744 1992 1774 sibi
2012 1754 2131 1774 annexa
2147 1753 2165 1774 a
2184 1744 2273 1775 nullo
2289 1744 2370 1775 forte
2388 1745 2436 1781 sit,
2454 1745 2535 1776 sicut

1474 1799 1532 1819 nec
1555 1789 1695 1829 potentia
1718 1788 1996 1828 peccandilquoad
2014 1788 2213 1828 privativum.
2235 1788 2295 1819 Sed
2312 1788 2350 1818 de
2365 1788 2428 1819 hoc
2447 1788 2532 1819 alias.

1533 1833 1584 1863 Ad
1607 1832 1809 1873 propositum
1832 1831 1946 1862 sufficit
1964 1832 2040 1862 haec
2063 1831 2259 1869 intellexisse,
2277 1839 2308 1863 et
2327 1842 2401 1863 cum
2415 1831 2466 1863 his
2482 1843 2534 1863 eo-

1473 1887 1545 1907 rum
1563 1876 1716 1907 radicem:
1739 1876 1855 1906 scilicet
1873 1876 1972 1916 quod,
1989 1876 2063 1916 quia
2079 1876 2187 1907 nullus
2206 1882 2360 1916 operatur
2377 1877 2534 1917 aspiciens

1474 1921 1517 1952 ad
1528 1921 1648 1951 malum
1657 1920 1684 1956 *,
1696 1926 1822 1960 oportet
1837 1920 1870 1949 in
1885 1920 1971 1950 malo
1989 1926 2059 1950 actu
2075 1920 2248 1950 voluntatis
2262 1920 2394 1951 inveniri
2410 1921 2533 1959 bonum

1473 1964 1604 2004 aliquod
1622 1974 1742 2001 verum,
1756 1964 1805 1996 vel
1829 1973 1992 2004 apparens,
2017 1974 2092 1998 cum
2115 1964 2290 2003 privatione
2313 1964 2463 1997 bonitatis
2479 1964 2532 2002 ali-

1474 2008 1564 2039 cuius
1588 2007 1755 2047 spectantis
1779 2007 1819 2038 ad
1841 2014 1958 2037 rectam
1981 2007 2146 2038 rationem.
2170 2008 2211 2039 Et
2233 2018 2292 2048 pro
2309 2015 2429 2049 quanto
2445 2014 2533 2039 actus

1473 2052 1525 2082 ille
1550 2051 1589 2081 ad
1612 2051 1735 2081 bonum
1758 2050 1868 2087 fertur,
1894 2050 2031 2091 speciem
2054 2051 2183 2082 sortitur
2207 2051 2386 2092 positivam,
2408 2061 2448 2089 ,ex
2470 2059 2534 2093 qua

1474 2095 1587 2126 dicitur
1603 2095 1705 2125 malus
1729 2095 1901 2125 contrarie:
1925 2105 1983 2135 pro
2007 2102 2128 2136 quanto
2151 2102 2226 2125 vero
2250 2095 2460 2135 privationem
2476 2096 2533 2126 bo-

1474 2139 1578 2171 nitatis
1602 2139 1724 2170 debitae
1746 2138 1840 2170 habet
1863 2149 2026 2176 annexam,
2051 2145 2098 2170 est
2119 2139 2222 2170 malus
2246 2139 2406 2179 privative.

1533 2184 1584 2214 111.
1602 2184 1636 2213 In
1652 2184 1766 2213 eodem
1781 2183 1924 2220 articulo,
1937 2189 2048 2214 notato
2064 2183 2305 2223 responsionem
2318 2184 2356 2213 ad
2373 2190 2531 2225 quartum,

1475 2234 1511 2258 ut
1535 2227 1708 2267 coniungas
1732 2237 1802 2257 eam
1825 2227 1985 2258 doctrinae
2007 2227 2175 2268 penultimi
2191 2233 2221 2258 et
2243 2227 2348 2259 ultimi
2371 2226 2493 2258 articuli
2504 2227 2531 2258 *.

1171 2363 1487 2405 ARTICULUS
1517 2361 1723 2404 SEXTUS

802 2449 958 2480 UTRUM
981 2448 1123 2479 ACTUS
1146 2448 1322 2478 HABEAT
1349 2446 1531 2479 SPECIEM
1553 2446 1654 2477 ΒΟΝῙ
1678 2446 1763 2476 VEL
1786 2445 1890 2476 MALI
1915 2445 1971 2483 Ex
1993 2445 2091 2476 F1NE

1266 2517 1286 2541 11
1306 2517 1387 2546 Sent..
1409 2517 1466 2541 dist.
1485 2524 1524 2546 x1.‚
1544 2521 1589 2540 art.
1609 2524 1629 2540 1.

570 2613 593 2638 D
613 2611 753 2637 SEXTUM
777 2611 830 2636 stc
859 2599 1098 2635 paoeamr'ua.
1128 2595 1287 2633 Videtur
1315 2596 1419 2645 quod

573 2654 720 2690 bonum
756 2659 792 2688 et
828 2652 973 2688 malum
1011 2651 1117 2699 quod
1155 2657 1210 2686 est
1243 2661 1288 2686 ex
1320 2649 1419 2696 fine,

572 2718 651 2742 non
690 2704 945 2751 diversificent
982 2703 1150 2752 speciem
1186 2702 1224 2739 in
1261 2701 1418 2739 actibus.

402 2620 439 2658 ,ἃ
478 2619 562 2674 a<

410 2660 432 2672 v·
488 2639 548 2694 {ias

547 2692 549 2695 -
556 2700 563 2707 ἢ

514 2770 520 2782 ’
552 2761 690 2796 Actus
719 2757 822 2794 enim
841 2757 984 2794 habent
1003 2756 1170 2805 speciem
1191 2767 1236 2792 ex
1256 2755 1418 2792 obiecto.

363 2813 439 2850 Sed
467 2812 554 2850 finis
583 2818 639 2848 est
665 2818 815 2860 praeter
843 2809 1037 2847 rationem·
1055 2808 1202 2846 obiecti.
1232 2809 1334 2855 Ergo
1355 2809 1421 2845 bo-

361 2878 455 2903 num
484 2873 519 2902 et
545 2866 690 2902 malum
718 2863 824 2912 quod
853 2870 909 2900 est
937 2875 982 2899 ex
1009 2863 1108 2910 fine,
1134 2874 1212 2898 non
1238 2860 1421 2898 diversifi-

363 2927 448 2957 cant
475 2918 643 2967 speciem
671 2925 788 2954 actus.

416 2984 452 3009 2.
476 2973 717 3017 PRAETEREA,
747 2970 786 3007 id
813 2968 918 3019 quod
947 2975 1003 3005 est
1029 2980 1099 3017 per
1127 2966 1314 3014 accidens,
1344 2978 1422 3004 non

364 3024 553 3061 constituit
585 3023 773 3073 speciem,
803 3029 843 3058 ut
871 3021 1014 3058 dictum
1045 3028 1100 3058 est
1118 3020 1148 3057 ²⁸.
1181 3020 1258 3057 Sed
1290 3019 1424 3057 accidit

363 3077 473 3114 alicui
508 3077 606 3114 actui
639 3077 744 3125 quod
773 3074 966 3112 ordinetur
1003 3074 1052 3111 ad
1089 3073 1254 3122 aliquem
1283 3074 1421 3119 finem;

363 3130 458 3167 sicut
486 3129 590 3178 quod
618 3129 750 3177 aliquis
780 3128 842 3165 det
862 3128 1147 3176 eleemosynam
1170 3134 1327 3175 propter
1345 3126 1423 3164 ina-

363 3195 452 3221 nem
481 3182 652 3231 gloriam.
681 3183 782 3229 Ergo
810 3182 1021 3218 secundum
1050 3180 1196 3217 bonum
1221 3187 1257 3216 et
1279 3180 1423 3227 malum

364 3235 469 3286 quod
498 3243 553 3272 est
573 3247 618 3272 ex
636 3235 725 3282 fine,
746 3246 825 3283 non
845 3233 1147 3271 diversificantur
1166 3240 1271 3270 actus
1291 3228 1424 3270 sedun-

365 3290 458 3326 dum
487 3288 666 3337 speciem.
1135 3305 1137 3307 ·

420 3343 454 3379 3.
476 3343 707 3387 PRAETEREA,
730 3338 869 3377 diversi
889 3346 993 3376 actus
1013 3338 1226 3376 secundum
1242 3337 1422 3388 speciem,

365 3395 414 3431 ad
432 3407 553 3431 unum
573 3395 691 3431 finem
711 3392 877 3430 ordinari
896 3399 1075 3440 possunt:
1106 3392 1201 3428 sicut
1229 3391 1277 3428 ad
1305 3391 1423 3428 finem

365 3447 483 3484 inanis
503 3447 644 3495 gloriae
673 3446 837 3483 ordinari
865 3453 1026 3494 possunt
1054 3453 1157 3481 actus
1186 3445 1424 3483 diversarum

365 3499 560 3548 virtutum,
591 3507 626 3536 et
654 3500 893 3537 diversorum
912 3498 1105 3535 vitiorum.
1136 3498 1228 3534 Non
1249 3509 1338 3545 ergo
1358 3497 1426 3533 bo-

1474 2607 1568 2632 num
1599 2602 1634 2631 et
1662 2595 1806 2631 malum
1831 2594 1937 2643 quod
1965 2593 2145 2643 accipitur
2170 2594 2382 2632 secundum
2400 2595 2532 2645 finem,

1476 2647 1705 2686 diversificat
1732 2647 1900 2696 speciem
1929 2654 2094 2690 actuum.

1529 2702 1604 2738 SED
1638 2712 1783 2738 CONTRA
1815 2711 1881 2738 EST
1918 2700 2024 2748 quod
2057 2712 2171 2748 supra
2189 2699 2210 2721 ‘¹‘
2238 2707 2434 2737 ostensum
2467 2707 2534 2748 est,

1476 2754 1582 2803 quod
1605 2761 1709 2790 actus
1737 2753 1896 2794 humani
1923 2753 2066 2791 habent
2084 2752 2252 2802 speciem
2272 2765 2294 2790 a
2313 2753 2402 2790 fine.
2432 2753 2534 2801 Ergo

1475 2808 1621 2844 bonum
1652 2814 1687 2842 et
1714 2806 1859 2843 malum
1893 2806 1998 2854 quod
2031 2805 2211 2855 accipitur
2247 2805 2460 2843 secundum
2491 2805 2535 2843 fi-

1475 2872 1577 2906 nem,
1609 2858 1838 2897 diversificat
1864 2859 2029 2908 speciem
2059 2867 2225 2896 actuum.

1529 2913 1754 2950 RESPONDEO
1775 2924 1960 2950 DICENDUM
1979 2913 2084 2960 quod
2103 2910 2217 2961 aliqui
2237 2918 2342 2948 actus
2362 2911 2537 2949 dicuntur

1476 2965 1646 3014 humani,
1675 2965 1901 3014 inquantum
1929 2972 2016 3002 sunt
2031 2963 2245 3012 voluntarii,
2272 2964 2367 3001 sicut
2385 2976 2500 3014 supra
2516 2963 2536 2986 ³¹¹

1478 3019 1619 3056 dictum
1649 3026 1714 3055 est.
1750 3020 1792 3055 In
1820 3026 1905 3055 actu
1939 3026 2066 3055 autern
2095 3017 2311 3055 voluntario
2348 3016 2537 3054 invenitur

1479 3073 1618 3121 duplex
1646 3079 1761 3118 actus,
1792 3071 1931 3108 scilicet
1959 3078 2063 3108 actus
2090 3070 2245 3108 interior
2263 3069 2480 3117 voluntatis,
2502 3076 2538 3106 et

1478 3133 1583 3162 actus
1612 3124 1791 3163 exterior:
1822 3132 1858 3161 et
1884 3131 2041 3172 uterque
2069 3124 2209 3160 horum
2239 3130 2393 3160 actuum
2420 3123 2535 3161 habet

1479 3191 1591 3215 suum
1629 3177 1833 3215 obiectum.
1871 3176 1974 3214 Finis
2007 3183 2134 3213 autem
2167 3176 2320 3225 proprie
2348 3183 2404 3213 est
2430 3174 2536 3214 obis&-

1479 3239 1582 3268 ctum
1613 3230 1798 3268 interioris
1832 3237 1937 3267 actus
1964 3229 2186 3268 voluntarii:
2215 3229 2253 3266 id
2282 3236 2408 3267 autem
2437 3227 2535 3265 circa

1479 3285 1584 3334 quod
1613 3292 1668 3321 est
1696 3283 1791 3321 actio
1821 3282 1993 3330 exterior,
2016 3290 2071 3319 est
2090 3282 2282 3320 obiectum
2311 3281 2402 3319 eius.
2432 3279 2536 3317 Sicut

1478 3338 1588 3386 igitur
1622 3344 1726 3374 actus
1755 3336 1915 3374 exterior
1946 3335 2082 3384 accipit
2109 3335 2275 3384 speciem
2308 3334 2356 3372 ab
2385 3332 2534 3370 obiecto

1480 3391 1577 3427 circa
1605 3390 1710 3439 quod
1739 3397 1813 3436 est;
1843 3389 1891 3425 ita
1924 3396 2028 3425 actus
2061 3388 2214 3426 interior
2239 3386 2442 3425 voluntatis
2475 3398 2534 3422 ac-

1480 3443 1759 3492 cipitspeciem
1789 3455 1811 3479 a
1837 3442 1930 3489 fine,
1960 3442 2054 3478 sicut
2082 3454 2108 3479 a
2131 3440 2284 3491 proprio
2313 3438 2475 3476 obiecto.

1533 3497 1575 3533 Id
1595 3503 1722 3533 autem
1742 3495 1846 3544 quod
1867 3503 1921 3532 est
1940 3507 1985 3532 ex
2003 3502 2109 3544 parte
2127 3492 2341 3540 voluntatis,
2363 3504 2403 3528 se
2422 3492 2536 3528 habet

2559 1925 2671 1953 ‘Dionym
2680 1925 2710 1947 de
2716 1925 2771 1952 Div-

2552 1950 2641 2000 gm'ffl.
2678 1957 2702 1980 Ρ.
2717 1957 2771 2005 Ἐνῖ

2559 2010 2617 2026 xxn.

2559 2209 2631 2231 avide
2638 2209 2770 2231 Comment.

2560 2235 2632 2257 Caiet.
2639 2238 2693 2263 poet
2700 2238 2770 2257 mar.

2562 2713 2571 2723 '‘
2587 2711 2635 2739 Qu.
2649 2717 2665 2739 1,
2679 2714 2722 2734 nrt.
2735 2717 2756 2740 3.

2561 2974 2571 2984 ·
2585 2973 2644 2996 ibid.
2659 2977 2701 2995 art.
2716 2979 2731 2995 1.
