2846 4146
100 1039 110 1049 ·
125 1037 184 1060 vm
197 1042 230 1066 ²5·

101 1352 112 1363 ⁸
122 1351 188 1373 Vm.
204 1355 235 1379 ¹3·

109 2199 179 2222 mih.
190 2199 209 2228 1,
224 2205 275 2228 etp.
286 2205 319 2221 ιν.

109 2662 181 2684 *Lim
190 2661 222 2688 V,
235 2661 260 2683 in
270 2666 321 2688 eap.

109 2695 142 2727 η’
121 2693 322 2746 u'ssefmpssngme

108 2756 223 2820 31¹}ae
237 2770 282 2793 xv
298 2770 323 2792 ¹³¹

931 235 1196 282 QUAESTIO
1227 235 1364 281 LXIX,
1395 234 1688 271 ARTICULUS
1719 235 1749 270 ll

2426 238 2502 284 457

1036 346 1038 355 x
1101 378 1416 420 ARTICULUS
1447 376 1743 419 SECUNDUS

438 480 594 511 UTRUM
617 479 807 509 PRAEMIA
830 479 948 516 QUAE
972 479 1317 525 ATTRIBUUNTUR
1339 478 1712 514 BEATITUDINIBUS,
1737 478 1794 508 AD
1819 477 1939 508 HANC
1963 478 2101 508 VITAM
2124 479 2397 510 PERTINEANT

1281 565 1311 589 In
1330 565 1438 594 Matth.,
1458 572 1513 597 cap.
1531 572 1556 589 v.

379 698 426 720 W.)
426 684 431 693 ι
455 685 485 703 9
492 692 496 696 ,,
522 686 526 692 r

367 695 426 726 (¹015

389 710 509 775 *Af*

359 802 367 813 ,
419 785 476 812 v,
488 754 519 813 ¹(
533 766 538 771 “
551 767 634 814 bus,
664 779 742 803 non
764 766 978 815 pertineant
995 766 1044 803 ad
1062 767 1161 803 hanc
1179 765 1310 802 vitam.
1331 765 1396 802 Di-

359 815 371 826 *
397 798 686 856 <ss¹¹³)chuntur
713 820 816 856 enim
844 819 958 867 aliqui
986 819 1085 855 beati
1112 825 1266 867 propter
1288 829 1397 865 spem

98 878 296 921 'Art-pnecjd·
335 839 609 923 praemiorum,
638 879 680 908 ut
707 872 850 909 dictum
879 879 934 908 est
951 871 983 907 ²¹².
1004 871 1082 908 Sed
1105 871 1298 907 obiectum
1318 869 1398 918 spei

336 925 531 963 beatitudo
561 932 617 961 est
645 925 779 962 futura.
811 925 913 971 Ergo
932 923 1105 972 praemia
1123 923 1192 960 ista
1210 923 1399 972 pertinent

338 978 387 1016 ad
413 978 532 1015 vitam
562 978 737 1014 futuram.

392 1042 427 1067 2.
443 1031 676 1077 PRAETEREA,
693 1031 786 1066 Luc.
797 1041 834 1065 Vl
845 1028 865 1050 '¹‘
880 1035 1074 1077 ponuntur
1098 1029 1288 1076 quaedam
1306 1039 1399 1076 poe-

338 1095 410 1120 nae
437 1095 508 1131 per
535 1083 752 1131 oppositum
781 1081 830 1118 ad
849 1081 1114 1127 beatitudines,
1136 1093 1224 1118 cum
1245 1081 1398 1118 dicitur:

346 1137 423 1174 Vae
449 1135 553 1173 vohis
579 1136 646 1183 qui
669 1134 829 1172 saturati
859 1134 957 1179 estis,
988 1134 1076 1181 quia
1103 1134 1281 1170 esurietis.
1323 1135 1400 1171 Vae

337 1189 442 1226 vobis
461 1188 527 1236 qui
543 1188 668 1224 ridetis
687 1198 797 1232 nunc,
813 1187 901 1234 quia
922 1186 1092 1235 lugebitis
1111 1192 1144 1222 et
1153 1187 1303 1235 flebitis.
1322 1186 1400 1222 Sed

338 1242 431 1278 istae
459 1253 608 1289 poenae
637 1252 716 1277 non
743 1239 997 1286 intelliguntur
1023 1240 1062 1274 in
1089 1239 1162 1275 1136
1188 1239 1280 1276 vita:
1311 1238 1401 1286 quia

339 1295 556 1342 frequenter
573 1292 749 1330 homines
768 1291 807 1328 in
826 1292 898 1328 hac
916 1291 994 1328 vita
1011 1303 1090 1328 non
1105 1291 1322 1340 puniuntur,
1344 1303 1402 1327 se-

341 1347 510 1384 cundum
530 1345 620 1382 illud
639 1346 709 1382 Iob
726 1356 786 1381 xxt
803 1345 838 1380 ²⁸:
863 1344 1045 1380 Ducunt
1030 1356 1067 1380 m
1083 1344 1188 1380 honis
1207 1345 1283 1380 dies
1301 1356 1398 1380 suos.

340 1400 454 1453 Ergo
459 1410 540 1443 nec
546 1397 724 1447 praemia
743 1373 1018 1434 beatitudinum
1034 1396 1222 1444 pertinent
1236 1397 1285 1433 ad
1302 1397 1402 1433 hanc

340 1451 472 1489 vitam.

396 1505 431 1542 3.
454 1504 687 1549 PRAETEREA,
716 1514 877 1550 regnum
897 1500 1101 1546 caelorum,
1124 1500 1228 1548 quod
1249 1501 1403 1549 ponitur

340 1555 555 1606 praemium
582 1555 825 1604 paupertatis,
853 1561 911 1591 est
929 1553 1123 1590 beatitudo
1148 1553 1337 1599 caelestis;
1362 1562 1404 1591 ut

340 1607 575 1657 Augustinus
603 1608 701 1654 dicit,
723 1608 813 1644 XIX
832 1608 878 1644 de
901 1607 979 1643 Ciu.
1001 1606 1076 1643 Dei
1092 1605 1123 1642 ²⁸.
1144 1607 1263 1643 Plena
1287 1583 1403 1644 etiam

284 1663 315 1700 e-‚'
343 1661 517 1700 saturitas
544 1673 623 1698 non
651 1660 721 1697 nisi
749 1661 788 1697 in
815 1661 940 1696 futura
966 1659 1044 1695 vita
1072 1659 1249 1705 habetur;
1270 1671 1404 1696 secun-

286 1716 292 1722 '
344 1715 437 1753 dum
466 1713 557 1750 illud
581 1713 722 1750 Psalmi
740 1725 799 1749 xvt
818 1712 855 1749 *ε
885 1712 1060 1750 Satiabor
1078 1723 1163 1748 cum
1187 1713 1406 1760 apparuerit

342 1767 468 1818 gloria
497 1772 572 1803 tua.
600 1766 706 1803 Visio
736 1766 850 1802 etiam
879 1765 963 1810 Dei,
984 1771 1021 1801 et
1039 1764 1290 1801 manifestatio
1309 1765 1403 1802 filia-

343 1820 454 1858 tionis
474 1819 637 1865 divinae,
657 1819 706 1855 ad
724 1819 844 1855 vitam
864 1818 1029 1854 futuram
1048 1817 1250 1865 pertinent;
1271 1830 1406 1855 secun-

345 1873 439 1910 dum
465 1872 556 1909 illud
585 1873 599 1908 I
629 1873 733 1909 Ioan.
763 1883 798 1908 111
817 1871 852 1892 ²⁸·
844 1870 990 1907 ‚Nunc
1007 1870 1086 1918 filii
1110 1871 1185 1907 Dei
1209 1883 1350 1916 sumus,
1371 1877 1406 1907 et

345 1925 511 1963 nondum
540 1925 718 1973 apparuit
742 1924 832 1972 quid
861 1923 1013 1960 erimus.
1047 1923 1194 1961 Scimus
1225 1924 1403 1971 quoniam

345 1990 430 2015 cum
457 1978 687 2026 apparuerit,
715 1977 853 2014 similes
878 1976 914 2012 ei
930 1976 1088 2012 erimus:
1107 1977 1286 2024 quoniam
1304 1977 1407 2013 vide-

345 2031 467 2068 bimus
493 2042 580 2068 eum
605 2030 715 2067 sicuti
739 2035 802 2066 est.
828 2029 930 2076 Ergo
950 2028 1121 2077 praemia
1138 2028 1200 2065 illa
1218 2029 1407 2077 pertinent

345 2083 395 2122 ad
421 2083 540 2120 vitam
568 2083 744 2119 futuram.

398 2137 474 2174 SED
503 2147 649 2173 coum
667 2147 733 2172 EST
753 2133 858 2182 quod
878 2133 1111 2181 Augustinus
1131 2133 1230 2180 dicit,
1251 2134 1288 2173 in
1308 2134 1404 2170 libro

345 2189 392 2226 de
418 2190 540 2226 Serm.
560 2189 674 2226 Dom.
697 2187 734 2224 in
762 2187 897 2224 Monte
914 2185 954 2223 *z
984 2188 1062 2223 Ista
1091 2187 1239 2234 quidem
1268 2187 1305 2223 in
1333 2188 1409 2224 hac

345 2242 422 2279 vita
450 2241 633 2290 compleri
643 2245 811 2288 possunt,
831 2239 926 2276 sicut
949 2239 1132 2287 completa
1151 2251 1229 2276 esse
1247 2240 1284 2276 in
1303 2240 1405 2288 Apo-

345 2295 446 2332 stolis
473 2295 671 2332 credimus.
691 2293 798 2330 Nam
826 2292 890 2328 illa
917 2293 1148 2337 omnimoda,
1169 2297 1205 2328 et
1229 2293 1267 2328 in
1287 2304 1405 2341 ange—

346 2347 459 2384 licam
470 2348 648 2396 formam
667 2345 834 2391 mutatio,
855 2356 952 2392 quae
965 2351 1049 2395 post
1066 2346 1165 2381 hanc
1181 2345 1297 2381 vitam
1312 2356 1406 2392 pro-

346 2399 513 2445 mittitur,
533 2398 644 2436 nullis
669 2398 792 2436 verbis
820 2402 838 2418 α
866 2398 1006 2446 exponi
1026 2402 1158 2445 potest.

400 2453 625 2494 REsponnm
639 2462 824 2488 mcENDUM
839 2450 945 2497 quod
965 2450 1063 2487 circa
1077 2450 1146 2487 ista
1159 2449 1330 2498 praemia
1346 2462 1408 2486 ex-

346 2506 534 2554 positores
549 2516 678 2541 sacrae
689 2503 900 2551 Scripturae
913 2502 1168 2539 diversimode
1181 2510 1267 2538 sunt
1281 2502 1406 2539 locuti.

349 2557 516 2604 Quidam
532 2556 633 2593 enim
650 2555 781 2592 omnia
799 2555 869 2591 ista
881 2555 1054 2602 praemia
1072 2555 1121 2591 ad
1140 2555 1304 2591 futuram
1321 2555 1409 2591 bea-

346 2609 546 2648 titudinem
565 2608 751 2657 pertinere
772 2607 916 2644 dicunt:
937 2607 1030 2644 sicut
1043 2607 1281 2653 Ambrosius,
1296 2619 1409 2655 super

349 2663 496 2699 Lucam
509 2661 541 2699 ²¹².
561 2660 795 2709 Augustinus
813 2672 906 2696 vero
936 2660 1024 2697 dicit
1036 2659 1077 2682 *⁸¹⁶
1097 2672 1141 2696 ea
1165 2661 1213 2698 ad
1232 2672 1408 2708 praesen-

349 2722 427 2752 tem
445 2714 564 2752 vitam
583 2714 782 2763 pertinere.
803 2713 1102 2760 Chrysostomus
1121 2720 1262 2759 autem,
1278 2712 1315 2750 in
1331 2713 1408 2750 suis

349 2766 524 2804 Homiliis
537 2767 568 2814 ²¹²,
589 2767 780 2816 quaedam
801 2778 934 2802 eorum
964 2765 1052 2803 dicit
1077 2765 1265 2814 pertinere
1284 2767 1333 2802 ad
1352 2767 1408 2803 fu-

348 2829 474 2858 turam
500 2820 633 2867 vitam,
661 2819 852 2868 quaedam
882 2825 1009 2856 autem
1038 2819 1086 2856 ad
1113 2826 1367 2867 praesentem.

402 2873 463 2910 Ad
484 2872 589 2909 cuius
610 2871 851 2917 evidentiam,
874 2871 1192 2908 considerandum
1221 2879 1276 2908 est
1303 2871 1409 2920 quod

350 2938 438 2975 spes
464 2926 610 2962 futurae
630 2924 870 2962 beatitudinis
888 2931 1013 2972 potest
1032 2936 1115 2961 esse
1134 2924 1172 2961 in
1191 2924 1302 2961 nobis
1321 2937 1409 2973 pro-

347 2986 432 3028 pter
461 2978 556 3016 duo:
585 2978 710 3027 primo
729 2977 898 3026 quidem,
925 2985 1080 3025 propter
1106 2977 1272 3026 aliquam
1301 2990 1409 3026 prae-

348 3031 586 3080 parationem
611 3031 674 3068 vel
694 3029 979 3078 dispositionem
998 3029 1047 3066 ad
1066 3030 1230 3067 futuram
1251 3030 1410 3067 beatitu-

351 3084 493 3130 dinem,
512 3084 618 3133 quod
644 3091 699 3120 est
725 3095 793 3131 per
820 3082 982 3120 modum
1001 3082 1143 3129 meriti;
1173 3082 1246 3120 alio
1275 3083 1407 3130 modo,

348 3149 418 3186 per
436 3136 631 3186 quandam
660 3135 945 3173 inchoationem
973 3135 1233 3184 imperfectam
1262 3136 1408 3173 futurae

350 3189 590 3227 beatitudinis
624 3189 664 3226 in
689 3189 780 3225 viris
814 3188 971 3235 sanctis,
1006 3188 1120 3225 etiam
1152 3189 1191 3225 in
1219 3189 1296 3225 1136
1317 3189 1407 3226 vita.

349 3243 468 3279 Aliter
495 3242 598 3278 enim
630 3242 792 3278 habetur
824 3253 911 3289 spes
942 3241 1235 3278 fructificationis
1264 3242 1409 3279 arboris

351 3307 439 3332 cum
466 3294 618 3331 virescit
651 3294 869 3332 frondibus:
899 3301 935 3330 et
971 3294 1077 3331 aliter
1109 3307 1199 3331 curn
1230 3294 1307 3331 iam
1335 3295 1410 3344 pri-

350 3348 499 3385 mordia
520 3347 709 3384 fructuum
729 3346 912 3395 incipiunt
927 3359 1125 3396 apparere.

1506 660 1568 697 Sic
1595 660 1704 707 igitur
1732 672 1776 696 ea
1804 672 1901 708 quae
1930 660 1968 696 in
1996 661 2287 698 beatitudinibus
2309 670 2507 710 tanguntur

1452 720 1634 761 tanquam
1649 712 1794 758 merita,
1815 720 1902 749 sunt
1921 714 2108 761 quaedam
2128 715 2433 762 praeparationes
2446 718 2507 753 vel

1453 765 1717 813 dispositiones
1743 765 1791 802 ad
1811 765 2094 811 beatitudinem,
2122 767 2185 803 vel
2212 768 2418 814 perfectam
2445 770 2507 805 vel

1452 818 1681 854 inchoatam.
1703 818 1761 853 Ea
1774 829 1868 854 vero
1884 829 1981 865 quae
1996 826 2188 866 ponuntur
2201 826 2382 867 tanquam
2402 833 2509 869 prae-

1453 870 1542 917 mia,
1570 877 1729 917 possunt
1758 882 1840 906 esse
1867 871 1929 906 vel
1957 870 2038 918 ipsa
2064 871 2255 908 beatitudo
2276 874 2451 921 perfecta,
2473 882 2509 910 et

1454 922 1507 959 sic
1539 922 1728 970 pertinent
1759 922 1807 958 ad
1841 922 2005 958 futuram
2037 923 2173 960 vitam:
2202 925 2264 960 vel
2299 925 2422 974 aliqua
2454 926 2508 963 in-

1454 975 1603 1011 choatio
1628 974 1878 1021 beatitudinis,
1909 975 2004 1011 sicut
2031 983 2087 1011 est
2114 976 2151 1012 in
2179 976 2267 1013 viris
2294 979 2466 1026 perfectis
2481 977 2508 1025 β,

1454 1035 1490 1063 61
1518 1027 1571 1063 sic
1603 1026 1774 1075 praemia
1806 1027 1991 1074 pertinent
2023 1028 2071 1065 ad
2107 1037 2343 1076 praesentem
2377 1031 2507 1068 vitam.

1455 1081 1555 1116 Cum
1585 1080 1686 1116 enirn
1707 1079 1839 1127 aliquis
1862 1079 1990 1128 incipit
2012 1081 2198 1128 proficere
2218 1082 2255 1118 in
2275 1083 2417 1119 actibus
2435 1084 2510 1120 vir-

1453 1140 1576 1169 tutum
1612 1139 1647 1168 et
1680 1132 1889 1178 donorum,
1922 1140 2046 1180 potest
2078 1134 2218 1182 sperari
2251 1135 2298 1171 de
2327 1147 2373 1172 eo
2407 1136 2511 1184 quod

1454 1185 1649 1233 perveniet
1677 1193 1713 1221 et
1740 1186 1789 1222 ad
1821 1185 2092 1232 perfectionem
2120 1187 2221 1233 viae,
2252 1195 2287 1224 et
2314 1188 2362 1224 ad
2389 1189 2510 1236 perfe-

1456 1237 1620 1274 ctionem
1649 1237 1802 1285 patriae.

1508 1292 1567 1326 An
1597 1301 1733 1327 PthJM
1762 1301 1860 1326 ERGO
1889 1301 2072 1327 DICENDUM
2110 1291 2213 1339 quod
2248 1304 2333 1340 spes
2373 1301 2426 1330 est
2463 1294 2510 1330 de

1456 1343 1579 1379 futura
1621 1342 1852 1379 beatitudine
1885 1342 1980 1379 sicut
2016 1343 2063 1380 de
2095 1344 2229 1380 ultimo
2261 1345 2355 1382 fine:
2388 1353 2512 1393 potest

1457 1395 1570 1432 etiam
1590 1407 1672 1431 esse
1693 1402 1729 1431 et
1756 1394 1804 1431 de
1824 1395 1960 1431 auxilio
1980 1396 2129 1443 gratiae,
2151 1397 2246 1433 sicut
2264 1397 2312 1434 de
2340 1410 2386 1434 eo
2406 1399 2511 1446 quod

1457 1448 1559 1484 ducit
1586 1448 1636 1484 ad
1663 1448 1796 1494 finem,
1826 1448 2037 1485 secundum
2065 1449 2155 1486 illud
2184 1450 2323 1486 Psalmi
2347 1463 2442 1488 xxvu
2470 1451 2510 1488 *z
2537 1456 2547 1466 ⁴
2585 1462 2620 1477 ers

1456 1502 1502 1537 In
1531 1501 1614 1537 Deo
1642 1501 1807 1548 speravit
1833 1512 1899 1536 cor
1926 1513 2064 1547 meum,
2093 1508 2128 1538 et
2153 1503 2300 1539 adiutus
2326 1515 2421 1540 sum.

1510 1554 1570 1590 Αι)
1589 1565 1779 1590 SECUNDUM
1798 1565 1981 1590 DICENDUM
1997 1554 2101 1601 quod
2116 1555 2217 1601 mali,
2235 1556 2301 1592 etsi
2321 1555 2512 1594 interdum

1451 1605 1496 1642 *in
1527 1606 1600 1642 hac
1632 1606 1710 1642 vita
1746 1607 1976 1654 temporales
2014 1619 2158 1655 poenas
2192 1620 2269 1644 non
2303 1609 2510 1656 patiantur,

1458 1658 1649 1706 patiuntur
1676 1666 1805 1695 tamen
1834 1659 2054 1707 spirituales.
2075 1660 2186 1696 Unde
2206 1661 2438 1707 Augustinus
2458 1662 2512 1698 di-

1460 1711 1518 1758 cit,
1540 1711 1611 1748 inl
1638 1712 1804 1760 ConfeSS.
1824 1711 1861 1748 *z
1891 1712 2045 1758 Iussisti,
2065 1713 2239 1758 Domine,
2260 1718 2294 1749 et
2310 1725 2364 1749 szc
2390 1719 2453 1759 est,
2474 1720 2516 1750 ut
2539 1725 2548 1733 ·

1452 1776 1578 1812 poena
1597 1765 1669 1801 sihi
1684 1765 1731 1800 sit
1758 1765 1990 1801 inordinatus
2009 1765 2168 1801 animus.
2190 1766 2238 1802 Et
2258 1766 2514 1814 Philosophus

1460 1817 1559 1876 dicit,
1588 1817 1626 1853 in
1656 1817 1708 1853 IX
1734 1818 1853 1854 Ethic.
1883 1817 1922 1863 ⁹¹⁶,
1952 1818 1997 1853 de
2027 1818 2136 1854 malis
2153 1847 2162 1864 ,
2196 1819 2302 1865 quod
2330 1820 2516 1856 contendit
2541 1829 2549 1838 ·
2598 1835 2620 1861 1³v

1459 1870 1624 1918 ipsorum
1653 1869 1794 1915 anima,
1824 1875 1859 1906 et
1884 1871 1956 1906 hoc
1983 1871 2131 1918 quidem
2157 1871 2231 1907 huc
2258 1872 2390 1917 trahit,
2423 1872 2515 1908 illud
2540 1862 2594 1903 {35‘
2624 1872 2630 1878 ”

1459 1928 1584 1959 autem
1621 1922 1727 1965 illuc;
1756 1930 1792 1959 et
1826 1930 1959 1970 postea
1995 1923 2203 1960 concludit:
2233 1924 2275 1960 Si
2303 1930 2427 1960 autem
2461 1925 2514 1961 sic

1460 1975 1638 2011 miserum
1673 1980 1727 2011 est
1755 1975 1899 2012 malum
1931 1987 2024 2021 esse,
2049 1976 2282 2025 fugiendum
2319 1982 2374 2013 est
2407 1978 2514 2014 mali-

1460 2028 1549 2064 tiam
1579 2028 1729 2064 intense.
1750 2049 1773 2054 -
1794 2029 1843 2064 Et
1870 2028 2036 2064 similiter
2055 2041 2075 2064 e
2095 2041 2280 2066 converso
2310 2029 2417 2076 boni,
2446 2030 2514 2066 etsi

1460 2080 1499 2117 in
1524 2081 1597 2117 hac
1623 2080 1701 2117 vita
1733 2081 1965 2129 quandoque
1997 2093 2076 2118 non
2106 2082 2272 2120 habeant
2306 2083 2515 2130 corporalia

1459 2133 1641 2182 praemia,
1662 2145 1859 2181 nunquam
1878 2141 2006 2170 tamen
2021 2134 2200 2171 deficiunt
2215 2147 2237 2171 a
2252 2135 2515 2183 spiritualibus,

1461 2186 1572 2222 etiam
1601 2186 1640 2222 in
1668 2187 1740 2222 1136
1767 2186 1861 2231 vita3
1891 2187 2100 2224 secundum
2129 2187 2218 2224 illud
2246 2188 2379 2224 Matth.
2403 2200 2463 2224 xlx
2483 2188 2515 2235 *,
2542 2198 2551 2207 ·
2591 2203 2626 2218 ers
2649 2203 2676 2225 29

1462 2246 1497 2275 et
1516 2239 1634 2275 Marc.
1650 2238 1725 2275 x*:
1751 2239 1971 2287 Centuplum
2000 2240 2185 2287 accipietis
2211 2241 2322 2277 etiam
2341 2246 2357 2268 Υ
2381 2241 2417 2276 in
2446 2242 2517 2277 hoc
2543 2251 2553 2261 '
2592 2256 2628 2271 ers

1459 2291 1620 2328 saeculo.

1514 2346 1572 2380 AD
1601 2355 1760 2380 TERTlUM
1784 2355 1968 2381 mcENDUM
1987 2345 2091 2392 quod
2121 2345 2250 2381 omnia
2268 2345 2329 2381 illa
2347 2346 2517 2393 praemia

1462 2396 1625 2444 perfecte
1645 2396 1800 2443 quidem
1821 2397 2188 2434 consummabuntur
2211 2397 2250 2434 in
2275 2398 2352 2435 vita
2372 2398 2515 2435 futura:

1462 2449 1529 2485 sed
1558 2449 1707 2485 interim
1735 2449 1848 2486 etiam
1877 2449 1916 2486 in
1942 2450 2015 2486 hac
2042 2450 2119 2486 vita
2143 2451 2433 2497 quodammodo
2462 2451 2516 2488 in-

1463 2502 1658 2538 choantur.
1679 2502 1783 2538 Nam
1803 2513 1961 2549 regnum
1991 2503 2197 2550 caelorum,
2217 2510 2258 2539 ut
2284 2504 2517 2550 Augustinus

1464 2554 1551 2591 dicit
1569 2554 1600 2600 ²¹²,
1615 2561 1741 2602 potest
1758 2553 1908 2601 intelligi
1926 2556 2114 2602 perfectAe
2134 2555 2338 2604 sapientiae
2356 2556 2516 2603 initium,
2545 2567 2553 2575 ·
2581 2572 2609 2587 oc

1463 2607 1676 2644 secundum
1713 2606 1819 2655 quod
1846 2607 1975 2655 incipit
2010 2607 2049 2644 in
2078 2608 2131 2644 eis
2164 2608 2314 2656 spiritus
2347 2620 2516 2656 regnare.
2554 2598 2574 2640 ιῗ

1462 2659 1659 2696 Possessio
1679 2659 1793 2695 etiam
1812 2667 1933 2696 terrae
1961 2660 2143 2708 significat
2162 2661 2342 2698 affectum
2370 2662 2517 2699 bonum

1463 2712 1613 2749 animae
1642 2712 1909 2760 requiescentis
1941 2725 2009 2761 per
2041 2713 2271 2751 desiderium
2308 2714 2346 2750 in
2381 2714 2518 2751 stabili-

1462 2773 1536 2802 tate
1565 2763 1578 2787 ⁶
1604 2765 1844 2802 haereditatis
1872 2773 2089 2814 perpetuae,
2119 2779 2187 2815 per
2213 2774 2351 2804 terram
2380 2767 2518 2814 signifi-

1464 2825 1580 2855 catae.
1602 2818 1858 2855 Consolantur
1885 2827 2013 2856 autern
2042 2819 2080 2856 in
2107 2820 2180 2856 hac
2197 2820 2287 2866 vita,
2309 2820 2490 2868 Spiritum
2504 2825 2518 2842 ⁸

1465 2872 1657 2918 Sa'nctum,
1673 2871 1738 2919 qui
1757 2871 1984 2917 Paracletus,
2004 2872 2100 2909 idest
2115 2873 2352 2919 Consolator,
2370 2872 2517 2919 dicitur,

1463 2923 1736 2972 participando.
1775 2925 1997 2962 Sat-urantur
2029 2925 2142 2962 etiam
2175 2925 2214 2962 in
2246 2926 2318 2962 hac
2348 2926 2427 2962 vita
2454 2925 2517 2962 illo

1464 2977 1549 3013 cibo
1570 2977 1616 3014 de
1646 2989 1722 3025 quo
1750 2977 1941 3014 Dominus
1969 2977 2056 3014 dicit
2074 2978 2109 3014 *z
2137 2979 2252 3015 Meus
2280 2979 2381 3015 cibus
2409 2984 2463 3015 est
2480 2984 2522 3014 ut
2544 2988 2616 3034 ;e;›a

1452 3030 1603 3078 faciam
1630 3029 1857 3081 uoluntatem
1884 3030 2007 3066 Patris
2033 3031 2119 3067 mei.
2149 3032 2190 3067 In
2211 3031 2282 3068 hac
2302 3031 2414 3068 etiarn
2442 3031 2519 3068 vita

1465 3089 1748 3130 consequuntur
1766 3082 1940 3119 homines
1961 3083 2258 3121 misericordiam
2278 3084 2362 3122 Dei.
2386 3085 2428 3120 In
2447 3085 2519 3121 hac

1465 3135 1578 3171 etiam
1605 3135 1693 3181 vita,
1723 3143 1882 3183 purgato
1904 3136 2014 3172 oculo
2043 3149 2112 3185 per
2135 3136 2280 3174 donum
2299 3137 2517 3183 intellectus,

1463 3189 1569 3225 Deus
1588 3188 1879 3236 quodammodo
1902 3188 2023 3226 videri
2050 3190 2386 3237 Ρο1631.’81111111161
2405 3189 2517 3226 etiam

1463 3241 1502 3277 in
1521 3242 1593 3277 hac
1620 3241 1698 3278 vita
1717 3241 1781 3289 qui
1798 3249 1925 3278 motus
1944 3254 2033 3278 suos
2053 3242 2263 3290 pacificant,
2285 3242 2332 3279 ad
2351 3242 2518 3279 similitu-

1464 3294 1593 3331 dinem
1612 3294 1685 3330 Dei
1704 3294 1939 3341 accedentes,
1959 3294 2025 3332 filii
2044 3295 2115 3332 Dei
2135 3295 2387 3335 nominantur.
2404 3316 2427 3322 -
2443 3296 2518 3332 Ta-

1464 3359 1553 3384 men
1581 3347 1676 3384 haec
1702 3347 1903 3395 perfectius
1929 3355 2037 3384 erunt
2063 3347 2101 3384 in
2128 3348 2257 3396 patria.

403 3479 431 3513 α)
451 3479 545 3503 verbis.
557 3492 575 3496 -
593 3477 739 3509 exponitur
757 3477 798 3502 vel
815 3477 912 3502 addunt
930 3478 1040 3503 codices.

404 3513 428 3546 β)
443 3514 580 3547 perfectis.
593 3528 608 3532 -
630 3513 731 3537 sanctis
750 3512 786 3544 (et
805 3513 874 3537 addit
893 3513 923 3546 F)
938 3513 1066 3547 perfectis
1085 3514 1244 3538 ABFHIKL.

403 3549 430 3582 γ)
449 3549 593 3574 secundum
619 3548 730 3573 illud...
749 3548 898 3579 accipietis,
919 3549 1009 3573 etiam.
1027 3563 1044 3567 —
1062 3549 1205 3573 secundum
1232 3549 1297 3573 illud
1320 3549 1410 3574 Alai-ci

492 3603 601 3627 Summae
620 3602 720 3626 ΤΗεοι.
742 3602 771 3626 D.
790 3602 904 3626 Tnoms
923 3602 955 3626 Τ.
975 3602 1013 3626 ΙΙΙ.

1464 3479 1608 3511 (Matthaei
1617 3479 1754 3511 ABHIKL)
1769 3487 1798 3504 x:
1817 3480 1971 3511 Centuplum
1987 3479 2097 3510 accipiet
2111 3479 2211 3504 codices
2220 3486 2226 3509 ;
2241 3487 2281 3504 x1x
2294 3483 2320 3504 et
2330 3479 2418 3505 ⁴Mar-ci
2431 3488 2517 3506 om.a.

1515 3513 1539 3545 δ)
1560 3514 1585 3538 in
1605 3514 1758 3539 stabilitate.
1772 3528 1791 3534 -
1810 3515 1871 3540 Om.
1891 3515 1919 3538 E.

1517 3550 1538 3581 ε)
1559 3549 1700 3581 Spiritum.
1714 3564 1732 3568 -
1747 3557 1798 3581 per
1818 3550 1947 3581 Spiritum
1968 3549 2115 3573 PFHKLSB
2135 3555 2159 3574 et
2178 3557 2203 3574 α.

2344 3603 2376 3627 58
