<?xml version="1.0" encoding="UTF-8"?>
<!DOCTYPE html PUBLIC "-//W3C//DTD XHTML 1.0 Transitional//EN"
    "http://www.w3.org/TR/xhtml1/DTD/xhtml1-transitional.dtd">
<html xmlns="http://www.w3.org/1999/xhtml" xml:lang="en" lang="en">
 <head>
  <title>
</title>
<meta http-equiv="Content-Type" content="text/html;charset=utf-8" />
  <meta name='ocr-system' content='tesseract 3.04.00' />
  <meta name='ocr-capabilities' content='ocr_page ocr_carea ocr_par ocr_line ocrx_word'/>
</head>
<body>
  <div class='ocr_page' id='page_1' title='image "./operaomniaiussui06thom/operaomniaiussui06thom_0152.png"; bbox 0 0 2852 4152; ppageno 0'>
   <div class='ocr_carea' id='block_1_1' title="bbox 352 272 422 307">
    <p class='ocr_par' dir='ltr' id='par_1_1' title="bbox 352 272 422 307">
     <span class='ocr_line' id='line_1_1' title="bbox 352 272 422 307; baseline 0.014 -12"><span class='ocrx_word' id='word_1_1' title='bbox 352 272 422 307; x_wconf 90' lang='lat'>140</span> 
     </span>
    </p>
   </div>
   <div class='ocr_carea' id='block_1_2' title="bbox 342 335 1409 1432">
    <p class='ocr_par' dir='ltr' id='par_1_2' title="bbox 342 335 1406 591">
     <span class='ocr_line' id='line_1_2' title="bbox 344 335 1406 375; baseline -0.005 -5"><span class='ocrx_word' id='word_1_2' title='bbox 344 340 465 375; x_wconf 87' lang='lat' dir='ltr'>minus,</span> <span class='ocrx_word' id='word_1_3' title='bbox 490 338 607 375; x_wconf 85' lang='lat' dir='ltr'>maius,</span> <span class='ocrx_word' id='word_1_4' title='bbox 637 337 771 374; x_wconf 86' lang='lat' dir='ltr'>fortiter,</span> <span class='ocrx_word' id='word_1_5' title='bbox 795 337 958 373; x_wconf 88' lang='lat' dir='ltr'>velociter,</span> <span class='ocrx_word' id='word_1_6' title='bbox 983 343 1014 368; x_wconf 94' lang='lat' dir='ltr'>et</span> <span class='ocrx_word' id='word_1_7' title='bbox 1041 337 1101 367; x_wconf 88' lang='lat' dir='ltr'>alia</span> <span class='ocrx_word' id='word_1_8' title='bbox 1129 335 1331 367; x_wconf 90' lang='lat' dir='ltr'>huiusmodi:</span> <span class='ocrx_word' id='word_1_9' title='bbox 1363 335 1406 367; x_wconf 90' lang='lat' dir='ltr'>ita</span> 
     </span>
     <span class='ocr_line' id='line_1_3' title="bbox 342 378 1405 422; baseline -0.006 -8"><span class='ocrx_word' id='word_1_10' title='bbox 342 384 378 414; x_wconf 90' lang='lat' dir='ltr'>in</span> <span class='ocrx_word' id='word_1_11' title='bbox 401 382 574 414; x_wconf 84' lang='lat' dir='ltr'>moralibus</span> <span class='ocrx_word' id='word_1_12' title='bbox 597 381 847 413; x_wconf 81' lang='lat' dir='ltr'>circumstantiae</span> <span class='ocrx_word' id='word_1_13' title='bbox 871 381 1026 422; x_wconf 86' lang='lat' dir='ltr'>duplices,</span> <span class='ocrx_word' id='word_1_14' title='bbox 1049 380 1205 420; x_wconf 82' lang='lat' dir='ltr'>quaedam</span> <span class='ocrx_word' id='word_1_15' title='bbox 1229 378 1405 409; x_wconf 90' lang='lat' dir='ltr'>secundum</span> 
     </span>
     <span class='ocr_line' id='line_1_4' title="bbox 344 422 1405 462; baseline -0.007 -4"><span class='ocrx_word' id='word_1_16' title='bbox 344 438 378 459; x_wconf 91' lang='lat' dir='ltr'>se</span> <span class='ocrx_word' id='word_1_17' title='bbox 401 426 556 458; x_wconf 82' lang='lat' dir='ltr'>bonitates</span> <span class='ocrx_word' id='word_1_18' title='bbox 583 426 633 456; x_wconf 90' lang='lat' dir='ltr'>vel</span> <span class='ocrx_word' id='word_1_19' title='bbox 660 426 816 462; x_wconf 86' lang='lat' dir='ltr'>malitiae,</span> <span class='ocrx_word' id='word_1_20' title='bbox 841 431 876 456; x_wconf 92' lang='lat' dir='ltr'>ut</span> <span class='ocrx_word' id='word_1_21' title='bbox 899 432 973 455; x_wconf 89' lang='lat' dir='ltr'>sunt</span> <span class='ocrx_word' id='word_1_22' title='bbox 1003 434 1114 454; x_wconf 92' lang='lat' dir='ltr'>omnes</span> <span class='ocrx_word' id='word_1_23' title='bbox 1138 430 1224 453; x_wconf 91' lang='lat' dir='ltr'>actus</span> <span class='ocrx_word' id='word_1_24' title='bbox 1252 422 1405 452; x_wconf 84' lang='lat' dir='ltr'>virtutum</span> 
     </span>
     <span class='ocr_line' id='line_1_5' title="bbox 343 465 1406 511; baseline -0.007 -9"><span class='ocrx_word' id='word_1_25' title='bbox 343 479 376 504; x_wconf 84' lang='lat' dir='ltr'>et</span> <span class='ocrx_word' id='word_1_26' title='bbox 403 471 571 507; x_wconf 88' lang='lat' dir='ltr'>vitiorum;</span> <span class='ocrx_word' id='word_1_27' title='bbox 596 471 754 511; x_wconf 83' lang='lat' dir='ltr'>quaedam</span> <span class='ocrx_word' id='word_1_28' title='bbox 784 469 980 500; x_wconf 88' lang='lat' dir='ltr'>conditiones</span> <span class='ocrx_word' id='word_1_29' title='bbox 1011 474 1135 498; x_wconf 91' lang='lat' dir='ltr'>tantum</span> <span class='ocrx_word' id='word_1_30' title='bbox 1168 465 1406 506; x_wconf 88' lang='lat' dir='ltr'>suppositarum</span> 
     </span>
     <span class='ocr_line' id='line_1_6' title="bbox 342 509 1404 550; baseline -0.008 -4"><span class='ocrx_word' id='word_1_31' title='bbox 342 516 500 546; x_wconf 80' lang='lat' dir='ltr'>virtutum</span> <span class='ocrx_word' id='word_1_32' title='bbox 510 514 561 545; x_wconf 90' lang='lat' dir='ltr'>vel</span> <span class='ocrx_word' id='word_1_33' title='bbox 573 514 773 550; x_wconf 84' lang='lat' dir='ltr'>malitiarum,</span> <span class='ocrx_word' id='word_1_34' title='bbox 790 520 826 544; x_wconf 93' lang='lat' dir='ltr'>ut</span> <span class='ocrx_word' id='word_1_35' title='bbox 841 513 943 543; x_wconf 87' lang='lat' dir='ltr'>maius</span> <span class='ocrx_word' id='word_1_36' title='bbox 956 519 986 542; x_wconf 92' lang='lat' dir='ltr'>et</span> <span class='ocrx_word' id='word_1_37' title='bbox 998 511 1114 547; x_wconf 90' lang='lat' dir='ltr'>minus,</span> <span class='ocrx_word' id='word_1_38' title='bbox 1128 510 1227 549; x_wconf 85' lang='lat' dir='ltr'>magis</span> <span class='ocrx_word' id='word_1_39' title='bbox 1244 516 1274 539; x_wconf 93' lang='lat' dir='ltr'>et</span> <span class='ocrx_word' id='word_1_40' title='bbox 1288 509 1404 546; x_wconf 87' lang='lat' dir='ltr'>minus,</span> 
     </span>
     <span class='ocr_line' id='line_1_7' title="bbox 344 558 594 591; baseline -0.012 0"><span class='ocrx_word' id='word_1_41' title='bbox 344 566 378 591; x_wconf 85' lang='lat' dir='ltr'>et</span> <span class='ocrx_word' id='word_1_42' title='bbox 399 559 448 590; x_wconf 90' lang='lat' dir='ltr'>his</span> <span class='ocrx_word' id='word_1_43' title='bbox 471 558 594 589; x_wconf 84' lang='lat' dir='ltr'>similia.</span> 
     </span>
    </p>

    <p class='ocr_par' dir='ltr' id='par_1_3' title="bbox 343 595 1409 1432">
     <span class='ocr_line' id='line_1_8' title="bbox 401 595 1406 634; baseline -0.008 0"><span class='ocrx_word' id='word_1_44' title='bbox 401 602 582 634; x_wconf 84' lang='lat' dir='ltr'>Differentia</span> <span class='ocrx_word' id='word_1_45' title='bbox 601 602 680 632; x_wconf 89' lang='lat' dir='ltr'>inter</span> <span class='ocrx_word' id='word_1_46' title='bbox 700 602 773 632; x_wconf 88' lang='lat' dir='ltr'>istas</span> <span class='ocrx_word' id='word_1_47' title='bbox 797 598 1043 630; x_wconf 79' lang='lat' dir='ltr'>circumstantias</span> <span class='ocrx_word' id='word_1_48' title='bbox 1060 596 1225 628; x_wconf 88' lang='lat' dir='ltr'>manifesta</span> <span class='ocrx_word' id='word_1_49' title='bbox 1249 602 1304 627; x_wconf 91' lang='lat' dir='ltr'>est.</span> <span class='ocrx_word' id='word_1_50' title='bbox 1322 595 1406 633; x_wconf 85' lang='lat' dir='ltr'>Quia</span> 
     </span>
     <span class='ocr_line' id='line_1_9' title="bbox 343 640 1404 686; baseline -0.008 -8"><span class='ocrx_word' id='word_1_51' title='bbox 343 648 423 678; x_wconf 81' lang='lat' dir='ltr'>istae</span> <span class='ocrx_word' id='word_1_52' title='bbox 438 646 593 677; x_wconf 90' lang='lat' dir='ltr'>secundae</span> <span class='ocrx_word' id='word_1_53' title='bbox 613 655 779 686; x_wconf 90' lang='lat' dir='ltr'>nunquam</span> <span class='ocrx_word' id='word_1_54' title='bbox 802 643 920 674; x_wconf 87' lang='lat' dir='ltr'>faciunt</span> <span class='ocrx_word' id='word_1_55' title='bbox 937 649 1043 672; x_wconf 84' lang='lat' dir='ltr'>actum</span> <span class='ocrx_word' id='word_1_56' title='bbox 1066 642 1189 672; x_wconf 90' lang='lat' dir='ltr'>bonum</span> <span class='ocrx_word' id='word_1_57' title='bbox 1204 640 1255 670; x_wconf 90' lang='lat' dir='ltr'>vel</span> <span class='ocrx_word' id='word_1_58' title='bbox 1270 640 1404 676; x_wconf 88' lang='lat' dir='ltr'>malum,</span> 
     </span>
     <span class='ocr_line' id='line_1_10' title="bbox 347 684 1404 732; baseline -0.009 -10"><span class='ocrx_word' id='word_1_59' title='bbox 347 691 492 732; x_wconf 89' lang='lat' dir='ltr'>quamvis</span> <span class='ocrx_word' id='word_1_60' title='bbox 522 696 656 729; x_wconf 88' lang='lat' dir='ltr'>augeant</span> <span class='ocrx_word' id='word_1_61' title='bbox 689 689 739 719; x_wconf 88' lang='lat' dir='ltr'>vel</span> <span class='ocrx_word' id='word_1_62' title='bbox 770 687 915 718; x_wconf 89' lang='lat' dir='ltr'>minuant</span> <span class='ocrx_word' id='word_1_63' title='bbox 942 685 1118 716; x_wconf 86' lang='lat' dir='ltr'>bonitatem</span> <span class='ocrx_word' id='word_1_64' title='bbox 1149 684 1200 715; x_wconf 86' lang='lat' dir='ltr'>vel</span> <span class='ocrx_word' id='word_1_65' title='bbox 1235 684 1404 714; x_wconf 89' lang='lat' dir='ltr'>malitiam:</span> 
     </span>
     <span class='ocr_line' id='line_1_11' title="bbox 346 728 1406 776; baseline -0.008 -10"><span class='ocrx_word' id='word_1_66' title='bbox 346 735 467 776; x_wconf 85' lang='lat' dir='ltr'>primae</span> <span class='ocrx_word' id='word_1_67' title='bbox 490 741 597 764; x_wconf 86' lang='lat' dir='ltr'>autem</span> <span class='ocrx_word' id='word_1_68' title='bbox 620 733 739 763; x_wconf 87' lang='lat' dir='ltr'>faciunt</span> <span class='ocrx_word' id='word_1_69' title='bbox 761 738 867 762; x_wconf 86' lang='lat' dir='ltr'>actum</span> <span class='ocrx_word' id='word_1_70' title='bbox 890 731 1013 760; x_wconf 89' lang='lat' dir='ltr'>bonum</span> <span class='ocrx_word' id='word_1_71' title='bbox 1035 729 1086 759; x_wconf 85' lang='lat' dir='ltr'>vel</span> <span class='ocrx_word' id='word_1_72' title='bbox 1107 728 1239 759; x_wconf 86' lang='lat' dir='ltr'>malum.</span> <span class='ocrx_word' id='word_1_73' title='bbox 1264 728 1305 759; x_wconf 90' lang='lat' dir='ltr'>Et</span> <span class='ocrx_word' id='word_1_74' title='bbox 1327 728 1406 759; x_wconf 86' lang='lat' dir='ltr'>ratio</span> 
     </span>
     <span class='ocr_line' id='line_1_12' title="bbox 345 772 1408 818; baseline -0.008 -8"><span class='ocrx_word' id='word_1_75' title='bbox 345 785 394 810; x_wconf 90' lang='lat' dir='ltr'>est</span> <span class='ocrx_word' id='word_1_76' title='bbox 408 779 441 809; x_wconf 93' lang='lat' dir='ltr'>in</span> <span class='ocrx_word' id='word_1_77' title='bbox 460 785 627 818; x_wconf 89' lang='lat' dir='ltr'>promptu:</span> <span class='ocrx_word' id='word_1_78' title='bbox 652 776 726 817; x_wconf 93' lang='lat' dir='ltr'>quia</span> <span class='ocrx_word' id='word_1_79' title='bbox 746 775 865 816; x_wconf 85' lang='lat' dir='ltr'>primae</span> <span class='ocrx_word' id='word_1_80' title='bbox 881 780 1048 813; x_wconf 86' lang='lat' dir='ltr'>apponunt</span> <span class='ocrx_word' id='word_1_81' title='bbox 1067 783 1104 804; x_wconf 80' lang='lat' dir='ltr'>ex</span> <span class='ocrx_word' id='word_1_82' title='bbox 1119 783 1152 803; x_wconf 91' lang='lat' dir='ltr'>se</span> <span class='ocrx_word' id='word_1_83' title='bbox 1168 772 1342 803; x_wconf 85' lang='lat' dir='ltr'>bonitatem</span> <span class='ocrx_word' id='word_1_84' title='bbox 1357 772 1408 802; x_wconf 89' lang='lat' dir='ltr'>vel</span> 
     </span>
     <span class='ocr_line' id='line_1_13' title="bbox 347 817 1405 858; baseline -0.007 -5"><span class='ocrx_word' id='word_1_85' title='bbox 347 822 516 858; x_wconf 87' lang='lat' dir='ltr'>malitiam;</span> <span class='ocrx_word' id='word_1_86' title='bbox 534 821 698 856; x_wconf 88' lang='lat' dir='ltr'>secundae,</span> <span class='ocrx_word' id='word_1_87' title='bbox 715 829 791 849; x_wconf 89' lang='lat' dir='ltr'>non.</span> <span class='ocrx_word' id='word_1_88' title='bbox 808 836 829 841; x_wconf 97' lang='lat'><em>-</em></span> <span class='ocrx_word' id='word_1_89' title='bbox 845 817 1026 848; x_wconf 84' lang='lat' dir='ltr'>Differentia</span> <span class='ocrx_word' id='word_1_90' title='bbox 1045 827 1153 848; x_wconf 90' lang='lat' dir='ltr'>rursus</span> <span class='ocrx_word' id='word_1_91' title='bbox 1179 817 1259 847; x_wconf 89' lang='lat' dir='ltr'>inter</span> <span class='ocrx_word' id='word_1_92' title='bbox 1284 827 1334 847; x_wconf 90' lang='lat' dir='ltr'>eas</span> <span class='ocrx_word' id='word_1_93' title='bbox 1351 823 1405 853; x_wconf 87' lang='lat' dir='ltr'>est,</span> 
     </span>
     <span class='ocr_line' id='line_1_14' title="bbox 347 860 1406 907; baseline -0.007 -10"><span class='ocrx_word' id='word_1_94' title='bbox 347 867 436 907; x_wconf 93' lang='lat' dir='ltr'>quod</span> <span class='ocrx_word' id='word_1_95' title='bbox 451 865 570 906; x_wconf 82' lang='lat' dir='ltr'>primae</span> <span class='ocrx_word' id='word_1_96' title='bbox 587 865 761 894; x_wconf 91' lang='lat' dir='ltr'>secundum</span> <span class='ocrx_word' id='word_1_97' title='bbox 778 873 810 892; x_wconf 91' lang='lat' dir='ltr'>se</span> <span class='ocrx_word' id='word_1_98' title='bbox 826 868 900 892; x_wconf 91' lang='lat' dir='ltr'>sunt</span> <span class='ocrx_word' id='word_1_99' title='bbox 918 861 1036 902; x_wconf 89' lang='lat' dir='ltr'>species</span> <span class='ocrx_word' id='word_1_100' title='bbox 1052 861 1209 902; x_wconf 87' lang='lat' dir='ltr'>quaedam</span> <span class='ocrx_word' id='word_1_101' title='bbox 1224 860 1406 897; x_wconf 81' lang='lat' dir='ltr'>moralium,</span> 
     </span>
     <span class='ocr_line' id='line_1_15' title="bbox 346 905 1408 949; baseline -0.006 -8"><span class='ocrx_word' id='word_1_102' title='bbox 346 911 496 941; x_wconf 84' lang='lat' dir='ltr'>habentes</span> <span class='ocrx_word' id='word_1_103' title='bbox 527 908 653 949; x_wconf 90' lang='lat' dir='ltr'>propria</span> <span class='ocrx_word' id='word_1_104' title='bbox 675 907 797 937; x_wconf 89' lang='lat' dir='ltr'>obiecta</span> <span class='ocrx_word' id='word_1_105' title='bbox 820 905 1039 937; x_wconf 85' lang='lat' dir='ltr'>convenientia</span> <span class='ocrx_word' id='word_1_106' title='bbox 1067 905 1118 936; x_wconf 89' lang='lat' dir='ltr'>vel</span> <span class='ocrx_word' id='word_1_107' title='bbox 1142 905 1408 936; x_wconf 87' lang='lat' dir='ltr'>disconvenientia</span> 
     </span>
     <span class='ocr_line' id='line_1_16' title="bbox 347 949 1407 991; baseline -0.005 -7"><span class='ocrx_word' id='word_1_108' title='bbox 347 954 481 985; x_wconf 84' lang='lat' dir='ltr'>rationi:</span> <span class='ocrx_word' id='word_1_109' title='bbox 506 959 542 983; x_wconf 95' lang='lat' dir='ltr'>ut</span> <span class='ocrx_word' id='word_1_110' title='bbox 564 958 649 991; x_wconf 83' lang='lat' dir='ltr'>patet</span> <span class='ocrx_word' id='word_1_111' title='bbox 672 951 710 981; x_wconf 89' lang='lat' dir='ltr'>de</span> <span class='ocrx_word' id='word_1_112' title='bbox 734 950 818 981; x_wconf 88' lang='lat' dir='ltr'>furto</span> <span class='ocrx_word' id='word_1_113' title='bbox 842 949 926 982; x_wconf 83' lang='lat' dir='ltr'>facto</span> <span class='ocrx_word' id='word_1_114' title='bbox 945 949 978 980; x_wconf 91' lang='lat' dir='ltr'>in</span> <span class='ocrx_word' id='word_1_115' title='bbox 996 950 1069 980; x_wconf 91' lang='lat' dir='ltr'>loco</span> <span class='ocrx_word' id='word_1_116' title='bbox 1086 959 1185 980; x_wconf 83' lang='lat' dir='ltr'>sacro.</span> <span class='ocrx_word' id='word_1_117' title='bbox 1209 949 1303 980; x_wconf 91' lang='lat' dir='ltr'>Actui</span> <span class='ocrx_word' id='word_1_118' title='bbox 1319 958 1407 980; x_wconf 88' lang='lat' dir='ltr'>nam-</span> 
     </span>
     <span class='ocr_line' id='line_1_17' title="bbox 348 992 1408 1038; baseline -0.005 -10"><span class='ocrx_word' id='word_1_119' title='bbox 348 1008 410 1038; x_wconf 86' lang='lat' dir='ltr'>que</span> <span class='ocrx_word' id='word_1_120' title='bbox 430 997 503 1027; x_wconf 87' lang='lat' dir='ltr'>furti</span> <span class='ocrx_word' id='word_1_121' title='bbox 527 995 707 1034; x_wconf 88' lang='lat' dir='ltr'>adiungitur</span> <span class='ocrx_word' id='word_1_122' title='bbox 729 993 843 1025; x_wconf 83' lang='lat' dir='ltr'>iniuria</span> <span class='ocrx_word' id='word_1_123' title='bbox 858 993 920 1024; x_wconf 92' lang='lat' dir='ltr'>loci</span> <span class='ocrx_word' id='word_1_124' title='bbox 937 993 1024 1030; x_wconf 87' lang='lat' dir='ltr'>sacri,</span> <span class='ocrx_word' id='word_1_125' title='bbox 1042 1003 1123 1034; x_wconf 89' lang='lat' dir='ltr'>quae</span> <span class='ocrx_word' id='word_1_126' title='bbox 1137 994 1232 1024; x_wconf 90' lang='lat' dir='ltr'>habet</span> <span class='ocrx_word' id='word_1_127' title='bbox 1246 992 1408 1033; x_wconf 88' lang='lat' dir='ltr'>propriam</span> 
     </span>
     <span class='ocr_line' id='line_1_18' title="bbox 346 1037 1407 1081; baseline -0.004 -10"><span class='ocrx_word' id='word_1_128' title='bbox 346 1041 485 1081; x_wconf 89' lang='lat' dir='ltr'>speciem</span> <span class='ocrx_word' id='word_1_129' title='bbox 517 1049 554 1070; x_wconf 84' lang='lat' dir='ltr'>ex</span> <span class='ocrx_word' id='word_1_130' title='bbox 587 1039 659 1069; x_wconf 93' lang='lat' dir='ltr'>loco</span> <span class='ocrx_word' id='word_1_131' title='bbox 691 1049 778 1069; x_wconf 90' lang='lat' dir='ltr'>sacro</span> <span class='ocrx_word' id='word_1_132' title='bbox 810 1038 935 1069; x_wconf 92' lang='lat' dir='ltr'>obiecto</span> <span class='ocrx_word' id='word_1_133' title='bbox 964 1038 1080 1068; x_wconf 85' lang='lat' dir='ltr'>rationi</span> <span class='ocrx_word' id='word_1_134' title='bbox 1113 1044 1149 1068; x_wconf 88' lang='lat' dir='ltr'>ut</span> <span class='ocrx_word' id='word_1_135' title='bbox 1177 1037 1326 1068; x_wconf 87' lang='lat' dir='ltr'>iniuriam</span> <span class='ocrx_word' id='word_1_136' title='bbox 1354 1047 1407 1077; x_wconf 87' lang='lat' dir='ltr'>pa-</span> 
     </span>
     <span class='ocr_line' id='line_1_19' title="bbox 348 1081 1407 1123; baseline -0.005 -8"><span class='ocrx_word' id='word_1_137' title='bbox 348 1086 458 1115; x_wconf 90' lang='lat' dir='ltr'>tiente:</span> <span class='ocrx_word' id='word_1_138' title='bbox 485 1091 530 1114; x_wconf 89' lang='lat' dir='ltr'>est</span> <span class='ocrx_word' id='word_1_139' title='bbox 549 1092 687 1123; x_wconf 90' lang='lat' dir='ltr'>namque</span> <span class='ocrx_word' id='word_1_140' title='bbox 704 1082 865 1113; x_wconf 89' lang='lat' dir='ltr'>obiectum</span> <span class='ocrx_word' id='word_1_141' title='bbox 881 1082 942 1113; x_wconf 91' lang='lat' dir='ltr'>hoc</span> <span class='ocrx_word' id='word_1_142' title='bbox 959 1082 1136 1113; x_wconf 90' lang='lat' dir='ltr'>secundum</span> <span class='ocrx_word' id='word_1_143' title='bbox 1160 1092 1192 1112; x_wconf 91' lang='lat' dir='ltr'>se</span> <span class='ocrx_word' id='word_1_144' title='bbox 1215 1081 1328 1111; x_wconf 90' lang='lat' dir='ltr'>rationi</span> <span class='ocrx_word' id='word_1_145' title='bbox 1346 1081 1407 1110; x_wconf 90' lang='lat' dir='ltr'>dis-</span> 
     </span>
     <span class='ocr_line' id='line_1_20' title="bbox 347 1124 1408 1165; baseline -0.003 -7"><span class='ocrx_word' id='word_1_146' title='bbox 347 1138 473 1159; x_wconf 89' lang='lat' dir='ltr'>sonans.</span> <span class='ocrx_word' id='word_1_147' title='bbox 504 1127 667 1158; x_wconf 82' lang='lat' dir='ltr'>Secundae</span> <span class='ocrx_word' id='word_1_148' title='bbox 696 1133 803 1157; x_wconf 87' lang='lat' dir='ltr'>autem</span> <span class='ocrx_word' id='word_1_149' title='bbox 833 1137 899 1157; x_wconf 91' lang='lat' dir='ltr'>non</span> <span class='ocrx_word' id='word_1_150' title='bbox 927 1132 1002 1157; x_wconf 91' lang='lat' dir='ltr'>sunt</span> <span class='ocrx_word' id='word_1_151' title='bbox 1030 1126 1206 1156; x_wconf 88' lang='lat' dir='ltr'>secundum</span> <span class='ocrx_word' id='word_1_152' title='bbox 1234 1135 1267 1155; x_wconf 93' lang='lat' dir='ltr'>se</span> <span class='ocrx_word' id='word_1_153' title='bbox 1289 1124 1408 1165; x_wconf 88' lang='lat' dir='ltr'>species</span> 
     </span>
     <span class='ocr_line' id='line_1_21' title="bbox 348 1168 1409 1212; baseline -0.005 -9"><span class='ocrx_word' id='word_1_154' title='bbox 348 1172 531 1208; x_wconf 88' lang='lat' dir='ltr'>moralium,</span> <span class='ocrx_word' id='word_1_155' title='bbox 548 1181 606 1202; x_wconf 91' lang='lat' dir='ltr'>nec</span> <span class='ocrx_word' id='word_1_156' title='bbox 620 1171 737 1202; x_wconf 88' lang='lat' dir='ltr'>habent</span> <span class='ocrx_word' id='word_1_157' title='bbox 753 1171 882 1212; x_wconf 87' lang='lat' dir='ltr'>propria</span> <span class='ocrx_word' id='word_1_158' title='bbox 899 1171 1031 1201; x_wconf 87' lang='lat' dir='ltr'>obiecta.</span> <span class='ocrx_word' id='word_1_159' title='bbox 1045 1188 1066 1194; x_wconf 89' lang='lat'>-</span> <span class='ocrx_word' id='word_1_160' title='bbox 1078 1170 1119 1200; x_wconf 91' lang='lat' dir='ltr'>Et</span> <span class='ocrx_word' id='word_1_161' title='bbox 1135 1179 1172 1200; x_wconf 89' lang='lat' dir='ltr'>ex</span> <span class='ocrx_word' id='word_1_162' title='bbox 1187 1169 1249 1199; x_wconf 90' lang='lat' dir='ltr'>hoc</span> <span class='ocrx_word' id='word_1_163' title='bbox 1265 1168 1409 1209; x_wconf 88' lang='lat' dir='ltr'>sequitur</span> 
     </span>
     <span class='ocr_line' id='line_1_22' title="bbox 347 1212 1407 1257; baseline -0.004 -11"><span class='ocrx_word' id='word_1_164' title='bbox 347 1216 436 1257; x_wconf 93' lang='lat' dir='ltr'>quod</span> <span class='ocrx_word' id='word_1_165' title='bbox 451 1215 570 1256; x_wconf 85' lang='lat' dir='ltr'>primae</span> <span class='ocrx_word' id='word_1_166' title='bbox 586 1215 662 1246; x_wconf 90' lang='lat' dir='ltr'>dant</span> <span class='ocrx_word' id='word_1_167' title='bbox 677 1215 814 1255; x_wconf 89' lang='lat' dir='ltr'>speciem</span> <span class='ocrx_word' id='word_1_168' title='bbox 830 1215 913 1246; x_wconf 90' lang='lat' dir='ltr'>actui</span> <span class='ocrx_word' id='word_1_169' title='bbox 934 1224 1032 1256; x_wconf 90' lang='lat' dir='ltr'>quem</span> <span class='ocrx_word' id='word_1_170' title='bbox 1052 1214 1264 1249; x_wconf 89' lang='lat' dir='ltr'>circumstant,</span> <span class='ocrx_word' id='word_1_171' title='bbox 1277 1212 1407 1253; x_wconf 90' lang='lat' dir='ltr'>quando</span> 
     </span>
     <span class='ocr_line' id='line_1_23' title="bbox 348 1257 1409 1297; baseline -0.005 -6"><span class='ocrx_word' id='word_1_172' title='bbox 348 1267 436 1291; x_wconf 89' lang='lat' dir='ltr'>actus</span> <span class='ocrx_word' id='word_1_173' title='bbox 449 1266 495 1290; x_wconf 89' lang='lat' dir='ltr'>est</span> <span class='ocrx_word' id='word_1_174' title='bbox 511 1259 591 1291; x_wconf 88' lang='lat' dir='ltr'>circa</span> <span class='ocrx_word' id='word_1_175' title='bbox 609 1259 689 1290; x_wconf 88' lang='lat' dir='ltr'>illud</span> <span class='ocrx_word' id='word_1_176' title='bbox 705 1258 956 1290; x_wconf 86' lang='lat' dir='ltr'>circumstantiae</span> <span class='ocrx_word' id='word_1_177' title='bbox 978 1258 1148 1288; x_wconf 90' lang='lat' dir='ltr'>obiectum.</span> <span class='ocrx_word' id='word_1_178' title='bbox 1169 1257 1214 1287; x_wconf 85' lang='lat' dir='ltr'>Ita</span> <span class='ocrx_word' id='word_1_179' title='bbox 1230 1257 1319 1297; x_wconf 91' lang='lat' dir='ltr'>quod</span> <span class='ocrx_word' id='word_1_180' title='bbox 1335 1263 1409 1287; x_wconf 92' lang='lat' dir='ltr'>sunt</span> 
     </span>
     <span class='ocr_line' id='line_1_24' title="bbox 348 1300 1408 1345; baseline -0.004 -10"><span class='ocrx_word' id='word_1_181' title='bbox 348 1304 439 1345; x_wconf 89' lang='lat' dir='ltr'>quasi</span> <span class='ocrx_word' id='word_1_182' title='bbox 463 1304 528 1335; x_wconf 92' lang='lat' dir='ltr'>duo</span> <span class='ocrx_word' id='word_1_183' title='bbox 552 1310 648 1340; x_wconf 88' lang='lat' dir='ltr'>actus,</span> <span class='ocrx_word' id='word_1_184' title='bbox 673 1313 756 1334; x_wconf 92' lang='lat' dir='ltr'>unus</span> <span class='ocrx_word' id='word_1_185' title='bbox 776 1303 856 1334; x_wconf 89' lang='lat' dir='ltr'>circa</span> <span class='ocrx_word' id='word_1_186' title='bbox 880 1302 1041 1333; x_wconf 88' lang='lat' dir='ltr'>obiectum</span> <span class='ocrx_word' id='word_1_187' title='bbox 1057 1307 1153 1338; x_wconf 85' lang='lat' dir='ltr'>actus,</span> <span class='ocrx_word' id='word_1_188' title='bbox 1179 1307 1210 1332; x_wconf 93' lang='lat' dir='ltr'>et</span> <span class='ocrx_word' id='word_1_189' title='bbox 1232 1301 1309 1331; x_wconf 90' lang='lat' dir='ltr'>alter</span> <span class='ocrx_word' id='word_1_190' title='bbox 1328 1300 1408 1332; x_wconf 88' lang='lat' dir='ltr'>circa</span> 
     </span>
     <span class='ocr_line' id='line_1_25' title="bbox 348 1346 1407 1385; baseline -0.004 -6"><span class='ocrx_word' id='word_1_191' title='bbox 348 1348 508 1379; x_wconf 88' lang='lat' dir='ltr'>obiectum</span> <span class='ocrx_word' id='word_1_192' title='bbox 532 1347 798 1383; x_wconf 84' lang='lat' dir='ltr'>circumstantiae,</span> <span class='ocrx_word' id='word_1_193' title='bbox 823 1354 859 1377; x_wconf 90' lang='lat' dir='ltr'>ut</span> <span class='ocrx_word' id='word_1_194' title='bbox 881 1347 913 1377; x_wconf 92' lang='lat' dir='ltr'>in</span> <span class='ocrx_word' id='word_1_195' title='bbox 938 1346 1022 1377; x_wconf 88' lang='lat' dir='ltr'>furto</span> <span class='ocrx_word' id='word_1_196' title='bbox 1047 1355 1084 1376; x_wconf 87' lang='lat' dir='ltr'>ex</span> <span class='ocrx_word' id='word_1_197' title='bbox 1106 1346 1179 1376; x_wconf 93' lang='lat' dir='ltr'>loco</span> <span class='ocrx_word' id='word_1_198' title='bbox 1199 1355 1287 1376; x_wconf 84' lang='lat' dir='ltr'>sacro</span> <span class='ocrx_word' id='word_1_199' title='bbox 1311 1355 1407 1385; x_wconf 86' lang='lat' dir='ltr'>appa-</span> 
     </span>
     <span class='ocr_line' id='line_1_26' title="bbox 348 1389 1405 1432; baseline -0.003 -10"><span class='ocrx_word' id='word_1_200' title='bbox 348 1399 407 1429; x_wconf 91' lang='lat' dir='ltr'>ret,</span> <span class='ocrx_word' id='word_1_201' title='bbox 433 1393 549 1423; x_wconf 87' lang='lat' dir='ltr'>scilicet</span> <span class='ocrx_word' id='word_1_202' title='bbox 571 1391 711 1432; x_wconf 89' lang='lat' dir='ltr'>acceptio</span> <span class='ocrx_word' id='word_1_203' title='bbox 735 1391 838 1427; x_wconf 85' lang='lat' dir='ltr'>alieni,</span> <span class='ocrx_word' id='word_1_204' title='bbox 863 1397 893 1422; x_wconf 90' lang='lat' dir='ltr'>et</span> <span class='ocrx_word' id='word_1_205' title='bbox 915 1390 1030 1421; x_wconf 88' lang='lat' dir='ltr'>iniuria</span> <span class='ocrx_word' id='word_1_206' title='bbox 1052 1390 1124 1421; x_wconf 90' lang='lat' dir='ltr'>loco</span> <span class='ocrx_word' id='word_1_207' title='bbox 1149 1399 1237 1420; x_wconf 90' lang='lat' dir='ltr'>sacro</span> <span class='ocrx_word' id='word_1_208' title='bbox 1260 1389 1405 1428; x_wconf 79' lang='lat' dir='ltr'>irrogata.</span> 
     </span>
    </p>
   </div>
   <div class='ocr_carea' id='block_1_3' title="bbox 1010 256 1851 304">
    <p class='ocr_par' dir='ltr' id='par_1_4' title="bbox 1010 256 1851 304">
     <span class='ocr_line' id='line_1_27' title="bbox 1010 256 1851 304; baseline -0.004 -9"><span class='ocrx_word' id='word_1_209' title='bbox 1010 257 1275 304; x_wconf 88' lang='lat' dir='ltr'>QUAESTIO</span> <span class='ocrx_word' id='word_1_210' title='bbox 1306 257 1447 304; x_wconf 88' lang='lat' dir='ltr'>XVIII,</span> <span class='ocrx_word' id='word_1_211' title='bbox 1476 256 1771 293; x_wconf 89' lang='lat' dir='ltr'>ARTICULUS</span> <span class='ocrx_word' id='word_1_212' title='bbox 1801 257 1851 292; x_wconf 92' lang='lat' dir='ltr'>XI</span> 
     </span>
    </p>
   </div>
   <div class='ocr_carea' id='block_1_4' title="bbox 1460 333 2525 1429">
    <p class='ocr_par' dir='ltr' id='par_1_5' title="bbox 1460 333 2520 985">
     <span class='ocr_line' id='line_1_28' title="bbox 1460 333 2517 376; baseline -0.001 -11"><span class='ocrx_word' id='word_1_213' title='bbox 1460 336 1501 366; x_wconf 86' lang='lat' dir='ltr'>Et</span> <span class='ocrx_word' id='word_1_214' title='bbox 1523 341 1689 375; x_wconf 89' lang='lat' dir='ltr'>propterea</span> <span class='ocrx_word' id='word_1_215' title='bbox 1710 335 1743 365; x_wconf 92' lang='lat' dir='ltr'>in</span> <span class='ocrx_word' id='word_1_216' title='bbox 1765 334 1866 365; x_wconf 86' lang='lat' dir='ltr'>littera</span> <span class='ocrx_word' id='word_1_217' title='bbox 1883 333 1902 353; x_wconf 69' lang='lat'>²⁸</span> <span class='ocrx_word' id='word_1_218' title='bbox 1924 334 2036 365; x_wconf 85' lang='lat' dir='ltr'>dicitur</span> <span class='ocrx_word' id='word_1_219' title='bbox 2058 335 2147 376; x_wconf 91' lang='lat' dir='ltr'>quod</span> <span class='ocrx_word' id='word_1_220' title='bbox 2170 334 2420 366; x_wconf 87' lang='lat' dir='ltr'>circumstantiae</span> <span class='ocrx_word' id='word_1_221' title='bbox 2444 343 2517 364; x_wconf 89' lang='lat' dir='ltr'>mu·</span> 
     </span>
     <span class='ocr_line' id='line_1_29' title="bbox 1460 377 2517 418; baseline -0.001 -9"><span class='ocrx_word' id='word_1_222' title='bbox 1460 385 1561 410; x_wconf 86' lang='lat' dir='ltr'>tantes</span> <span class='ocrx_word' id='word_1_223' title='bbox 1585 389 1640 409; x_wconf 91' lang='lat' dir='ltr'>seu</span> <span class='ocrx_word' id='word_1_224' title='bbox 1665 379 1774 409; x_wconf 89' lang='lat' dir='ltr'>dantes</span> <span class='ocrx_word' id='word_1_225' title='bbox 1797 377 1949 418; x_wconf 82' lang='lat' dir='ltr'>speciem,</span> <span class='ocrx_word' id='word_1_226' title='bbox 1973 384 2135 410; x_wconf 86' lang='lat' dir='ltr'>transeunt</span> <span class='ocrx_word' id='word_1_227' title='bbox 2157 378 2190 410; x_wconf 90' lang='lat' dir='ltr'>in</span> <span class='ocrx_word' id='word_1_228' title='bbox 2214 378 2411 410; x_wconf 90' lang='lat' dir='ltr'>conditiones</span> <span class='ocrx_word' id='word_1_229' title='bbox 2433 377 2517 418; x_wconf 88' lang='lat' dir='ltr'>prin-</span> 
     </span>
     <span class='ocr_line' id='line_1_30' title="bbox 1460 421 2518 462; baseline -0.001 -10"><span class='ocrx_word' id='word_1_230' title='bbox 1460 422 1589 462; x_wconf 87' lang='lat' dir='ltr'>cipales,</span> <span class='ocrx_word' id='word_1_231' title='bbox 1607 432 1662 452; x_wconf 91' lang='lat' dir='ltr'>seu</span> <span class='ocrx_word' id='word_1_232' title='bbox 1686 421 1872 452; x_wconf 82' lang='lat' dir='ltr'>differentias</span> <span class='ocrx_word' id='word_1_233' title='bbox 1894 421 2024 457; x_wconf 81' lang='lat' dir='ltr'>obiecti:</span> <span class='ocrx_word' id='word_1_234' title='bbox 2047 422 2111 452; x_wconf 87' lang='lat' dir='ltr'>iam</span> <span class='ocrx_word' id='word_1_235' title='bbox 2135 422 2221 454; x_wconf 91' lang='lat' dir='ltr'>enim</span> <span class='ocrx_word' id='word_1_236' title='bbox 2235 422 2253 442; x_wconf 89' lang='lat'><strong><em>*</em></strong></span> <span class='ocrx_word' id='word_1_237' title='bbox 2276 422 2449 453; x_wconf 90' lang='lat' dir='ltr'>stabilitum</span> <span class='ocrx_word' id='word_1_238' title='bbox 2471 427 2518 452; x_wconf 91' lang='lat' dir='ltr'>est</span> 
     </span>
     <span class='ocr_line' id='line_1_31' title="bbox 1461 464 2517 505; baseline -0.001 -9"><span class='ocrx_word' id='word_1_239' title='bbox 1461 475 1498 496; x_wconf 83' lang='lat' dir='ltr'>ex</span> <span class='ocrx_word' id='word_1_240' title='bbox 1525 465 1649 496; x_wconf 90' lang='lat' dir='ltr'>obiecto</span> <span class='ocrx_word' id='word_1_241' title='bbox 1679 464 1786 495; x_wconf 88' lang='lat' dir='ltr'>haberi</span> <span class='ocrx_word' id='word_1_242' title='bbox 1817 465 1955 505; x_wconf 88' lang='lat' dir='ltr'>speciem</span> <span class='ocrx_word' id='word_1_243' title='bbox 1986 465 2134 497; x_wconf 87' lang='lat' dir='ltr'>bonitatis</span> <span class='ocrx_word' id='word_1_244' title='bbox 2162 473 2193 497; x_wconf 86' lang='lat' dir='ltr'>et</span> <span class='ocrx_word' id='word_1_245' title='bbox 2220 465 2358 497; x_wconf 85' lang='lat' dir='ltr'>malitiae</span> <span class='ocrx_word' id='word_1_246' title='bbox 2389 465 2517 496; x_wconf 89' lang='lat' dir='ltr'>moralis</span> 
     </span>
     <span class='ocr_line' id='line_1_32' title="bbox 1461 508 2517 550; baseline 0 -11"><span class='ocrx_word' id='word_1_247' title='bbox 1461 515 1558 539; x_wconf 88' lang='lat' dir='ltr'>actus.</span> <span class='ocrx_word' id='word_1_248' title='bbox 1583 510 1624 540; x_wconf 90' lang='lat' dir='ltr'>Et</span> <span class='ocrx_word' id='word_1_249' title='bbox 1647 519 1684 539; x_wconf 83' lang='lat' dir='ltr'>ex</span> <span class='ocrx_word' id='word_1_250' title='bbox 1707 508 1818 538; x_wconf 86' lang='lat' dir='ltr'>eadem</span> <span class='ocrx_word' id='word_1_251' title='bbox 1841 508 1944 540; x_wconf 85' lang='lat' dir='ltr'>radice</span> <span class='ocrx_word' id='word_1_252' title='bbox 1967 508 2088 540; x_wconf 89' lang='lat' dir='ltr'>dictum</span> <span class='ocrx_word' id='word_1_253' title='bbox 2111 509 2171 541; x_wconf 89' lang='lat' dir='ltr'>fuit</span> <span class='ocrx_word' id='word_1_254' title='bbox 2185 510 2219 540; x_wconf 90' lang='lat' dir='ltr'>in</span> <span class='ocrx_word' id='word_1_255' title='bbox 2234 510 2336 541; x_wconf 91' lang='lat' dir='ltr'>littera</span> <span class='ocrx_word' id='word_1_256' title='bbox 2351 509 2454 550; x_wconf 89' lang='lat' dir='ltr'>quinti</span> <span class='ocrx_word' id='word_1_257' title='bbox 2469 519 2517 539; x_wconf 88' lang='lat' dir='ltr'>ar-</span> 
     </span>
     <span class='ocr_line' id='line_1_33' title="bbox 1460 551 2518 595; baseline 0.001 -13"><span class='ocrx_word' id='word_1_258' title='bbox 1460 553 1564 588; x_wconf 90' lang='lat' dir='ltr'>ticuli,</span> <span class='ocrx_word' id='word_1_259' title='bbox 1588 553 1620 582; x_wconf 91' lang='lat' dir='ltr'>in</span> <span class='ocrx_word' id='word_1_260' title='bbox 1644 551 1851 592; x_wconf 87' lang='lat' dir='ltr'>responsione</span> <span class='ocrx_word' id='word_1_261' title='bbox 1878 553 1919 583; x_wconf 87' lang='lat' dir='ltr'>ad</span> <span class='ocrx_word' id='word_1_262' title='bbox 1945 559 2108 594; x_wconf 87' lang='lat' dir='ltr'>quartum,</span> <span class='ocrx_word' id='word_1_263' title='bbox 2137 554 2226 595; x_wconf 92' lang='lat' dir='ltr'>quod</span> <span class='ocrx_word' id='word_1_264' title='bbox 2248 553 2518 595; x_wconf 87' lang='lat' dir='ltr'>quandocumque</span> 
     </span>
     <span class='ocr_line' id='line_1_34' title="bbox 1463 596 2516 632; baseline 0 -6"><span class='ocrx_word' id='word_1_265' title='bbox 1463 596 1695 627; x_wconf 88' lang='lat' dir='ltr'>circumstantia</span> <span class='ocrx_word' id='word_1_266' title='bbox 1722 602 1909 627; x_wconf 85' lang='lat' dir='ltr'>transmutat</span> <span class='ocrx_word' id='word_1_267' title='bbox 1935 603 2043 628; x_wconf 91' lang='lat' dir='ltr'>actum</span> <span class='ocrx_word' id='word_1_268' title='bbox 2065 597 2267 629; x_wconf 37' lang='lat' dir='ltr'>devbonitate</span> <span class='ocrx_word' id='word_1_269' title='bbox 2289 598 2322 628; x_wconf 89' lang='lat' dir='ltr'>in</span> <span class='ocrx_word' id='word_1_270' title='bbox 2345 596 2516 632; x_wconf 83' lang='lat' dir='ltr'>malitiam,</span> 
     </span>
     <span class='ocr_line' id='line_1_35' title="bbox 1462 639 2518 681; baseline 0 -11"><span class='ocrx_word' id='word_1_271' title='bbox 1462 640 1515 670; x_wconf 90' lang='lat' dir='ltr'>dat</span> <span class='ocrx_word' id='word_1_272' title='bbox 1538 640 1621 670; x_wconf 88' lang='lat' dir='ltr'>actui</span> <span class='ocrx_word' id='word_1_273' title='bbox 1644 639 1790 679; x_wconf 88' lang='lat' dir='ltr'>speciem,</span> <span class='ocrx_word' id='word_1_274' title='bbox 1807 640 1881 681; x_wconf 90' lang='lat' dir='ltr'>quia</span> <span class='ocrx_word' id='word_1_275' title='bbox 1904 647 2059 681; x_wconf 83' lang='lat' dir='ltr'>repugnat</span> <span class='ocrx_word' id='word_1_276' title='bbox 2080 641 2205 672; x_wconf 87' lang='lat' dir='ltr'>rationi.</span> <span class='ocrx_word' id='word_1_277' title='bbox 2225 642 2273 672; x_wconf 90' lang='lat' dir='ltr'>Ex</span> <span class='ocrx_word' id='word_1_278' title='bbox 2295 641 2357 671; x_wconf 83' lang='lat' dir='ltr'>hoc</span> <span class='ocrx_word' id='word_1_279' title='bbox 2378 649 2518 681; x_wconf 87' lang='lat' dir='ltr'>namque</span> 
     </span>
     <span class='ocr_line' id='line_1_36' title="bbox 1461 683 2518 725; baseline 0.001 -12"><span class='ocrx_word' id='word_1_280' title='bbox 1461 684 1550 724; x_wconf 92' lang='lat' dir='ltr'>quod</span> <span class='ocrx_word' id='word_1_281' title='bbox 1569 683 1745 714; x_wconf 89' lang='lat' dir='ltr'>secundum</span> <span class='ocrx_word' id='word_1_282' title='bbox 1768 693 1800 714; x_wconf 93' lang='lat' dir='ltr'>se</span> <span class='ocrx_word' id='word_1_283' title='bbox 1823 683 1936 714; x_wconf 85' lang='lat' dir='ltr'>rationi</span> <span class='ocrx_word' id='word_1_284' title='bbox 1959 691 2123 725; x_wconf 82' lang='lat' dir='ltr'>repugnat,</span> <span class='ocrx_word' id='word_1_285' title='bbox 2147 685 2240 716; x_wconf 85' lang='lat' dir='ltr'>habet</span> <span class='ocrx_word' id='word_1_286' title='bbox 2263 693 2445 725; x_wconf 87' lang='lat' dir='ltr'>utrumque,</span> <span class='ocrx_word' id='word_1_287' title='bbox 2462 683 2518 714; x_wconf 89' lang='lat' dir='ltr'>sci-</span> 
     </span>
     <span class='ocr_line' id='line_1_37' title="bbox 1461 727 2520 770; baseline 0 -12"><span class='ocrx_word' id='word_1_288' title='bbox 1461 728 1534 759; x_wconf 92' lang='lat' dir='ltr'>licet</span> <span class='ocrx_word' id='word_1_289' title='bbox 1557 734 1587 758; x_wconf 92' lang='lat' dir='ltr'>et</span> <span class='ocrx_word' id='word_1_290' title='bbox 1610 727 1699 768; x_wconf 90' lang='lat' dir='ltr'>quod</span> <span class='ocrx_word' id='word_1_291' title='bbox 1722 727 1875 758; x_wconf 84' lang='lat' dir='ltr'>malitiam</span> <span class='ocrx_word' id='word_1_292' title='bbox 1896 729 2072 759; x_wconf 90' lang='lat' dir='ltr'>secundum</span> <span class='ocrx_word' id='word_1_293' title='bbox 2085 739 2124 759; x_wconf 84' lang='lat' dir='ltr'>se</span> <span class='ocrx_word' id='word_1_294' title='bbox 2142 729 2302 770; x_wconf 91' lang='lat' dir='ltr'>importet,</span> <span class='ocrx_word' id='word_1_295' title='bbox 2320 735 2351 759; x_wconf 89' lang='lat' dir='ltr'>et</span> <span class='ocrx_word' id='word_1_296' title='bbox 2375 727 2463 770; x_wconf 92' lang='lat' dir='ltr'>quod</span> <span class='ocrx_word' id='word_1_297' title='bbox 2481 727 2520 758; x_wconf 91' lang='lat' dir='ltr'>sit</span> 
     </span>
     <span class='ocr_line' id='line_1_38' title="bbox 1460 771 2520 813; baseline -0.001 -11"><span class='ocrx_word' id='word_1_298' title='bbox 1460 772 1511 802; x_wconf 90' lang='lat' dir='ltr'>vel</span> <span class='ocrx_word' id='word_1_299' title='bbox 1533 771 1646 802; x_wconf 88' lang='lat' dir='ltr'>habeat</span> <span class='ocrx_word' id='word_1_300' title='bbox 1669 771 1835 812; x_wconf 86' lang='lat' dir='ltr'>proprium</span> <span class='ocrx_word' id='word_1_301' title='bbox 1861 771 2022 802; x_wconf 87' lang='lat' dir='ltr'>obiectum</span> <span class='ocrx_word' id='word_1_302' title='bbox 2051 772 2164 803; x_wconf 83' lang='lat' dir='ltr'>rationi</span> <span class='ocrx_word' id='word_1_303' title='bbox 2187 781 2382 813; x_wconf 84' lang='lat' dir='ltr'>repugnans:</span> <span class='ocrx_word' id='word_1_304' title='bbox 2406 782 2442 802; x_wconf 88' lang='lat' dir='ltr'>ac</span> <span class='ocrx_word' id='word_1_305' title='bbox 2464 781 2520 812; x_wconf 93' lang='lat' dir='ltr'>per</span> 
     </span>
     <span class='ocr_line' id='line_1_39' title="bbox 1461 815 2519 857; baseline 0 -11"><span class='ocrx_word' id='word_1_306' title='bbox 1461 816 1532 852; x_wconf 91' lang='lat' dir='ltr'>hoc,</span> <span class='ocrx_word' id='word_1_307' title='bbox 1557 815 1590 845; x_wconf 91' lang='lat' dir='ltr'>in</span> <span class='ocrx_word' id='word_1_308' title='bbox 1612 815 1740 856; x_wconf 91' lang='lat' dir='ltr'>propria</span> <span class='ocrx_word' id='word_1_309' title='bbox 1764 815 1866 855; x_wconf 90' lang='lat' dir='ltr'>specie</span> <span class='ocrx_word' id='word_1_310' title='bbox 1890 822 2023 855; x_wconf 87' lang='lat' dir='ltr'>reponat</span> <span class='ocrx_word' id='word_1_311' title='bbox 2041 822 2147 846; x_wconf 88' lang='lat' dir='ltr'>actum</span> <span class='ocrx_word' id='word_1_312' title='bbox 2163 827 2260 857; x_wconf 86' lang='lat' dir='ltr'>quem</span> <span class='ocrx_word' id='word_1_313' title='bbox 2277 815 2438 847; x_wconf 88' lang='lat' dir='ltr'>constituit</span> <span class='ocrx_word' id='word_1_314' title='bbox 2454 826 2519 846; x_wconf 89' lang='lat' dir='ltr'>ma-</span> 
     </span>
     <span class='ocr_line' id='line_1_40' title="bbox 1461 858 2517 891; baseline -0.001 -1"><span class='ocrx_word' id='word_1_315' title='bbox 1461 860 1541 891; x_wconf 89' lang='lat' dir='ltr'>lum.</span> <span class='ocrx_word' id='word_1_316' title='bbox 1567 859 1762 891; x_wconf 89' lang='lat' dir='ltr'>Constitutio</span> <span class='ocrx_word' id='word_1_317' title='bbox 1787 858 1871 889; x_wconf 88' lang='lat' dir='ltr'>enirn</span> <span class='ocrx_word' id='word_1_318' title='bbox 1895 865 1982 889; x_wconf 84' lang='lat' dir='ltr'>actus</span> <span class='ocrx_word' id='word_1_319' title='bbox 2005 859 2039 889; x_wconf 89' lang='lat' dir='ltr'>in</span> <span class='ocrx_word' id='word_1_320' title='bbox 2062 869 2128 890; x_wconf 87' lang='lat' dir='ltr'>esse</span> <span class='ocrx_word' id='word_1_321' title='bbox 2152 860 2227 890; x_wconf 87' lang='lat' dir='ltr'>mali</span> <span class='ocrx_word' id='word_1_322' title='bbox 2249 870 2287 891; x_wconf 86' lang='lat' dir='ltr'>ex</span> <span class='ocrx_word' id='word_1_323' title='bbox 2309 860 2434 891; x_wconf 91' lang='lat' dir='ltr'>obiecto</span> <span class='ocrx_word' id='word_1_324' title='bbox 2458 866 2517 890; x_wconf 89' lang='lat' dir='ltr'>est:</span> 
     </span>
     <span class='ocr_line' id='line_1_41' title="bbox 1463 902 2519 935; baseline -0.001 0"><span class='ocrx_word' id='word_1_325' title='bbox 1463 910 1585 935; x_wconf 87' lang='lat' dir='ltr'>constat</span> <span class='ocrx_word' id='word_1_326' title='bbox 1607 910 1714 934; x_wconf 89' lang='lat' dir='ltr'>autem</span> <span class='ocrx_word' id='word_1_327' title='bbox 1737 902 2032 934; x_wconf 87' lang='lat' dir='ltr'>transmutationem</span> <span class='ocrx_word' id='word_1_328' title='bbox 2055 909 2143 934; x_wconf 88' lang='lat' dir='ltr'>actus</span> <span class='ocrx_word' id='word_1_329' title='bbox 2167 903 2205 934; x_wconf 92' lang='lat' dir='ltr'>de</span> <span class='ocrx_word' id='word_1_330' title='bbox 2227 904 2367 935; x_wconf 84' lang='lat' dir='ltr'>bonitate</span> <span class='ocrx_word' id='word_1_331' title='bbox 2395 903 2427 934; x_wconf 93' lang='lat' dir='ltr'>in</span> <span class='ocrx_word' id='word_1_332' title='bbox 2454 913 2519 934; x_wconf 90' lang='lat' dir='ltr'>ma-</span> 
     </span>
     <span class='ocr_line' id='line_1_42' title="bbox 1460 946 2200 985; baseline -0.001 -6"><span class='ocrx_word' id='word_1_333' title='bbox 1460 948 1570 985; x_wconf 87' lang='lat' dir='ltr'>litiam,</span> <span class='ocrx_word' id='word_1_334' title='bbox 1597 947 1856 979; x_wconf 86' lang='lat' dir='ltr'>constitutionem</span> <span class='ocrx_word' id='word_1_335' title='bbox 1879 957 1945 978; x_wconf 87' lang='lat' dir='ltr'>esse</span> <span class='ocrx_word' id='word_1_336' title='bbox 1968 946 2001 977; x_wconf 90' lang='lat' dir='ltr'>in</span> <span class='ocrx_word' id='word_1_337' title='bbox 2024 955 2091 976; x_wconf 88' lang='lat' dir='ltr'>esse</span> <span class='ocrx_word' id='word_1_338' title='bbox 2114 946 2200 978; x_wconf 86' lang='lat' dir='ltr'>mali.</span> 
     </span>
    </p>

    <p class='ocr_par' dir='ltr' id='par_1_6' title="bbox 1461 990 2525 1429">
     <span class='ocr_line' id='line_1_43' title="bbox 1520 990 2520 1031; baseline -0.002 -8"><span class='ocrx_word' id='word_1_339' title='bbox 1520 993 1556 1023; x_wconf 93' lang='lat' dir='ltr'>II.</span> <span class='ocrx_word' id='word_1_340' title='bbox 1581 992 1717 1023; x_wconf 88' lang='lat' dir='ltr'>Adverte</span> <span class='ocrx_word' id='word_1_341' title='bbox 1741 991 1891 1028; x_wconf 89' lang='lat' dir='ltr'>secundo,</span> <span class='ocrx_word' id='word_1_342' title='bbox 1916 991 2005 1031; x_wconf 93' lang='lat' dir='ltr'>quod</span> <span class='ocrx_word' id='word_1_343' title='bbox 2022 990 2056 1020; x_wconf 91' lang='lat' dir='ltr'>in</span> <span class='ocrx_word' id='word_1_344' title='bbox 2071 990 2173 1021; x_wconf 87' lang='lat' dir='ltr'>littera</span> <span class='ocrx_word' id='word_1_345' title='bbox 2195 1000 2233 1021; x_wconf 86' lang='lat' dir='ltr'>ex</span> <span class='ocrx_word' id='word_1_346' title='bbox 2255 990 2302 1021; x_wconf 86' lang='lat' dir='ltr'>his</span> <span class='ocrx_word' id='word_1_347' title='bbox 2324 991 2402 1022; x_wconf 89' lang='lat' dir='ltr'>locis</span> <span class='ocrx_word' id='word_1_348' title='bbox 2425 991 2520 1021; x_wconf 88' lang='lat' dir='ltr'>habes</span> 
     </span>
     <span class='ocr_line' id='line_1_44' title="bbox 1463 1034 2522 1076; baseline -0.001 -10"><span class='ocrx_word' id='word_1_349' title='bbox 1463 1037 1540 1067; x_wconf 92' lang='lat' dir='ltr'>duas</span> <span class='ocrx_word' id='word_1_350' title='bbox 1564 1036 1687 1076; x_wconf 87' lang='lat' dir='ltr'>regulas</span> <span class='ocrx_word' id='word_1_351' title='bbox 1715 1035 1873 1075; x_wconf 80' lang='lat' dir='ltr'>generales</span> <span class='ocrx_word' id='word_1_352' title='bbox 1897 1035 1936 1065; x_wconf 91' lang='lat' dir='ltr'>de</span> <span class='ocrx_word' id='word_1_353' title='bbox 1960 1034 2201 1065; x_wconf 86' lang='lat' dir='ltr'>circumstantiis</span> <span class='ocrx_word' id='word_1_354' title='bbox 2229 1034 2374 1066; x_wconf 88' lang='lat' dir='ltr'>dantibus</span> <span class='ocrx_word' id='word_1_355' title='bbox 2404 1035 2522 1075; x_wconf 90' lang='lat' dir='ltr'>species</span> 
     </span>
     <span class='ocr_line' id='line_1_45' title="bbox 1462 1077 2522 1119; baseline -0.001 -9"><span class='ocrx_word' id='word_1_356' title='bbox 1462 1080 1635 1110; x_wconf 89' lang='lat' dir='ltr'>moralibus</span> <span class='ocrx_word' id='word_1_357' title='bbox 1666 1079 1796 1110; x_wconf 89' lang='lat' dir='ltr'>actibus.</span> <span class='ocrx_word' id='word_1_358' title='bbox 1829 1078 1934 1109; x_wconf 89' lang='lat' dir='ltr'>Prima</span> <span class='ocrx_word' id='word_1_359' title='bbox 1962 1085 2008 1109; x_wconf 92' lang='lat' dir='ltr'>est</span> <span class='ocrx_word' id='word_1_360' title='bbox 2031 1088 2116 1108; x_wconf 92' lang='lat' dir='ltr'>nunc</span> <span class='ocrx_word' id='word_1_361' title='bbox 2142 1077 2238 1115; x_wconf 91' lang='lat' dir='ltr'>dicta,</span> <span class='ocrx_word' id='word_1_362' title='bbox 2263 1079 2352 1119; x_wconf 93' lang='lat' dir='ltr'>quod</span> <span class='ocrx_word' id='word_1_363' title='bbox 2378 1079 2522 1119; x_wconf 91' lang='lat' dir='ltr'>quando-</span> 
     </span>
     <span class='ocr_line' id='line_1_46' title="bbox 1463 1122 2522 1164; baseline -0.002 -10"><span class='ocrx_word' id='word_1_364' title='bbox 1463 1133 1602 1164; x_wconf 92' lang='lat' dir='ltr'>cumque</span> <span class='ocrx_word' id='word_1_365' title='bbox 1625 1122 1859 1154; x_wconf 76' lang='lat' dir='ltr'>circumstantia</span> <span class='ocrx_word' id='word_1_366' title='bbox 1882 1122 1956 1153; x_wconf 88' lang='lat' dir='ltr'>facit</span> <span class='ocrx_word' id='word_1_367' title='bbox 1980 1129 2087 1153; x_wconf 89' lang='lat' dir='ltr'>actum</span> <span class='ocrx_word' id='word_1_368' title='bbox 2110 1122 2149 1153; x_wconf 93' lang='lat' dir='ltr'>de</span> <span class='ocrx_word' id='word_1_369' title='bbox 2167 1122 2254 1153; x_wconf 85' lang='lat' dir='ltr'>bono</span> <span class='ocrx_word' id='word_1_370' title='bbox 2274 1129 2329 1153; x_wconf 87' lang='lat' dir='ltr'>aut</span> <span class='ocrx_word' id='word_1_371' title='bbox 2345 1132 2411 1164; x_wconf 81' lang='lat' dir='ltr'>non</span> <span class='ocrx_word' id='word_1_372' title='bbox 2434 1123 2522 1153; x_wconf 88' lang='lat' dir='ltr'>bono</span> 
     </span>
     <span class='ocr_line' id='line_1_47' title="bbox 1462 1165 2522 1208; baseline -0.002 -10"><span class='ocrx_word' id='word_1_373' title='bbox 1462 1168 1594 1204; x_wconf 83' lang='lat' dir='ltr'>malum,</span> <span class='ocrx_word' id='word_1_374' title='bbox 1619 1168 1672 1198; x_wconf 88' lang='lat' dir='ltr'>dat</span> <span class='ocrx_word' id='word_1_375' title='bbox 1694 1166 1841 1208; x_wconf 88' lang='lat' dir='ltr'>speciem.</span> <span class='ocrx_word' id='word_1_376' title='bbox 1858 1166 2003 1197; x_wconf 88' lang='lat' dir='ltr'>Secunda</span> <span class='ocrx_word' id='word_1_377' title='bbox 2025 1173 2072 1197; x_wconf 87' lang='lat' dir='ltr'>est</span> <span class='ocrx_word' id='word_1_378' title='bbox 2093 1166 2156 1205; x_wconf 89' lang='lat' dir='ltr'>hic,</span> <span class='ocrx_word' id='word_1_379' title='bbox 2171 1166 2205 1196; x_wconf 91' lang='lat' dir='ltr'>in</span> <span class='ocrx_word' id='word_1_380' title='bbox 2233 1165 2364 1198; x_wconf 84' lang='lat' dir='ltr'>articulo</span> <span class='ocrx_word' id='word_1_381' title='bbox 2387 1166 2522 1202; x_wconf 82' lang='lat' dir='ltr'>decimo,</span> 
     </span>
     <span class='ocr_line' id='line_1_48' title="bbox 1462 1209 2524 1253; baseline -0.002 -11"><span class='ocrx_word' id='word_1_382' title='bbox 1462 1212 1551 1253; x_wconf 93' lang='lat' dir='ltr'>quod</span> <span class='ocrx_word' id='word_1_383' title='bbox 1569 1211 1840 1252; x_wconf 88' lang='lat' dir='ltr'>quandocumque</span> <span class='ocrx_word' id='word_1_384' title='bbox 1856 1210 2087 1241; x_wconf 87' lang='lat' dir='ltr'>circumstantia</span> <span class='ocrx_word' id='word_1_385' title='bbox 2108 1209 2236 1250; x_wconf 86' lang='lat' dir='ltr'>respicit</span> <span class='ocrx_word' id='word_1_386' title='bbox 2250 1209 2427 1250; x_wconf 80' lang='lat' dir='ltr'>specialem,</span> <span class='ocrx_word' id='word_1_387' title='bbox 2444 1209 2524 1240; x_wconf 90' lang='lat' dir='ltr'>idest</span> 
     </span>
     <span class='ocr_line' id='line_1_49' title="bbox 1463 1253 2523 1296; baseline -0.002 -10"><span class='ocrx_word' id='word_1_388' title='bbox 1463 1256 1639 1287; x_wconf 89' lang='lat' dir='ltr'>secundum</span> <span class='ocrx_word' id='word_1_389' title='bbox 1673 1265 1705 1286; x_wconf 92' lang='lat' dir='ltr'>se</span> <span class='ocrx_word' id='word_1_390' title='bbox 1740 1254 1906 1296; x_wconf 88' lang='lat' dir='ltr'>proprium</span> <span class='ocrx_word' id='word_1_391' title='bbox 1937 1254 2082 1285; x_wconf 88' lang='lat' dir='ltr'>ordinem</span> <span class='ocrx_word' id='word_1_392' title='bbox 2112 1254 2258 1290; x_wconf 88' lang='lat' dir='ltr'>rationis,</span> <span class='ocrx_word' id='word_1_393' title='bbox 2293 1254 2346 1285; x_wconf 88' lang='lat' dir='ltr'>dat</span> <span class='ocrx_word' id='word_1_394' title='bbox 2374 1253 2523 1294; x_wconf 86' lang='lat' dir='ltr'>speciem.</span> 
     </span>
     <span class='ocr_line' id='line_1_50' title="bbox 1462 1299 2524 1341; baseline -0.004 -10"><span class='ocrx_word' id='word_1_395' title='bbox 1462 1301 1604 1341; x_wconf 88' lang='lat' dir='ltr'>Utraque</span> <span class='ocrx_word' id='word_1_396' title='bbox 1634 1306 1680 1330; x_wconf 90' lang='lat' dir='ltr'>est</span> <span class='ocrx_word' id='word_1_397' title='bbox 1707 1299 1861 1340; x_wconf 80' lang='lat' dir='ltr'>exposita;</span> <span class='ocrx_word' id='word_1_398' title='bbox 1886 1305 1917 1330; x_wconf 90' lang='lat' dir='ltr'>et</span> <span class='ocrx_word' id='word_1_399' title='bbox 1939 1305 2108 1340; x_wconf 90' lang='lat' dir='ltr'>utramque</span> <span class='ocrx_word' id='word_1_400' title='bbox 2137 1305 2264 1338; x_wconf 91' lang='lat' dir='ltr'>oportet</span> <span class='ocrx_word' id='word_1_401' title='bbox 2285 1304 2395 1328; x_wconf 87' lang='lat' dir='ltr'>notare</span> <span class='ocrx_word' id='word_1_402' title='bbox 2424 1304 2455 1328; x_wconf 90' lang='lat' dir='ltr'>et</span> <span class='ocrx_word' id='word_1_403' title='bbox 2477 1307 2524 1327; x_wconf 90' lang='lat' dir='ltr'>re-</span> 
     </span>
     <span class='ocr_line' id='line_1_51' title="bbox 1463 1342 2525 1384; baseline -0.002 -10"><span class='ocrx_word' id='word_1_404' title='bbox 1463 1344 1565 1375; x_wconf 89' lang='lat' dir='ltr'>colere</span> <span class='ocrx_word' id='word_1_405' title='bbox 1595 1343 1628 1374; x_wconf 89' lang='lat' dir='ltr'>in</span> <span class='ocrx_word' id='word_1_406' title='bbox 1659 1353 1712 1384; x_wconf 92' lang='lat' dir='ltr'>qu.</span> <span class='ocrx_word' id='word_1_407' title='bbox 1737 1353 1819 1374; x_wconf 72' lang='lat' dir='ltr'>Lxxn</span> <span class='ocrx_word' id='word_1_408' title='bbox 1841 1343 1877 1380; x_wconf 87' lang='lat'>*,</span> <span class='ocrx_word' id='word_1_409' title='bbox 1902 1343 1956 1374; x_wconf 93' lang='lat' dir='ltr'>ubi</span> <span class='ocrx_word' id='word_1_410' title='bbox 1988 1343 2026 1373; x_wconf 94' lang='lat' dir='ltr'>de</span> <span class='ocrx_word' id='word_1_411' title='bbox 2058 1342 2290 1383; x_wconf 83' lang='lat' dir='ltr'>specificatione</span> <span class='ocrx_word' id='word_1_412' title='bbox 2322 1348 2525 1383; x_wconf 86' lang='lat' dir='ltr'>peccatorum</span> 
     </span>
     <span class='ocr_line' id='line_1_52' title="bbox 1461 1396 1975 1429; baseline -0.002 -10"><span class='ocrx_word' id='word_1_413' title='bbox 1461 1396 1572 1429; x_wconf 74' lang='lat' dir='ltr'>agitur,</span> <span class='ocrx_word' id='word_1_414' title='bbox 1974 1407 1975 1410; x_wconf 61' lang='lat'><em>=</em></span> 
     </span>
    </p>
   </div>
   <div class='ocr_carea' id='block_1_5' title="bbox 1042 2285 1845 2622">
    <p class='ocr_par' dir='ltr' id='par_1_7' title="bbox 1042 2285 1845 2622">
     <span class='ocr_line' id='line_1_53' title="bbox 1042 2285 1845 2622; baseline 0 1530"><span class='ocrx_word' id='word_1_415' title='bbox 1042 2285 1845 2622; x_wconf 95' lang='lat' dir='ltr'> </span> 
     </span>
    </p>
   </div>
   <div class='ocr_carea' id='block_1_6' title="bbox 2544 340 2753 367">
    <p class='ocr_par' dir='ltr' id='par_1_8' title="bbox 2544 340 2753 367">
     <span class='ocr_line' id='line_1_54' title="bbox 2544 340 2753 367; baseline 0 -5"><span class='ocrx_word' id='word_1_416' title='bbox 2544 341 2553 350; x_wconf 70' lang='lat'><em>⁶</em></span> <span class='ocrx_word' id='word_1_417' title='bbox 2568 340 2620 362; x_wconf 80' lang='lat' dir='ltr'>Art.</span> <span class='ocrx_word' id='word_1_418' title='bbox 2635 345 2672 367; x_wconf 86' lang='grc' dir='ltr'>ιο,</span> <span class='ocrx_word' id='word_1_419' title='bbox 2687 340 2716 362; x_wconf 79' lang='lat' dir='ltr'>ad</span> <span class='ocrx_word' id='word_1_420' title='bbox 2731 346 2753 362; x_wconf 84' lang='lat'>2.</span> 
     </span>
    </p>
   </div>
   <div class='ocr_carea' id='block_1_7' title="bbox 2543 427 2656 449">
    <p class='ocr_par' dir='ltr' id='par_1_9' title="bbox 2543 427 2656 449">
     <span class='ocr_line' id='line_1_55' title="bbox 2543 427 2656 449; baseline 0 -1"><span class='ocrx_word' id='word_1_421' title='bbox 2543 427 2555 438; x_wconf 79' lang='lat'>⁸</span> <span class='ocrx_word' id='word_1_422' title='bbox 2569 427 2622 449; x_wconf 80' lang='lat' dir='ltr'>Art.</span> <span class='ocrx_word' id='word_1_423' title='bbox 2636 432 2656 448; x_wconf 92' lang='lat'>2.</span> 
     </span>
    </p>
   </div>
   <div class='ocr_carea' id='block_1_8' title="bbox 2550 1344 2666 1372">
    <p class='ocr_par' dir='ltr' id='par_1_10' title="bbox 2550 1344 2666 1372">
     <span class='ocr_line' id='line_1_56' title="bbox 2550 1344 2666 1372; baseline -0.009 -6"><span class='ocrx_word' id='word_1_424' title='bbox 2550 1344 2562 1356; x_wconf 67' lang='lat'>¹*</span> <span class='ocrx_word' id='word_1_425' title='bbox 2576 1344 2628 1366; x_wconf 74' lang='lat' dir='ltr'>Art.</span> <span class='ocrx_word' id='word_1_426' title='bbox 2643 1349 2666 1372; x_wconf 82' lang='lat'>9.</span> 
     </span>
    </p>
   </div>
  </div>
 </body>
</html>
