2852 4152
0 666 11 718 -wae
0 621 15 659 rw
0 510 17 611 “fin‘'
0 500 6 508 T

81 1698 96 1711 ⁸
109 1697 159 1727 Qu.
170 1704 189 1726 1,
201 1701 244 1720 art.
258 1703 280 1725 7.

22 2839 26 2845 '
52 2839 54 2842 ’
81 2850 92 2860 ·
114 2849 167 2871 Lib.
188 2848 217 2874 11.
242 2853 293 2876 cap.

31 2883 33 2889 ¹
79 2881 128 2904 xlv,
142 2881 189 2902 m,
202 2881 259 2897 xvu.

975 230 1240 275 QUAESTlO
1271 231 1359 278 XII,
1388 230 1683 267 ARTICULUS
1715 233 1757 277 11,
1790 234 1836 268 111

321 307 391 338 finis
415 313 450 337 ut
468 306 521 343 sic,
542 306 702 346 tripliciter
722 307 945 344 consideratur,
962 315 991 339 et
1013 308 1127 348 triplici
1141 315 1213 339 actu
1230 308 1377 339 voluntas

322 351 418 382 fertur
435 350 469 380 in
482 349 580 380 finem
602 357 638 380 ut
661 350 714 386 sic,
738 351 854 382 scilicet
872 352 1033 388 volitione,
1053 352 1202 383 fruitione
1225 359 1255 383 et
1276 352 1377 383 inten-

321 393 416 426 tione.
441 393 533 424 Ratio
553 400 659 424 autem
680 394 775 425 huius
799 402 844 425 est
867 395 942 435 quia
965 396 1004 426 ad
1026 395 1096 426 finis
1121 396 1276 427 rationem
1299 396 1377 427 inte-

321 438 472 478 grandam
494 437 552 468 tria
568 437 746 477 exiguntur,
771 438 894 470 bonitas
917 440 985 479 ipsa
1008 447 1137 480 propter
1159 450 1191 470 se
1214 440 1375 476 amabilis,

321 487 353 512 et
385 481 512 522 negatio
541 481 696 512 ulterioris
729 482 846 512 ordinis
859 506 866 519 ,
901 490 931 514 et
961 483 1140 515 terminatio
1171 484 1308 514 aliorum
1338 484 1376 514 ad

321 525 444 565 ipsum:
474 532 600 565 oportet
627 524 712 556 enim
739 525 837 556 finem
867 534 902 557 ut
929 527 990 563 sic,
1022 534 1151 568 propter
1180 537 1232 564 se,
1257 534 1287 558 et
1311 537 1376 558 non

321 576 451 610 propter
472 569 572 600 alium
594 568 701 606 finem,
718 576 748 600 et
761 570 822 600 alia
837 577 966 610 propter
988 571 1095 611 ipsum
1117 572 1225 602 amari.
1248 572 1288 602 Et
1306 571 1378 602 finis

322 613 452 654 quidem
474 620 630 654 quatenus
653 620 781 654 propter
804 623 846 644 se·
859 615 1001 645 amabilis
1025 622 1084 651 est,
1109 616 1149 646 ad
1172 622 1278 646 actum
1300 615 1378 646 voli—

2438 231 2485 279 95

1431 308 1526 340 tionis
1542 315 1673 349 spectat;
1698 316 1854 350 quatenus
1869 320 1944 341 vero
1959 320 2026 340 non
2041 311 2122 341 ultra
2137 311 2232 347 ducit,
2249 311 2289 341 ad
2305 311 2487 341 fruitionem

1431 359 1559 392 spectat,
1572 363 1654 394 quae
1669 353 1809 394 quietem
1824 354 1856 384 in
1873 354 2008 385 termino
2025 354 2192 394 significat;
2210 362 2365 395 quatenus
2380 362 2487 386 autem

1431 397 1471 426 ad
1493 397 1600 437 ipsum
1623 397 1682 427 alia
1706 397 1881 428 ordinanda
1902 405 1985 434 sunt,
2008 398 2217 429 intentionem
2244 399 2398 429 terminat.

1486 441 1592 471 Habes
1608 447 1639 471 et
1657 440 1731 471 hinc
1746 441 1844 482 quod,
1861 451 1935 472 cum
1950 441 1983 472 id
2001 442 2089 482 quod
2105 448 2151 472 est
2170 442 2208 472 ad
2228 441 2324 472 finem
2344 442 2487 472 absolute

1432 491 1564 521 amatur,
1581 483 1651 514 finis
1667 484 1823 515 rationem
1838 485 1952 522 induit;
1970 492 2001 516 et
2014 485 2156 516 similiter
2169 496 2243 516 cum
2256 485 2288 515 in
2301 495 2340 515 eo
2357 485 2486 521 sistitur;

1432 534 1463 559 et
1477 529 1591 558 eodem
1605 529 1705 559 modo
1720 539 1794 559 cum
1808 529 1967 570 appetitur
1976 536 2012 560 ut
2022 540 2079 570 per
2092 529 2308 570 praecedentia
2320 538 2487 569 assequen-

1431 572 1519 603 dum.
1543 589 1565 595 -
1589 572 1765 610 Quomodo
1789 580 1896 604 autem
1923 573 2159 613 distinguuntur
2185 573 2290 614 plures
2318 573 2487 603 voluntatis

1431 622 1519 646 actus
1543 623 1685 656 respectu
1709 616 1776 647 eius
1799 617 1888 657 quod
1911 623 1957 648 est
1979 618 2019 648 ad
2042 617 2148 654 finem,
2172 617 2302 648 inferius
2317 616 2334 635 ’¹‘
2357 616 2486 647 dicetur.

1078 768 1392 810 ARTICULUS
1422 768 1718 811 SECUNDUS

911 860 1065 891 UTRUM
1090 860 1298 891 INTENTIO
1322 860 1388 891 sir
1412 861 1598 891 TANTUM
1622 841 1902 892 ULTIMI‘FINIS

387 973 413 997 χι
438 976 506 1022 fg<
531 967 554 992 D
570 967 759 992 SECUNDUM
774 967 826 992 s1c
842 967 1079 993 PROCEDrrUR.
1096 955 1255 993 Videtur
1274 956 1378 1005 quod

369 1007 393 1064 ‘J'
451 1011 519 1067 *3⁴
533 1008 687 1044 intentio
716 1008 762 1044 sit
788 1015 934 1045 tantum
958 1008 1079 1045 ultimi
1107 1009 1204 1045 finis.
1234 1009 1378 1045 Dicitur

106 1067 171 1106 εῳ.
186 1077 209 1095 c.
473 1066 499 1100 '6
534 1061 633 1097 enim
663 1060 702 1097 in
729 1061 824 1097 libro
849 1061 1121 1098 Sententiarum
1146 1061 1323 1110 Prosperi
1341 1061 1375 1098 *ε

99 1118 134 1133 '¹‘
376 1138 379 1143 -
410 1107 461 1149 ”’·“;
488 1105 521 1148 K
537 1114 693 1150 Clamor
724 1114 776 1150 ad
807 1114 932 1150 Deum
969 1119 1024 1150 est
1054 1115 1204 1150 intentw
1242 1115 1374 1151 cordis.

324 1165 401 1202 Sed
429 1166 534 1202 Deus
563 1173 616 1202 est
643 1166 798 1202 ultimus
818 1166 904 1203 finis
931 1166 1089 1203 humani
1110 1166 1244 1203 cordis.
1275 1168 1376 1215 Ergo

322 1217 476 1254 intentio
506 1230 657 1267 semper
685 1219 834 1267 respicit
860 1218 1036 1255 ultimum
1064 1219 1195 1255 finem.

378 1282 412 1307 2.
433 1271 664 1318 PRAETEREA,
684 1271 841 1307 intentio
861 1271 1011 1318 respicit
1028 1271 1146 1307 finem
1165 1271 1376 1308 secundum

82 1326 164 1380 242¹*-
178 1326 294 1354 Pmeoedv
323 1323 428 1371 quod
453 1331 507 1359 est
525 1323 720 1369 terminus,
741 1330 783 1359 ut
802 1323 943 1359 dictum
964 1330 1019 1358 est
1036 1322 1067 1358 ²³.
1098 1323 1174 1359 Sed
1194 1323 1377 1359 terminus

146 1368 153 1374 ”
180 1388 198 1405 ⁸
321 1375 436 1421 habet
455 1375 643 1414 rationem
663 1374 783 1410 ultimi
805 1380 832 1410 α.
854 1375 956 1421 Ergo
976 1374 1130 1411 intentio
1151 1387 1304 1422 semper
1321 1388 1378 1411 re-

273 1462 276 1463 .
312 1426 434 1475 ,spieit
456 1427 633 1463 ultimum
662 1426 792 1462 finem.

324 1488 330 1503 ³
363 1479 411 1522 :3-
440 1479 672 1526 Pium-em,
703 1478 797 1515 sicut
823 1478 979 1514 intentio
996 1478 1150 1526 respicit
1175 1479 1307 1525 finem,
1327 1479 1378 1515 ita

321 1536 359 1574 et
374 1526 513 1567 fruitio.
540 1531 617 1568 Sed
635 1531 759 1568 fruitio
780 1542 931 1579 semper
947 1538 1001 1567 est
1018 1530 1137 1567 ultimi
1155 1531 1253 1568 finis.
1275 1532 1377 1578 Ergo

323 1591 360 1622 et
385 1583 551 1621 intentio.

347 1674 349 1677 ,
374 1637 449 1674 SED
478 1648 635 1684 CONTRA,
664 1636 819 1673 ultimus
846 1635 932 1672 finis
960 1636 1215 1672 humanarum
1243 1637 1379 1672 volun-

320 1697 439 1726 tatum
469 1697 524 1726 est
550 1701 662 1736 unus,
682 1689 820 1726 seilicet
846 1688 1051 1736 beatitudo,
1077 1696 1119 1724 ut
1145 1701 1259 1737 supra
1276 1688 1297 1710 ’¹‘
1325 1689 1378 1725 di-

322 1749 425 1779 ctum
453 1749 520 1778 est.
557 1742 596 1779 Si
623 1741 733 1790 igitur
759 1741 915 1778 intentio
954 1749 1052 1778 esset
1078 1749 1224 1778 tantum
1256 1741 1378 1777 ultimi

320 1792 418 1843 finis,
447 1806 527 1832 non
554 1802 679 1831 essent
707 1793 878 1831 diversae
906 1794 1107 1831 hominum
1141 1794 1375 1831 intentiones.

321 1847 437 1894 Quod
464 1853 568 1896 patet
595 1859 677 1883 esse
706 1847 854 1883 falsum.

372 1898 598 1938 REsponmzo
626 1911 810 1936 DICENDUM
838 1899 955 1948 quod,
976 1898 1071 1936 sicut
1099 1898 1241 1935 dictum
1271 1906 1326 1936 est
1344 1899 1375 1946 ²¹²,

319 1950 479 1990 intentio
507 1952 655 2001 respicit
682 1953 801 1989 finem
821 1952 1031 1989 secundum
1052 1952 1157 1999 quod
1178 1959 1233 1988 est
1250 1952 1378 1988 termi-

178 1996 195 2031 β
318 2017 391 2043 nus
409 2013 536 2042 motus
555 2003 570 2034 β
590 2005 806 2042 voluntatis.
838 2006 879 2041 In
900 2012 1007 2041 motu
1027 2012 1155 2041 autem
1174 2012 1298 2053 potest
1317 2017 1376 2041 ac-

320 2058 392 2107 cipi
412 2057 595 2095 terminus
616 2058 828 2107 dupliciter:
849 2070 927 2094 uno
947 2057 1079 2104 modo,
1095 2057 1175 2106 ipse
1195 2057 1376 2094 terminus

1430 956 1595 1004 ultimus,
1624 957 1662 993 in
1691 969 1767 1005 quo
1797 957 2020 1005 quiescitur,
2050 958 2114 1006 qui
2143 965 2198 995 est
2225 958 2404 995 terminus
2431 965 2487 994 to-

1430 1009 1502 1045 tius
1522 1016 1667 1055 motus;
1688 1009 1759 1045 alio
1780 1011 1911 1057 modo,
1932 1010 2084 1058 aliquod
2105 1010 2286 1058 medium,
2308 1012 2412 1059 quod
2433 1019 2487 1047 est

1430 1061 1656 1110 principium
1688 1061 1800 1098 unius
1826 1062 1943 1110 partis
1971 1070 2109 1110 motus,
2140 1070 2176 1100 et
2202 1063 2289 1100 finis
2325 1064 2387 1101 vel
2415 1070 2487 1100 ter-

1432 1114 1557 1150 minus
1576 1114 1736 1151 alterius.
1768 1114 1872 1151 Sicut
1889 1114 1927 1151 in
1947 1123 2054 1152 motu
2087 1128 2164 1164 quo
2185 1116 2257 1152 itur
2276 1116 2323 1153 de
2342 1118 2376 1152 A
2394 1116 2434 1152 in
2454 1116 2485 1152 C

1430 1178 1500 1214 per
1526 1167 1569 1214 Β,
1599 1167 1630 1203 C
1660 1174 1715 1203 est
1742 1167 1923 1204 terminus
1951 1168 2116 1214 ultimus,
2140 1169 2170 1204 B
2191 1176 2319 1205 autem
2339 1176 2395 1205 est
2413 1176 2485 1205 ter·

1431 1219 1569 1265 minus,
1591 1219 1658 1256 sed
1677 1231 1755 1256 non
1782 1219 1947 1257 ultimus.
1978 1221 2027 1257 Et
2044 1221 2240 1268 utriusque
2258 1228 2384 1269 potest
2403 1233 2484 1257 esse

1430 1271 1597 1308 intentio,
1627 1271 1738 1308 Unde
1767 1272 1834 1308 etsi
1866 1285 2018 1321 semper
2045 1273 2090 1309 sit
2117 1273 2224 1320 finis,
2253 1286 2331 1310 non
2358 1281 2485 1310 tamen

1432 1331 1580 1371 oportet
1608 1324 1712 1372 quod
1740 1337 1891 1372 semper
1918 1325 1963 1361 sit
1990 1325 2110 1362 ultimi
2138 1326 2236 1363 finis.

1483 1377 1542 1412 AD
1557 1388 1706 1420 *PRIMUM
1725 1388 1823 1413 ERGO
1845 1389 2028 1414 DICENDUM
2047 1378 2153 1426 quod
2172 1378 2326 1415 intentio
2360 1378 2484 1415 cordis

1431 1427 1564 1463 dicitur
1583 1428 1726 1464 clamor
1745 1430 1793 1465 ad
1812 1430 1950 1476 Deum,
1972 1442 2050 1466 non
2070 1431 2175 1479 quod
2193 1432 2298 1467 Deus
2318 1431 2363 1467 sit
2382 1430 2485 1467 obie-

1432 1486 1534 1515 ctum
1562 1479 1776 1516 intentionis
1805 1493 1966 1529 semper,
1997 1483 2064 1519 sed
2088 1483 2176 1531 quia
2196 1490 2251 1520 est
2269 1483 2484 1520 intentionis

1431 1530 1645 1579 cognitor.-
1660 1532 1730 1568 Vel
1750 1533 1850 1580 quia,
1866 1546 1954 1569 cum
1974 1546 2141 1582 oramus,
2157 1535 2403 1572 intentionem
2417 1548 2484 1572 no-

1431 1587 1546 1620 stram
1575 1584 1624 1621 ad
1651 1586 1779 1621 Deum
1808 1585 2009 1633 dirigimus,
2039 1599 2134 1635 quae
2154 1588 2311 1635 quidem
2328 1588 2483 1625 intentio

1429 1636 1510 1673 vim
1540 1637 1715 1673 clamoris
1742 1637 1867 1674 habet.

1484 1691 1542 1725 AD
1576 1689 1765 1726 SECUN‘DUM
1797 1702 1980 1727 mCENDUM
2018 1691 2120 1739 quod
2157 1693 2339 1729 terminus
2371 1694 2486 1730 habet

1432 1741 1617 1778 rationem
1651 1741 1772 1778 ultimi
1800 1747 1835 1787 Υ;
1874 1743 1940 1779 sed
1974 1755 2052 1779 non
2086 1756 2238 1792 semper
2270 1746 2391 1782 ultimi
2429 1758 2484 1782 re-

1432 1801 1563 1843 spectu
1595 1794 1728 1842 totius,
1763 1795 1830 1832 sed
1862 1795 2094 1844 quandoque
2127 1805 2298 1846 respectu
2330 1798 2485 1835 alicuius

1431 1854 1556 1895 partis.

1484 1901 1543 1936 An
1557 1911 1716 1940 TERTIUM
1730 1911 1913 1937 DICENDUM
1928 1901 2033 1949 quod
2052 1901 2175 1938 fruitio
2190 1901 2368 1951 importat
2382 1903 2485 1951 quie-

1430 1959 1508 1988 tem
1527 1950 1541 1973 δ
1569 1952 1607 1988 in
1634 1953 1732 1998 fine,
1763 1953 1867 2000 quod
1894 1953 2056 2001 pertinet
2083 1954 2207 1991 solum
2236 1955 2283 1992 ad
2311 1955 2484 1992 ultimum

1431 2005 1563 2041 finem.
1599 2004 1676 2041 Sed
1712 2004 1867 2042 intentio
1895 2006 2075 2054 importat
2102 2014 2250 2043 motum
2278 2007 2316 2044 in
2343 2009 2483 2056 finem,

1431 2069 1510 2094 non
1534 2064 1661 2093 autem
1682 2057 1847 2106 quietem
1866 2063 1890 2094 ¹⁵.
1920 2059 2029 2095 Unde
2058 2071 2136 2096 non
2157 2067 2212 2096 est
2229 2060 2358 2097 similis
2378 2061 2484 2098 ratio.

372 2181 399 2213 α)
420 2181 515 2206 ultimi.
533 2194 551 2199 —
569 2179 657 2204 ultimi
667 2180 735 2212 finis
753 2179 807 2204 PsF
827 2184 852 2203 et
870 2186 895 2203 a.

317 2254 361 2277 cm
372 2215 513 2276 QFmotus.
530 2229 549 2234 -
567 2218 654 2240 motus
673 2218 791 2246 respectu
812 2214 916 2246 CEIpD,
935 2217 1055 2245 respectu
1075 2213 1121 2245 pF,
1141 2216 1167 2237 et
1185 2216 1272 2237 motus
1289 2220 1378 2244 respe-

1483 2179 1510 2211 γ)
1531 2178 1626 2203 ultimi.
1639 2192 1658 2197 -
1664 2179 1731 2210 finis
1751 2179 1847 2203 addunt
1860 2179 1951 2203 PEFa.
1964 2193 1984 2197 —
1998 2179 2048 2203 Pro
2061 2179 2148 2204 ultimi
2161 2183 2279 2212 respectu
2294 2182 2382 2211 totius,
2398 2189 2485 2214 respe-

1429 2216 1473 2238 ctu
1494 2213 1581 2237 ultimi
1599 2214 1680 2238 totius
1698 2213 1898 2245 AEFGIKLpD,
1918 2217 2036 2245 respectu
2055 2214 2137 2239 totius
2156 2216 2242 2240 ultimi
2260 2216 2292 2240 H.

1483 2247 1507 2279 δ’)
1527 2248 1655 2279 importat
1672 2248 1794 2280 quietem.
1811 2262 1830 2267 -
1848 2248 1977 2280 importat
1994 2249 2098 2280 quidem
2118 2250 2229 2281 quietem
2249 2258 2316 2282 quae
2334 2255 2374 2276 est
2392 2252 2436 2276 Pa.

1484 2283 1506 2315 ε)
1525 2283 1646 2315 quietem.
1663 2297 1683 2303 -
1701 2283 1727 2307 in
1747 2283 1859 2314 quietem
1878 2284 1925 2308 Pa.

1496 2361 1562 2368 Μ

1120 2415 1435 2470 ARTlcUL'Us
1464 2428 1691 2470 TERTIUS

867 2521 1022 2552 UTRUM
1045 2521 1216 2558 ALIQUIS
1239 2520 1385 2551 POSSIT
1409 2521 1538 2551 SIMUL
1562 2521 1653 2552 DUO
1677 2521 1934 2551 INTENDERE.

1201 2598 1242 2623 De
1265 2598 1353 2627 Ver-it„
1374 2606 1418 2631 qu.
1437 2605 1490 2629 xm,
1510 2603 1557 2624 art.
1578 2598 1602 2622 3.

371 2706 381 2723 .-
406 2702 416 2724 2
457 2706 507 2741 ‘ai'
530 2699 552 2724 D
580 2699 740 2724 TERTIUM
763 2698 816 2723 sm
837 2698 1076 2723 PROCEDITUR.
1095 2685 1255 2722 Videtur
1274 2685 1379 2734 quod

349 2712 397 2741 ι”ἶ
440 2724 494 2744 ’ς-,ιί

374 2772 392 2788 .‹
454 2745 502 2795 “5¹⁰
531 2751 610 2776 non
628 2739 748 2789 possit
767 2738 1027 2789 aliquis-simul
1045 2739 1154 2787 plura
1173 2738 1377 2775 intendere.

342 2820 387 2837 .
424 2805 460 2831 ν,
481 2794 502 2829 (5
531 2791 630 2828 Dicit
649 2791 750 2828 enim
763 2791 1007 2840 Augustinus,
1023 2791 1063 2828 in
1081 2791 1176 2828 libro
1195 2791 1241 2827 de
1258 2792 1378 2828 Serm.

342 2835 353 2845 ”
423 2836 476 2874 '43²9
492 2834 524 2876 Χ
534 2845 644 2880 Dom.
657 2845 694 2880 in
709 2845 843 2881 Monte
856 2844 888 2892 ³¹⁶,
909 2844 1013 2893 quod
1027 2856 1106 2880 non
1120 2851 1246 2892 potest
1258 2844 1378 2880 homo

322 2897 434 2935 simul
461 2896 655 2933 intendere
678 2897 806 2933 Deum
835 2905 871 2934 et
890 2897 1141 2934 commodum
1170 2896 1378 2945 corporale.

322 2951 437 2998 Ergo,
467 2949 549 2998 pari
577 2949 732 2996 ratione,
763 2960 887 2996 neque
916 2949 1041 2997 aliqua
1070 2948 1141 2986 alia
1169 2949 1258 2985 duo.

336 3000 339 3001 ⁷
378 3015 412 3040 2.
441 3003 673 3048 PRAETEREA,
703 3001 858 3038 intentio
885 3001 1057 3039 nominat
1076 3008 1224 3038 motum
1245 3001 1380 3037 volun-

323 3055 406 3093 tatis
434 3056 482 3093 ad
505 3054 723 3091 terminum.
754 3054 831 3091 Sed
849 3054 960 3091 unius
979 3061 1106 3090 motus
1125 3065 1203 3090 non
1222 3059 1381 3101 possunt

325 3121 408 3146 esse
434 3108 562 3157 plures
590 3106 740 3144 termini
769 3119 814 3143 ex
841 3119 917 3144 una
935 3113 1052 3155 parte.
1083 3106 1184 3153 Ergo
1203 3106 1380 3142 voluntas

324 3173 403 3198 non
429 3161 555 3210 potest
582 3160 692 3197 simul
721 3156 840 3196 multa
868 3159 1074 3196 intendere.

380 3215 413 3251 3.
434 3214 666 3259 Pmmnm,
692 3212 848 3249 intentio
878 3210 1150 3261 praesupponit
1177 3198 1380 3248 actum'ra-

0 3306 10 3314 ,
323 3266 436 3304 tionis
469 3265 548 3302 sive
581 3265 799 3302 intellectus.
837 3264 914 3302 Sed
952 3277 1026 3301 non
1059 3263 1241 3313 contingit
1271 3263 1383 3300 simul

26 3339 27 3342 ¹
82 3348 93 3358 .
109 3319 200 3376 roffi}
212 3346 253 3370 m„
266 3347 296 3375 Π,
318 3319 434 3368 plura
445 3324 463 3340 ²
478 3318 694 3368 intelligere,
710 3317 921 3355 secundum
937 3317 1210 3366 Philosophum
1225 3315 1256 3352 ²³.
1277 3316 1379 3363 Ergo

78 3377 238 3402 θ’θ’-*ΝΜ-
326 3372 439 3410 etiam
467 3383 592 3420 neque
621 3370 800 3418 contingit
827 3370 939 3407 simul
966 3371 1074 3419 plura
1100 3368 1307 3406 intendere.

1434 2698 1478 2722 ex
1505 2697 1583 2722 uno
1611 2685 1861 2722 instrumento
1889 2685 2047 2722 intendit
2074 2685 2168 2722 duas
2186 2686 2375 2723 utilitates:
2395 2688 2489 2724 sicut

1433 2738 1563 2787 lingua
1591 2738 1787 2774 ordinatur
1814 2743 1850 2774 et
1874 2739 1926 2775 ad
1944 2744 2097 2788 gustum
2125 2744 2161 2774 et
2176 2739 2228 2775 ad
2253 2739 2485 2785 locutionem,

1432 2798 1474 2828 ut
1501 2790 1634 2828 dicitur
1661 2790 1699 2827 in
1728 2791 1759 2827 II
1788 2791 1834 2827 de
1858 2791 1999 2827 Anima
2017 2790 2047 2827 ²⁸.
2078 2791 2192 2838 Ergo,
2220 2791 2302 2840 pari
2331 2791 2484 2840 ratione,

1433 2856 1493 2880 ars
1520 2843 1582 2880 vel
1610 2843 1703 2879 ratio
1731 2851 1856 2891 potest
1881 2843 1992 2880 simul
2019 2842 2158 2891 aliquid
2182 2856 2302 2880 unum
2322 2844 2371 2881 ad
2390 2844 2486 2881 duos

1418 2896 1529 2943 *fines
1558 2895 1744 2933 ordinare.
1773 2896 1822 2932 Et
1848 2895 1898 2932 ita
1928 2903 2053 2944 potest
2080 2895 2214 2944 aliquis
2241 2896 2352 2933 simul
2379 2897 2487 2946 plura

1432 2948 1638 2985 intendere.
1819 2980 1822 2981 γ

1485 3001 1710 3037 RESPONDEO
1739 3012 1921 3037 DICENDUM
1948 3000 2054 3048 quod
2082 3000 2207 3048 aliqua
2232 3001 2308 3038 duo
2326 3008 2487 3050 possunt

1434 3052 1552 3101 accipi
1579 3053 1792 3102 dupliciter:
1821 3053 1883 3089 vel
1902 3053 2074 3089 ordinata
2093 3053 2142 3090 ad
2160 3052 2337 3100 invicem,
2357 3054 2419 3090 vel
2439 3054 2488 3091 ad

1434 3105 1598 3142 invicem
1617 3103 1632 3134 β
1650 3118 1728 3142 non
1748 3104 1931 3142 ordinata.
1955 3106 2006 3142 Et
2023 3105 2054 3142 si
2081 3105 2236 3154 quidem
2255 3106 2304 3143 ad
2322 3106 2487 3143 invicem

1433 3157 1570 3194 fuerint
1603 3157 1796 3204 ordinata,
1830 3157 2072 3194 manifestum
2109 3165 2164 3195 est
2196 3171 2242 3195 ex
2268 3159 2485 3207 praemissis

1435 3209 1540 3259 quod
1553 3211 1672 3247 homo
1686 3217 1811 3259 potest
1825 3209 1935 3247 simul
1950 3211 2068 3247 multa
2082 3210 2287 3248 intendere.
2303 3212 2371 3248 Est
2386 3211 2487 3247 enim

1434 3263 1587 3299 intentio
1616 3275 1695 3299 non
1723 3263 1846 3299 solum
1873 3262 1959 3300 finis
1986 3263 2118 3311 ultimi,
2143 3271 2184 3300 ut
2213 3264 2354 3301 dictum
2383 3271 2438 3300 est
2455 3263 2486 3310 ³¹²,

1435 3315 1502 3353 sed
1531 3315 1643 3352 etiam
1671 3315 1757 3352 finis
1785 3315 1910 3352 medii.
1942 3315 2062 3352 Simul
2090 3323 2218 3353 autem
2242 3316 2397 3353 intendit
2424 3315 2488 3352 ali-

1435 3368 1520 3418 quis
1549 3375 1584 3404 et
1611 3368 1729 3404 finem
1757 3367 1987 3416 proximum,
2009 3376 2044 3405 et
2063 3369 2256 3415 ultimum;
2286 3369 2381 3405 sicut
2400 3381 2490 3405 con-

379 3425 453 3462 SED
474 3436 630 3471 CONTRA,
655 3436 715 3461 ars
743 3423 908 3460 imitatur
935 3430 1121 3460 naturam.
1145 3417 1220 3458 Sed
1249 3428 1382 3458 natura
1436 3421 1639 3458 sectionem
1668 3420 1890 3469 medicinae,
1920 3428 1956 3457 et
1984 3421 2190 3458 sanitatem.

379 3542 407 3574 α)
422 3542 512 3574 plura.
531 3556 549 3561 -
568 3541 650 3566 multa
670 3541 734 3565 FGI.

1491 3537 1515 3570 β)
1535 3538 1572 3562 ad
1590 3538 1709 3563 invicem.
1728 3551 1746 3556 -
1764 3537 1893 3562 Omittunt
1912 3538 1980 3562 PEa.

2514 619 2524 629 ⁸
2540 618 2588 646 Qu.
2602 625 2626 640 xi
2641 623 2694 646 sqq.

2513 2804 2522 2813 '¹
2531 2804 2588 2851 Cap.
2598 2809 2648 2828 vui,
2657 2809 2680 2824 n.
2690 2809 2723 2824 ιο.

2512 2830 2554 2851 -5,
2577 2830 2724 2852 11.1ect.xvn¹.

2516 3271 2525 3279 ·
2539 3270 2590 3291 Art.
2605 3269 2710 3297 praeced.
