2846 4146
122 739 133 749 '¹
148 738 216 760 Num.
232 744 262 760 ιν.

115 2275 127 2287 ⁴
142 2275 178 2298 Cf.
193 2274 250 2297 ibid.

118 2718 129 2729 ⁴¹
147 2717 182 2740 Cf.
197 2722 261 2739 num.
275 2722 306 2738 vi.

356 297 514 328 intellectu
531 295 667 336 practico
684 299 826 334 respectu
842 291 1013 332 agibilium‚
1034 298 1065 321 et
1079 297 1163 321 recta
1183 290 1313 326 ratione,
1331 290 1412 319 infra

356 341 471 371 limites
481 340 665 374 intellectus,
679 337 906 379 syllogizando‚
916 335 1114 366 concluditur
1123 343 1244 364 verum.
1257 333 1318 363 Sed
1330 343 1410 373 quo—

358 385 444 415 niam
466 384 620 414 iudicium
643 382 703 413 tale
727 391 793 411 non
815 380 875 410 nisi
899 380 937 410 de
956 377 1183 409 universalibus
1207 377 1313 406 haberi
1337 386 1410 415 pos-

357 435 412 465 set,
430 428 597 468 singularia
620 426 705 457 enim
727 423 886 455 variabilia
909 429 939 453 et
961 422 1077 452 incerta
1093 427 1176 456 sunt,
1193 419 1412 459 iudiciumque

357 472 518 503 infallibile
542 481 607 502 non
630 469 820 509 suscipiunt;
842 473 872 497 et
895 465 1061 506 prudentia
1085 464 1164 494 circa
1188 463 1311 502 singula
1330 473 1411 493 sem-

358 526 414 556 per
436 523 519 547 recta
541 522 588 546 est
610 514 700 549 ratio,
723 510 864 551 alioquin
887 509 985 539 virtus
1016 517 1082 538 non
1105 513 1199 537 esset:
1224 506 1296 536 ideo
1320 506 1411 536 intel-

358 561 456 590 lectus
480 559 634 600 practicus
651 557 729 587 circa
752 553 884 594 agibilia,
902 552 974 582 licet
996 551 1109 581 habere
1125 549 1225 590 possit
1248 549 1410 580 scientiam

358 604 513 634 moralem
534 602 615 633 infra
637 601 751 631 limites
779 597 953 628 intellectus
983 594 1170 629 consistens,
1200 600 1307 623 tamen
1329 603 1411 623 nun-

358 658 456 689 quam
470 646 595 678 habebit
617 651 734 675 rectam
748 641 902 671 rationem
921 638 1084 678 agibilium
1098 636 1334 677 particularium
1349 637 1410 674 hic,

358 702 453 727 nunc,
471 698 539 727 etc„
555 689 644 730 quod
666 694 712 717 est
735 686 848 715 habere
870 681 1081 722 prudentiam,
1099 680 1159 710 nisi
1182 680 1215 710 in
1239 681 1349 711 ordine
1372 681 1412 711 ad

358 736 543 776 appetitum,
561 740 596 763 ut
618 730 762 771 superius
784 727 802 746 ‘³‘
826 727 946 757 dictum
969 725 1038 755 fuit.

414 780 493 810 V111.
521 778 576 807 Est
607 782 713 806 autem
748 772 827 802 ordo
856 770 925 800 talis
956 769 990 798 in
1019 767 1205 798 huiusmodi
1233 767 1410 807 agibilibus‚

356 823 472 858 Primo,
497 828 543 851 est
565 817 738 860 synderesis
761 815 793 845 in
816 814 984 848 intellectu,
1010 811 1128 842 dictans
1153 818 1183 841 et
1205 811 1412 851 praestituens

356 867 461 897 virtuti
485 864 597 895 morali
621 871 716 892 suum
740 859 909 893 obiectum,
926 856 1014 897 quod
1037 862 1084 886 est
1105 854 1195 884 finis:
1220 855 1411 895 propositio-

357 921 410 941 nes
434 910 519 940 enim
541 916 622 948 quae
645 912 719 935 sunt
746 901 898 943 principia
928 900 961 930 in
984 899 1166 939 agibffibus‚
1191 908 1227 928 ex
1250 898 1330 935 fine,
1355 900 1411 940 qui

355 955 449 984 habet
469 953 623 983 rationem
644 946 789 989 principii
804 945 837 975 in
853 943 1075 984 operabilibus‚
1098 941 1318 973 conficiuntur.
1335 960 1356 965 -
1371 943 1412 974 Et

356 999 399 1028 sic
422 998 519 1027 virtus
535 993 673 1029 moralis,
690 992 729 1022 ad
752 999 851 1031 quam
870 994 988 1028 spectat
1009 987 1136 1017 tendere
1155 986 1188 1016 in
1203 985 1301 1016 finem
1322 996 1411 1026 prae-

357 1041 534 1081 cognitum,
559 1039 599 1068 ad
621 1037 718 1067 finem
741 1033 965 1075 praestitutum
988 1031 1047 1061 sibi
1070 1041 1088 1060 a
1111 1029 1287 1070 synderesi,
1312 1030 1411 1061 tendit

355 1092 425 1116 actu
448 1084 504 1125 qui
526 1088 655 1113 vocatur
677 1079 757 1110 velle
774 1077 824 1108 vel
846 1076 979 1107 intentio
1003 1075 1037 1104 in
1051 1074 1228 1109 voluntate,
1252 1080 1283 1103 et
1304 1073 1338 1103 in
1357 1084 1411 1114 ap-

355 1129 454 1169 petitu
478 1126 626 1158 sensitivo
650 1123 807 1164 appetitus
831 1130 886 1161 per
909 1119 1044 1150 modum
1066 1117 1410 1148 intentionis.-—Tertio

354 1174 426 1203 loco
442 1171 527 1202 venit
542 1168 717 1210 prudentia,
733 1166 851 1197 habens
866 1173 899 1194 se
922 1164 962 1193 ad
976 1161 1167 1203 synderesin,
1184 1161 1265 1192 sicut
1283 1161 1411 1192 scientia

355 1217 394 1246 ad
409 1216 604 1247 intellectum
618 1213 651 1243 in
667 1209 843 1252 speculatis.
860 1207 1029 1238 Prudentia
1045 1212 1162 1241 autem,
1179 1215 1253 1235 cum
1275 1205 1315 1236 sit
1328 1211 1412 1236 recta

354 1261 444 1297 ratio,
462 1259 551 1290 cuius
575 1264 621 1288 est
644 1256 824 1289 discurrere,
842 1251 940 1282 utitur
964 1250 1086 1280 duabus
1111 1248 1302 1289 praemissis,
1328 1259 1411 1289 quae

355 1312 429 1335 sunt
451 1302 602 1344 principia
619 1297 841 1331 conclusionis.
859 1295 963 1326 Prima
978 1292 1148 1334 praemissa
1163 1299 1209 1323 est
1231 1293 1410 1333 propositio

354 1355 496 1389 spectans
519 1347 558 1376 ad
581 1342 772 1386 synderesin,
793 1340 879 1370 verbi
902 1338 1013 1380 gratia:
1038 1338 1163 1368 Bonum
1187 1338 1323 1367 rationis
1344 1342 1409 1368 tam

355 1394 386 1423 in
405 1390 609 1433 passionibus
631 1397 726 1429 quam
749 1383 995 1426 operationibus,
1013 1387 1060 1412 est
1068 1381 1339 1422 prosequendum.
1355 1381 1409 1412 Se-

355 1437 458 1467 cunda
478 1444 553 1465 vero
577 1431 747 1473 praemissa
762 1435 808 1460 est
831 1425 1114 1468 particularissima‚
1131 1425 1261 1455 scilicet:
1282 1425 1409 1455 Bonum

355 1481 489 1511 rationis
511 1487 606 1515 nunc,
626 1477 688 1514 hic,
702 1474 851 1506 salvatur
866 1473 898 1502 in
915 1471 983 1508 tali,
1001 1475 1102 1507 tanta,
1120 1474 1190 1507 etc„
1207 1469 1344 1499 audacia
1361 1469 1412 1499 vel

355 1526 415 1555 ira.
439 1524 480 1554 Et
501 1529 577 1553 tunc
604 1519 746 1560 sequitur
769 1515 931 1548 conclusio
954 1513 1167 1555 praeceptiva,
1191 1522 1258 1542 non
1280 1512 1314 1542 in
1337 1519 1409 1543 actu

354 1569 486 1609 signato,
502 1567 590 1601 idest,
605 1565 698 1604 Ergo
719 1563 778 1593 hoc
796 1566 842 1591 est
865 1560 942 1590 mihi
956 1567 1042 1589 nunc
1057 1556 1333 1597 praecipiendum,
1356 1557 1411 1586 eli-

352 1612 506 1653 gendum,
524 1607 803 1650 prosequendum.-
825 1604 880 1634 sed
898 1603 931 1634 in
953 1608 1025 1633 actu
1049 1601 1192 1636 exercito,
1210 1600 1299 1636 idest,
1318 1600 1410 1641 Ergo

354 1656 524 1687 actualiter
538 1663 610 1684 sum
626 1653 658 1682 in
675 1650 825 1681 exercitio
837 1647 956 1684 iudicii,
964 1645 1139 1686 praecepti,
1153 1645 1324 1682 electionis,
1331 1654 1410 1684 pro-

353 1700 536 1731 secutionis.
553 1698 625 1728 Hoc
649 1695 733 1726 enim
756 1699 803 1723 est
825 1692 914 1733 quod
933 1689 1052 1720 multos
1075 1688 1191 1728 decipit
1213 1688 1246 1718 in
1269 1688 1327 1718 hac
1342 1698 1409 1718 ma-

353 1744 445 1775 teria:
471 1741 626 1783 quoniam
653 1737 886 1780 propositiones
914 1734 991 1765 istae
1019 1740 1086 1764 tam
1115 1732 1289 1773 synderesis
1313 1742 1411 1772 quam

353 1787 547 1828 prudentiae,
571 1785 604 1815 in
628 1790 699 1814 actu
722 1782 845 1821 signato
869 1779 1083 1818 disputantur;
1107 1783 1138 1806 et
1160 1782 1267 1806 tamen
1285 1782 1411 1815 oportet

353 1831 467 1862 intueri
490 1837 635 1860 naturam
659 1834 689 1857 et
709 1826 776 1855 vim
799 1833 908 1854 earum
930 1822 963 1852 in
986 1827 1057 1851 actu
1082 1819 1227 1850 exercito.

410 1877 440 1905 Α
463 1874 564 1914 prima
586 1878 693 1902 autem
716 1867 887 1909 praemissa
909 1866 949 1896 ad
978 1864 1149 1895 secundam
1172 1872 1238 1892 non
1261 1869 1308 1892 est
1331 1863 1410 1892 ordo

352 1917 554 1949 immediatus
577 1916 610 1946 in
632 1914 708 1950 istis,
725 1913 806 1943 sicut
821 1917 867 1941 est
889 1910 922 1940 in
937 1907 1146 1949 speculativis.
1172 1906 1233 1937 Sed
1257 1916 1412 1955 aepropo-

353 1963 465 1993 sitione
487 1970 569 2002 quae
590 1966 636 1989 est
653 1958 756 1998 prima
771 1954 950 1996 praemissa,
970 1951 1119 2000 provenit
1130 1950 1164 1980 in
1183 1956 1324 1990 appetitu
1343 1960 1412 1980 mo-

353 2014 404 2037 tus
427 2006 495 2036 eius
518 2010 620 2035 rectus
643 2003 676 2032 in
698 2001 806 2031 finem.
823 1999 864 2029 Et
887 1998 930 2028 sic
954 1997 993 2027 ab
1016 2001 1158 2035 appetitu
1182 2001 1213 2024 et
1241 1994 1413 2033 praemissa

352 2051 406 2081 illa
429 2048 573 2090 provenit
595 2046 707 2077 veritas
731 2043 886 2075 secundae
910 2040 1115 2081 praemissae,
1142 2047 1224 2079 quae
1248 2044 1295 2068 est
1317 2038 1412 2078 parti-

354 2093 560 2125 cularissima:
585 2090 740 2132 quoniam
763 2098 800 2118 ex
822 2085 1030 2127 dispositione
1054 2092 1125 2113 mea
1158 2082 1335 2112 secundum
1358 2092 1411 2122 ap-

353 2138 498 2179 petitum,
521 2135 667 2176 provenit
685 2133 774 2174 quod
797 2130 875 2162 mihi
898 2134 1052 2160 consonet
1075 2126 1144 2158 talis
1167 2125 1239 2156 finis
1261 2125 1295 2155 in
1317 2125 1412 2165 parti-

354 2182 460 2218 culari,
476 2187 553 2221 puta
568 2180 629 2210 tale
642 2179 775 2213 bonum,
795 2184 888 2211 nunc,
907 2173 968 2211 hic,
986 2179 1043 2203 etc.
1060 2171 1102 2201 Et
1117 2171 1156 2200 de
1172 2170 1230 2200 hac
1242 2169 1412 2209 praemissa

353 2226 536 2265 intelligitur
557 2223 636 2254 illud
660 2222 701 2252 111
724 2221 842 2251 Ethic.:
866 2218 981 2255 Qualis
1004 2215 1219 2255 unusquisque
1244 2219 1309 2251 est,
1337 2214 1412 2245 talis

344 2271 427 2311 finis
449 2271 478 2300 ei
500 2269 626 2300 videtur
635 2266 662 2296 *.
684 2266 725 2296 Et
747 2263 890 2304 sequitur
913 2259 1075 2292 conclusio
1099 2257 1272 2289 conformis
1296 2257 1412 2288 minori

355 2312 576 2355 propositioni,
597 2310 712 2341 scilicet
727 2306 899 2339 consistens
922 2305 955 2335 in
971 2310 1042 2335 actu
1065 2302 1240 2333 intellectus
1256 2301 1294 2331 ab
1314 2310 1412 2341 appe-

355 2358 431 2389 titu:
448 2357 564 2388 scilicet
582 2353 737 2385 iudicium
752 2352 790 2382 de
805 2350 853 2380 his
869 2358 951 2390 quae
966 2354 1040 2378 sunt
1055 2347 1095 2377 ad
1110 2345 1216 2381 finem,
1233 2351 1311 2384 puta
1326 2351 1412 2376 tanta

355 2403 409 2438 ira,
429 2410 529 2436 nunc,
552 2397 746 2439 praecipiens
769 2395 865 2425 illam.
888 2393 929 2424 Et
952 2391 1064 2422 deinde
1088 2396 1175 2421 actus
1198 2388 1356 2428 appetitus
1379 2388 1413 2419 in

356 2445 466 2476 ordine
489 2444 528 2474 ad
551 2442 755 2476 intellectum,
779 2438 896 2469 scilicet
918 2436 1040 2467 electio.

414 2489 449 2519 In
465 2489 527 2519 hoc
542 2494 648 2518 autern
668 2484 788 2519 ordine,
800 2482 826 2513 si
842 2481 913 2522 quis
931 2479 1085 2520 inspiciat,
1102 2484 1133 2508 et
1152 2475 1324 2516 unicuique
1339 2485 1412 2515 pro-

356 2533 423 2573 pria
446 2539 570 2563 tantum
592 2530 727 2560 tribuere
749 2526 837 2562 velit;
863 2525 944 2555 dicet
966 2524 1065 2564 quod,
1082 2521 1158 2562 quia
1179 2519 1347 2560 prudentia
1370 2526 1413 2549 at-

357 2577 494 2608 tenditur
512 2574 689 2606 secundum
707 2580 803 2602 suum
825 2568 992 2610 proprium
1011 2574 1041 2598 et
1063 2564 1271 2606 praecipuum
1295 2570 1413 2602 actum,

357 2621 412 2662 qui
436 2627 482 2651 est
503 2626 585 2650 recte
608 2615 799 2657 praecipere;
817 2620 847 2645 et
866 2613 933 2652 ipse
957 2619 1003 2642 est
1022 2608 1214 2651 principium
1236 2614 1337 2638 rectae
1353 2607 1414 2637 ele-

358 2664 488 2696 ctionis:
512 2663 584 2693 ideo
603 2661 701 2691 virms
717 2658 855 2693 moralis,
872 2656 923 2687 cui
946 2654 1124 2686 attribuitur
1140 2651 1251 2683 electio
1266 2660 1324 2691 pro
1341 2660 1415 2691 pro-

357 2709 427 2750 prio
443 2715 524 2743 actu,
542 2713 578 2737 ut
592 2711 678 2746 patet
693 2713 730 2734 ex
745 2713 802 2733 sua
815 2700 1000 2732 definitione
1014 2699 1040 2735 *,
1057 2697 1173 2739 pendet
1188 2694 1362 2726 necessario
1379 2704 1416 2724 ex

357 2751 532 2793 prudentia.
548 2751 589 2780 Et
611 2758 736 2783 rursus,
759 2746 835 2787 quia
857 2745 964 2785 ipsum
986 2750 1068 2774 recte
1099 2739 1278 2782 praecipere
1300 2739 1418 2779 pendet

358 2797 395 2827 ab
412 2795 553 2836 appetitu
575 2800 661 2824 recto
675 2791 854 2822 verificante
878 2788 1035 2818 minorem
1053 2784 1318 2833 propositionem,
1333 2792 1416 2823 quae

359 2848 405 2871 est
427 2838 642 2880 praeceptivae
665 2833 878 2867 conclusionis
901 2831 1093 2872 principium
1115 2835 1314 2878 proximum3
1339 2836 1414 2857 con-

359 2894 492 2925 sequens
516 2889 562 2913 est
580 2881 670 2922 quod
691 2877 858 2920 prudentia
881 2876 1015 2917 pendeat
1038 2875 1076 2905 ab
1100 2878 1242 2913 appetitu
1266 2876 1362 2920 recto.

415 2929 468 2958 IX.
487 2927 539 2958 Ad
554 2924 792 2966 praelibandum
810 2928 917 2952 autem
938 2919 1106 2961 quomodo
1130 2917 1211 2948 circa
1225 2915 1345 2946 ob1ecta
1362 2924 1414 2944 ve-

359 2972 431 3003 ritas
453 2981 486 3001 se
508 2970 629 3005 habeat,
652 2967 799 3008 inspicite
819 2966 852 2996 in
868 2965 982 2995 eodem
999 2963 1118 2998 ordine,
1143 2967 1174 2992 et
1189 2959 1314 2990 adverte
1329 2958 1419 2998 quod

360 3025 426 3047 tam
447 3015 546 3045 virtus
568 3012 697 3043 moralis
719 3021 819 3052 quam
848 3008 1030 3050 prudentia,
1062 3006 1168 3046 plures
1198 3009 1286 3053 actus
1304 3002 1416 3052 babet.

359 3060 466 3091 Virtus
490 3058 575 3088 enim
598 3056 727 3087 moralis
750 3055 853 3090 habet,
876 3053 991 3093 primo,
1015 3058 1123 3082 actum
1146 3050 1339 3096 intentionis,
1363 3055 1419 3096 seu

360 3102 509 3144 simplicis
532 3101 700 3142 appetitus,
716 3105 859 3139 respectu
879 3097 927 3128 sui
951 3095 1074 3132 obiecti,
1092 3094 1181 3135 quod
1204 3098 1250 3122 est
1265 3089 1345 3127 finis,
1362 3099 1419 3120 sci-

359 3147 431 3178 licet
446 3148 568 3177 bonum
584 3144 722 3179 rationis,
738 3143 825 3183 quod
841 3148 886 3172 est
901 3139 1093 3181 principium
1107 3135 1302 3178 prudentiae.
1315 3134 1421 3185 {Iubet

362 3191 474 3222 deinde
497 3196 604 3220 actum
627 3186 787 3218 electionis
812 3186 891 3216 circa
907 3184 1070 3215 materiam
1095 3189 1270 3213 consonam
1285 3177 1355 3228 fini,
1365 3188 1420 3208 sci-

361 3235 432 3266 licet
454 3233 616 3274 passiones
636 3232 686 3262 vel
709 3230 910 3270 operationes
927 3235 1037 3264 tantas,
1053 3227 1140 3262 tales,
1158 3232 1216 3256 etc.
1235 3223 1276 3254 Et
1299 3229 1421 3272 ratione

362 3279 457 3319 primi
475 3284 571 3313 actus,
588 3274 755 3317 praecedit·
767 3272 977 3314 prudentiam,
994 3272 1094 3302 immo
1118 3268 1256 3300 verificat
1270 3267 1337 3297 eius
1358 3275 1420 3316 mi-

362 3333 473 3353 norem
496 3329 526 3352 et
549 3319 800 3352 conclusionem:
825 3317 945 3348 ratione
977 3315 1115 3351 secundi,
1147 3311 1304 3354 dependet
1326 3316 1422 3359 etiam

362 3377 380 3397 a
396 3365 599 3397 conclusione
614 3362 808 3404 prudentiae,
832 3360 948 3392 scilicet
963 3366 1140 3400 praecepto.
1158 3375 1179 3381 -
1194 3358 1265 3397 Ipsa
1280 3353 1422 3403 similiter

362 3409 527 3451 prudentia
549 3409 653 3444 habet,
672 3407 787 3447 primo,
804 3411 910 3436 actum
924 3403 1031 3434 iudicii
1047 3401 1174 3443 practici
1192 3401 1225 3432 in
1243 3397 1422 3441 particulari

363 3454 482 3494 agibili3
499 3453 589 3494 quod
604 3462 670 3482 non
686 3458 732 3481 est
748 3449 864 3485 scibile,
880 3447 956 3489 quia
973 3447 1168 3486 contingens.
1185 3446 1226 3476 Et
1244 3442 1422 3476 secundum

363 3498 448 3528 hunc
472 3504 588 3532 actum,
611 3494 786 3526 verificatur
809 3494 847 3524 de
871 3501 907 3523 ea
930 3492 1020 3532 quod
1042 3498 1124 3522 recte
1145 3489 1263 3520 iudicat
1286 3487 1325 3516 de
1347 3484 1420 3521 fine,

123 3551 132 3560 ·
146 3548 334 3578 Num-praeced·
363 3549 394 3573 et
417 3541 548 3572 similia:
574 3547 604 3571 et
627 3539 706 3570 ratio
730 3545 776 3569 est
792 3537 876 3578 quia,
894 3542 930 3567 ut
953 3535 1072 3566 dictum
1089 3541 1135 3565 est
1156 3533 1185 3570 θ,
1203 3533 1298 3564 etiam
1316 3529 1422 3560 minor

1031 214 1296 261 QUAESTIO
1327 214 1462 261 LVIII,
1491 214 1785 252 ARTICULUS
1813 216 1848 252 V

1467 292 1644 332 propositio
1667 299 1713 323 est
1735 293 1816 323 inter
1838 293 1991 334 principia
2014 294 2207 334 prudentiae,
2229 300 2259 324 et
2282 304 2319 325 ex
2341 294 2403 325 fine
2427 293 2524 325 confi-

1468 335 1557 366 citur.
1574 337 1678 367 Habet
1701 336 1813 367 deinde
1837 337 1996 377 duplicem
2019 344 2125 368 actum
2147 345 2183 369 ut
2207 338 2454 374 conclusionem,
2477 338 2525 368 iu-

1467 379 1586 409 dicium
1609 380 1725 410 scilicet
1748 380 1786 410 de
1809 380 1857 410 his
1880 390 1962 421 quae
1984 387 2058 412 sunt
2080 382 2120 412 ad
2142 381 2249 418 finem,
2269 388 2300 412 et
2322 388 2525 422 praeceptum

1467 423 1641 453 eorundem
1656 423 1889 463 eligendorum:
1915 430 2086 465 utrumque
2103 425 2189 462 enim
2212 435 2248 455 ex
2271 424 2333 455 fine
2357 425 2522 465 particula-

1466 465 1590 497 rissimo
1614 467 1820 503 concluditur,
1837 474 1868 498 et
1890 467 2045 499 clauditur
2059 468 2093 498 in
2111 468 2230 499 iudicio
2248 468 2468 508 praecipiente.
2485 469 2526 499 Et

1467 510 1643 540 secundum
1665 510 1724 540 hos
1739 517 1836 546 actm,
1852 511 2038 542 determinat
2053 518 2084 543 et
2104 513 2157 543 dat
2171 512 2315 542 medium
2333 512 2440 543 virtuti
2455 521 2525 542 mo-

1466 553 1531 589 rali,
1549 554 1769 584 concludendo
1785 561 1904 585 tantam
1919 555 2007 591 iram,
2021 565 2114 592 nunc,
2127 556 2187 592 hic,
2204 563 2273 592 etc„
2290 556 2523 591 assumendam,

1466 603 1497 627 et
1512 597 1733 638 praecipiendo
1752 598 1848 629 illam.
1868 599 1910 629 Et
1928 600 2103 630 secundum
2118 600 2178 630 hos
2201 607 2298 636 actus,
2318 609 2391 630 curn
2409 599 2525 639 depen-

1467 641 1560 671 deant
1583 651 1619 671 ex
1641 642 1757 672 minori
1788 642 1944 682 pendente
1973 653 2010 673 ex
2033 643 2189 684 appetitu,
2216 643 2379 674 manifeste
2409 642 2526 683 pendet

1467 694 1503 714 ex
1527 685 1669 725 appetitu
1693 692 1788 716 recto.
1813 686 1853 716 Et
1875 686 1950 726 quia
1974 686 2149 717 secundum
2179 687 2239 718 hos
2262 693 2350 718 actus
2373 693 2419 717 est
2441 686 2525 726 prin-

1467 728 1587 768 cipium
1610 729 1770 760 electionis
1793 735 1894 760 rectae
1915 729 1985 760 talis
2006 737 2174 772 tantaeque
2199 731 2361 767 materiae,
2386 730 2459 760 ideo
2479 736 2526 761 est

1466 772 1658 813 principium
1680 773 1803 804 virtutis
1826 773 1964 804 moralis.
1980 791 2002 796 -
2016 773 2058 804 Et
2080 773 2123 804 sic
2145 774 2243 805 virtus
2259 774 2388 805 moralis
2403 774 2437 804 in
2453 774 2524 804 solo

1467 823 1538 847 actu
1562 816 1722 847 electionis
1745 817 1862 857 pendet
1884 827 1902 847 a
1924 816 2099 857 prudentia.
2124 818 2292 848 Prudentia
2315 824 2423 848 autem
2445 827 2522 858 pen-

1467 860 1520 891 det
1538 867 1569 891 et
1591 861 1698 901 quoad
1714 867 1822 891 actum
1845 861 1952 891 iudicii
1969 861 2007 891 de
2022 860 2084 891 fine
2103 861 2395 901 particularissimo:
2413 869 2443 892 et
2459 871 2524 892 me-

1467 903 1571 934 diante
1587 905 1658 941 hoc,
1675 905 1783 945 quoad
1799 911 1905 935 actum
1919 904 2028 935 iudicii
2048 905 2086 934 de
2101 904 2150 935 his
2165 914 2248 945 quae
2263 912 2337 936 sunt
2352 906 2391 935 ad
2409 905 2523 942 finem,

1467 954 1497 978 et
1520 949 1627 988 quoad
1643 955 1749 979 actum
1765 948 1932 988 praecepti,
1955 947 2137 988 dupliciter;
2155 948 2271 979 scilicet
2289 949 2447 980 mediante
2471 949 2524 979 de-

1466 992 1634 1042 pendentia
1657 992 1765 1023 iudicii
1788 993 1827 1022 de
1849 991 1921 1028 fine,
1937 998 1967 1022 et
1990 992 2166 1022 secundum
2185 1001 2227 1028 se,
2245 992 2319 1032 quia
2341 993 2380 1023 de
2403 993 2524 1023 ratione

1467 1034 1533 1065 eius
1557 1042 1604 1065 est
1626 1036 1715 1076 quod
1739 1036 1778 1066 sit
1800 1042 1888 1066 actus
1911 1035 2087 1066 intellectus
2111 1035 2191 1066 moti
2213 1036 2252 1066 ab
2275 1036 2427 1076 appetitu.

1521 1079 1563 1109 Et
1585 1079 1611 1108 si
1629 1080 1701 1120 quis
1724 1079 1780 1110 tibi
1803 1079 1914 1110 dixerit
1933 1079 2022 1119 quod
2043 1079 2141 1110 virtus
2157 1079 2285 1110 moralis
2308 1089 2374 1110 non
2388 1079 2449 1110 nisi
2467 1080 2524 1110 ha-

1466 1122 1549 1153 bitus
1572 1128 1618 1153 est
1641 1124 1791 1154 electivus
1813 1124 1845 1153 in
1870 1123 1972 1154 medio
1995 1123 2201 1154 consistens*
2219 1129 2291 1159 etc.;
2316 1132 2353 1153 ac
2376 1132 2432 1163 per
2451 1123 2523 1160 hoc,

1466 1166 1599 1197 intentio
1622 1166 1693 1197 finis
1717 1166 1906 1207 praecedens
1929 1166 2147 1206 prudentiam,
2173 1177 2239 1197 non
2263 1173 2383 1206 spectat
2404 1167 2445 1196 ad
2466 1166 2526 1197 vir—

1465 1217 1566 1241 tutem
1590 1211 1761 1242 moralem:
1778 1227 1800 1234 -
1816 1210 1911 1241 dicito
1934 1211 2023 1251 quod
2045 1210 2078 1241 in
2103 1211 2256 1242 electione
2278 1210 2347 1250 ipsa
2370 1209 2525 1242 clauditur

1464 1254 1597 1286 intentio
1620 1254 1701 1292 finis,
1718 1255 1873 1296 quoniam
1896 1254 2006 1285 electio
2031 1261 2077 1287 est
2095 1264 2208 1285 eorum
2230 1264 2312 1295 quae
2335 1260 2409 1285 sunt
2430 1255 2471 1285 ad
2490 1253 2526 1284 fi-

1465 1308 1539 1328 nem
1563 1306 1692 1340 propter
1713 1298 1820 1329 finem.
1844 1298 1885 1329 Et
1907 1299 1987 1329 bene
2011 1308 2043 1329 se
2065 1298 2179 1329 habere
2202 1298 2357 1338 eligendo,
2374 1304 2405 1329 et
2427 1307 2525 1339 appe-

1465 1343 1560 1372 tendo
1584 1342 1690 1379 finem,
1709 1353 1742 1373 se
1764 1343 1880 1373 habent
1896 1342 1976 1373 sicut
1990 1348 2098 1372 motus
2122 1343 2160 1372 ad
2185 1342 2341 1378 medium,
2366 1349 2397 1373 et
2418 1341 2525 1373 termi-

1465 1395 1559 1416 num:
1587 1393 1710 1418 constat
1733 1393 1840 1417 autem
1864 1386 1952 1427 quod
1979 1392 2109 1427 propter
2132 1386 2265 1416 eandem
2288 1392 2434 1416 naturam
2456 1392 2525 1416 ten-

1466 1430 1510 1461 dit
1533 1430 1654 1471 aliquid
1674 1431 1707 1461 in
1723 1430 1866 1461 medium
1881 1437 1912 1460 et
1927 1430 2110 1461 terminum.
2127 1430 2219 1461 Unde
2235 1431 2347 1460 eadem
2362 1436 2410 1460 est
2425 1429 2524 1461 virtus

1466 1484 1529 1515 qua
1553 1475 1710 1515 appetitus
1740 1474 1840 1505 tendit
1866 1474 1899 1504 in
1922 1473 2020 1504 finem
2045 1480 2145 1510 recte,
2167 1481 2198 1504 et
2220 1483 2256 1504 ea
2279 1483 2360 1514 quae
2389 1481 2463 1504 sunt
2483 1474 2524 1504 ad

1465 1518 1567 1549 illurn.
1591 1519 1724 1558 Propter
1746 1518 1836 1559 quod
1858 1517 1891 1548 in
1914 1517 2111 1554 definitione,
2137 1518 2215 1548 dum
2238 1517 2351 1548 dicitur
2366 1518 2455 1558 quod
2478 1523 2526 1548 est

1464 1562 1589 1593 habitus
1612 1562 1770 1598 electivus,
1785 1561 1935 1601 implicite
1959 1561 2079 1592 dictum
2102 1561 2254 1601 estquod
2283 1561 2377 1592 etiam
2399 1561 2526 1592 intenti-

1463 1616 1522 1636 vus
1546 1605 1616 1636 finis
1640 1613 1696 1636 est.

1516 1652 1556 1681 X.
1573 1651 1614 1681 Et
1627 1660 1683 1690 per
1699 1650 1774 1679 haec
1793 1655 1879 1689 patet
1893 1648 2057 1688 responsio
2081 1649 2119 1678 ad
2137 1648 2245 1678 omnia
2267 1647 2390 1678 obiecta
2398 1646 2425 1684 ¹¹¹,
2445 1648 2525 1678 duo-

1465 1696 1524 1725 bus
1548 1695 1710 1724 dumtaxat
1725 1692 1874 1732 exceptis:
1892 1691 2008 1722 scilicet
2026 1692 2194 1732 quomodo
2209 1691 2376 1731 prudentia
2391 1691 2444 1722 det
2459 1700 2526 1722 mo-

1466 1739 1555 1769 dium
1578 1737 1685 1768 virtuti
1704 1736 1827 1772 morali,
1848 1742 1878 1766 et
1901 1744 1967 1765 non
1989 1734 2096 1772 finem,
2114 1735 2351 1766 cum-medium
2375 1735 2415 1766 sit
2435 1734 2524 1772 finis:

1466 1789 1496 1812 et
1519 1781 1686 1822 quomodo
1709 1780 1805 1810 simul
1823 1785 2019 1819 generentur.
2036 1779 2078 1810 Et
2099 1779 2178 1810 illud
2192 1779 2324 1820 quidem
2346 1778 2477 1810 inferius
2490 1779 2525 1820 in

1466 1836 1519 1866 qu.
1536 1835 1606 1855 wa
1629 1822 1645 1839 *
1668 1824 1797 1860 dicetur,
1822 1833 1857 1854 ac
1880 1823 2090 1862 postmodum
2112 1823 2145 1853 in
2169 1823 2207 1853 11·
2232 1821 2291 1859 11··,
2311 1832 2366 1863 qu.
2381 1822 2464 1853 van
2479 1819 2524 1860 ἢ,

1467 1868 1747 1904 consummabitur,
1772 1867 1842 1898 Deo
1866 1867 1955 1903 duce,
1972 1873 2003 1897 et
2025 1867 2098 1897 divo
2122 1866 2251 1897 Thoma
2268 1866 2488 1898 intercedente.
2503 1884 2525 1890 —

1466 1914 1552 1943 Haec
1567 1919 1675 1943 autem
1697 1911 1820 1942 Scotica
1835 1910 1979 1951 quaestio
2002 1910 2092 1941 facile
2115 1917 2201 1951 patet
2219 1920 2255 1941 ex
2270 1919 2310 1940 eo
2330 1910 2420 1950 quod
2438 1916 2527 1941 nctus

1466 1957 1517 1988 isti
1539 1957 1715 1987 intellectus
1739 1962 1769 1986 et
1791 1954 1963 1985 voluntatis
1994 1964 2060 1985 non
2091 1954 2198 1985 solum
2225 1953 2320 1984 simul
2346 1953 2442 1990 fiunt,
2471 1954 2528 1984 sed

1467 2011 1550 2031 unus
1574 2007 1604 2031 et
1626 2000 1711 2030 idem
1736 2008 1870 2029 numero
1902 2004 1989 2029 actus
2011 2005 2058 2029 est
2081 2005 2169 2029 actus
2192 1997 2374 2039 utriusque,
2398 1997 2525 2028 divani-

1466 2045 1562 2075 mode
1594 2051 1710 2075 tamen.
1741 2042 1921 2083 Praecipere
1950 2041 2036 2072 enim
2065 2048 2111 2073 est
2141 2048 2229 2072 actus
2259 2041 2436 2073 intellectus
2460 2041 2527 2072 for-

1467 2089 1604 2125 maliter,
1635 2086 1793 2128 appetitus
1829 2093 1937 2116 autem
1967 2085 2156 2122 virtualiter;
2187 2092 2218 2116 et
2244 2085 2386 2116 similiter
2414 2083 2527 2116 electio

1467 2140 1513 2163 est
1536 2139 1623 2163 actus
1647 2131 1804 2172 appetitus
1827 2129 2016 2166 formaliter,
2038 2129 2215 2161 intellectus
2237 2138 2312 2160 vero
2342 2129 2525 2166 virtualiter,

1467 2183 1503 2207 ut
1526 2187 1563 2207 ex
1586 2174 1772 2216 supradictis
1786 2174 1804 2194 *
1819 2174 1858 2204 de
1881 2173 2001 2204 actibus
2019 2173 2191 2204 voluntatis
2210 2179 2304 2213 patet.
2321 2172 2455 2204 Nullum
2469 2172 2526 2214 igi-

1467 2227 1518 2251 tur
1541 2219 1765 2250 inconveniens
1789 2225 1836 2249 est
1854 2219 1892 2249 ab
1917 2217 2036 2248 actibus
2058 2217 2125 2248 vim
2143 2217 2304 2258 duplicem
2326 2216 2529 2254 habentibus,

1468 2265 1546 2295 duas
1568 2263 1633 2294 fieri
1658 2263 1753 2294 simul
1775 2262 1915 2293 virtutes.

1532 2361 1603 2381 nica
1627 2350 1709 2380 dicta
1731 2349 1764 2379 in
1779 2349 1909 2380 articulo
1932 2348 2045 2388 quinto
2061 2347 2204 2378 eiusdem
2223 2347 2418 2388 quaestionis
2432 2347 2526 2388 quin-

1470 2362 1874 2436 Cquagesimaeoctavae,
1897 2398 1933 2423 ut
1948 2391 2151 2422 subveniatur
2164 2391 2266 2430 magis
2279 2390 2417 2427 novitiis,
2438 2397 2472 2422 et
2490 2391 2526 2422 in

1467 2438 1628 2479 principiis
1651 2447 1717 2467 non
1739 2437 1934 2476 relinquatur
1956 2435 2143 2471 obscuritas;
2166 2434 2367 2466 scribendum
2391 2435 2528 2466 occurrit

1469 2483 1507 2512 de
1530 2481 1785 2522 particularitate,
1809 2480 1976 2520 quomodo
2000 2485 2031 2509 et
2053 2488 2150 2520 quare
2178 2479 2337 2519 appetitus
2358 2478 2430 2508 ta-lis
2452 2478 2529 2510 facit

1468 2525 1622 2556 iudicium
1643 2524 1705 2555 tale
1733 2524 1772 2555 de
1794 2523 1867 2554 fine.
1889 2523 1988 2560 Quod
2011 2529 2058 2554 est
2079 2523 2234 2553 declarare
2249 2522 2338 2552 illam
2356 2522 2527 2552 maximam

1469 2569 1510 2599 111
1529 2569 1648 2599 Ethic.:
1668 2568 1782 2604 Qualis
1805 2568 2022 2607 unusquisque
2043 2571 2110 2604 est,
2130 2566 2204 2597 talis
2225 2567 2255 2596 ei
2267 2566 2351 2607 finis
2368 2565 2504 2597 videtur,

1524 2612 1694 2644 Sciendum
1718 2618 1765 2642 est
1786 2610 1881 2650 igitur
1903 2610 2005 2651 quod,
2034 2609 2178 2650 appetitu
2200 2609 2314 2640 affecto
2334 2609 2376 2639 ad
2397 2609 2527 2650 aliquid,

1470 2663 1547 2697 puta
1570 2656 1610 2686 ad
1631 2655 1819 2690 vindictam,
1844 2664 1881 2684 ex
1903 2654 1965 2684 hoc
1987 2653 2059 2694 ipso
2089 2653 2178 2694 quod
2207 2652 2341 2684 afficitur
2361 2653 2408 2683 ‘ad
2428 2652 2510 2684 illud
2518 2675 2531 2689 „

1471 2701 1536 2732 duo
1559 2700 1656 2730 simul
1678 2699 1773 2729 fiunt:
1798 2707 1873 2728 nam
1905 2698 1938 2728 in
1966 2697 2037 2738 ipso
2058 2696 2096 2727 fit
2117 2697 2186 2737 ipsa
2216 2696 2340 2728 affectio
2361 2697 2402 2726 ad
2426 2696 2531 2727 vindi-

1471 2751 1567 2780 ctam;
1583 2751 1615 2774 et
1629 2743 1662 2773 in
1673 2743 1811 2773 vindicta
1825 2741 1986 2781 consurgit
2000 2741 2110 2772 relatio
2127 2740 2363 2772 convenientiae
2378 2741 2419 2771 ad
2433 2740 2532 2771 talem>

1471 2788 1658 2828 appetitum.
1677 2787 1721 2817 Ita
1740 2787 1828 2827 quod
1842 2785 1979 2816 vindicta
2001 2785 2111 2825 incipit
2127 2794 2204 2821 esse,
2221 2791 2252 2815 et
2274 2791 2320 2815 est
2338 2784 2530 2819 conveniens

1471 2832 1525 2863 tali
1548 2830 1711 2872 appetitui,
1731 2840 1812 2871 quae
1828 2830 1916 2870 prius
1931 2839 2002 2860 non
2020 2835 2086 2860 erat
2100 2828 2304 2860 conveniens:
2321 2838 2387 2859 non
2401 2834 2531 2869 propter

1472 2875 1684 2906 mutationem
1698 2874 1731 2905 in
1746 2874 1892 2910 vindicta,
1908 2873 1964 2904 sed
1985 2873 2020 2903 in
2034 2872 2187 2914 appetitu.
2203 2871 2409 2903 Consonante
2423 2878 2532 2903 autem

1472 2919 1610 2950 vindicta
1626 2917 1790 2959 appetitui,
1807 2918 1840 2948 in
1856 2917 2015 2949 intellectu
2030 2916 2192 2956 consurgit
2214 2916 2303 2956 quod
2319 2916 2399 2946 ratio
2413 2914 2533 2947 iudicet

1474 2974 1543 2994 eam
1567 2963 1817 2997 convenientem,
1837 2971 1875 2992 ex
1896 2961 1959 2991 hoc
1981 2961 2070 3001 quod
2099 2960 2179 2991 ratio
2201 2966 2349 2990 movetur
2370 2960 2410 2990 ab
2433 2967 2535 3001 app&

1474 3008 1532 3038 titu
1557 3007 1600 3037 sic
1623 3006 1744 3037 affecto.
1760 3005 1847 3043 Quia
1868 3005 1954 3036 enirn
1976 3004 2056 3036 ratio
2079 3011 2227 3035 movetur
2248 3004 2287 3035 ab
2310 3003 2468 3043 appetitu,
2495 3002 2538 3034 fin

1473 3052 1506 3082 in
1530 3051 1650 3082 ratione
1673 3050 1797 3090 passiva
1818 3049 1939 3085 motio;
1964 3055 1996 3080 et
2017 3053 2255 3090 consequenter,
2275 3046 2351 3088 quia
2373 3047 2412 3078 ab
2434 3045 2537 3087 appe&

1474 3095 1534 3126 titu
1558 3095 1602 3125 sic
1623 3093 1734 3125 affecto
1758 3099 1904 3124 movetur
1925 3092 2015 3137 ratic,
2037 3091 2073 3123 fit
2093 3091 2127 3122 in
2150 3091 2270 3122 ratione
2293 3090 2417 3131 passiva
2428 3087 2538 3122 motiv‘

1476 3148 1654 3170 consonans
1676 3137 1722 3168 illi
1736 3135 1910 3173 affectioni;
1934 3142 1966 3166 et
1988 3135 2032 3166 sic
2054 3135 2092 3166 ab
2114 3134 2254 3176 appetitu
2278 3134 2388 3165 affecto
2409 3134 2447 3165 fit
2460 3142 2537 3175 pro·

1475 3181 1693 3223 portionaliter
1715 3181 1805 3217 ratio,
1822 3187 1858 3211 ut
1881 3180 2001 3211 substat
2021 3179 2185 3220 appetitui,
2202 3186 2355 3219 tanquam
2377 3178 2536 3211 affectat-et*

1476 3226 1667 3258 conveniens
1678 3225 1844 3256 vindictae.
1861 3224 1902 3255 Et
1916 3223 1969 3260 sic,
1986 3223 2260 3264 quemadmodum
2276 3228 2386 3263 gustus
2396 3220 2532 3252 *amenas

1476 3270 1694 3306 amaritudine,
1710 3269 1827 3300 iudicat
1842 3267 1951 3298 omnia
1962 3276 2085 3303 >amar-2³4
2098 3267 2142 3297 ita
2156 3267 2236 3297 ratio
2251 3266 2377 3302 infecta,
2390 3265 2535 3296 verbena

1478 3314 1596 3350 affecta,
1613 3313 1732 3344 iudicat
1754 3312 1931 3344 secundum
1952 3311 2040 3342 illam
2055 3310 2312 3342 immutationem
2327 3319 2392 3351 qua
2406 3309 2447 3340 ab
2458 3307 2534 3338 affie-

1478 3365 1528 3389 cto
1553 3357 1695 3398 appetitu
1718 3363 1874 3387 movetur.
1892 3356 1937 3386 lta
1960 3355 2050 3395 quod
2072 3356 2158 3386 intus
2180 3355 2330 3391 exiam,
2349 3352 2438 3394 quod
2454 3361 2533 3392 pro-

1477 3402 1560 3432 hibet
1575 3406 1763 3432 extraneum
1779 3399 1807 3436 ⁴⁶,
1823 3399 1981 3430 invenitur
1997 3408 2063 3429 non
2078 3398 2186 3429 solum
2204 3397 2410 3428 iniudicatum
2422 3404 2536 3426 secun-

1478 3446 1557 3476 dum
1579 3444 1770 3485 appetitum
1787 3444 1842 3474 sed
1860 3443 1955 3474 etiarn
1978 3443 2154 3473 secundum
2175 3441 2340 3476 rationem,
2356 3446 2392 3470 ut
2414 3439 2536 3470 substat

1478 3489 1642 3530 appetitui.
1659 3489 1694 3520 In
1717 3488 1807 3519 cuius
1830 3487 1970 3527 signum,
1985 3486 2064 3517 ratio
2088 3495 2106 3516 a
2127 3485 2182 3516 tali
2202 3484 2368 3515 affectione
2390 3489 2446 3514 aut
2467 3492 2535 3514 non

1478 3540 1575 3569 mota,
1596 3539 1632 3563 ut
1646 3531 1759 3564 accidit
1774 3531 1881 3562 sedata
1896 3530 2059 3571 passione;
2079 3536 2134 3560 aut
2149 3537 2216 3560 non
2230 3527 2421 3559 sufficienter
2437 3534 2535 3563 mota,

2553 1134 2563 1143 ²
2572 1132 2610 1155 Cf.
2618 1133 2709 1155 Ariztot
2731 1132 2766 1156 Β·

2552 1159 2608 1190 τιμε.
2619 1159 2661 1182 lib.
2670 1159 2700 1188 11,
2710 1148 2764 1183 ine.

2553 1189 2591 1207 cit.
2604 1191 2670 1208 num-
2680 1191 2712 1208 Vl.

2551 1657 2561 1667 '¹
2576 1645 2612 1679 Cf.
2627 1661 2731 1679 amvi.

2552 1826 2675 1876 mei·
2688 1824 2766 1864 ,⁶⁶¹²-

2551 1879 2642 1929 ζωᾼὲῐ.
2655 1879 2679 1908 6,
2693 1879 2766 1903 Gon-

2553 2163 2761 2236 μαῖ’-,εἰπε

2562 3407 2572 3417 ·
2583 3406 2620 3428 Cf.
2629 3406 2728 3430 Annon
2742 3406 2776 3430 de

2562 3432 2664 3461 Anima„
2678 3432 2719 3455 lib.
2733 3431 2774 3461 m,

2563 3464 2716 3508 ἓῗρὴῗίέ.
2729 3465 2776 3509 ’,ἲ-ἰ
