2852 4152
110 924 118 933 “
136 922 187 943 Art.
203 921 305 949 praeced.

111 1128 120 1138 ·
135 1126 209 1149 Serm.
219 1126 280 1148 LXII
291 1126 320 1147 de

115 1152 231 1175 Verb.Eva
268 1153 320 1178 „ah

111 1177 251 1201 Sem-Vlde
271 1178 320 1200 ενδ.

110 1205 186 1232 Dom„
202 1210 252 1232 cup.
267 1210 319 1227 vm.

104 2020 112 2030 ¹
122 2019 169 2047 Qu.
181 2025 225 2041 Lxx
233 2025 264 2045 rx,
277 2023 318 2041 art.

0 2039 8 2070 ξ
108 2051 136 2074 ¹3·

109 2285 118 2294 '
131 2283 197 2307 Vei-s.
212 2290 244 2313 22·

106 2597 117 2608 ⁸
130 2597 177 2619 Loc
187 2597 225 2619 cit.
237 2603 315 2625 supra.

1037 276 1300 322 QUAESTIO
1330 278 1434 323 XIX,
1464 279 1757 316 ARTicULUs
1785 280 1820 315 v

2437 287 2504 331 145

1132 411 1447 453 ARTICULUS
1478 413 1731 464 QUINTUS

709 500 863 531 UTRUM
886 501 1117 533 VOLUNTAS
1140 502 1409 534 mscoaDANS
1432 506 1460 534 A
1484 504 1676 535 RArloNE
1700 501 1917 542 ERRANTE‚
1941 507 2007 537 SIT
2030 508 2150 538 MALA

582 577 602 602 n
622 577 704 607 Seni„
725 578 783 603 ἀίει.
800 586 880 608 xxxix,
901 587 944 611 qu.
963 587 1000 609 111,
1020 585 1066 604 art.
1087 579 1118 610 33
1139 580 1180 605 De
1203 580 1291 610 Ver-it„
1312 589 1356 613 qu.
1373 589 1432 610 xvn,
1452 586 1498 606 art.
1515 589 1550 612 43
1572 582 1666 612 Quodl.
1685 582 1724 612 111,
1744 590 1787 615 qu.
1806 591 1849 613 im,
1868 589 1914 609 art.
1935 591 1964 613 25
1983 584 2044 614 VIII,
2065 593 2109 618 qu.
2126 593 2160 616 vr,
2179 591 2226 612 art.
2247 586 2276 616 35

930 615 972 644 IX,
991 622 1034 647 qu.
1053 622 1096 646 vn,
1115 620 1161 640 art.
1182 622 1213 646 2;
1232 616 1318 644 Rom„
1338 624 1393 649 cap.
1412 623 1462 647 nv,
1481 617 1530 641 lect
1548 624 1582 648 ¹¹3
1605 618 1702 646 Galat„
1722 625 1779 651 cap.
1797 626 1820 649 ν,
1841 619 1899 644 lect.
1917 626 1934 644 ι.

437 714 443 727 2
480 713 581 761 ..ff—1>
601 712 762 743 QUINTUM
782 713 834 738 εις
853 713 1090 739 Pnocssmrun.
1117 702 1275 739 Videtur
1297 703 1403 752 quod

414 783 422 800 s
487 750 538 811 ζ’ξο
558 754 734 790 voluntas
763 753 982 791 discordans
1010 767 1032 791 a
1065 755 1207 792 ratione
1236 764 1400 803 errante,

368 830 389 846 1.
451 819 486 845 η
502 794 547 852 ss(
560 818 638 842 non
657 805 703 842 sit
720 807 831 843 mala.
862 808 972 843 Ratio
993 807 1094 844 enim
1116 815 1170 844 est
1189 809 1316 855 regula
1334 821 1403 845 vo-

448 849 501 891 a}
517 848 708 895 luntatis
727 859 929 906 humanae,
959 859 1184 908 inquantum
1213 861 1403 898 derivatur

349 922 371 946 a
398 910 478 957 lege
508 918 671 958 aeterna,
700 919 742 948 ut
769 911 910 949 dictum
931 920 985 949 est
1003 912 1034 949 ³⁸.
1056 913 1133 950 Sed
1161 912 1254 950 ratio
1275 925 1402 950 errans

350 974 427 999 non
457 961 647 1000 derivatur
674 976 696 1000 a
723 964 804 1012 lege
833 971 995 1001 aeterna.
1025 966 1126 1012 Ergo
1156 965 1248 1002 ratio
1274 978 1401 1002 errans

349 1026 427 1051 non
457 1023 511 1051 est
530 1017 657 1063 regula
674 1017 877 1053 voluntatis
895 1018 1096 1054 humanae.
1128 1019 1219 1054 Non
1239 1025 1294 1054 est
1312 1031 1401 1066 ergo

348 1067 523 1103 voluntas
553 1069 664 1114 mala,
694 1069 723 1104 si
752 1069 941 1105 discordat
968 1081 990 1105 a
1018 1070 1161 1106 ratione
1190 1078 1346 1108 errante.

403 1129 437 1153 2.
467 1119 705 1167 PRAETEREA,
736 1121 946 1158 secundum
979 1123 1231 1169 Augustinum
1250 1123 1282 1170 ²¹⁸,
1312 1123 1402 1160 infe-

348 1169 454 1205 rioris
479 1171 675 1218 potestatis
703 1181 947 1222 praeceptum
977 1187 1054 1212 non
1084 1175 1234 1223 obligat,
1264 1175 1294 1212 si
1315 1188 1402 1213 con-

347 1220 520 1259 trarietur
545 1232 749 1272 praecepto
778 1226 971 1273 potestatis
999 1227 1220 1275 superioris:
1250 1228 1344 1265 sicut
1371 1229 1402 1265 si

347 1275 552 1322 proconsul
584 1273 711 1311 iubeat
738 1277 878 1325 aliquid
913 1279 1018 1326 quod
1046 1279 1248 1328 imperator
1275 1282 1402 1328 prohi-

348 1327 425 1363 bet.
445 1325 522 1363 Sed
540 1326 635 1363 ratio
661 1339 789 1364 errans
809 1330 1039 1377 quandoque
1061 1334 1240 1380 proponit
1262 1333 1403 1380 aliquid

350 1380 454 1428 quod
487 1385 550 1428 est
571 1385 701 1415 contra
734 1389 980 1428 praeceptum
1013 1384 1235 1431 superioris,
1266 1385 1403 1421 scilicet

349 1431 451 1479 Dei?
470 1429 576 1469 euius
604 1439 660 1467 est
687 1443 839 1469 summa
865 1441 1043 1481 potestas.
1082 1436 1183 1483 Ergo
1213 1437 1402 1474 dictamen

349 1482 501 1523 rationis
529 1484 684 1521 errantis
716 1497 796 1521 non
823 1485 974 1533 obligat.
996 1487 1103 1524 vNon
1132 1496 1187 1525 est
1215 1500 1303 1538 ergo
1335 1501 1404 1525 vo-

348 1537 470 1581 luntas
498 1536 609 1584 mala,
639 1536 670 1574 si
698 1536 886 1574 discordet
913 1550 935 1574 a
963 1538 1107 1576 ratione
1141 1550 1298 1580 errante.

356 1616 364 1617 ff
403 1590 439 1634 3.
466 1590 698 1636 Pmram,
727 1591 853 1627 omnis
880 1591 1056 1628 voluntas
1089 1594 1189 1630 mala
1218 1593 1406 1631 reducitur

349 1642 398 1679 ad
425 1642 590 1691 aliquam
622 1642 788 1691 speciem
816 1644 988 1680 malitiae.
1020 1645 1095 1682 Sed
1123 1647 1298 1684 voluntas
1332 1646 1404 1682 dis-

350 1695 511 1732 cordans
539 1707 562 1731 a
589 1695 732 1731 ratione
761 1704 918 1743 errante,
948 1709 1026 1733 non
1053 1705 1177 1745 potest
1202 1697 1327 1737 reduci
1356 1700 1403 1737 ad

349 1746 515 1795 aliquam
543 1747 709 1795 speciem
738 1748 920 1785 malitiae:
949 1757 1058 1797 puta,
1089 1751 1118 1787 si
1147 1751 1240 1788 ratio
1276 1764 1404 1789 errans

350 1807 447 1836 errat
473 1800 511 1836 in
540 1800 629 1847 hoc,
659 1800 763 1848 quod
792 1800 890 1838 dicat
918 1814 999 1838 esse
1027 1803 1307 1852 fornicandum,
1336 1818 1404 1842 vo-

348 1853 470 1890 luntas
494 1852 573 1889 eius
592 1852 657 1900 qui
683 1853 857 1890 fornicari
876 1866 953 1890 non
982 1856 1074 1902 vult,
1095 1857 1144 1893 ad
1163 1858 1305 1895 nullam
1325 1871 1405 1895 ma-

348 1905 462 1942 litiam
491 1905 619 1942 reduci
642 1913 776 1953 potest.
806 1907 908 1954 Ergo
932 1908 1107 1945 voluntas
1134 1909 1353 1947 discordans
1382 1924 1404 1947 a

349 1957 494 1995 ratione
523 1965 680 2005 errante,
710 1971 788 1995 non
816 1966 871 1995 est
898 1960 1009 1997 mala.

402 2011 476 2047 SED
505 2022 660 2057 CONTRA,
682 2011 776 2047 sicut
802 2011 840 2047 in
868 2012 998 2049 Primo
1018 2012 1038 2034 ’¹⁵
1058 2011 1199 2051 dictum
1220 2022 1285 2060 est⁷
1316 2028 1403 2052 con-

349 2062 502 2113 scientia
529 2062 620 2100 nihil
647 2063 748 2101 aliud
776 2071 832 2101 est
858 2076 974 2113 quam
1004 2066 1202 2114 applicatio
1227 2067 1402 2105 scientiae

348 2114 397 2153 ad
424 2114 592 2165 aliquem,
617 2123 756 2161 actum.
778 2115 941 2153 Scientia
965 2125 1092 2154 autem
1111 2118 1149 2156 in
1169 2119 1312 2157 ratione
1336 2128 1400 2158 est.

347 2167 530 2207 Voluntas
565 2179 654 2215 ergo
692 2168 912 2206 discordans
940 2182 962 2207 a
990 2170 1135 2208 ratione
1165 2180 1321 2219 errante,
1349 2181 1404 2210 est

348 2227 478 2270 contra
502 2220 782 2260 conscientiam.
813 2220 890 2258 Sed
909 2222 1032 2259 omnis
1051 2223 1133 2260 talis
1152 2225 1327 2262 voluntas
1348 2233 1402 2263 est

347 2273 467 2310 mala:
497 2272 631 2323 dicitur
658 2273 759 2310 enim
785 2274 898 2310 Rom.
917 2285 978 2311 x1v
995 2274 1035 2312 *ε
1069 2276 1187 2314 Omne
1209 2278 1310 2326 quod
1326 2290 1400 2315 non

346 2331 400 2363 est
425 2337 475 2362 ex
489 2325 590 2373 fide,
613 2331 810 2374 peccatum
838 2332 909 2372 est,
938 2326 1034 2365 idest
1068 2341 1183 2366 omne
1211 2330 1317 2378 quod
1347 2339 1401 2368 est

346 2377 476 2417 contra
495 2377 775 2417 conscientiam.
805 2379 906 2426 Ergo
933 2380 1110 2419 voluntas
1138 2382 1358 2420 discordans
1379 2396 1400 2420 a

345 2430 488 2478 ratione
518 2438 675 2478 errante,
706 2438 761 2468 est
787 2431 900 2469 mala.

357 2528 365 2530 -
396 2477 832 2523 Responneo‘mcmnum
856 2484 971 2532 quod,
994 2497 1080 2523 cum
1109 2486 1335 2524 conscientia
1355 2488 1401 2524 sit

344 2535 634 2585 quodammodo
665 2535 854 2573 dictamen
882 2537 1037 2574 rationis
1065 2541 1136 2584 (est
1163 2539 1263 2576 enim
1284 2552 1399 2587 quae-

345 2586 434 2627 dam
462 2587 662 2638 applicatio
682 2588 856 2625 scientiae
876 2589 925 2627 ad
945 2597 1083 2637 actum,
1103 2599 1145 2627 ut
1171 2591 1209 2628 in
1229 2591 1358 2628 Primo
1379 2592 1399 2614 '¹‘

345 2639 487 2678 dictum
513 2642 616 2687 est),
641 2639 744 2677 idem
773 2648 828 2677 est
857 2653 1036 2689 quaerere
1062 2650 1189 2679 utrum
1217 2644 1396 2681 voluntas

345 2692 564 2731 discordans
583 2705 606 2729 a
624 2692 768 2730 ratione
798 2700 950 2730 errante.
962 2693 1008 2730 sit
1026 2695 1137 2740 mala,
1159 2694 1263 2743 quod
1282 2709 1397 2744 quae-

343 2757 426 2783 rere
440 2752 568 2783 utrum
589 2744 817 2782 conscientia
836 2757 963 2782 errans
979 2746 1126 2794 obliget.
1149 2747 1258 2784 Circa
1279 2749 1394 2796 quod,

343 2797 457 2847 aliqui
492 2794 736 2845 distinxerunt
768 2796 837 2834 tria
869 2809 1007 2844 genera
1035 2806 1210 2836 actuum:
1240 2800 1395 2849 quidam

345 2850 446 2888 enim
475 2856 560 2887 sunt
587 2849 679 2887 boni
716 2861 761 2886 ex
792 2861 950 2896 genere;
981 2850 1137 2898 quidam
1170 2860 1256 2890 sunt
1288 2852 1395 2890 indif-

343 2903 524 2948 ferentes;
562 2901 719 2950 quidam
753 2909 839 2939 sunt
870 2902 960 2940 mali
996 2915 1041 2940 ex
1076 2916 1224 2951 genere.
1257 2905 1396 2942 Dicunt

345 2967 432 3003 ergo
462 2954 583 3004 quod,
612 2954 641 2991 si
668 2953 762 2991 ratio
789 2953 850 2990 vel
879 2955 1106 2992 conscientia
1134 2956 1231 2993 dicat
1257 2954 1395 3006 aliquid

344 3020 426 3046 esse
453 3005 668 3045 faciendum
695 3005 800 3055 quod
828 3005 873 3042 sit
900 3007 1046 3044 bonum
1075 3020 1120 3045 ex
1148 3021 1218 3046 suo
1245 3021 1394 3058 genere,

342 3073 421 3097 non
451 3067 505 3097 est
530 3059 582 3096 ibi
612 3070 726 3096 error.
758 3057 944 3106 Similiter,
974 3058 1005 3096 si
1033 3059 1131 3097 dicat
1157 3059 1298 3109 aliquid
1316 3074 1395 3098 non

344 3125 424 3150 esse
452 3111 669 3149 faciendum
698 3111 804 3160 quod
833 3119 887 3148 est
911 3111 1055 3148 malum
1082 3124 1127 3149 ex
1146 3125 1215 3149 suo
1235 3125 1392 3161 genere:

344 3165 478 3202 eadem
499 3164 599 3202 enim
618 3163 763 3201 ratione
783 3163 1062 3213 praecipiuntur
1081 3165 1193 3212 bona,
1213 3178 1289 3214 qua
1307 3178 1394 3216 pro-

342 3218 517 3255 hibentur
539 3217 650 3254 mala.
681 3216 759 3254 Sed
778 3216 808 3253 si
836 3216 927 3253 ratio
955 3217 1017 3253 vel
1046 3217 1273 3255 conscientia
1296 3218 1396 3256 dicat

343 3270 452 3308 alicui
488 3269 593 3318 quod
619 3269 679 3313 illa
711 3281 809 3317 quae
842 3277 928 3306 sunt
961 3269 1171 3306 secundum
1203 3282 1244 3307 se
1271 3271 1391 3318 mala,

341 3324 461 3360 homo
498 3328 669 3359 teneatur
704 3321 827 3358 facere
865 3334 910 3358 ex
941 3329 1165 3370 praecepto;
1194 3322 1256 3359 vel
1289 3323 1394 3371 quod

343 3375 404 3413 illa
432 3387 529 3424 quae
558 3382 644 3411 sunt
662 3372 873 3412 secundum
893 3386 933 3411 se
952 3374 1065 3420 bona,
1086 3373 1158 3411 sint
1184 3374 1392 3423 prohibita;

343 3428 410 3465 erit
442 3427 534 3465 ratio
566 3428 628 3464 vel
663 3426 890 3464 conscientia
928 3438 1066 3464 errans.
1095 3427 1144 3464 Et
1171 3426 1337 3464 similiter
1364 3427 1394 3465 si

396 3541 422 3607 Ξ.)
436 3541 694 3599 seretur‘u'dsmuss
711 3539 847 3563 PEFHLa.
862 3554 879 3557 -
891 3539 941 3563 Pro
960 3540 1014 3569 sub,
1028 3543 1057 3564 ut
1070 3539 1116 3564 sub
1131 3539 1375 3571 ABCDEGHILpF·

412 3575 483 3607 )sit.
501 3575 547 3599 —i
568 3583 583 3599 u
622 3575 657 3599 sit
695 3582 721 3599 α.

483 3628 591 3652 Sumus
610 3627 710 3651 Tnsor..
730 3627 760 3650 D.
775 3626 888 3650 ‘snorum
907 3626 939 3650 T.
958 3626 997 3650 111.

1458 703 1550 739 ratio
1584 705 1646 741 vel
1679 705 1908 743 conscientia
1936 707 2033 743 dicat
2060 707 2170 744 alicui
2202 709 2305 758 quod
2333 709 2370 746 id
2403 711 2508 759 quod

1459 763 1514 792 est
1541 757 1750 794 secundum
1779 771 1818 795 se
1846 758 2075 806 indifferens,
2104 768 2145 797 ut
2171 761 2296 798 levare
2325 762 2507 800 festucam

1458 808 1506 844 de
1524 815 1632 854 terra,
1654 809 1699 846 sit
1716 810 1947 858 prohibitum
1970 813 2032 848 vel
2050 821 2307 861 praeceptum,
2329 814 2396 851 erit
2414 815 2506 852 ratio

1456 861 1518 896 vel
1538 862 1764 899 conscientia
1784 875 1922 900 errans.
1943 864 2082 902 Dicunt
2101 877 2190 913 ergo
2210 866 2313 914 quod
2333 867 2425 904 ratio
2444 869 2506 905 vel

1458 913 1685 951 conscientia
1718 927 1844 952 errans
1874 915 1970 953 circa
1997 916 2262 964 indifferentia,
2293 919 2372 955 sive
2399 932 2507 968 prae-

1458 965 1632 1013 cipiendo
1661 967 1741 1003 sive
1768 968 2023 1016 prohibendo,
2054 969 2211 1017 obligat:
2240 970 2289 1007 ita
2312 973 2414 1020 quod
2438 985 2506 1008 vo-

1456 1018 1578 1054 luntas
1607 1019 1825 1056 discordans
1845 1033 1866 1057 a
1885 1021 1946 1057 tali
1974 1021 2115 1058 ratione
2146 1031 2302 1070 errante,
2324 1024 2391 1060 erit
2408 1026 2507 1061 mala

1458 1077 1493 1105 et
1528 1078 1738 1118 peccatum.
1773 1073 1849 1109 Sed
1892 1073 1983 1109 ratio
2021 1075 2082 1110 vel
2115 1075 2341 1112 conscientia
2379 1089 2506 1113 errans

1457 1122 1724 1171 praecipiendo
1754 1137 1797 1160 ea
1825 1137 1922 1172 quae
1947 1133 2032 1162 sunt
2053 1139 2121 1174 per
2144 1140 2184 1163 se
2208 1128 2319 1175 mala,
2338 1130 2400 1165 vel
2419 1141 2506 1181 pro-

1456 1174 1622 1212 hibendo
1652 1188 1697 1212 ea
1724 1189 1822 1225 quae
1851 1185 1937 1214 sunt
1962 1190 2031 1226 per
2050 1191 2090 1215 se
2114 1180 2215 1216 bona
2240 1187 2275 1216 et
2297 1182 2507 1218 necessaria

1458 1228 1505 1264 ad
1525 1228 1697 1275 salutem,
1717 1241 1795 1266 non
1825 1230 1980 1278 obligat:
2001 1230 2102 1268 unde
2123 1231 2160 1268 in
2179 1231 2313 1268 talibus
2331 1234 2508 1271 voluntas

1458 1280 1677 1318 discordans
1697 1294 1719 1318 a
1741 1281 1885 1319 ratione
1907 1284 1970 1319 vel
1993 1283 2221 1320 conscientia
2249 1292 2405 1332 errante,
2429 1298 2508 1323 non

1457 1339 1512 1368 est
1539 1333 1649 1369 mala.

1511 1385 1587 1421 Sed
1614 1386 1688 1421 hoc
1715 1386 2014 1423 irrationabiliter
2046 1387 2187 1424 dicitur.
2224 1390 2265 1425 In
2293 1388 2507 1426 indifferen-

1456 1436 1554 1472 tibus
1574 1437 1687 1484 enim,
1702 1439 1877 1475 voluntas
1897 1439 2115 1476 discordans
2135 1453 2156 1476 a
2175 1442 2318 1478 ratione
2337 1443 2399 1478 vel
2419 1454 2507 1479 con-

1447 1488 1612 1525 ·scientia
1641 1498 1805 1536 errante,
1836 1499 1891 1527 est
1918 1493 2017 1528 mala
2045 1493 2170 1541 aliquo
2201 1493 2318 1531 modo
2352 1502 2508 1543 propter

1459 1540 1666 1587 obiectum,
1695 1554 1718 1578 a
1746 1554 1822 1588 quo
1860 1543 2007 1580 bonitas
2043 1546 2106 1581 vel
2134 1546 2272 1582 malitia
2304 1547 2507 1584 voluntatis

1460 1592 1667 1641 dependet:
1696 1606 1774 1630 non
1806 1603 1933 1631 autem
1966 1604 2120 1644 propter
2151 1598 2342 1634 obiectum
2376 1612 2508 1636 secun-

1460 1645 1552 1681 dum
1581 1645 1638 1682 sui
1667 1654 1856 1692 naturam;
1887 1647 1953 1684 sed
1981 1650 2190 1686 secundum
2219 1651 2320 1698 quod
2354 1664 2420 1699 per
2447 1664 2507 1688 ac-

1459 1697 1587 1734 cidens
1607 1710 1629 1734 a
1649 1699 1792 1735 ratione
1821 1700 2115 1748 apprehenditur
2141 1710 2181 1737 ut
2208 1704 2352 1739 malum
2381 1704 2428 1740 ad
2456 1705 2508 1740 fa-

1460 1750 1635 1787 ciendum
1672 1752 1734 1787 vel
1771 1752 1819 1788 ad
1854 1752 2063 1789 vitandum.
2107 1754 2155 1789 Et
2192 1754 2280 1801 quia
2317 1756 2508 1793 obiectum

1458 1803 1662 1840 voluntatis
1695 1812 1750 1840 est
1778 1804 1816 1841 id
1845 1805 1949 1851 quod
1980 1806 2204 1853 proponitur
2232 1819 2251 1842 a
2281 1807 2441 1854 ratione,
2469 1816 2510 1844 ut

1461 1855 1603 1892 dictum
1624 1864 1679 1892 est
1697 1856 1727 1902 ²³⁶,
1750 1868 1794 1892 ex
1814 1869 1891 1904 quo
1921 1857 2059 1905 aliquid
2083 1859 2307 1906 proponitur
2326 1871 2348 1895 a
2367 1861 2508 1897 ratione

1458 1915 1500 1944 ut
1526 1909 1682 1955 malum,
1711 1909 1899 1956 voluntas,
1930 1910 2080 1946 durnin
2105 1910 2195 1947 illud
2223 1912 2348 1959 fertur,
2378 1913 2511 1961 accipit

1459 1961 1645 1998 rationem
1674 1961 1774 1998 mali.
1804 1962 1890 1998 Hoc
1918 1969 2046 1999 autem
2075 1963 2253 2011 contingit
2280 1976 2358 2000 non
2386 1967 2509 2002 solum

1457 2013 1496 2049 in
1523 2013 1836 2061 indifferentibus,
1866 2014 1932 2051 sed
1962 2014 2075 2051 etiam
2103 2015 2142 2052 in
2169 2029 2238 2064 per
2262 2029 2301 2053 se
2321 2018 2430 2054 bonis
2448 2019 2511 2055 vel

1459 2066 1577 2103 malis.
1608 2067 1700 2103 Non
1728 2067 1852 2103 solum
1882 2067 1982 2104 enim
2001 2067 2039 2104 id
2068 2069 2172 2116 quod
2198 2077 2252 2105 est
2274 2069 2508 2118 indifferens,

1456 2126 1582 2166 potest
1609 2118 1780 2167 accipere
1808 2118 1996 2157 rationem
2025 2119 2115 2158 boni
2142 2122 2203 2158 vel
2237 2122 2326 2158 mali
2353 2134 2423 2171 per
2449 2135 2509 2160 ac-

1458 2170 1602 2217 cidens;
1623 2171 1691 2208 sed
1712 2171 1824 2208 etiam
1843 2171 1881 2208 id
1901 2172 2006 2220 quod
2026 2180 2082 2210 est
2100 2174 2257 2222 bonum,
2273 2182 2397 2223 potest
2414 2175 2510 2213 acci·

1456 2235 1546 2271 pere
1575 2223 1760 2260 rationem
1789 2224 1894 2270 mali,
1924 2225 1986 2262 vel
2013 2224 2102 2263 illud
2131 2227 2235 2275 quod
2264 2235 2319 2264 est
2351 2229 2508 2276 malum,

1456 2276 1642 2312 rationem
1667 2275 1771 2323 boni,
1797 2284 1955 2325 propter
1980 2279 2320 2326 apprehensionem
2344 2281 2508 2318 rationis.

1456 2329 1571 2375 Puta,
1598 2328 1785 2366 abstinere
1814 2341 1837 2366 a
1865 2329 2111 2368 fornicatione
2139 2331 2285 2368 bonum
2314 2333 2509 2380 quoddam

1456 2388 1530 2418 est:
1560 2388 1688 2418 tamen
1716 2381 1755 2418 in
1780 2382 1854 2418 hoc
1882 2382 2030 2420 bonum
2062 2395 2140 2420 non
2174 2384 2290 2421 fertur
2316 2386 2507 2434 voluntas,

1455 2433 1525 2470 nisi
1545 2433 1756 2471 secundum
1776 2434 1881 2483 quod
1901 2446 1923 2470 a
1941 2435 2085 2472 ratione
2104 2437 2338 2484 proponitur.
2361 2438 2405 2476 Si.
2420 2451 2507 2486 ergo

1452 2494 1688 2534 proponatur
1711 2493 1752 2522 ut
1779 2486 1923 2523 malum
1943 2499 1965 2523 a
1985 2488 2128 2524 ratione
2157 2497 2313 2535 errante,
2334 2491 2472 2528 feretur
2491 2497 2508 2512 ‘²

1453 2538 1492 2574 in
1510 2539 1585 2574 hoc
1604 2539 1674 2575 sub
1695 2539 1837 2575 ratione
1858 2539 1958 2575 mali.
1979 2540 2284 2578 Unde¹voluntas
2305 2542 2373 2578 erit
2389 2544 2505 2591 mala,

1453 2590 1541 2639 quia
1567 2591 1650 2628 vult
1677 2591 1839 2628 malum:
1869 2603 1947 2628 non
1976 2591 2130 2640 quidem
2148 2593 2188 2630 id
2217 2594 2321 2641 quod
2349 2602 2403 2631 est
2427 2608 2507 2633 ma-

1451 2643 1530 2679 lum
1558 2655 1627 2691 per
1654 2655 1707 2689 se,
1727 2643 1794 2679 sed
1813 2643 1852 2680 id
1872 2643 1976 2691 quod
1995 2651 2052 2680 est
2068 2645 2212 2681 malum
2230 2657 2300 2693 per
2318 2647 2504 2695 accidens,

1450 2703 1606 2743 propter
1624 2695 1966 2744 apprehensionem
1986 2695 2150 2733 rationis.
2177 2697 2225 2734 Et
2243 2697 2410 2736 similiter
2429 2712 2506 2737 cre-

1451 2747 1540 2784 dere
1563 2747 1601 2783 in
1622 2746 1813 2784 Christum
1843 2755 1898 2784 est
1923 2760 1992 2796 per
2019 2761 2059 2785 se
2088 2750 2246 2796 bonum,
2276 2758 2312 2788 et
2333 2763 2505 2789 necessa-

1450 2799 1547 2836 rium
1572 2799 1620 2836 ad
1640 2800 1818 2836 salutem:
1847 2799 1914 2836 sed
1933 2801 2108 2838 voluntas
2128 2813 2205 2838 non
2224 2802 2339 2840 fertur
2361 2804 2399 2841 in
2418 2806 2503 2851 hoc,

1450 2852 1534 2890 nisi·
1550 2852 1762 2889 secundum
1790 2852 1895 2900 quod
1918 2865 1940 2890 a
1964 2853 2108 2890 ratione
2136 2855 2372 2902 proponitur.
2392 2857 2503 2894 Unde

1450 2904 1479 2941 si
1507 2917 1530 2941 a
1556 2904 1700 2942 ratione
1728 2912 1962 2953 proponatur
1988 2913 2029 2941 ut
2055 2906 2216 2952 malum,
2249 2908 2424 2946 voluntas
2451 2910 2504 2946 fe-

1449 2964 1550 2994 retur
1581 2957 1620 2994 in
1651 2958 1725 2993 hoc
1751 2964 1793 2994 ut
1828 2957 1988 2994 malum:
2018 2969 2096 2994 non
2124 2958 2212 3006 quia
2244 2959 2290 2996 sit
2317 2958 2331 2989 β
2358 2961 2502 2999 malum

1449 3009 1660 3046 secundum
1689 3021 1741 3056 se,
1770 3009 1837 3046 sed
1865 3009 1953 3057 quia
1981 3017 2036 3046 est
2062 3011 2208 3048 malum
2234 3023 2304 3060 per
2328 3013 2502 3051 accidens

1450 3073 1494 3097 ex
1522 3061 1822 3111 apprehensione
1855 3061 2023 3099 rationis.
2052 3062 2100 3099 Et
2130 3062 2217 3100 ideo
2249 3064 2502 3115 Philosophus

1449 3113 1546 3159 dicit,
1567 3113 1605 3149 in
1621 3114 1687 3150 VII
1704 3114 1823 3150 Ethic.
1838 3113 1870 3160 ²¹5,
1887 3113 2001 3162 quod,
2015 3126 2088 3163 per
2104 3127 2144 3151 se
2161 3115 2356 3164 loquendo,
2376 3119 2502 3156 incon-

1448 3166 1564 3202 tinens
1591 3171 1646 3202 est
1669 3165 1735 3213 qui
1751 3177 1825 3202 non
1852 3166 2018 3214 sequitur
2044 3167 2227 3204 rationem
2251 3175 2407 3208 rectam.-
2429 3184 2502 3219 per

1447 3217 1617 3254 accidens
1643 3223 1782 3263 autem,
1808 3219 1874 3266 qui
1899 3230 1972 3263 non
1999 3219 2165 3268 sequitur
2187 3221 2297 3258 etiam
2317 3224 2500 3261 rationem

1436 3270 1595 3317 falsam.
1625 3269 1735 3307 Unde
1774 3269 1977 3308 dicendum
2015 3279 2071 3309 est
2098 3271 2314 3322 simpliciter
2347 3276 2450 3324 quod
2483 3282 2499 3304 Υ

1449 3322 1573 3359 omnis
1600 3322 1776 3360 voluntas
1805 3322 2026 3361 discordans
2052 3336 2075 3361 a
2101 3325 2257 3373 ratione,
2287 3326 2367 3364 sive
2399 3336 2500 3365 recta

1448 3374 1527 3412 sive
1553 3382 1708 3422 errante,
1737 3387 1890 3424 semper
1916 3383 1972 3413 est
1998 3377 2098 3414 mala
2125 3377 2156 3414 ²¹².

1500 3429 1559 3464 An
1587 3439 1722 3464 PmMUM
1743 3439 1840 3465 ERGO
1860 3440 2042 3467 D1CENDUM
2067 3429 2171 3477 quod
2189 3431 2368 3468 iudicium
2389 3432 2498 3469 ratio-

1499 3542 1524 3572 γ)
1545 3544 1583 3565 est
1602 3540 1756 3572 simpliciter
1774 3541 1852 3573 quod.
1870 3555 1888 3560 -
1906 3541 1977 3572 quod
1995 3541 2148 3573 simpliciter
2167 3542 2211 3566 Pa.

2328 3638 2357 3663 ¹9

2537 1871 2544 1879 ·
2560 1871 2611 1891 Art.
2626 1876 2645 1899 3.

2528 3134 2538 3143 ·
2554 3134 2586 3156 Ca
2605 3141 2648 3162 .1x‚
2664 3141 2686 3157 n.
2701 3142 2737 3157 1.-

2528 3160 2553 3182 S.
2565 3161 2585 3182 T
2604 3177 2609 3182 .
2625 3162 2675 3183 lect.
2690 3169 2722 3183 rx.

2622 3285 2639 3310 Υ

2526 3391 2536 3402 ⁸
2551 3391 2577 3412 D.
2593 3392 2646 3420 384.
