2852 4152
121 1166 130 1175 ·
146 1163 210 1185 Vers.
225 1169 254 1184 21.

123 2098 191 2125 Ἔαρ.
199 2103 332 2124 v111,vers.1.

365 200 407 224 12
1074 182 1339 228 QUAESTIO
1370 183 1400 228 1,
1429 181 1724 218 ARTICULUS
1755 180 1804 215 lV

359 265 535 312 contingit
560 276 641 301 esse
662 263 884 300 infinitatem
913 274 981 309 per
1008 260 1183 297 accidens
1203 260 1241 296 in
1260 259 1413 306 finibus,

360 326 395 355 et
422 318 459 354 in
487 317 544 354 his
574 329 672 365 quae
701 323 787 352 sunt
815 315 862 352 ad
891 315 1009 351 finem
1030 312 1053 349 ζ.

410 372 469 407 AD
494 381 629 407 PRIMUM
649 380 746 405 ERGO
766 379 949 404 DICENDUM
969 365 1073 413 quod
1094 365 1140 401 de
1162 364 1304 400 ratione
1325 363 1415 399 boni

359 431 414 460 est
439 423 544 471 quod
563 422 703 470 aliquid
723 422 769 457 ab
790 420 873 468 ipso
895 419 1033 465 effluat,
1063 429 1140 453 non
1163 423 1292 452 tamen
1312 415 1416 463 quod

359 476 484 524 ipsum
513 476 561 512 ab
582 474 654 511 alio
673 474 864 522 procedat.
887 473 935 508 Et
960 471 1058 516 ideo,
1081 481 1167 505 cum
1188 469 1332 504 bonum
1352 468 1416 504 ha-

358 529 446 565 beat
473 527 657 564 rationem
677 526 772 572 finis,
794 532 831 561 et
848 524 1014 572 primum
1034 523 1180 558 bonurn
1201 520 1246 556 sit
1264 520 1416 556 ultimus

358 581 457 628 finis,
488 580 579 616 ratio
608 579 677 615 ista
704 590 782 614 non
809 577 945 625 probat
973 574 1076 623 quod
1102 579 1180 610 non
1200 573 1245 609 sit
1262 572 1416 609 ultimus

358 633 462 678 finis;
483 632 549 669 sed
570 631 673 679 quod
694 643 716 667 a
734 631 810 667 fine
829 628 953 677 primo
974 626 1169 675 supposito
1190 625 1418 674 procedatur

358 686 397 722 in
424 685 612 722 infinitum
641 682 791 719 inferius
819 693 951 718 versus
980 692 1024 716 ea
1052 691 1149 728 quae
1184 686 1270 714 sunt
1297 678 1347 715 ad
1374 678 1418 715 fi-

359 751 460 774 nem.
478 739 526 774 Et
544 738 618 773 hoc
638 735 792 784 quidem
813 739 1055 781 competeret,
1073 732 1102 768 si
1119 731 1418 768 consideraretur

359 791 439 827 sola
457 790 575 827 virtus
600 788 709 837 primi
729 787 830 834 boni,
851 798 948 833 quae
970 792 1024 821 est
1051 784 1206 821 infinita.
1230 784 1306 820 Sed
1332 784 1418 832 quia

358 843 524 891 primum
541 843 686 878 bonurn
702 841 816 876 habet
831 838 1072 876 diffusionem
1089 837 1300 874 secundum
1315 836 1418 873 intel-

359 897 509 941 lectum,
537 894 642 930 cuius
671 901 726 929 est
753 891 964 928 secundum
989 890 1154 939 aliquam
1181 897 1322 926 certam
1344 889 1418 925 for-

360 960 464 984 mam
485 953 502 974 η
522 946 711 995 profluere
732 945 769 981 in
789 951 956 989 causata3
984 943 1117 991 aliquis
1137 950 1259 979 certus
1280 942 1418 978 modus

359 1000 556 1037 adhibetur
576 999 765 1035 bonorum
795 996 948 1034 effluxui
968 1009 990 1032 a
1009 996 1135 1044 primo
1161 995 1278 1042 bono,
1299 1007 1321 1031 a
1340 1007 1417 1042 quo

359 1052 488 1088 omnia
515 1051 586 1088 alia
615 1052 716 1087 bona
740 1050 964 1098 participant
986 1049 1165 1086 virtutem
1186 1047 1416 1084 diffusivam.

359 1106 407 1141 Et
434 1104 520 1141 ideo
542 1103 692 1141 diffusio
714 1104 905 1140 bonorum
925 1114 1002 1139 non
1031 1101 1203 1150 procedit
1230 1100 1268 1136 in
1295 1099 1417 1136 infini-

358 1165 451 1204 tum,
473 1157 552 1204 sed,
577 1156 670 1193 sicut
690 1156 824 1193 dicitur
847 1157 933 1203 Sap.
954 1167 989 1192 XI
1008 1154 1044 1201 *,
1070 1155 1174 1190 Deus
1194 1152 1324 1189 omnia
1344 1152 1417 1189 dis-

358 1210 485 1259 posuit
512 1211 548 1246 in
578 1222 747 1255 numero,
770 1209 939 1257 pondere
966 1214 1002 1244 et
1026 1217 1214 1244 mensura.

1522 261 1580 295 An
1609 270 1797 295 SECUNDUM
1826 268 2012 294 chENDUM
2041 258 2146 306 quod
2173 258 2211 294 in
2239 257 2296 294 his
2326 269 2423 305 quae
2448 263 2534 292 sunt

1468 322 1537 359 per
1564 323 1616 357 se,
1647 310 1740 347 ratio
1770 309 1897 358 incipit
1925 322 1947 346 a
1974 310 2163 358 principiis
2184 309 2399 346 naturaliter
2422 308 2532 356 notis,

1470 370 1506 399 et
1534 363 1582 400 ad
1602 363 1767 411 aliquem
1796 361 2001 399 terminum
2029 363 2278 411 progreditur.
2309 362 2420 399 Unde
2448 361 2534 398 Phi-

1468 415 1652 463 losophus
1671 416 1818 463 probat,
1839 414 1878 450 in
1893 415 1907 451 1
1921 415 2061 452 Poster.
2073 415 2105 462 ²¹²,
2121 415 2226 464 quod
2240 415 2279 452 in
2299 415 2533 452 demonstra-

1470 467 1636 504 tionibus
1665 480 1743 504 non
1773 474 1827 503 est
1853 479 2055 515 processus
2083 468 2122 504 in
2149 468 2357 514 infinitum,
2387 467 2476 516 quia
2495 467 2534 504 in

1472 519 1860 556 demonstrationibus
1887 520 2090 557 attenditur
2118 521 2213 557 ordo
2234 521 2447 569 aliquorum
2466 531 2535 567 per

1472 584 1511 608 se
1531 572 1581 608 ad
1599 572 1764 608 invicem
1793 583 2067 620 connexorum,
2098 580 2133 609 et
2159 585 2238 610 non
2258 584 2326 622 per
2345 572 2532 609 accidens.

1473 626 1514 661 In
1533 624 1591 661 his
1611 631 1738 660 autem
1754 636 1851 672 quae
1866 637 1935 674 per
1955 625 2128 662 accidens
2145 633 2429 671 connectuntur,
2446 623 2535 661 nihil

1471 677 1648 725 prohibet
1673 676 1857 714 rationem
1875 677 1914 714 in
1933 677 2122 715 infinitum
2140 678 2363 727 procedere.
2390 676 2536 714 Accidit

1473 738 1601 767 autem
1617 729 1810 778 quantitati
1830 738 1894 766 aut
1908 742 2068 768 numero
2087 731 2359 779 praeexistenti,
2375 730 2535 779 inquan-

1472 790 1554 819 tum
1583 782 1821 828 huiusmodi,
1851 782 1957 829 quod
1986 783 2018 819 ei
2055 784 2216 821 addatur
2250 783 2436 832 quantitas
2470 789 2536 819 aut

1472 837 1606 872 unitas.
1622 835 1734 872 Unde
1752 835 1789 871 in
1809 834 2028 872 huiusmodi
2045 836 2136 872 nihil
2154 836 2330 885 prohibet
2349 835 2534 875 rationem

1473 889 1679 937 procedere
1707 887 1746 925 in
1773 887 1975 924 infinitum.
2388 896 2391 900 ’

1526 942 1584 977 AD
1621 952 1781 978 TERTHJM
1817 952 2001 978 DICENDUM
2040 940 2145 988 quod
2177 940 2239 978 illa
2274 939 2535 989 multiplicatio

1473 1001 1627 1030 actuum
1646 993 1850 1029 voluntatis
1870 993 2032 1030 reflexae
2052 1005 2167 1042 supra
2186 993 2362 1041 seipsam,
2388 1005 2456 1041 per
2475 1005 2536 1030 ac-

1473 1046 1603 1082 cidens
1632 1057 1672 1081 se
1700 1046 1815 1082 habet
1839 1046 1889 1082 ad
1916 1045 2090 1083 ordinem
2119 1045 2267 1083 finium.
2299 1046 2416 1093 Quod
2434 1053 2538 1094 patet

1474 1110 1519 1134 ex
1539 1099 1625 1144 hoc,
1646 1098 1752 1147 quod
1781 1098 1879 1135 circa
1906 1111 2026 1136 unum
2050 1106 2086 1135 et
2106 1098 2270 1135 eundem
2299 1099 2417 1136 finem
2444 1096 2456 1119 θ
2482 1098 2537 1134 in-

1475 1150 1690 1188 differenter
1723 1152 1842 1188 semel
1869 1152 1931 1188 vel
1957 1151 2098 1200 pluries
2131 1164 2245 1200 supra
2279 1151 2442 1199 seipsam
2469 1163 2538 1187 vo-

1473 1205 1595 1241 luntas
1624 1203 1837 1242 reflectitur.

411 1325 436 1354 ζ)
450 1326 540 1358 finem.
559 1325 659 1356 -fines
678 1323 878 1347 ABCDGHlKa.

411 1360 438 1393 η)
454 1362 556 1385 bertam
570 1360 690 1393 sor-mam
706 1371 725 1377 -
737 1359 857 1391 sormam
878 1357 908 1388 G,
928 1363 1035 1381 causam
1055 1359 1155 1390 certam
1176 1355 1222 1380 Pa.

1529 1316 1552 1351 0)
1566 1318 1660 1351 finem.
1673 1333 1692 1337 —
1709 1322 1798 1343 actum
1818 1319 1877 1343 PsH
1897 1324 1922 1343 et
1940 1326 1965 1343 a.

1038 1433 1368 1466 commentar-ia
1391 1431 1638 1464 cardinalis
1661 1431 1861 1481 Caietam

390 1532 410 1551 N
434 1520 564 1550 articulo
588 1525 701 1560 quarto
727 1518 869 1548 eiusdem
899 1516 1018 1557 primae
1049 1516 1259 1557 quaestioniS,
1284 1515 1418 1546 dubium

363 1534 436 1595 lest
463 1564 542 1595 circa
570 1562 809 1603 responsionem
834 1562 873 1591 ad
897 1561 1054 1601 primum,
1087 1571 1161 1591 cum
1190 1560 1303 1590 dicitur
1332 1560 1420 1600 quod

359 1610 398 1640 de
421 1610 546 1639 ratione
569 1609 642 1638 boni
665 1612 711 1638 est
733 1606 817 1646 quod
840 1605 961 1646 aliquid
984 1605 1023 1635 ab
1048 1606 1115 1644 ipso
1136 1604 1262 1645 effluat.
1287 1604 1371 1634 Nam
1394 1604 1420 1634 si

359 1654 421 1684 hoc
443 1659 489 1683 est
502 1662 628 1688 verum,
649 1650 791 1691 sequitur
806 1649 910 1690 primo
931 1649 1020 1689 quod
1040 1649 1079 1679 de
1099 1649 1220 1679 ratione
1236 1647 1313 1678 boni
1334 1648 1422 1688 quod

360 1704 406 1728 est
429 1697 561 1727 essentia
577 1695 690 1731 divina,
708 1701 755 1725 est
770 1694 858 1734 quod
875 1693 994 1733 aliquid
1013 1694 1050 1723 ab
1066 1693 1134 1732 ipsa
1153 1692 1270 1723 effluat.
1290 1692 1332 1722 Et
1347 1702 1422 1722 cum

359 1741 439 1772 illud
455 1741 543 1781 quod
560 1747 606 1770 est
628 1740 667 1770 de
683 1739 803 1769 ratione
822 1738 963 1775 alicuius,
988 1737 1161 1768 necessario
1178 1735 1345 1767 conveniat
1358 1736 1419 1773 illi,

361 1785 502 1826 sequitur
525 1785 613 1825 quod
635 1782 809 1814 necessario
827 1783 865 1812 ab
882 1781 1015 1812 essentia
1038 1781 1144 1812 divina
1162 1781 1282 1822 aliquid
1302 1780 1419 1812 effluat.

360 1830 401 1860 Et
422 1829 466 1859 sic
490 1838 555 1859 non
579 1828 690 1864 libere,
723 1826 777 1857 sed
805 1826 978 1856 necessario
1007 1835 1055 1855 res
1079 1824 1267 1856 effluxerunt
1293 1825 1326 1855 in
1354 1835 1420 1855 esse

362 1883 379 1903 a
402 1873 482 1903 Deo.

426 1915 575 1957 Sequitur
597 1915 748 1950 secundo,
772 1914 861 1954 quod
876 1913 1052 1944 intellectus
1071 1912 1206 1949 divinus,
1224 1913 1420 1943 moderando

361 1960 514 1991 effluxum
536 1960 696 1989 bonorum
713 1969 731 1988 a
746 1958 850 1998 primo
874 1958 970 1993 bono,
995 1957 1115 1987 auferat
1133 1967 1152 1987 a
1167 1958 1254 1987 bono
1277 1957 1310 1986 id
1333 1957 1422 1997 quod

361 2011 407 2035 est
429 2005 467 2034 de
491 2003 611 2034 ratione
635 2002 712 2032 eius.
737 2002 836 2039 Quod
859 2008 889 2032 et
917 2000 1113 2041 impossibile
1144 2007 1204 2036 est,
1234 2008 1265 2031 et
1286 2010 1353 2030 non
1377 2007 1423 2030 est

361 2048 406 2079 fas
429 2048 564 2078 tribuere
592 2046 715 2076 divinae
739 2045 921 2086 sapientiae,
947 2054 1028 2085 quae
1051 2044 1190 2084 disponit
1212 2045 1319 2075 omnia
1348 2054 1421 2075 sua-

361 2093 442 2123 viter
461 2091 487 2121 *.
509 2109 527 2114 —
551 2091 705 2121 Probatur
728 2089 864 2130 sequela.
890 2089 991 2126 Quia,
1021 2088 1243 2119 constituendo
1271 2087 1423 2119 ultimum

360 2137 483 2166 bonum
510 2134 655 2170 inferius,
686 2144 759 2165 cum
787 2133 882 2170 illud,
908 2133 982 2173 quia
1010 2133 1134 2163 bonum
1158 2139 1219 2168 est,
1248 2132 1361 2162 habeat
1384 2132 1422 2162 de

361 2180 481 2210 ratione
501 2189 558 2209 sua
581 2179 669 2219 quod
692 2178 812 2218 aliquid
835 2178 874 2207 ab
898 2187 936 2207 eo
961 2176 1084 2212 effluat;
1109 2182 1139 2206 et
1162 2176 1237 2217 quia
1260 2176 1421 2212 ultimum,

362 2224 441 2255 nihil
463 2224 501 2254 ab
522 2233 560 2253 eo
580 2222 694 2258 effluit';
719 2228 846 2262 oportet
861 2221 950 2262 quod
964 2220 1004 2251 sit
1019 2220 1160 2250 ablatum
1179 2220 1217 2250 ab
1233 2230 1271 2250 eo
1287 2220 1319 2250 id
1335 2220 1423 2261 quod

364 2274 410 2298 est
433 2268 471 2298 de
494 2267 616 2298 ratione
639 2266 716 2296 eius.

429 2311 466 2342 II.
489 2311 540 2342 Ad
563 2311 624 2340 hoc
655 2309 768 2340 dicitur
797 2309 886 2349 quod
913 2309 995 2339 inter
1023 2307 1121 2338 finem
1152 2314 1182 2338 et
1209 2308 1334 2338 bonum
1362 2307 1425 2339 hoc

361 2350 498 2392 interest,
522 2354 620 2396 quod,
638 2364 711 2385 cum
727 2352 798 2383 finis
813 2353 926 2383 habeat
948 2353 1024 2388 duo,
1049 2351 1165 2382 scilicet
1182 2362 1247 2382 esse
1264 2352 1426 2382 obiectum

364 2399 521 2439 appetitus
546 2397 653 2440 (habet
671 2398 756 2428 enim
775 2397 930 2427 rationem
949 2393 1152 2438 appetibilis),
1169 2403 1199 2426 et
1215 2405 1282 2426 esse
1298 2405 1426 2426 causam

362 2443 490 2474 finalem
513 2441 604 2486 (finis
627 2442 712 2481 enim
735 2441 866 2472 alicuius
885 2447 932 2471 est
953 2438 1053 2482 finis),
1071 2446 1102 2471 et
1117 2440 1292 2470 secundum
1308 2440 1425 2471 horum

364 2487 463 2518 oritur
487 2497 523 2518 ex
546 2487 649 2527 primo
674 2484 763 2528 (nam
781 2485 852 2516 finis
877 2495 913 2515 ex
932 2494 970 2515 eo
995 2484 1094 2525 quod
1108 2484 1295 2524 appetibilis,
1320 2491 1427 2515 causat

363 2529 530 2573 finaliter);
555 2531 679 2570 bonum
703 2537 823 2561 exercet
850 2529 1006 2560 rationem
1035 2528 1106 2558 finis
1136 2529 1244 2569 quoad
1273 2528 1425 2568 primurn.

306 2587 336 2597 ··
363 2576 532 2615 Propterea
556 2581 585 2605 et
607 2575 639 2604 in
662 2574 791 2605 IEthic.
808 2573 826 2591 ἕ
846 2573 968 2610 dicitur,
991 2573 1118 2603 Bonum
1143 2578 1190 2604 est
1212 2573 1296 2613 quod
1318 2574 1425 2603 omnia

364 2623 531 2660 appetunt:
554 2625 584 2649 et
607 2618 710 2648 divina
733 2617 865 2649 essentia
887 2617 982 2647 habet
1004 2617 1159 2648 rationem
1182 2617 1259 2647 boni
1282 2623 1425 2657 respectu

365 2673 439 2694 suae
462 2662 610 2693 naturalis
634 2662 814 2698 voluntatis,
836 2668 947 2701 utpote
964 2661 1132 2701 proprium
1148 2661 1310 2691 obiectum
1326 2660 1424 2697 illius,

366 2707 455 2738 cuius
479 2713 601 2737 constat
623 2717 689 2737 non
706 2717 772 2737 esse
791 2706 888 2736 finem
912 2705 1056 2745 positive,
1075 2705 1155 2735 sicut
1170 2715 1228 2735 nec
1243 2705 1338 2735 aliam
1354 2714 1426 2735 cau—

366 2761 444 2782 sam.
469 2751 653 2782 Secundum
683 2757 790 2781 autem
820 2749 1002 2789 exprimitur
1031 2749 1161 2779 nomine
1184 2748 1264 2779 finis.
1289 2750 1331 2780 Et
1353 2759 1426 2789 pro-

366 2802 471 2836 pterea
494 2795 618 2825 bonum
641 2801 760 2826 exercet
782 2793 880 2824 finem
902 2793 935 2823 in
958 2792 1073 2833 seipso,
1098 2800 1129 2824 et
1144 2793 1176 2823 in
1191 2792 1239 2823 his
1255 2803 1337 2833 quae
1354 2799 1428 2823 sunt

366 2839 406 2870 ad
421 2838 527 2875 finem,
552 2845 664 2879 utpote
681 2838 857 2879 appetibilis
876 2837 1034 2868 rationem
1051 2836 1214 2868 habentia:
1230 2836 1301 2867 finis
1321 2843 1427 2868 autern

367 2883 566 2923 distinguitur
598 2889 706 2914 contra
736 2893 772 2913 ea
794 2892 876 2923 quae
900 2888 973 2912 sunt
1003 2882 1042 2912 ad
1069 2880 1183 2918 finem,
1208 2887 1244 2911 ut
1272 2891 1365 2912 causa
1388 2881 1427 2911 ab

370 2927 490 2957 effectu.

433 2971 485 3001 111.
509 2971 557 3000 Ex
578 2970 627 3000 his
650 2977 758 3001 autem
781 2969 955 3006 deducitur,
979 2979 1054 3000 cum
1086 2969 1203 3009 duplex
1227 2969 1267 2999 sit
1293 2968 1427 2999 effluxus

368 3025 385 3044 a
408 3014 510 3051 bono,
535 3014 651 3045 scilicet
672 3015 706 3044 in
729 3014 870 3054 appetitu
894 3021 924 3045 et
946 3013 979 3044 in
1002 3023 1035 3044 re
1058 3011 1104 3056 (et
1126 3013 1248 3053 primus
1271 3013 1304 3043 in
1326 3013 1428 3044 littera

367 3065 499 3088 vocatur
521 3059 697 3088 secundum
717 3058 861 3088 ordinem
876 3058 1070 3097 intentionis,
1093 3058 1250 3088 secundus
1272 3057 1428 3088 executio-

369 3100 447 3144 nis);
473 3101 498 3132 si
514 3101 552 3132 sit
567 3112 670 3132 sermo
695 3103 734 3132 de
758 3101 875 3132 effluxu
898 3102 930 3132 in
955 3102 1107 3142 appetitu,
1132 3108 1254 3133 constat
1277 3102 1366 3142 quod
1390 3101 1428 3131 de

369 3146 490 3176 ratione
513 3145 590 3176 boni
613 3152 659 3176 est
681 3156 747 3176 non
770 3146 858 3186 quod
882 3152 1056 3186 appetatur,
1081 3146 1135 3176 sed
1159 3146 1248 3186 quod
1271 3146 1310 3176 sit
1333 3155 1428 3186 appe-

369 3189 471 3226 tibile;
489 3200 524 3220 ac
537 3199 594 3230 per
612 3190 683 3226 hoc,
701 3199 767 3220 non
781 3189 870 3230 quod
886 3190 924 3219 ab
941 3185 982 3220 eo'
997 3189 1116 3230 aliquid
1135 3189 1253 3226 effluat,
1271 3189 1326 3220 sed
1340 3188 1430 3230 quod

370 3234 410 3264 sit
431 3233 493 3264 tale
516 3244 534 3263 a
556 3243 623 3274 quo
647 3233 755 3264 effluat
777 3233 934 3274 appetitus
959 3233 1018 3264 sui.
1043 3234 1083 3264 Et
1107 3233 1132 3263 si
1155 3241 1265 3264 contra
1287 3233 1349 3264 hoc
1371 3243 1429 3274 op-

370 3283 508 3318 ponatur
530 3287 695 3318 processus
718 3278 751 3308 in
774 3277 948 3314 infinitum,
973 3277 1048 3318 quia
1071 3277 1097 3307 si
1120 3277 1284 3318 quodlibet
1306 3278 1430 3307 bonum

371 3321 469 3361 pariet
492 3321 540 3352 sui
557 3332 708 3358 amorem,
733 3327 763 3352 et
778 3321 830 3351 ille
847 3331 945 3357 amor,
967 3331 1040 3352 curn
1057 3321 1096 3351 sit
1111 3322 1243 3358 bonum,
1264 3321 1363 3361 pariet
1382 3321 1431 3351 sui

371 3375 522 3401 amorem,
548 3372 578 3396 et
601 3365 644 3396 sic
667 3366 699 3395 in
722 3364 897 3395 infinitum:
929 3365 1026 3395 facilis
1056 3372 1102 3395 est
1131 3365 1296 3406 responsio
1325 3375 1361 3395 ex
1385 3375 1430 3395 re-

372 3409 542 3448 sponsione
566 3410 605 3439 ad
628 3410 766 3447 tertium,
786 3410 875 3450 quod
891 3409 961 3445 hoc,
980 3419 1053 3439 cum
1070 3409 1109 3439 sit
1124 3418 1179 3449 per
1195 3409 1348 3446 accidens,
1364 3419 1431 3439 non

371 3452 552 3484 inconvenit
573 3453 676 3484 sortiri
698 3452 902 3489 infinitatem,
934 3453 1015 3484 sicut
1037 3453 1070 3482 in
1093 3453 1213 3484 actibus
1241 3453 1360 3484 reflexis
1383 3452 1431 3483 in-

372 3496 523 3527 tellectus.
549 3497 581 3527 Si
605 3497 689 3527 enim
713 3497 826 3527 eodem
850 3503 920 3527 actu
936 3496 968 3527 in
986 3497 1147 3528 obiectum
1163 3503 1317 3528 eructum
1341 3507 1431 3528 mens

1475 1522 1582 1545 nostra
1605 1514 1745 1552 ferretur,
1769 1515 1801 1546 in
1818 1516 1923 1556 primo
1947 1522 2017 1547 actu
2042 1523 2122 1547 esset
2145 1523 2252 1553 statuS,
2278 1517 2359 1548 sicut
2380 1523 2426 1547 est
2445 1517 2477 1547 in
2493 1517 2540 1547 in-

1473 1559 1600 1590 tellectu
1617 1559 1729 1598 angeli.
1741 1577 1762 1582 -
1775 1559 1807 1590 Si
1822 1570 1897 1590 vero
1914 1560 1953 1591 sit
1969 1570 2073 1591 sermo
2089 1561 2127 1590 de
2143 1560 2260 1591 effluxu
2277 1561 2310 1591 in
2326 1571 2374 1597 re,
2391 1561 2435 1591 sic
2450 1567 2539 1592 tanto

1475 1603 1575 1643 magis
1600 1610 1723 1636 constat
1745 1604 1834 1644 quod
1856 1614 1922 1634 non
1946 1611 1992 1635 est
2008 1604 2046 1634 de
2062 1604 2184 1635 natione
2207 1604 2284 1635 boni
2305 1604 2479 1635 diffundere
2496 1615 2538 1642 se,

1476 1647 1531 1677 sed
1554 1657 1622 1677 esse
1645 1646 1828 1678 diffusivum
1847 1648 1907 1679 sui.
1933 1648 2096 1685 Quoniam
2111 1649 2235 1678 bonum
2251 1649 2291 1679 ad
2307 1649 2463 1680 actualem
2479 1647 2540 1680 dif-

1475 1691 1636 1722 fusionem
1660 1691 1709 1722 sui
1724 1691 1758 1722 in
1776 1702 1810 1722 re
1833 1702 1900 1722 non
1923 1693 2066 1732 pervenit
2086 1693 2278 1730 immediate,
2302 1694 2358 1724 sed
2380 1692 2540 1724 mediante

1477 1745 1570 1766 causa
1586 1735 1747 1772 efficiente,
1762 1737 1926 1767 voluntate
1942 1737 2067 1773 scilicet,
2086 1737 2175 1767 cuius
2193 1743 2239 1767 est
2254 1737 2426 1775 obiectum,
2442 1748 2460 1768 a
2475 1747 2540 1779 qua

1475 1778 1511 1810 fit
1533 1780 1623 1820 quod
1645 1780 1685 1811 sit
1707 1780 1868 1811 actualiter
1890 1779 1961 1811 finis
1985 1780 2131 1817 alicuius,
2152 1777 2242 1812 cuius
2259 1788 2324 1812 erat
2338 1781 2410 1812 finis
2425 1781 2540 1822 aptitu-

1477 1823 1621 1854 dinaliter
1643 1831 1777 1855 tantum.
1794 1825 1835 1855 Et
1850 1831 2016 1865 propterea
2031 1825 2134 1865 prima
2150 1825 2287 1856 obiectio
2302 1825 2320 1845 *
2335 1825 2415 1856 nihil
2431 1824 2538 1857 officit.
2566 1832 2576 1842 ·

1539 1867 1592 1898 IV.
1612 1868 1663 1898 Ad
1679 1868 1855 1899 secundum
1868 1869 1886 1887 *
1901 1875 2008 1900 autem
2023 1869 2194 1900 dicendum
2211 1876 2257 1900 est
2272 1869 2371 1911 quod,
2392 1880 2466 1901 cum
2482 1870 2540 1901 bo-

1476 1921 1555 1941 num
1583 1912 1799 1952 multipliciter
1821 1913 1959 1949 dicatur,
1983 1912 2064 1944 sicut
2086 1919 2117 1943 et
2140 1923 2212 1950 enS,
2242 1923 2309 1944 non
2333 1920 2380 1944 est
2408 1913 2541 1945 unicum

1476 1955 1632 1986 iudicium
1659 1956 1698 1986 de
1725 1956 1815 1986 omni
1844 1957 1932 1987 bono
1961 1957 2118 1993 dandum;
2147 1957 2203 1987 sed
2226 1957 2471 1989 discernendum
2494 1963 2541 1989 est

1478 1999 1567 2039 quod
1597 1999 1717 2040 aliquid
1748 2000 1861 2031 dicitur
1887 2001 2012 2031 bonum
2039 2001 2114 2041 quia
2137 2007 2183 2031 est
2211 2002 2300 2042 quod
2330 2008 2377 2032 est
2398 2002 2540 2039 bonum,

1477 2042 1598 2083 aliquid
1621 2043 1697 2084 quia
1719 2050 1765 2074 est
1788 2054 1854 2084 quo
1878 2044 1998 2085 aliquid
2021 2051 2067 2076 est
2089 2044 2229 2081 bonum,
2254 2045 2376 2086 aliquid
2399 2052 2435 2076 ut
2458 2045 2543 2077 actio'

1477 2086 1570 2123 boni,
1595 2086 1715 2128 aliquid
1745 2094 1780 2118 ut
1808 2088 1962 2118 terminus
1986 2098 2214 2118 consummans
2241 2098 2310 2119 esse
2339 2089 2481 2126 bonum,
2512 2096 2543 2124 et

1478 2130 1674 2162 huiusmodi.
1704 2131 1745 2162 Et
1774 2131 1944 2162 dicendum
1975 2132 2064 2172 quod
2094 2132 2352 2173 unumquodque
2379 2143 2417 2164 eo
2441 2133 2542 2165 modo

1478 2185 1545 2215 quo
1569 2182 1616 2205 est
1638 2175 1773 2212 bonum,
1797 2183 1843 2206 est
1862 2175 2046 2207 diffusivum
2061 2176 2110 2206 sui
2126 2176 2159 2206 in
2175 2176 2333 2216 appetitu:
2354 2183 2386 2208 et
2401 2176 2543 2208 similiter

1479 2219 1736 2260 unumquodque
1759 2229 1797 2249 eo
1823 2221 1923 2250 modo
1947 2230 2014 2261 quo
2033 2227 2080 2250 est
2094 2220 2227 2257 bonum,
2245 2227 2292 2251 est
2307 2220 2476 2252 effusin
2492 2222 2542 2252 sui

1478 2262 1511 2293 in
1535 2272 1578 2300 re,
1601 2263 1682 2293 idest
1705 2263 2010 2294 communicativum
2033 2263 2098 2300 sui,
2123 2265 2173 2295 vel
2196 2271 2233 2296 ut
2258 2264 2468 2306 principium,
2490 2266 2543 2298 vel

1480 2313 1515 2338 ut
1537 2306 1708 2343 terminus,
1731 2308 1782 2338 vel
1805 2314 1841 2338 ut
1864 2308 2052 2344 subiectum,
2076 2309 2127 2339 vel
2150 2315 2186 2340 ut
2207 2308 2325 2349 passio,
2350 2315 2409 2340 etc.
2433 2309 2476 2340 Et
2496 2309 2542 2342 sic

1480 2350 1585 2381 divina
1615 2350 1767 2391 sapientia
1790 2358 1821 2382 et
1842 2350 1940 2382 finem
1964 2352 2127 2384 constituit
2155 2353 2317 2393 processui
2339 2353 2502 2387 bonorum
2523 2364 2542 2388 a

1480 2394 1584 2435 primo
1607 2394 1705 2432 bono,
1730 2395 1809 2426 dum
1830 2395 1919 2426 finita
1938 2405 1974 2426 ea
1990 2396 2153 2428 constituit
2175 2396 2208 2427 in
2233 2406 2381 2434 numero⁷
2399 2397 2541 2438 pondere

1481 2445 1511 2470 et
1533 2448 1694 2476 mensura;
1720 2446 1750 2470 et
1768 2440 1895 2470 nullum
1918 2441 2041 2471 bonum
2060 2451 2098 2472 eo
2115 2441 2203 2483 quod
2220 2448 2267 2473 est
2282 2442 2321 2473 de
2336 2442 2458 2474 ratione
2473 2450 2541 2479 sua,

1481 2483 1632 2523 privavit;
1649 2485 1703 2514 sed
1718 2484 1892 2524 unicuique
1908 2493 1975 2515 non
1991 2485 2106 2516 eodem
2129 2486 2229 2516 modo
2253 2486 2410 2518 distribuit
2425 2487 2542 2518 modos

1480 2528 1730 2565 communionis,
1755 2534 1790 2559 ut
1813 2528 1910 2559 simul
1933 2530 2119 2560 communio
2144 2530 2292 2564 omnium
2315 2537 2346 2562 et
2367 2537 2467 2563 status
2489 2531 2543 2564 de-

1480 2578 1566 2602 retur
1588 2572 1689 2603 bonis.
1719 2573 1769 2602 Ab
1793 2572 1908 2604 ultimo
1932 2583 2071 2614 namque
2099 2575 2204 2611 bono,
2237 2574 2295 2605 etsi
2322 2585 2388 2606 non
2417 2581 2544 2609 emanet

1481 2616 1600 2656 aliquid
1622 2616 1656 2646 in
1679 2626 1711 2646 re
1735 2616 1876 2654 ulterius,
1901 2624 1947 2649 est
1962 2624 2068 2648 tamen
2091 2618 2154 2649 hoc
2171 2618 2296 2650 bonum
2315 2619 2405 2660 quod
2420 2625 2467 2650 est
2481 2625 2542 2650 ter-

1481 2660 1601 2690 minare
1624 2659 1778 2691 effluxum
1800 2660 1877 2691 boni
1901 2667 1931 2691 et
1953 2661 2100 2701 perficere
2124 2672 2159 2692 ac
2183 2671 2405 2694 consummare
2427 2672 2495 2693 rem
2509 2662 2544 2694 in

1481 2714 1547 2735 esse
1570 2703 1723 2745 perfecto;
1748 2705 1837 2745 quod
1858 2715 1926 2735 non
1950 2715 2063 2746 parum
2086 2706 2163 2736 boni
2186 2712 2242 2737 est.

1547 2749 1586 2779 V.
1611 2749 1647 2778 ln
1670 2749 1784 2779 eodem
1807 2755 1921 2790 quarto
1945 2750 2077 2780 articulo
2092 2750 2228 2781 dubium
2243 2750 2379 2781 occurrit
2398 2749 2479 2781 circa
2497 2756 2544 2781 r&

1481 2792 1689 2833 sponsionem
1712 2793 1751 2824 ad
1780 2794 1973 2830 secundum,
1997 2804 2064 2835 quo
2093 2801 2186 2834 pacto
2209 2801 2313 2834 potest
2343 2804 2410 2825 esse
2431 2796 2544 2828 verum

1481 2837 1571 2878 quod
1592 2836 1673 2867 inter
1696 2837 1815 2877 species
1839 2847 2048 2869 numerorum
2071 2838 2111 2869 sit
2134 2839 2214 2869 ordo
2242 2849 2299 2879 per
2321 2838 2482 2877 accidens,
2513 2845 2544 2871 et

1481 2890 1647 2922 processus
1670 2881 1702 2911 in
1726 2880 1902 2919 infinitum,
1927 2882 2003 2922 quia
2029 2882 2141 2913 accidit
2163 2892 2298 2917 numero
2325 2881 2543 2922 praeexistenti

1481 2925 1570 2965 quod
1587 2924 1614 2955 ei
1631 2924 1763 2956 addatur
1778 2925 1892 2957 unitas.
1908 2926 2041 2958 Videtur
2055 2926 2141 2957 enim
2156 2925 2190 2957 in
2205 2926 2314 2968 primis
2332 2932 2440 2956 contra
2456 2935 2543 2957 com-

1482 2978 1615 2999 munem
1638 2969 1735 2999 animi
1751 2969 2004 3009 conceptionem,
2030 2970 2147 3002 scilicet
2164 2970 2252 3011 quod
2267 2970 2348 3001 inter
2364 2970 2483 3010 species
2498 2977 2544 3001 est

1483 3013 1563 3043 ordo
1587 3022 1643 3053 per
1665 3023 1708 3044 se.
1733 3014 1777 3044 Et
1797 3014 1950 3053 probatur
1971 3014 2110 3045 ratione:
2129 3014 2204 3055 quia
2227 3022 2291 3045 una
2314 3014 2442 3054 species,
2466 3019 2544 3055 pum
2629 3029 2631 3031 ·

1483 3057 1612 3094 trinitas,
1638 3064 1684 3088 est
1707 3067 1763 3098 per
1777 3067 1810 3088 se
1826 3058 1913 3098 prior
1928 3058 2147 3099 quaternitate,
2171 3065 2203 3089 et
2217 3058 2409 3099 quaternitas
2425 3065 2473 3091 est
2487 3066 2545 3099 per
2642 3056 2643 3059 '
2656 3057 2658 3059 ’

1484 3111 1516 3131 se
1538 3101 1695 3142 posterior
1717 3102 1863 3138 trinitate,
1889 3108 1920 3132 et
1943 3101 2044 3133 simile
2063 3108 2109 3133 est
2125 3102 2163 3132 de
2179 3101 2306 3142 trigono
2323 3109 2353 3133 et
2367 3109 2544 3147 tetragono.

1550 3145 1603 3176 VI.
1627 3146 1678 3176 Ad
1700 3145 1762 3176 hoc
1785 3146 1899 3176 dicitur
1920 3145 2053 3176 breviter
2067 3143 2156 3188 (quia
2172 3153 2255 3177 extra
2271 3145 2404 3179 moralia
2419 3153 2466 3182 est
2480 3143 2545 3182 ma-

1484 3189 1560 3220 teria
1583 3188 1674 3232 haec)
1698 3190 1787 3230 quod
1809 3189 1895 3220 aliud
1915 3196 1961 3220 est
1975 3189 2065 3230 loqui
2081 3190 2120 3220 de
2136 3190 2248 3221 ordine
2264 3190 2394 3227 entium,
2413 3196 2444 3221 et
2458 3189 2545 3222 aliud

1485 3233 1523 3263 de
1547 3233 1656 3264 ordine
1680 3244 1792 3264 eorum
1815 3240 1852 3264 ut
1874 3243 1986 3264 causae
2005 3241 2035 3264 et
2050 3234 2179 3265 causati.
2204 3234 2316 3265 Sermo
2335 3243 2482 3275 praesens
2498 3239 2545 3266 est

1486 3277 1525 3307 de
1542 3278 1652 3308 ordine
1666 3277 1888 3314 finiumsidest
1907 3284 2074 3308 causarum
2088 3277 2246 3309 finalium:
2265 3285 2296 3309 et
2310 3284 2488 3319 propterea,
2505 3277 2544 3308 de

1486 3321 1595 3353 ordine
1619 3321 1769 3355 causandi
1788 3321 1969 3362 loquendo,
1998 3321 2111 3352 dicitur
2133 3323 2222 3363 quod
2246 3332 2397 3353 numerus
2420 3331 2544 3362 praece-

1486 3365 1562 3396 dens
1579 3372 1624 3396 est
1640 3376 1733 3397 causa
1751 3375 1807 3406 per
1822 3365 1964 3396 accidens
1987 3366 2112 3396 numeri
2136 3366 2312 3407 sequentis,
2336 3366 2412 3407 quia
2434 3365 2545 3396 accidit

1487 3419 1622 3440 numero
1646 3409 1872 3451 praeexistenti,
1889 3415 1967 3450 puta
1983 3410 2158 3447 octonario,
2176 3417 2212 3441 ut
2227 3410 2280 3450 sic,
2304 3409 2394 3451 quod
2411 3409 2546 3441 addatur

1486 3454 1588 3485 unitas
1608 3461 1639 3485 et
1652 3453 1706 3485 fiat
1720 3453 1920 3485 novenarius.
1945 3453 2091 3485 Obiectio
2113 3461 2221 3485 autem
2244 3453 2357 3485 militat
2380 3453 2419 3484 de
2434 3453 2545 3484 ordine

1486 3498 1626 3538 ipsarum
1639 3498 1814 3539 specierum
1827 3498 1980 3534 absolute,
1994 3508 2059 3528 non
2071 3497 2103 3528 in
2116 3498 2236 3528 ratione
2248 3507 2360 3528 causae
2375 3503 2406 3528 et
2416 3497 2542 3528 causati.

2561 417 2570 426 ⁹
2586 415 2619 438 Ca
2638 431 2643 438 .
2654 421 2687 443 ιιι,
2702 421 2774 437 n.2.—

2561 442 2615 464 S.‘r
2632 458 2639 465 .
2654 443 2757 464 lect.v11.

2591 1830 2627 1853 Cf.
2642 1837 2708 1854 num.
2717 1838 2735 1854 1.

2566 1875 2578 1886 ⁸
2592 1874 2628 1898 ef.
2642 1874 2699 1898 ibid.
