2852 4152
131 897 139 906 ·
154 894 201 917 Ver

154 1526 219 1547 Vers.
233 1532 246 1553 7

226 1684 243 1710 Υ

131 1856 142 1867 ⁴¹
155 1855 290 1881 Nemesius,
312 1855 341 1876 de

131 1881 186 1903 Nat.
196 1881 274 1912 H⁰”.¹¹1
290 1887 331 1929 σεδ

129 1915 177 1935 xix,
193 1909 222 1929 al.
241 1908 280 1929 hb.
300 1909 309 1929 1

129 1941 185 1982 §alge
194 1941 252 1982 'F‘i'iie
263 1961 322 1982 Orth
332 1977 339 1987 ,

129 1988 169 2009 hb.
184 1987 213 2014 11,
229 1993 270 2014 cap

126 3390 177 3411 'Ca
196 3390 336 3416 .x1v,n.6.—

126 3416 153 3438 S.
163 3396 207 3437 Tfii.
226 3416 276 3437 lect.
291 3422 336 3437 xiv.

367 226 443 272 254
962 229 1226 275 QUAESTIO
1257 228 1453 274 XXXVII,
1484 227 1778 263 ARTICULUS
1808 227 1856 273 11,
1888 228 1937 262 ΙΙΙ

366 305 594 355 plationem,
624 319 722 355 quae
750 306 904 355 requirit
932 307 1198 343 omnimodam
1236 306 1423 354 quietem,

367 371 484 407 quam
513 359 622 396 dolor
650 360 814 396 interior.
845 361 892 396 Et
921 367 1047 396 tamen
1074 361 1185 395 etiarn
1208 359 1316 395 dolor
1335 357 1426 393 inte-

368 411 455 458 rior,
477 411 507 448 si
535 413 697 449 multum
722 412 946 459 intendatur,
969 412 1018 448 ita
1037 411 1147 448 trahit
1166 410 1426 455 intentionem,

1320 503 1367 510 W

1479 312 1521 341 ut
1549 317 1626 341 non
1654 304 1772 352 possit
1799 305 1918 341 homo
1955 304 2001 341 de
2029 318 2133 344 novo
2163 305 2301 354 aliquid
2330 304 2536 342 addiscere.

1481 357 1591 394 Unde
1628 365 1664 393 et
1699 357 1903 404 Gregorius
1930 365 2085 406 propter
2121 358 2306 395 tristitiam
2343 356 2540 395 intermisit
2566 391 2595 406 ‚r

1481 409 1690 445 Ezechielis
1720 409 1995 457 expositionem
2013 410 2044 448 ¹¹⁸.
2570 395 2778 450 tffessi-‘Sffiiffm

1132 568 1446 611 ARTICULUS
1477 568 1775 610 SECUNDUS

692 654 846 685 UTRUM
869 651 1153 683 AGGRAVATIO
1177 652 1298 682 ANIMI
1323 652 1389 682 SIT
1413 651 1635 682 EFFECTUS
1658 651 1902 683 TRISTITIAE
1926 654 2009 685 VEL
2032 654 2219 686 D0L0R1s

459 756 465 767 ι
502 761 535 777 ,st-
566 747 605 770 D
621 744 808 770 SECUNDUM
824 743 877 768 s1c
892 742 1129 768 PROCEDITUR.
1145 731 1304 768 Videtur
1323 731 1427 779 quod

491 775 564 833 ⁸7⁷³,
583 785 796 833 aggravatio
826 784 942 820 animi
961 789 978 804 α
1002 796 1079 820 non
1108 783 1155 820 sit
1183 783 1338 820 effectus
1366 784 1427 820 tri-

408 839 431 890 s·
521 834 523 837 ’
547 838 712 875 stitiae.
733 836 831 873 Dicit
855 836 956 872 enim
975 838 1194 884 Apostolus,
1217 838 1247 873 Il
1267 837 1319 873 ad
1341 837 1425 873 Cor.

461 886 499 919 1*
582 890 682 927 V11*:
701 891 801 926 Ecce
818 890 889 925 hoc
907 890 1038 937 ipsum,
1059 890 1273 926 contristari
1288 901 1354 926 uos
1373 902 1427 926 se·

369 946 531 982 cundum
546 945 681 988 Deum,
699 947 877 990 quantam
906 942 943 978 in
962 943 1066 988 uobis
1095 947 1272 991 operatur
1294 943 1426 979 sollici-

369 998 550 1034 tudinem:
568 996 633 1032 sed
645 995 909 1043 defensionem,
923 996 989 1031 sed
1003 995 1297 1045 indignationem
1311 994 1336 1042 β,
1355 1003 1425 1032 etc.

370 1050 447 1086 Sed
468 1048 677 1085 sollicitudo
699 1055 735 1083 et
754 1047 959 1095 indignatio
986 1048 1034 1084 ad
1054 1049 1247 1096 quandam
1273 1048 1426 1084 erectio-

368 1115 456 1139 nem
477 1101 593 1138 animi
607 1100 806 1149 pertinent,
823 1112 921 1148 quae
937 1101 1193 1148 aggravationi
1207 1101 1422 1148 opponitur.

369 1157 459 1192 Non
488 1166 576 1201 ergo
606 1153 822 1202 aggravatio
852 1161 907 1190 est
936 1153 1091 1190 effectus
1120 1153 1295 1190 tristitiae.

423 1220 457 1244 2.
479 1208 720 1254 PRAETEREA,
749 1206 890 1242 tristitia
928 1205 1166 1242 delectationi
1206 1205 1422 1254 opponitur.

369 1261 446 1298 Sed
479 1260 635 1296 effectus
670 1258 926 1296 delectationis
956 1266 1010 1295 est
1043 1258 1228 1295 dilatatio:
1259 1258 1319 1295 cui
1347 1271 1425 1295 non

369 1313 573 1363 opponitur
601 1312 828 1360 aggravatiO,
850 1312 917 1348 sed
946 1311 1172 1349 constrictio.
1203 1312 1304 1359 Ergo
1334 1311 1425 1348 effe-

369 1375 449 1403 ctus
477 1365 642 1402 tristitiae
671 1377 748 1401 non
778 1364 891 1401 debet
917 1364 1010 1413 poni
1039 1364 1267 1412 aggravatio.

424 1421 455 1456 3.
477 1420 709 1464 PRAETEREA,
730 1417 779 1454 ad
807 1417 990 1454 tristitiam
1007 1418 1169 1466 pertinet
1197 1417 1422 1454 absorbere:

367 1479 408 1508 ut
443 1479 547 1520 patet
581 1483 650 1519 per
677 1470 769 1507 illud
803 1470 908 1518 quod
934 1471 1140 1519 Apostolus
1169 1469 1275 1517 dicit,
1306 1470 1338 1506 11
1376 1470 1427 1506 ad

372 1526 458 1562 Cor.
489 1537 511 1561 11
536 1524 576 1560 *ε
605 1524 669 1561 Ne
683 1525 792 1572 forte
824 1523 1091 1560 abundantiori
1116 1523 1260 1559 tristitia
1296 1524 1424 1559 absor-

368 1580 499 1615 beatur
535 1577 600 1625 qui
634 1582 689 1613 est
718 1576 909 1613 eiusmodi.
941 1577 1016 1612 Sed
1049 1577 1152 1624 quod
1181 1582 1424 1623 aggravatur,

367 1644 446 1668 non
466 1631 709 1667 absorbetur:
731 1629 943 1678 quinimmo
963 1629 1034 1666 sub
1059 1629 1185 1676 aliquo
1204 1629 1422 1677 ponderoso

369 1683 610 1732 deprimitur;
641 1683 744 1731 quod
773 1690 900 1718 autem
929 1682 1163 1730 absorbetur,
1192 1682 1288 1718 intra
1315 1686 1331 1709 Υ
1359 1682 1425 1718 ab·

369 1737 528 1774 sorbens
563 1735 772 1772 includitur.
803 1736 904 1783 Ergo
942 1735 1159 1783 aggravatio
1198 1747 1276 1771 non
1313 1734 1426 1771 debet

367 1790 458 1839 poni
489 1789 644 1826 effectus
672 1787 848 1824 tristitiae.

423 1844 496 1879 SED
526 1853 671 1879 CONTRA
698 1853 763 1877 EST
800 1841 903 1889 quod
937 1840 1142 1888 Gregorius
1180 1841 1378 1888 Nyssenus
1405 1839 1425 1861 ²¹⁶

334 1898 339 1934 ζ
369 1903 404 1932 et
432 1897 692 1931 Damascenus
711 1893 732 1914 '¹‘
749 1901 897 1942 ponunt
925 1893 1109 1930 tristitiam
1132 1899 1423 1942 aggravantem.

421 1950 644 1985 RESPONDEO
664 1958 848 1983 DICENDUM
867 1946 972 1994 quod
997 1945 1151 1982 effectus
1170 1943 1183 1966 δ
1202 1946 1423 1993 passionum

293 1993 338 2008 'm'
367 2001 517 2038 animae
547 2000 776 2049 quandoque
806 1998 1063 2047 metaphorice
1092 1997 1347 2046 nominantur,
1369 2011 1425 2035 se-

368 2055 535 2091 cundum
563 2052 846 2090 similitudinem
875 2051 1107 2100 sensibilium
1127 2063 1352 2100 corporum:
1379 2064 1424 2087 eo

367 2107 471 2155 quod
501 2114 626 2143 motus
660 2105 846 2154 appetitus
884 2104 1056 2142 animalis
1085 2111 1171 2141 sunt
1199 2103 1340 2141 similes
1370 2105 1424 2141 in-

368 2159 631 2197 clinationibus
651 2158 837 2207 appetitus
858 2158 1046 2195 naturalis.
1068 2158 1117 2194 Et
1135 2170 1202 2205 per
1220 2158 1322 2194 hunc
1341 2170 1423 2195 mo-

368 2215 460 2251 dum
489 2213 616 2249 fervor
653 2211 862 2248 attribuitur
895 2210 1038 2258 amori,
1068 2210 1231 2247 dilatatio
1265 2210 1424 2247 delecta-

366 2266 470 2313 tioni,
493 2273 528 2302 et
557 2264 772 2312 aggravatio
801 2264 978 2300 tristitiae.
999 2263 1146 2300 Dicitur
1174 2263 1275 2300 enim
1304 2264 1423 2300 homo

367 2317 571 2366 aggravari,
603 2330 647 2354 ex
676 2329 721 2353 eo
743 2317 847 2366 quod
876 2317 1002 2364 aliquo
1027 2321 1038 2337 ὅ
1066 2316 1237 2364 pondere
1265 2315 1424 2364 impedi--

367 2379 427 2409 tur
454 2385 476 2408 a
504 2371 659 2420 proprio
696 2377 815 2407 motu.
846 2369 1091 2407 Manifestum
1126 2376 1181 2405 est
1214 2376 1340 2405 autem
1379 2381 1424 2405 ex

1479 731 1680 780 praedictis
1698 730 1718 752 '¹‘
1731 731 1836 779 quod
1855 732 1998 770 tristitia
2021 734 2200 782 contingit
2222 747 2267 771 ex
2286 734 2413 783 aliquo
2434 735 2536 771 malo
2565 747 2574 756 ·
2589 746 2639 785 .Q¹²·
2653 751 2719 773 um,
2733 749 2777 770 ιη.

1479 784 1678 832 praesenti.
1701 784 1817 830 Quod
1845 784 2014 832 quidem,
2035 798 2081 823 ex
2099 787 2174 823 hoc
2191 787 2275 836 ipso
2303 788 2408 836 quod
2428 799 2538 836 repu-
2564 776 2778 827 ssiq‘ffi'xxxssffiil

1480 844 1568 884 gnat
1596 837 1717 873 motui
1743 837 1958 884 voluntatis,
1979 847 2158 886 aggravat
2175 840 2359 887 animum,
2379 840 2538 889 inquan-
2563 831 2579 847 ι’

1480 898 1561 926 tum
1591 890 1749 938 impedit
1775 889 1902 938 ipsum
1930 903 1978 927 ne
2007 891 2151 927 fruatur
2169 904 2216 929 eo
2245 893 2349 941 quod
2376 895 2468 930 vult.
2489 895 2539 930 Et

1480 943 1511 979 si
1531 943 1686 991 quidem
1715 955 1792 979 non
1817 943 1863 979 sit
1881 950 1983 980 tanta
2009 943 2068 980 vis
2097 944 2187 980 mali
2214 945 2464 982 contristantis
2498 954 2539 983 ut

1480 996 1623 1032 auferat
1651 1008 1759 1044 spem
1789 996 1997 1046 evadendi,
2024 996 2109 1033 licet
2137 996 2287 1034 animus
2314 1007 2539 1046 aggravetur

1479 1055 1665 1096 quantum
1695 1048 1743 1084 ad
1771 1049 1857 1095 hoe,
1878 1050 1983 1096 quod
2011 1049 2048 1085 in
2075 1050 2265 1097 praesenti
2291 1062 2370 1088 non
2397 1052 2539 1100 potitur

1479 1112 1526 1137 eo
1552 1100 1657 1148 quod
1677 1101 1776 1146 vult3
1806 1109 1975 1138 remanet
1993 1109 2122 1138 tamen
2142 1109 2268 1139 motus
2288 1103 2336 1140 ad
2356 1105 2538 1152 repellen-

1479 1153 1572 1190 dum
1592 1153 1773 1190 nocivum
1795 1154 2029 1191 contristans.
2052 1155 2092 1191 Si
2111 1167 2205 1192 vero
2232 1165 2538 1203 superexcrescat

1479 1206 1535 1243 vis
1572 1206 1660 1242 mali
1688 1205 1874 1243 intantum
1902 1215 1944 1244 ut
1972 1219 2080 1256 spem
2116 1208 2306 1245 evasionis
2344 1210 2537 1257 excludat,

1478 1266 1567 1295 tunc
1595 1259 1812 1308 simpliciter
1839 1260 2047 1309 impeditur
2081 1260 2194 1298 etiam
2222 1261 2377 1298 interior
2410 1270 2538 1300 motus

1478 1312 1594 1349 animi
1623 1312 1829 1360 angustiati,
1850 1320 1891 1349 ut
1909 1326 2033 1363 neque
2061 1314 2132 1350 hac
2160 1326 2284 1363 neque
2313 1314 2395 1352 illac
2415 1315 2538 1353 diver-

1477 1373 1554 1402 tere
1583 1366 1717 1402 valeat.
1739 1366 1788 1402 Et
1811 1366 2040 1415 quandoque
2071 1366 2183 1404 etiam
2203 1367 2409 1416 impeditur
2436 1375 2534 1405 exte·

1478 1418 1552 1455 rior
1571 1426 1697 1455 motus
1718 1418 1899 1468 corporis,
1915 1419 1966 1456 ita
1986 1419 2090 1468 quod
2111 1427 2304 1457 remaneat
2322 1421 2442 1458 homo
2461 1428 2537 1458 stu-

1474 1470 1586 1520 pidus
1614 1471 1652 1508 in
1681 1471 1818 1520 seipso.

1529 1525 1588 1560 AD
1608 1536 1744 1561 PRIMUM
1763 1536 1861 1561 ERGO
1881 1537 2064 1562 DICENDUM
2085 1525 2189 1574 quod
2209 1525 2271 1562 illa
2290 1526 2428 1563 erectio
2454 1527 2534 1564 ani-

1477 1577 1530 1613 mi
1549 1577 1725 1625 provenit
1745 1589 1788 1613 ex
1807 1577 1950 1614 tristitia
1970 1590 2068 1626 quae
2089 1585 2143 1614 est
2162 1578 2375 1615 secundum
2391 1580 2533 1628 Deum,

1476 1637 1631 1679 propter
1663 1642 1771 1678 spem
1802 1630 2019 1667 adiunctam
2049 1630 2095 1667 de
2124 1631 2346 1668 remissione
2374 1632 2533 1680 peccati.

1530 1684 1587 1719 AD
1617 1694 1805 1719 SECUNDUM
1828 1695 2012 1720 DmENDUM
2032 1683 2148 1732 quod,
2170 1691 2354 1732 quantum
2378 1685 2425 1721 acl
2453 1697 2536 1721 mo-

1477 1743 1557 1772 tum
1587 1735 1836 1784 appetitivum
1863 1735 2036 1784 pertinet,
2058 1737 2106 1773 ad
2134 1736 2237 1774 ide'm
2261 1736 2418 1774 refertur
2445 1749 2534 1774 con-

1478 1787 1616 1825 strictio
1647 1795 1683 1824 et
1710 1789 1938 1835 aggravatio.
1960 1789 2017 1825 Ex
2045 1789 2119 1825 hoc
2147 1789 2250 1826 enim
2274 1789 2379 1838 quod
2407 1802 2537 1839 aggra-

1477 1848 1588 1877 vatur
1606 1841 1767 1888 animus,
1789 1848 1829 1878 ut
1848 1841 1896 1878 ad
1917 1841 2102 1878 exteriora
2124 1841 2240 1879 libere
2259 1843 2437 1891 progredi
2455 1856 2535 1881 non

1477 1893 1607 1942 possit,
1629 1894 1676 1930 ad
1697 1894 1865 1942 seipsum
1885 1894 2095 1943 retrahitur,
2116 1896 2223 1943 quasi
2242 1895 2281 1932 in
2300 1895 2425 1945 seipso
2446 1908 2536 1933 con-

1478 1953 1637 1983 strictus.

1531 2001 1589 2035 An
1617 2010 1776 2036 TERT1UM
1805 2011 1987 2037 DlCENDUM
2016 2001 2121 2048 quod
2155 2000 2298 2038 tristitia
2331 2001 2535 2038 absorbere

1478 2051 1675 2088 hominem
1706 2051 1849 2099 dicitur,
1870 2052 2024 2100 quando
2054 2052 2106 2089 sic
2125 2053 2286 2090 totaliter
2312 2053 2371 2092 vis
2400 2054 2536 2091 contri·
2558 2094 2562 2095 ⁷

1479 2105 1608 2141 stantis
1627 2104 1717 2141 mali
1737 2104 1852 2142 afficit
1879 2105 2058 2152 animam,
2079 2113 2120 2142 ut
2139 2118 2294 2143 omnem
2319 2119 2427 2156 spem
2449 2110 2537 2144 eva-

1478 2157 1593 2195 sionis
1614 2157 1795 2195 excludat.
1818 2159 1866 2195 Et
1891 2158 1943 2194 sic
1964 2158 2077 2195 etiam
2107 2160 2245 2196 eodem
2266 2160 2384 2197 modo
2405 2164 2537 2208 aggra-

1477 2218 1542 2247 vat
1565 2218 1601 2247 et
1624 2211 1812 2248 absorbet.
1835 2211 2039 2258 Quaedam
2066 2212 2166 2249 enim
2187 2225 2227 2249 se
2253 2220 2538 2261 consequuntur

1477 2263 1515 2300 in
1543 2264 1598 2300 his
1627 2276 1724 2312 quae
1753 2264 2011 2312 metaphorice
2041 2264 2226 2312 dicuntur,
2254 2277 2352 2315 quae
2381 2265 2451 2302 sibi
2479 2277 2534 2302 re·-

1476 2328 1645 2364 pugnare
1673 2316 1861 2363 videntur,
1882 2316 1912 2354 si
1939 2318 2150 2356 secundum
2177 2317 2450 2370 proprietatem
2475 2318 2537 2355 ac'-

1478 2369 1672 2418 cipiantur.

419 2486 446 2517 α)
466 2485 557 2509 animi.
577 2499 594 2503 -
613 2485 673 2509 Om.
694 2485 794 2508 codices
813 2489 838 2508 et
856 2491 881 2508 a.

419 2520 443 2553 β)
463 2521 510 2545 sed
528 2520 713 2553 defensionem,
727 2519 774 2544 sed
793 2519 1013 2551 indignationem.
1026 2533 1044 2537 -
1064 2519 1240 2552 defensionem
1259 2518 1424 2551 indignatio-

365 2564 423 2582 nem
443 2555 617 2585 ABCDGIKa,
637 2555 813 2588 defensionem
834 2558 860 2579 et
879 2554 1090 2586 indignationem
1110 2554 1186 2586 EFH,
1204 2554 1381 2587 defensionem
1394 2554 1424 2578 L.

1530 2483 1556 2516 γ)
1576 2484 1656 2508 intra.
1674 2497 1693 2503 -
1711 2484 1783 2517 infra
1803 2483 2048 2509 ABCDEGHIKLa.

1529 2518 1554 2550 δ)
1573 2518 1687 2551 effectus.
1704 2532 1723 2538 —
1741 2519 1851 2552 affectus
1868 2519 2034 2551 ACDHleB
2053 2523 2079 2543 et
2096 2526 2122 2543 a.

1530 2554 1552 2586 ε)
1571 2554 1670 2586 aliquo.
1686 2568 1705 2573 —
1722 2554 1810 2578 alieno
1829 2554 1861 2583 G,
1881 2559 1906 2578 et
1924 2555 1958 2578 ita
1976 2562 2036 2579 mox
2055 2559 2114 2579 ante
2132 2555 2211 2579 malo.

1483 2632 1574 2640 Nus-es..

1167 2700 1481 2742 ARTICULUS
1510 2700 1736 2741 TERTIUS

724 2792 878 2822 UTRUM
901 2792 1117 2822 TRISTITIA
1141 2791 1225 2823 VEL
1249 2792 1399 2822 DOLOR
1422 2792 1652 2822 DEBILITET
1676 2791 1832 2822 OMNEM
1856 2791 2168 2822 OPERATIONEM

399 2897 440 2929 <C
480 2891 550 2936 aa<
573 2883 595 2908 D
624 2883 782 2908 TERTlUM
801 2883 854 2907 stc
878 2882 1116 2907 PRocssmrun.
1138 2871 1295 2907 Videtur
1313 2872 1417 2918 quod
1470 2870 1651 2919 piscentIa
1680 2870 1765 2907 facit
1797 2871 1846 2907 ad
1873 2870 2126 2908 intensionem
2159 2871 2400 2920 operationis.
2430 2874 2531 2921 Ergo

395 2958 400 2968 „
573 2924 714 2961 tristitia
739 2936 817 2960 non
845 2923 1027 2972 impediat
1047 2936 1203 2960 omnem
1232 2924 1418 2972 operatio-

380 2978 384 2984 '
403 2973 421 2987 ³
436 2991 504 3026 Vi
520 2980 674 3018 funem.
697 2977 917 3013 Sollicitudo
939 2977 1039 3013 enim
1061 2989 1105 3013 ex
1125 2977 1267 3013 tristitia
1289 2989 1417 3013 causa-

419 3003 517 3063 ἑῶν)
531 3019 644 3076 tur,
674 3038 714 3066 ut
741 3037 842 3078 patet
869 3042 938 3078 per
965 3030 1225 3067 auctoritatem
1244 3030 1416 3079 Apostoli

365 3083 557 3119 inductam
575 3083 606 3119 *.
629 3083 703 3119 Sed
724 3083 934 3120 sollicitudo
964 3083 1117 3120 adiuvat
1141 3083 1189 3120 ad
1210 3084 1305 3119 bene
1327 3095 1416 3131 ope-

364 3136 547 3173 randum:
577 3136 679 3172 unde
708 3137 913 3184 Apostolus
943 3137 1038 3183 dicit,
1067 3137 1098 3172 II
1128 3137 1179 3172 ad
1206 3137 1300 3173 Tim.
1330 3148 1353 3172 11
1376 3136 1415 3172 *ε

365 3189 525 3225 Sollicite
552 3200 644 3225 cura
673 3189 826 3236 teipsum
851 3190 1026 3226 exhihere
1046 3189 1262 3237 operarium
1291 3189 1415 3226 incon-

353 3241 560 3289 fusibilem.
582 3243 682 3289 Ergo
702 3242 844 3278 tristitia
868 3254 945 3278 non
966 3242 1122 3291 impedit
1141 3242 1415 3290 operationem,

365 3295 431 3331 sed
459 3294 578 3341 magis
607 3294 761 3331 adiuvat
789 3295 836 3331 ad
865 3295 962 3331 bene
991 3297 1239 3344 operandum.

419 3359 453 3384 2.
476 3348 706 3394 PRAETEREA,
733 3347 876 3384 tristitia
905 3356 1033 3384 causat
1061 3348 1098 3384 in
1126 3347 1251 3384 multis
1279 3360 1418 3384 concu—

364 3400 595 3449 piscentiam,
615 3408 657 3436 ut
684 3400 818 3437 dicitur
844 3400 881 3436 in
905 3401 972 3437 Vll
992 3402 1110 3437 Ethic.
1135 3401 1155 3423 ’¹‘
1175 3401 1251 3438 Sed
1281 3412 1418 3437 concu-

418 3514 444 3545 α)
465 3514 616 3538 tristantur.
634 3526 651 3532 -
669 3514 864 3538 contristantur
883 3514 928 3538 Pa.

1473 2932 1508 2960 et
1534 2931 1689 2960 tr1stit1a.

1526 2978 1559 3013 3.
1582 2978 1813 3022 PRAETEREA,
1835 2976 1930 3013 sicut
1957 2977 2148 3025 quaedam
2177 2977 2417 3026 operationes
2443 2990 2530 3027 pro-

1471 3029 1575 3078 priae
1604 3037 1690 3066 sunt
1718 3029 1974 3077 gaudentium,
1999 3030 2049 3067 ita
2078 3030 2191 3066 etiam
2220 3030 2410 3078 quaedam
2439 3042 2530 3080 opeis

1472 3083 1633 3119 rationes
1670 3082 1727 3119 his
1761 3082 1824 3131 qui
1862 3083 2049 3120 tristantur
2086 3088 2123 3129 α,
2153 3082 2259 3119 sicut⁴
2282 3084 2421 3131 lugere.
2442 3084 2529 3128 'Sed
2653 3093 2669 3110 α

1471 3136 1775 3185 unumquodque
1804 3143 1960 3183 augetur
1981 3147 2025 3172 ex
2053 3135 2123 3172 sibi
2152 3136 2403 3174 convenienti.
2423 3135 2532 3185 Ergo

1459 3188 1618 3236 ,aliquae
1648 3188 1887 3237 operationes
1907 3201 1986 3225 non
2014 3188 2283 3238 impediuntur,
2305 3190 2373 3227 sed
2396 3187 2527 3226 melio-

1471 3250 1600 3278 rantur
1627 3248 1782 3290 propter
1810 3241 2004 3278 tristitiam.
2436 3263 2437 3266 =
2463 3255 2466 3261 ·
2500 3261 2502 3266 =

1526 3296 1598 3331 SED
1628 3306 1772 3331 CONTRA
1800 3306 1865 3331 EST
1893 3294 1997 3342 quod
2023 3294 2277 3343 Philosophus
2305 3294 2462 3342 dicim‘n
2490 3295 2524 3331 X
2553 3274 2764 3363 ὲ-Ἣῖξέἒῐῖὄῦἱ

1470 3348 1588 3384 Ethic.
1618 3347 1649 3394 ⁷⁸,
1671 3347 1774 3396 quod
1793 3347 1983 3383 delectatio
1997 3348 2148 3396 perficit
2173 3348 2436 3396 operationem,
2457 3347 2524 3384 sed
2552 3362 2636 3385 ⁸1bid.
2671 3369 2698 3385 ο.
2737 3369 2752 3384 v

1472 3413 1491 3436 e
1522 3401 1707 3437 contrario
1727 3398 1742 3429 β
1761 3400 1905 3437 tristitia
1933 3401 2085 3449 impedit
2110 3401 2140 3437 ¹¹⁴.
2553 3369 2764 3437 3ι·ιῗ““έ”Τ”ξ”“”ε

1530 3513 1554 3546 β)
1574 3515 1620 3539 sed
1638 3514 1809 3538 econtrario.
1828 3528 1847 3532 -
1866 3517 1891 3538 et
1910 3521 1923 3537 e
1943 3521 2069 3539 converso
2094 3514 2156 3544 AL,
2169 3513 2216 3538 sed
2234 3519 2248 3538 e
2267 3519 2394 3538 converso
2412 3512 2448 3543 G,
2468 3515 2494 3536 et
2512 3519 2526 3537 e

1476 3557 1602 3574 converso
1621 3549 1712 3574 PCKa.
