2846 4146
130 847 280 867 ιιιιιιιιι

265 1724 290 1740 2„
317 1724 339 1740 2.
367 1664 466 1740 “a

373 198 448 244 364

1065 198 1329 244 QUAESTIO
1361 199 1478 242 LVII,
1508 197 1804 234 ARTICULUS
1836 198 1848 233 I

704 387 1118 466 QUAESTIO
1159 385 2199 462 QUINQUAGESIMASEPTIMA

580 517 670 557 DE
714 514 1211 556 DISTINCTIONE
1251 512 1620 553 VIRTUTUM
1663 511 2332 554 INTELLECTUALIUM

1206 628 1240 652 IN
1269 627 1335 652 SEX
1361 627 1562 652 ARTICULOS
1589 627 1705 651 DIVISA

451 746 557 771 EINDE
586 730 903 770 considerandum
929 737 984 767 est
1012 731 1059 767 de
1089 729 1325 767 distinctione
1352 729 1427 767 vir—
1452 729 1455 782 Ι

452 795 574 824 tutum
590 785 620 822 ⁵³⁸.
644 785 692 821 Et
711 784 848 833 primo,
875 790 1059 831 quantum
1079 783 1127 820 ad
1145 782 1302 820 virtutes
1323 783 1427 820 intel-

367 840 562 885 lectuales;
583 837 764 883 secundo,
786 843 971 885 quantum
991 836 1039 872 ad
1059 837 1222 873 morales
1243 837 1281 881 ’ς
1306 836 1426 884 tertio,

367 900 551 942 quantum
581 890 628 927 ad
656 889 887 936 theologicas
916 890 947 926 ⁴⁹.

368 946 477 983 Circa
503 944 669 993 primum
699 949 931 991 quaeruntur
959 953 1036 978 sex.

419 997 567 1034 Primo:
597 1003 725 1032 utrum
745 994 895 1032 habitus
914 994 1182 1031 intellectuales
1207 994 1428 1043 speculativi

472 1049 544 1086 sint
571 1047 738 1085 virtutes.

421 1102 615 1139 Secundo:
645 1109 772 1138 utrum
802 1100 874 1137 sint
912 1107 1004 1147 tres,
1049 1100 1187 1137 scilicet
1224 1100 1426 1149 sapientia,

472 1154 626 1192 scientia
654 1162 689 1190 et
717 1154 936 1190 intellectus.

1536 727 1684 765 Tertio:
1714 734 1842 764 utrum
1862 727 2011 765 habitus
2035 728 2290 783 intellectualis
2310 730 2375 778 qui
2396 737 2451 767 est
2470 742 2542 775 ars,

1588 795 1634 824 sit
1660 795 1791 824 v1rtus.

1536 848 1698 894 Quarto:
1719 855 1847 884 utrum
1874 848 2074 896 prudentia
2094 848 2139 885 sit
2157 849 2275 892 virtus
2305 849 2476 886 distincta
2495 849 2542 885 ab

1589 914 1678 943 arte.

1537 965 1702 1011 Quinto:
1732 972 1859 1002 utrum
1887 966 2088 1015 prudentia
2116 966 2162 1003 sit
2186 966 2306 1004 virtus
2333 967 2544 1004 necessaria

1588 1023 1747 1060 homini.

1537 1089 1673 1125 Sexto:
1701 1097 1831 1126 utrum
1860 1090 2031 1137 eubulia,
2062 1091 2207 1139 synesis
2237 1099 2272 1129 et
2299 1104 2439 1140 gnome
2473 1093 2545 1130 sint

1588 1148 1746 1185 virtutes
1774 1149 1973 1187 adiunctae
2001 1150 2234 1199 prudentiae.

1178 1262 1494 1305 ARTICULUS
1526 1263 1730 1306 PRIMUS

733 1364 887 1395 UTRUM
911 1364 1099 1395 HABITUS
1123 1364 1509 1396 INTELLECTUALES
1532 1365 1815 1397 SPECULATIVI
1839 1367 1936 1398 SINT
1959 1367 2176 1399 VIRTUTES

949 1453 979 1477 111
999 1453 1082 1483 Sent.,
1102 1453 1160 1478 dist.
1179 1460 1253 1482 xxm.
1273 1461 1316 1486 qu.
1331 1461 1353 1482 1,
1373 1458 1419 1478 art.
1438 1461 1467 1485 4,

578 1564 600 1589 D
630 1563 767 1589 PRIMUM
795 1563 848 1588 sm
876 1562 1116 1589 PROCEDITUR.
1137 1551 1296 1588 Videtur
1324 1552 1428 1600 quod

578 1605 727 1642 habitus
742 1604 1010 1641 intellectuales
1026 1604 1247 1654 speculativi
1263 1617 1342 1641 non
1357 1604 1430 1641 sint

404 1573 459 1615 ’.ἒῖι
486 1576 554 1635 ¹535<

392 1600 567 1673 &mxli

465 1706 520 1749 '²359
535 1704 733 1758 Krativus,
758 1718 799 1747 ut
823 1723 938 1759 supra
956 1710 976 1732 '¹‘
1005 1710 1147 1747 dictum
1169 1718 1235 1747 est.
1258 1710 1336 1747 Sed
1362 1711 1430 1747 ha—

368 1765 465 1801 bitus
494 1764 714 1812 speculativi
741 1776 820 1800 non
849 1771 936 1800 sunt
961 1763 1163 1812 operativi:
1195 1763 1431 1811 distinguitur

369 1817 469 1854 enirn
507 1817 782 1865 speculativum
811 1829 833 1852 a
861 1816 1046 1864 practico,
1086 1817 1182 1853 idest
1218 1816 1428 1865 operativo.

368 1871 468 1918 Ergo
497 1870 647 1907 habitus
684 1869 952 1906 intellectuales
989 1869 1209 1918 speculativi
1237 1881 1315 1905 non
1345 1875 1431 1905 sunt

366 1923 534 1960 virtutes.

421 1987 456 2013 2.
486 1977 727 2021 PRAETEREA,
756 1974 875 2011 virtus
904 1981 960 2019 est
994 1987 1129 2012 eorum
1161 1987 1230 2023 per
1263 1986 1361 2023 quae
1389 1974 1432 2011 fit

367 2030 486 2065 homo
505 2028 590 2065 felix
618 2029 698 2065 sive
727 2028 880 2064 beatus:
911 2039 957 2064 eo
977 2028 1082 2076 quod
1099 2027 1267 2076 felicitas
1286 2033 1341 2064 est
1356 2027 1431 2064 vir-

262 2101 267 2110 ,
284 2090 339 2132 ¹¹30-
367 2082 451 2118 tutis
459 2082 687 2130 praemium,
707 2088 750 2117 ut
769 2081 903 2118 dicitur
922 2080 960 2117 in
979 2081 1127 2118 lEthic.
1143 2080 1163 2102 ²¹⁵
1184 2080 1261 2117 Sed
1280 2080 1431 2118 habitus

132 2773 340 2800 'Cap.1‚n.5sqq.;

132 2804 341 2826 cap.111,n.2.;cap.

132 2832 163 2847 v1.
175 2837 185 2841 -
197 2824 276 2873 Suis&
290 2825 340 2846 lect.

367 2135 634 2172 intellectuales
654 2146 733 2172 non
753 2133 995 2171 considerant
1018 2141 1124 2171 actus
1142 2134 1345 2180 humanos,
1367 2141 1432 2170 aut

368 2188 438 2225 alia
457 2189 560 2225 bona
587 2188 767 2235 humana,
794 2199 862 2236 per
890 2199 989 2236 quae
1017 2188 1137 2224 homo
1158 2186 1430 2224 beatitudinem

369 2241 605 2290 adipiscitur:
636 2241 705 2278 sed
740 2240 860 2288 magis
888 2251 949 2277 res
984 2241 1172 2277 naturales
1207 2247 1242 2276 et
1271 2239 1429 2278 divinas.

369 2295 471 2342 Ergo
504 2293 727 2331 huiusmodi
763 2293 913 2330 habitus
940 2293 1096 2330 virtutes
1130 2292 1202 2330 dici
1230 2305 1309 2329 non
1343 2305 1431 2341 pos-

369 2354 466 2384 sunt.
1170 2374 1183 2382 χ

425 2401 458 2437 3.
488 2399 720 2446 PRAETEREA,
742 2398 897 2436 scientia
917 2405 972 2435 est
993 2398 1143 2435 habitus
1163 2398 1430 2447 speculativus.

370 2452 447 2490 Sed
475 2452 629 2489 scientia
658 2459 693 2488 et
717 2452 836 2488 virtus
865 2451 1141 2499 distinguuntur
1169 2452 1264 2488 sicut
1283 2451 1431 2488 diversa

369 2518 507 2553 genera
545 2518 623 2542 non
661 2504 944 2541 subalternatim
980 2504 1124 2553 posita;
1153 2511 1194 2540 ut
1229 2511 1333 2552 patet
1365 2516 1434 2552 per

227 2570 250 2590 ¹¹,
266 2570 279 2585 ¹¹
304 2570 320 2585 ¹·
368 2559 658 2607 Philosophum,
675 2558 713 2594 in
729 2558 780 2594 IV
793 2559 830 2594 T
825 2558 918 2606 opic.
941 2558 961 2579 *⁴
981 2558 1082 2605 Ergo
1098 2557 1248 2594 habitus
1264 2557 1433 2605 specula-

368 2611 434 2648 tivi
463 2624 540 2648 non
570 2618 656 2648 sunt
682 2611 849 2648 virtutes.

423 2665 497 2701 SED
519 2676 675 2711 CONTRA,
696 2664 765 2700 soli
780 2663 930 2700 habitus
949 2662 1169 2711 speculativi
1194 2662 1435 2699 considerant

370 2717 581 2754 necessaria
610 2729 707 2766 quae
728 2715 963 2765 impossibile
994 2724 1048 2753 est
1076 2715 1181 2752 aliter
1209 2728 1248 2752 se
1277 2716 1432 2752 habere.

371 2770 448 2807 Sed
476 2771 731 2819 Philosophus
760 2769 888 2818 ponit,
916 2769 954 2806 in
972 2770 1022 2806 VI
1043 2769 1163 2805 Ethic.
1189 2770 1220 2815 ¹⁸,
1247 2768 1433 2817 quasdam

370 2823 525 2860 virtutes
554 2823 822 2860 intellectuales
841 2822 879 2859 in
907 2829 1014 2871 parte
1042 2822 1191 2858 animae
1217 2833 1315 2870 quae
1345 2834 1434 2858 con-

371 2876 507 2914 siderat
523 2882 540 2897 α
555 2876 767 2913 necessaria
786 2888 886 2925 quae
906 2887 984 2912 non
1004 2883 1165 2924 possunt
1184 2874 1289 2911 aliter
1309 2887 1349 2911 se
1369 2875 1435 2911 ha-

371 2931 471 2966 bere.
502 2930 604 2977 Ergo
630 2929 780 2966 habitus
809 2929 1078 2966 intellectuales
1108 2927 1330 2977 speculativi
1349 2935 1436 2965 sunt

369 2982 538 3019 virtutes.

425 3036 650 3072 RESPONm-:o
683 3047 867 3072 DICENDUM
896 3034 1016 3083 quod,
1048 3046 1135 3071 cum
1165 3034 1290 3071 omnis
1317 3033 1435 3070 virtus

219 3100 255 3120 LV»
270 3100 311 3115 ar·
337 3110 342 3114 ·
372 3088 517 3125 dicatur
535 3087 574 3124 in
594 3087 726 3124 ordine
747 3088 795 3125 ad
814 3088 974 3135 bonum,
996 3087 1090 3124 sicut
1110 3099 1225 3135 supra
1243 3086 1263 3108 '¹‘
1291 3087 1434 3124 dictum

374 3148 449 3189 est,
478 3140 618 3189 duplici
647 3140 790 3177 ratione
819 3140 952 3190 aliquis
980 3140 1128 3177 habitus
1151 3139 1285 3177 dicitur
1302 3139 1434 3187 virtus,

214 3205 344 3226 wmaru-
371 3202 413 3231 ut
441 3206 556 3242 supra
574 3193 594 3215 ’¹‘
623 3193 765 3230 dictum
786 3201 860 3230 est:
889 3206 968 3230 uno
997 3194 1129 3240 modo,
1160 3193 1248 3242 quia
1275 3193 1362 3230 facit
1383 3193 1435 3229 fa-

135 3364 144 3372 ·
159 3362 216 3383 lbid.

374 3247 551 3284 cultatem
585 3247 682 3283 bene
720 3246 926 3294 operandi,
956 3246 1027 3283 alio
1057 3246 1195 3293 modo,
1225 3246 1314 3294 quia
1348 3257 1435 3282 cum

373 3300 559 3347 facultate,
580 3299 668 3336 facit
697 3299 807 3336 etiarn
836 3311 947 3336 usum
978 3300 1137 3336 bonum.
1160 3300 1209 3336 Et
1237 3300 1322 3347 hoc,
1343 3299 1437 3336 sicut

375 3365 488 3402 supra
501 3352 521 3374 ’¹‘
541 3352 684 3390 dictum
706 3360 770 3399 est,
791 3352 952 3401 pertinet
971 3353 1094 3389 solum
1115 3353 1163 3389 ad
1184 3352 1267 3389 illos
1286 3352 1436 3389 habitus

375 3406 439 3454 qui
468 3405 670 3455 respiciunt
696 3412 843 3454 partem
872 3405 1139 3454 appetitivam:
1170 3418 1216 3442 eo
1246 3406 1351 3454 quod
1378 3404 1436 3442 vis

429 3532 457 3563 α)
477 3532 636 3567 considerat.
652 3546 669 3550 -
682 3532 852 3557 considerant
867 3533 900 3563 E;
919 3532 972 3557 Sed
987 3533 1195 3564 Philosophus..
1207 3550 1213 3557 .
1229 3533 1325 3558 habere
1344 3540 1396 3557 om.

443 1676 505 1707 vi
525 1664 554 1701 ἠμ
578 1659 747 1696 virtutes.
775 1657 902 1694 Virtus
932 1657 1033 1695 enim
1067 1665 1123 1694 est
1154 1657 1305 1694 habitus
1339 1670 1429 1706 ope·
1472 1663 1475 1668 ⁴

1488 1455 1534 1486 qu·
1550 1461 1573 1485 1;
1594 1454 1635 1479 De
1653 1454 1758 1484 Vir-tut„
1779 1462 1822 1487 qu.
1837 1462 1860 1485 ι,
1879 1461 1926 1480 art.
1940 1463 1964 1488 7.

1484 1551 1688 1600 appetitiva
1716 1553 1866 1589 animae
1888 1561 1943 1590 est
1971 1566 2069 1602 quae
2088 1554 2174 1591 facit
2196 1554 2250 1591 uti
2280 1554 2459 1592 omnibus
2478 1567 2547 1604 po-

1483 1604 1606 1641 tentiis
1636 1613 1671 1641 et
1698 1605 1898 1643 habitibus.

1539 1657 1639 1694 Cum
1677 1657 1787 1705 igitur
1822 1658 1974 1695 habitus
2016 1659 2286 1697 intellectuales
2324 1659 2548 1709 speculativi

1484 1722 1563 1747 non
1599 1710 1798 1758 perficiant
1832 1718 1978 1759 partem
2018 1712 2284 1761 appetitivam,
2314 1725 2385 1750 nec
2419 1712 2547 1762 aliquo

1485 1764 1603 1800 modo
1629 1762 1752 1812 ipsam
1779 1763 1990 1812 respiciant,
2021 1765 2088 1802 sed
2113 1766 2234 1802 solam
2258 1765 2547 1813 intellectivam;

1484 1823 1645 1864 possunt
1663 1815 1820 1864 quidem
1841 1816 1913 1854 dici
1932 1817 2071 1855 vitutes
2090 1818 2316 1868 inquantum
2336 1818 2477 1856 faciunt
2495 1819 2548 1856 fa-

1486 1869 1663 1906 cultatem
1691 1869 1817 1906 bonae
1843 1869 2084 1919 operationis,
2106 1883 2203 1920 quae
2223 1879 2279 1909 est
2298 1870 2549 1910 consideratio

1484 1921 1565 1959 veri
1588 1921 1678 1968 (hoc
1707 1921 1809 1959 enim
1839 1931 1893 1960 est
1917 1924 2063 1961 bonum
2085 1936 2183 1973 opus
2203 1924 2444 1971 intellectus):
2470 1937 2550 1963 non

1485 1981 1614 2012 tamen
1641 1974 1817 2012 dicuntur
1834 1976 1990 2013 virtutes
2014 1977 2185 2014 secundo
2205 1977 2338 2025 modo,
2367 1977 2476 2028 quasi
2494 1978 2550 2015 fa-

1487 2027 1626 2065 cientes
1647 2028 1746 2065 bene
1764 2028 1818 2065 uti
1836 2029 2005 2078 potentia
2029 2042 2097 2067 seu
2115 2030 2258 2068 habitu.
2278 2031 2336 2068 Ex
2355 2031 2431 2068 hoc
2445 2030 2550 2068 enim

1486 2081 1591 2130 quod
1631 2081 1764 2130 aliquis
1798 2082 1914 2119 habet
1940 2082 2112 2120 habitum
2149 2083 2326 2121 scientiae
2355 2082 2551 2133 speculati-

1485 2146 1580 2181 vae,
1609 2146 1690 2171 non
1713 2133 1912 2172 inclinatur
1940 2135 1989 2173 ad
2016 2136 2224 2184 utendum,
2253 2137 2321 2174 sed
2344 2136 2388 2174 fit
2411 2144 2548 2186 potens

1486 2187 1670 2236 speculari
1698 2199 1836 2225 verum
1864 2188 1903 2225 in
1921 2188 1978 2226 his
2006 2201 2172 2238 quorum
2191 2190 2306 2227 habet
2333 2189 2550 2228 scientiam:

1486 2240 1554 2277 sed
1574 2240 1678 2288 quod
1705 2248 1831 2278 utatur
1858 2241 2013 2278 scientia
2031 2242 2171 2290 habita,
2191 2243 2267 2280 hoc
2294 2249 2351 2279 est
2369 2250 2551 2280 movente

1484 2294 1693 2330 voluntate.
1710 2294 1759 2330 Et
1772 2293 1859 2331 ideo
1877 2294 1998 2331 virtus
2025 2307 2124 2343 quae
2142 2295 2288 2344 perficit
2301 2295 2550 2344 voluntatem,

1485 2353 1527 2382 ut
1553 2345 1686 2382 caritas
1713 2347 1776 2383 vel
1802 2346 1952 2395 iustitia,
1973 2347 2060 2384 facit
2089 2348 2203 2386 etiam
2223 2349 2321 2385 bene
2341 2347 2395 2385 uti
2421 2348 2551 2386 huius-

1487 2398 1594 2436 modi
1622 2398 1860 2448 speculativis
1896 2400 2100 2438 habitibus.
2139 2401 2189 2438 Et
2220 2401 2436 2438 secundum
2472 2402 2548 2439 hoc

1488 2451 1612 2498 etiam,
1633 2451 1671 2488 in
1686 2451 1831 2489 actibus
1850 2453 1990 2489 horum
2005 2453 2204 2490 habituum
2223 2461 2349 2503 potest
2368 2466 2450 2491 esse
2469 2466 2551 2491 me-

1487 2504 1620 2550 ritum,
1648 2504 1678 2541 si
1706 2517 1752 2541 ex
1781 2505 1934 2542 caritate
1953 2506 2062 2543 fiant:
2093 2506 2188 2543 sicut
2216 2507 2420 2555 Gregorius
2450 2507 2550 2555 dicit,

1488 2556 1527 2593 in
1554 2557 1604 2594 VI
1633 2557 1778 2595 Moral.
1805 2559 1836 2604 ⁹,
1867 2558 1972 2607 quod
2000 2559 2286 2608 contemplativa
2315 2565 2369 2596 est
2395 2560 2551 2598 maioris

1488 2610 1613 2647 meriti
1638 2622 1752 2658 quam
1780 2611 1902 2648 activa
1921 2610 1952 2648 *.

1541 2665 1600 2699 An
1616 2675 1753 2700 PmMUM
1773 2675 1870 2701 ERGO
1885 2676 2069 2701 DICENDUM
2084 2665 2189 2714 quod
2206 2665 2343 2714 duplex
2365 2673 2420 2702 est
2436 2677 2550 2714 opus:

1489 2715 1627 2752 scilicet
1653 2717 1826 2764 exterius,
1848 2725 1884 2754 et
1903 2717 2070 2754 interius.
2100 2718 2313 2755 Praeticum
2335 2730 2424 2767 ergo
2442 2717 2469 2766 β,
2489 2718 2552 2756 vel

1490 2769 1743 2818 operativum,
1774 2770 1879 2818 quod
1900 2770 2078 2807 dividitur
2103 2779 2234 2808 contra
2262 2771 2550 2820 speculativum,

1490 2821 1650 2858 sumitur
1677 2823 1725 2859 ab
1755 2835 1872 2871 opere
1902 2823 2092 2871 exteriori,
2122 2823 2171 2861 ad
2198 2824 2303 2873 quod
2332 2837 2411 2862 non
2438 2825 2554 2862 habet

1490 2875 1665 2912 ordinem
1694 2876 1844 2912 habitus
1874 2876 2138 2924 speculativus.
2169 2878 2244 2915 Sed
2279 2884 2408 2914 tamen
2435 2878 2552 2914 habet

1490 2928 1664 2965 ordinem
1702 2930 1749 2966 ad
1783 2929 1937 2966 interius
1973 2941 2069 2978 opus
2107 2930 2333 2978 intellectus,
2364 2931 2468 2979 quod
2497 2937 2554 2967 est

1490 2981 1676 3030 speculari
1714 2994 1861 3019 verum.
1892 2983 1941 3019 Et
1968 2983 2179 3020 secundum
2213 2984 2287 3020 hoc
2321 2990 2376 3020 est
2402 2982 2553 3020 habitus

1490 3041 1720 3083 operativus.

1543 3089 1602 3124 AD
1618 3099 1808 3125 SECUNDUM
1823 3099 2006 3125 mcx-:NDUM
2022 3089 2127 3138 quod
2141 3089 2260 3126 virtus
2272 3096 2327 3126 est
2336 3088 2552 3137 aliquorum

1491 3140 1699 3189 dupliciter.
1731 3141 1816 3178 Uno
1845 3141 1986 3189 modo,
2016 3141 2111 3179 sicut
2139 3141 2389 3180 obiectorum.
2419 3142 2469 3179 Et
2499 3140 2553 3178 sic

1490 3193 1712 3231 huiusmodi
1735 3193 1893 3231 virtutes
1918 3194 2172 3243 speculativae
2200 3207 2279 3232 non
2306 3202 2394 3232 sunt
2417 3205 2552 3231 eorum

1489 3258 1558 3294 per
1589 3259 1687 3295 quae
1715 3247 1835 3284 homo
1864 3247 1907 3284 fit
1934 3248 2084 3294 beatus;
2114 3247 2184 3285 nisi
2213 3248 2307 3285 forte
2339 3246 2551 3284 secundum

1491 3299 1596 3347 quod
1624 3300 1662 3348 ly
1683 3311 1757 3348 per
1789 3299 1876 3337 dicit
1904 3312 2059 3337 causam
2097 3300 2325 3338 efficientem
2352 3300 2415 3338 vel
2448 3299 2552 3336 obie-

1491 3360 1592 3389 ctum
1611 3353 1823 3402 completae
1844 3353 2094 3402 beatitudinis,
2116 3355 2220 3403 quod
2236 3361 2292 3391 est
2309 3355 2426 3400 Deus,
2447 3351 2552 3401 quod

1492 3413 1546 3442 est
1565 3417 1761 3443 summurn
1781 3406 2022 3455 speculabile.
2043 3428 2067 3434 -
2084 3407 2169 3444 Alio
2189 3406 2308 3444 modo
2329 3405 2461 3443 dicitur
2478 3405 2551 3442 vir-

2578 2561 2790 2616 .1.2¹v¹};1,'{{¹3¹0¹2:

2577 2620 2697 2668 esras.

2678 2711 2694 2746 β
