2846 4146
364 243 442 280 ψη

369 318 534 339 annotinus
548 317 582 338 111
621 310 723 337 Utrum
739 307 913 337 sufficienter
933 308 1021 336 virtus
1035 307 1178 336 dividatur
1197 316 1248 344 per

651 350 791 377 moralem
813 355 841 376 et
868 348 1087 376 intellectualem
1090 368 1246 375 ......
1265 353 1338 384 pag.

453 400 467 415 »
550 397 581 417 1v
621 389 724 416 Utrum
746 388 863 416 moralis
883 387 971 416 virtus
992 387 1084 423 possit
1105 395 1166 415 esse
1187 385 1248 414 sine

649 427 830 456 intellectuali
843 446 1245 455 ..............

452 479 467 494 »
548 475 569 495 v
619 468 723 495 Utrum
750 466 947 495 intellectualis
967 466 1055 494 virtus
1076 465 1167 502 possit
1188 473 1249 492 esse

647 507 708 535 sine
729 506 831 535 morali
851 524 1247 534 ..............

579 579 771 614 QUAESTIO
794 575 1216 612 QUINQUAGESIMANONA

567 640 617 669 De
640 639 896 675 comparatione
922 637 1061 666 virtutis
1087 637 1228 666 moralis

756 678 801 707 ad
825 677 1037 714 passionem.

370 754 535 775 Anticutus
549 754 560 773 1
620 746 722 773 Utrum
743 744 830 772 virtus
852 744 971 772 moralis
992 743 1028 772 sit
1045 743 1154 780 passio.
1178 764 1184 770 .
1207 763 1214 770 .

451 797 465 812 x>
547 793 569 812 11
618 786 721 813 Utrum
742 783 830 812 virtus
847 783 965 811 moralis
986 783 1077 820 possit
1097 791 1159 811 esse
1180 791 1261 810 cum-

667 832 781 852 assione
784 843 1243 851 ................

451 876 466 891 x·
549 871 581 891 111
621 834 723 891 Ui’rum
744 862 833 890 virtus
854 862 969 891 moralis
984 862 1076 899 possit
1097 871 1158 890 esse
1180 870 1246 890 curn

646 902 759 930 tristitia
781 922 1241 930 ................

450 955 465 970 »
547 951 578 970 rv
617 943 720 970 Utrum
742 941 837 970 omnis
863 941 950 969 virtus
972 941 1090 970 moralis
1115 941 1151 969 sit
1172 941 1245 970 eirca

645 981 794 1018 passiones
811 1001 1244 1010 ...............

450 1033 465 1048 »
547 1030 567 1050 ν
616 1022 718 1049 Utrum
733 1021 829 1057 aliqua
842 1021 931 1048 virtus
946 1021 1063 1049 moralis
1077 1020 1169 1058 possit
1183 1029 1246 1048 esse

647 1062 755 1097 absque
777 1060 911 1097 passione
932 1082 1244 1089 ...........

671 1133 865 1167 QUAESTIO
887 1133 1127 1160 SEXAGESIMA

564 1194 614 1223 De
635 1193 853 1223 distinctione
878 1193 1042 1223 virtutum
1067 1193 1246 1222 moralium

783 1233 828 1262 ad
852 1234 1008 1262 invicem.

614 1300 717 1327 Utrum
738 1298 774 1327 sit
793 1308 852 1327 una
876 1305 988 1327 tantum
1009 1298 1099 1326 virtus
1118 1298 1245 1327 moralis.

615 1340 718 1367 Utrum
729 1338 845 1367 virtutes
859 1338 983 1367 morales
1001 1347 1076 1375 quae
1090 1344 1157 1366 sunt
1171 1338 1246 1367 circa

643 1378 835 1415 operationes,
846 1378 1058 1415 distinguantur
1067 1379 1103 1406 ab
1115 1378 1160 1406 his
1170 1387 1245 1415 quae

643 1425 710 1446 sunt
737 1418 811 1446 circa
838 1418 987 1455 passiones
990 1439 1240 1446 .........

614 1459 717 1486 Utrum
732 1458 806 1486 circa
817 1457 1000 1494 operationes
1014 1457 1051 1486 sit
1060 1464 1172 1486 tantum
1186 1467 1244 1486 una

643 1498 733 1526 virtus
753 1498 880 1526 moralis.
903 1520 910 1526 .
934 1520 940 1526 .
960 1516 963 1517 ν
963 1517 1243 1526 ..........

613 1538 716 1566 Utrum
737 1538 812 1566 circa
833 1538 958 1566 diversas
982 1538 1132 1574 passiones
1153 1537 1244 1566 diver-

643 1587 692 1606 sae
713 1578 770 1606 sint
789 1578 906 1606 virtutes
928 1578 1053 1606 morales
1055 1599 1243 1606 .......

614 1618 717 1646 Utrum
744 1617 862 1646 virtutes
882 1617 1007 1646 morales
1035 1618 1245 1655 distinguantur

644 1658 803 1686 secundum
817 1657 929 1686 diversa
943 1658 1055 1706 obiecta
1066 1657 1243 1694 passionum.

607 1723 799 1759 QUAESTIO
821 1723 1184 1751 SEXAGESIMAPRIMA

633 1779 683 1807 De
703 1778 889 1807 virtutibus
912 1776 1153 1807 cardinalibus.

612 1837 715 1864 Utrum
736 1835 853 1864 virtutes
881 1835 1006 1863 morales
1034 1836 1158 1864 debeant
1185 1835 1241 1864 dici

643 1875 801 1904 cardinales
813 1898 820 1911 ‚
843 1875 887 1903 vel
907 1875 1078 1912 principales
1082 1897 1243 1904 ......

614 1915 719 1944 Utrum
733 1915 790 1943 sint
803 1921 929 1952 quatuor
942 1914 1060 1943 virtutes
1075 1915 1242 1944 cardinales.

614 1957 716 1984 Utrum
732 1955 804 1984 aliae
817 1955 934 1983 virtutes
949 1955 1040 1992 magis
1051 1955 1175 1983 debeant
1188 1955 1244 1984 dici

642 1995 812 2032 principales
834 2004 921 2032 quarn
942 1994 1012 2023 istae
1015 2016 1242 2023 ........

613 2036 717 2064 Utrum
739 2041 864 2072 quatuor
876 2034 994 2063 virtutes
1015 2034 1174 2063 cardinales
1189 2035 1242 2063 dif-

643 2075 735 2103 ferant
755 2074 927 2103 abinvicem
931 2096 1241 2104 ...........

612 2116 716 2143 Utrum
730 2115 846 2143 virtutes
868 2114 1026 2143 cardinales
1041 2114 1245 2143 convenienter

642 2154 805 2183 dividantur
825 2154 856 2182 in
876 2154 993 2182 virtutes
1014 2154 1154 2191 politicas,
1175 2164 1243 2191 pur-

642 2195 776 2232 gatorias,
785 2194 897 2231 purgati
908 2194 1007 2230 animi,
1020 2201 1047 2222 et
1057 2194 1242 2231 exemplares.

365 1307 528 1328 ARTICULUS
543 1308 554 1327 1

447 1351 462 1366 »
543 1347 566 1367 11

364 1846 528 1866 ARTICULUS
541 1846 553 1865 1

446 1928 461 1943 >›
544 1925 565 1945 11

446 1968 460 1983 ι)
542 1964 574 1985 m

446 2048 460 2062 ›>
542 2043 573 2065 IV

445 2128 460 2143 w
542 2124 562 2143 v

577 2262 769 2298 QUAEST1O
791 2262 1212 2290 SEXAGESIMASECUNDA

641 2315 695 2344 De
712 2315 898 2344 virtutibus
925 2314 1142 2350 theologicis.

364 2383 528 2405 ARTICULUS
541 2383 552 2403 1
612 2375 714 2402 Utrum
730 2373 786 2401 sint
800 2372 912 2410 aliquae
922 2372 1040 2401 virtutes
1053 2372 1241 2410 theologicae.

447 2427 461 2442 ιν
543 2423 565 2443 11
614 2415 717 2443 Utrum
737 2413 855 2441 virtutes
869 2412 1048 2449 theologicae
1062 2412 1240 2450 distinguat»,-

642 2460 688 2482 tur
709 2454 744 2481 ab
766 2451 1004 2480 intellectualibus
1025 2458 1053 2480 et
1073 2452 1240 2481 moralibus.

445 2506 460 2521 »
542 2502 574 2523 m
614 2494 716 2522 Utrum
738 2491 942 2521 convenienter
962 2491 1042 2527 fides,
1058 2501 1123 2528 spes
1144 2498 1172 2520 et
1193 2501 1239 2520 ca-

642 2533 710 2561 ritas
730 2538 877 2568 ponantur
903 2531 1021 2559 virtutes
1050 2531 1238 2568 theologicae.

445 2585 459 2600 »
541 2582 571 2602 1v
611 2573 714 2601 Utrum
735 2572 806 2600 fides
828 2570 865 2600 sit
883 2570 964 2608 prior
984 2580 1044 2608 spe,
1059 2577 1087 2599 et
1107 2580 1173 2608 spes
1193 2580 1240 2600 ca-

641 2612 723 2641 ritate
739 2632 1236 2640 .................

592 2679 785 2716 QUAESTIO
807 2679 1194 2708 SEXAGESIMATERTIA

699 2733 750 2762 De
771 2739 880 2762 causa
900 2732 1077 2761 virtutum.

362 2801 524 2823 mucimus
538 2801 549 2821 1
608 2793 712 2820 Utrum
738 2791 828 2819 virtus
848 2790 916 2818 insit
945 2789 1031 2818 nobis
1059 2799 1076 2818 a
1096 2797 1208 2819 natura.
1232 2812 1239 2819 .

443 2844 458 2859 »
539 2841 561 2860 11
611 2833 714 2860 Utrum
735 2830 831 2868 aliqua
851 2830 940 2858 virtus
955 2836 1087 2858 causetur
1107 2830 1138 2859 in
1155 2830 1240 2859 nobis

639 2880 673 2899 ex
692 2871 875 2900 assuetudine
889 2879 1013 2907 operum
1015 2891 1238 2898 ........

443 2924 458 2938 »
539 2920 572 2940 m
611 2912 716 2940 Utrum
747 2910 860 2947 aliquae
881 2910 999 2938 virtutes
1030 2910 1155 2938 morales
1183 2910 1239 2938 sint

638 2951 668 2979 in
689 2951 774 2979 nobis
795 2960 846 2987 per
866 2949 1042 2978 infusionem
1044 2970 1235 2978 .......

441 3003 456 3018 »
538 2999 568 3020 1v
608 2991 711 3019 Utrum
724 2990 812 3019 virtus
827 2999 916 3027 quam
931 2989 1108 3027 acquirimus
1122 2999 1156 3018 ex
1169 2998 1239 3026 ope-

637 3040 702 3058 rum
731 3030 931 3065 assuetudine,
954 3029 991 3058 sit
1018 3029 1147 3058 eiusdem
1176 3039 1240 3066 spe-

638 3070 691 3099 ciei
713 3079 780 3099 cum
801 3069 904 3098 virtute
925 3069 1018 3098 infusa
1021 3091 1238 3098 ........

575 3136 766 3172 QUAESTIO
797 3135 1200 3170 SEXAGESIMAQUARTA

696 3191 746 3219 De
766 3190 878 3219 medio
899 3190 1076 3219 virtutum.

606 3250 709 3278 Utrum
730 3249 848 3277 virtutes
870 3248 994 3277 morales
1008 3248 1064 3276 sint
1085 3247 1114 3276 in
1129 3247 1236 3276 medio.

607 3290 710 3318 Utrum
742 3288 870 3317 medium
906 3287 1017 3316 virtutis
1049 3287 1166 3316 moralis
1203 3288 1239 3316 sit

635 3329 764 3357 medium
785 3328 839 3363 rei,
861 3328 906 3356 vel
927 3326 1045 3356 rationis
1048 3349 1235 3356 .......

607 3370 710 3398 Utrum
723 3368 841 3397 virtutes
861 3366 1065 3396 intellectuales
1079 3367 1238 3396 consistant

635 3409 666 3437 in
697 3408 794 3437 medio
808 3428 1236 3436 ...............

605 3449 708 3477 Utrum
736 3448 853 3476 virtutes
879 3446 1059 3484 theologicae
1081 3446 1239 3476 consistant

634 3488 665 3516 in
686 3487 784 3517 medio
801 3507 1235 3516 ...............

357 3259 521 3280 ARTICULUS
535 3259 546 3279 1

439 3302 454 3317 »
535 3299 558 3318 11

439 3382 453 3396 >>
535 3378 568 3398 111

438 3461 453 3475 ›>
534 3457 565 3477 1v

1291 435 1304 450 »

1292 513 1306 528 >>

1238 764 1244 770 ,
1290 753 1303 768 >>

1290 992 1304 1006 >>

1287 1927 1302 1941 >>

1288 2007 1302 2021 >>

1281 2962 1295 2976 >>

1283 3081 1297 3095 ))

1282 3419 1296 3434 >>

1280 3498 1294 3513 >>

1371 226 1535 273 INDEX

1371 423 1424 460 375

1372 502 1427 538 376

1369 741 1425 769 380

1369 821 1420 849 381

1367 900 1423 928 382

1369 979 1423 1007 383

1386 1058 1426 1086 ib.

1369 1299 1423 1328 385

1366 1419 1423 1455 387

1368 1498 1423 1535 389

1368 1578 1424 1615 390

1385 1658 1423 1687 ib.

1367 1877 1424 1912 394

1367 1916 1421 1952 395

1367 1996 1422 2032 396

1383 2075 1422 2103 ib.

1367 2194 1422 2231 398

1362 2383 1401 2410 40
1407 2384 1416 2402 1

1362 2461 1420 2489 402

1360 2533 1417 2568 403

1359 2621 1419 2647 404

1360 2794 1419 2827 406

1360 2880 1418 2908 407

1359 2960 1418 2987 409

1359 3079 1419 3106 410

1358 3257 1417 3284 412

1357 3329 1414 3364 413

1358 3417 1418 3444 414

1708 303 1900 338 QUAESTIO
1927 304 2315 339 SEXAGESIMAQUINTA

1770 357 1820 386 De
1841 358 2052 387 connexione
2072 359 2246 388 virtutum.

1482 421 1644 442 ARTICULUS
1657 422 1669 442 1
1729 414 1831 441 Utrum
1846 413 1964 442 virtutes
1978 415 2100 444 morales
2115 416 2171 444 sint
2185 417 2222 445 ad
2235 414 2359 444 invicem

1762 462 1908 482 connexae
1930 475 2359 484 ...............
2376 462 2450 493 pag.
2479 454 2538 490 418

1565 503 1579 518 »
1662 501 1684 521 11
1733 493 1837 520 Utrum
1864 493 1981 522 virtutes
2006 494 2130 523 morales
2155 495 2268 532 possint
2298 502 2360 523 esse

1762 531 1823 560 sine
1845 532 1959 561 caritate
1988 554 2356 563 .............
2401 544 2415 559 »
2478 533 2534 568 423

1565 582 1579 597 »
1661 579 1694 599 m
1734 571 1838 599 Utrum
1851 572 1953 600 caritas
1967 572 2059 608 possit
2071 582 2132 601 esse
2153 573 2214 602 sine
2228 573 2291 602 aliis
2304 573 2360 602 vir-

1761 610 1869 639 tutibus
1891 611 2048 640 moralibus
2051 633 2358 642 ...........
2403 623 2418 638 >t
2479 619 2539 647 424

1564 661 1578 675 »
1661 658 1692 678 Ν
1730 650 1835 678 Utrum
1855 650 1926 679 fides
1947 658 1975 679 et
1995 661 2060 688 spes
2079 653 2192 688 possint
2216 661 2278 681 esse
2298 652 2360 681 sine

1761 689 1877 718 caritate
1898 712 2357 720 ................
2402 702 2417 717 w
2479 691 2536 726 425

1563 739 1578 754 »
1659 737 1680 756 v
1729 729 1833 757 Utrum
1843 729 1945 758 caritas
1955 729 2116 766 possitesse
2127 730 2188 759 sine
2197 731 2290 760 fideet
2299 740 2358 768 spe.
2403 741 2417 757 ν
2479 737 2555 767 427·

1714 789 1907 824 QUAESTIO
1939 789 2307 826 SEXAGESIMASEXTA
2535 792 2537 794 ’

1771 841 1820 871 De
1841 842 2052 878 aequalitate
2073 843 2250 874 virtutum.

1479 909 1642 930 ARTxcULUS
1656 909 1667 928 1
1727 900 1830 928 Utrum
1861 901 1949 929 virtus
1979 901 2071 938 possit
2102 911 2164 931 esse
2191 902 2286 931 maior
2315 903 2360 931 vel

1760 939 1864 968 minor.
1894 962 2356 971 ................
2400 953 2415 968 »
2477 941 2536 977 428

1563 991 1577 1005 »
1660 987 1682 1007 11
1731 979 1835 1007 Utrum
1849 989 1951 1008 omnes
1972 980 2090 1009 virtutes
2104 981 2189 1009 simul
2210 981 2241 1010 in
2255 982 2359 1010 eodem

1761 1018 1927 1055 existentes,
1950 1019 2006 1048 sint
2036 1021 2169 1057 aequales
2172 1042 2359 1049 .......
2403 1031 2418 1046 2
2479 1028 2538 1058 429

1562 1070 1576 1085 »
1659 1066 1691 1087 m
1731 1059 1834 1087 Utrum
1855 1059 1971 1087 virtutes
1993 1060 2117 1088 morales
2143 1060 2361 1097 praeemineant

1760 1097 1998 1127 intellectualibus
2020 1120 2359 1130 ............
2403 1110 2418 1125 »
2479 1099 2534 1135 431

1562 1149 1577 1164 x>
1658 1145 1689 1166 rv
1729 1138 1832 1166 Utrum
1853 1137 1960 1166 iustitia
1980 1138 2016 1167 sit
2035 1139 2190 1176 praecipua
2209 1139 2284 1168 inter
2303 1139 2360 1167 vir-

1758 1184 1834 1206 tutes
1854 1178 1980 1207 morales
1994 1200 2359 1208 .............
2403 1189 2418 1204 »
2475 1178 2540 1214 ,434

1562 1228 1576 1243 s
1658 1225 1679 1244 v
1729 1217 1832 1245 Utrum
1854 1217 1994 1254 sapientia
2015 1218 2051 1246 sit
2065 1218 2190 1247 maxima
2210 1218 2284 1247 inter
2303 1218 2359 1247 vir-

1758 1263 1833 1285 tutes
1853 1257 2057 1286 intellectuales
2059 1279 2359 1287 ...........
2403 1268 2418 1284 »
2480 1257 2538 1293 435

1562 1307 1576 1322 »
1658 1304 1689 1324 vr
1728 1297 1832 1324 Utrum
1846 1297 1948 1325 caritas
1962 1297 1998 1326 sit
2012 1297 2138 1327 maxima
2155 1298 2230 1327 inter
2242 1297 2360 1326 virtutes

1758 1336 1936 1374 theologicas
1958 1358 2358 1366 ..............
2402 1348 2418 1363 »
2479 1337 2538 1374 437

1700 1395 1892 1430 QUAESTIO
1913 1396 2321 1424 SEXAGESIMASEPTIMA

1609 1449 1659 1478 De
1680 1447 1859 1479 duratione
1879 1449 2045 1479 virtutum
2071 1451 2156 1486 post
2175 1450 2266 1480 hanc
2287 1450 2406 1480 vitam.

1477 1515 1640 1536 annotinus
1653 1514 1665 1535 1
1724 1507 1828 1535 Utrum
1848 1507 1966 1536 virtutes
1987 1507 2111 1536 morales
2137 1515 2274 1537 maneant
2293 1515 2361 1545 post

1758 1546 1832 1575 hanc
1852 1547 1942 1575 vitam
1956 1568 2359 1577 ..............
2403 1558 2418 1573 ›
2480 1547 2539 1582 438

1561 1597 1575 1612 »
1656 1594 1679 1614 11
1728 1586 1832 1614 Utrum
1857 1587 1974 1615 virtutes
1994 1586 2198 1615 intellectuales
2225 1593 2362 1616 maneant

1756 1632 1824 1662 post
1849 1627 1923 1654 hanc
1950 1626 2048 1654 vitam.
2077 1648 2084 1654 .
2108 1644 2359 1655 .........
2403 1637 2418 1653 2>
2480 1627 2539 1663 439

1561 1677 1575 1692 »
1656 1673 1690 1693 111
1728 1666 1832 1694 Utrum
1853 1666 1924 1694 fides
1946 1671 2060 1694 maneat
2080 1672 2147 1703 post
2167 1667 2242 1695 hanc
2261 1666 2359 1695 vitam.
2403 1677 2418 1692 »
2480 1675 2540 1702 440

1561 1717 1575 1731 »
1656 1713 1687 1733 1v
1727 1705 1831 1733 Utrum
1858 1714 1923 1741 spes
1944 1711 2060 1734 maneat
2086 1712 2153 1742 post
2179 1712 2305 1734 mortem
2330 1706 2361 1735 in

1757 1751 1833 1772 statu
1853 1745 1960 1782 gloriae
1964 1766 2358 1775 ..............
2403 1757 2418 1772 »
2480 1752 2539 1781 442

1560 1796 1574 1811 »
1656 1792 1676 1813 v
1726 1785 1829 1812 Utrum
1850 1785 1959 1822 aliquid
1979 1785 2046 1813 fidei
2067 1785 2111 1814 vel
2132 1785 2193 1822 spei
2213 1792 2362 1827 remaneat

1757 1824 1788 1852 in
1808 1824 1900 1862 gloria
1903 1846 2359 1854 ................
2403 1836 2418 1852 ι
2480 1825 2538 1860 443

1561 1875 1575 1890 »
1656 1872 1688 1892 Ἦ
1727 1864 1830 1892 Utrum
1851 1870 2000 1892 remaneat
2012 1864 2115 1893 caritas
2135 1871 2203 1901 post
2215 1865 2298 1894 hanc
2316 1865 2359 1894 vi-

1756 1910 1816 1932 tam
1836 1904 1867 1932 in
1886 1904 1979 1941 gloria
1989 1925 2358 1937 .............
2403 1916 2418 1932 z·
2480 1904 2537 1941 445

1698 1964 1892 1999 QUAESTIO
1913 1964 2318 1993 SEXAGESIMAOCTAVA

1917 2019 1966 2047 De
1987 2017 2098 2049 donia.
2351 2018 2353 2020 ’

1476 2079 1640 2100 ARTICULUS
1654 2079 1665 2100 1
1726 2071 1828 2098 Utrum
1849 2070 1929 2098 dona
1949 2070 2082 2099 differant
2101 2080 2120 2099 a
2139 2071 2299 2100 virtutibus,
2322 2093 2331 2102 .
2351 2091 2359 2099 .
2403 2082 2418 2098 ι
2480 2071 2540 2106 446

1559 2123 1574 2138 »
1656 2119 1678 2139 11
1727 2111 1831 2138 Utrum
1863 2110 1941 2138 dona
1971 2110 2028 2138 sint
2057 2111 2219 2141 necessaria
2248 2110 2362 2140 homini

1756 2150 1794 2178 ad
1813 2149 1933 2178 salutern
1957 2170 2359 2180 ...............
2403 2162 2418 2177 »
2480 2151 2540 2186 448

1560 2202 1575 2216 »
1656 2198 1690 2218 111
1729 2190 1833 2218 Utrum
1843 2190 1922 2218 dona
1929 2189 2051 2226 Spiritus
2062 2190 2159 2219 Sancti
2168 2190 2226 2220 sint
2235 2190 2359 2220 habitus.
2403 2202 2418 2217 »
2479 2199 2540 2228 449

1560 2242 1575 2256 >›
1656 2238 1687 2258 1v
1727 2230 1830 2258 Utrum
1852 2229 2056 2257 convenienter
2069 2236 2179 2267 septem
2200 2231 2278 2259 dona
2294 2231 2359 2269 Spi-

1756 2269 1827 2297 ritus
1848 2268 1945 2297 Sancti
1966 2276 2172 2298 enumerentur
2173 2291 2359 2299 .......
2403 2281 2418 2296 »
2479 2270 2541 2306 450

1559 2322 1573 2337 »
1655 2317 1676 2336 v
1725 2309 1829 2337 Utrum
1851 2309 1930 2338 dona
1949 2309 2073 2346 Spiritus
2094 2310 2191 2339 Sancti
2211 2309 2269 2338 sint
2289 2319 2358 2339 con-

1756 2357 1829 2376 nexa
1831 2370 2268 2379 ...............
2277 2365 2279 2368 <
2292 2371 2299 2378 .
2321 2372 2328 2378 .
2351 2372 2358 2378 .
2403 2360 2417 2375 »
2479 2350 2534 2386 451

1557 2400 1571 2415 »
1653 2396 1684 2416 V1
1724 2389 1828 2416 Utrum
1843 2388 1921 2416 dona
1942 2388 2065 2428 Spiritus
2079 2389 2177 2418 Sancti
2190 2394 2360 2418 remaneant

1754 2427 1785 2455 in
1805 2427 1897 2464 patria
1900 2449 2357 2458 ................
2402 2439 2417 2455 »
2478 2429 2538 2465 452

1557 2479 1571 2494 ιο
1653 2476 1695 2499 vn
1725 2468 1829 2496 Utrum
1859 2467 1982 2504 dignitas
2016 2468 2175 2496 donorum·
2196 2469 2360 2497 attendatur

1754 2507 1914 2535 secundum
1935 2507 2184 2536 enumerationem
2208 2507 2298 2537 Isaiae
2317 2515 2358 2537 x1.
2402 2519 2417 2534 >v
2479 2508 2536 2544 453

1555 2558 1570 2573 2>
1652 2554 1704 2575 vm
1723 2547 1827 2574 Utrum
1841 2546 1959 2574 virtutes
1974 2546 2031 2574 sint
2044 2547 2249 2584 praeferendae
2263 2548 2358 2578 donis.
2402 2559 2417 2574 »
2479 2547 2540 2583 454

1693 2606 1697 2607 ’
1724 2605 1917 2641 QUAESTIO
1939 2606 2291 2637 SEXAGESIMANONA

1828 2661 1877 2690 De
1901 2659 2181 2691 beatitudinibus.

1472 2727 1635 2749 annotinus
1649 2727 1660 2748 1
1720 2719 1824 2747 Utrum
1839 2719 2030 2748 beatitudines
2045 2699 2256 2759 distinguantur
2269 2729 2288 2749 a
2300 2721 2358 2752 vir-

1751 2758 1860 2786 tutibus
1881 2765 1909 2787 et
1929 2758 2014 2788 donis
2017 2781 2355 2789 ............
2364 2758 2371 2761 ”
2401 2771 2415 2786 :v
2477 2760 2537 2796 456

1556 2811 1570 2825 »
1651 2807 1673 2827 11
1724 2799 1826 2826 Utrum
1841 2798 1970 2835 praemia
1991 2808 2065 2837 quae
2079 2799 2275 2828 attribuuntur
2287 2800 2355 2828 bea-
2402 2835 2403 2838 Ἴ

1752 2837 1932 2874 titudinibus,
1944 2839 1981 2868 ad
1995 2839 2070 2868 hanc
2083 2839 2171 2870 vitam
2185 2838 2415 2878 pertineant.»
2476 2839 2536 2878 457

1555 2889 1569 2904 »
1652 2886 1684 2907 m
1724 2878 1827 2906 Utrum
1842 2878 2046 2907 convenienter
2065 2885 2270 2915 enumerentur
2289 2880 2356 2908 bea-

1752 2917 1898 2946 titudines.
1928 2940 2354 2948 ...............
2399 2930 2414 2945 »
2475 2919 2535 2959 458

1555 2969 1568 2983 »
1651 2965 1682 2986 tv
1722 2958 1825 2986 Utrum
1851 2957 1981 2994 praemia
2009 2956 2220 2988 beatitudinum
2241 2967 2350 2988 conve-

1751 2997 1863 3026 nienter
1893 3005 2105 3027 enumerentur.
2136 3020 2354 3028 ........
2399 3010 2414 3025 ιο
2476 2999 2537 3035 460

1755 3056 1947 3091 QUAESTIO
1969 3057 2261 3084 SEPTUAGESIMA

1719 3111 1769 3140 De
1789 3107 1958 3141 fiuctibus
1979 3110 2131 3148 Spiritus
2151 3110 2284 3142 Sancti.

1417 3185 1420 3189 -
1471 3177 1635 3197 ARTICULUS
1649 3178 1660 3197 1
1721 3169 1825 3197 Utrum
1851 3167 1959 3197 fructus
1993 3169 2116 3206 Spiritus
2151 3168 2248 3197 Sancti
2280 3178 2355 3207 quos

1749 3207 1909 3245 Apostolus
1940 3208 2072 3237 nominat
2101 3209 2140 3237 ad
2172 3209 2293 3238 Galatas
2319 3217 2354 3245 V,
2470 3212 2487 3216 “’

1751 3247 1809 3276 sint
1836 3254 1916 3276 actus
1920 3269 2353 3277 ...............
2398 3260 2412 3275 ›
2473 3250 2529 3285 461

1554 3299 1568 3314 s
1650 3296 1673 3316 Π
1722 3288 1826 3316 Utrum
1857 3287 1964 3316 fructus
1995 3297 2012 3316 a
2042 3287 2288 3345 beatitudinibus.
2301 3288 2355 3317 dif-

1750 3327 1842 3355 ferant
1864 3349 2352 3357 .................
2397 3339 2412 3354 »
2474 3328 2533 3364 462

1554 3378 1567 3393 »
1649 3375 1682 3395 m
1722 3367 1825 3396 Utrum
1845 3366 1952 3395 fructus
1967 3368 2171 3396 convenienter
2184 3376 2355 3397 enumeren-

1749 3413 1796 3434 tur
1809 3407 1846 3435 ab
1864 3407 2008 3444 Apostolo
2011 3428 2351 3437 ............
2396 3418 2411 3434 »
2493 3406 2532 3435 ib.

1553 3458 1567 3472 »
1649 3454 1680 3475 rv
1720 3446 1824 3475 Utrum
1845 3446 1951 3474 fructus
1972 3447 2094 3484 Spiritus
2122 3446 2219 3476 Sancti
2240 3453 2355 3477 contra-

1749 3486 1858 3514 rientur
1879 3486 2015 3523 operibus
2036 3486 2130 3516 camis
2134 3508 2352 3516 ........
2396 3496 2411 3512 1⁹
2472 3486 2536 3521 464

1357 3487 1416 3523 416
