2852 4152
7 2558 10 2564 .
4 2503 29 2542 'q

11 2541 41 2567 C.

130 3269 227 3317 aanor
218 3273 271 3296 ,ῃ
276 3273 342 3294 xvm,

1050 263 1314 311 QUAEST1O
1344 262 1432 310 xx,
1461 261 1755 299 ARTICULUS
1785 262 1814 298 11

356 345 470 384 terior
498 344 543 382 sit
570 343 707 391 bonus,
737 342 885 380 bonitas
906 342 920 373 β
946 342 1150 380 voluntatis
1169 354 1266 391 quae
1295 349 1350 378 est
1370 353 1414 377 ex

357 397 564 436 intentione
592 394 693 434 finis:
724 396 791 433 sed
819 396 849 432 si
872 397 1048 433 voluntas
1073 395 1118 432 sit
1142 396 1242 432 mala
1270 394 1347 431 sive
1369 406 1414 430 ex

356 449 563 488 intentione
590 449 690 496 finis,
716 449 796 486 sive
826 461 871 485 ex
899 457 984 486 actu
1011 448 1148 495 volito,
1178 459 1415 496 consequens

359 511 415 541 est
450 511 578 540 actum
615 501 838 539 exteriorem
867 514 950 538 esse
979 502 1133 538 malum.

411 558 471 593 AD
499 567 636 592 ramum
663 566 761 591 ERGO
781 566 964 591 mcennum
984 554 1088 602 quod
1106 554 1282 590 voluntas
1301 553 1415 599 bona,

358 615 473 658 prout
499 607 730 656 significatur
756 619 824 656 per
852 607 1027 643 arborem
1057 607 1210 653 bonam,
1241 614 1295 642 est
1323 606 1416 642 acci-

360 661 499 711 pienda
527 660 737 698 secundum
766 659 871 709 quod
898 660 1013 696 habet
1040 659 1248 696 bonitatem
1269 670 1314 695 ex
1334 665 1418 695 actu

360 714 492 760 volito,
522 721 559 750 et
587 725 632 749 ex
658 713 735 750 fine
764 712 918 749 intento.

412 829 442 864 β)
462 831 575 855 bonitas.
593 844 611 850 -
629 830 747 855 bonitate
766 830 836 862 PpH.

2449 261 2516 296 155

1521 343 1579 378 AD
1599 353 1786 378 SECUNDUM
1805 352 1987 377 nicENnuM
2008 341 2112 389 quod
2139 352 2217 377 non
2245 341 2369 377 solum
2389 340 2521 388 aliquis

1468 395 1663 431 voluntate
1691 401 1833 442 peccat,
1855 393 2009 442 quando
2028 394 2109 430 vult
2134 394 2276 429 malum
2296 394 2429 438 finem;
2455 393 2522 430 sed

1470 447 1583 483 etiarn
1612 446 1766 495 quando
1794 447 1876 483 vult
1902 447 2046 483 malum
2075 453 2211 482 actum.

1522 502 1580 536 An
1608 511 1767 536 TERTIUM
1794 511 1975 536 mcnnnun
1995 500 2097 547 quod
2116 498 2371 535 voluntarium
2393 498 2524 535 dicitur

1471 564 1549 589 non
1577 553 1700 588 solum
1729 559 1833 588 actus
1860 551 2012 588 interior
2039 557 2055 580 Υ
2072 551 2286 598 voluntatis,
2313 551 2379 588 sed
2412 551 2523 587 etiarn

1471 612 1575 641 actus
1602 604 1814 652 exteriores,
1842 612 1956 653 prout
1983 616 2004 641 a
2031 605 2224 641 voluntate
2251 603 2462 652 procedunt
2490 611 2526 639 et

1472 657 1627 694 ratione.
1649 658 1697 694 Et
1725 657 1811 695 ideo
1841 657 1938 694 circa
1956 665 2137 706 utrosque
2166 664 2270 693 actus
2292 664 2415 705 potest
2443 668 2524 692 esse

1474 709 1683 746 differentia
1710 710 1801 747 boni
1829 718 1866 746 et
1894 710 1994 747 mali.

1521 827 1548 860 γ)
1568 830 1643 852 actus
1662 827 1781 852 interior.
1799 842 1817 846 -
1834 831 1909 853 actus
1928 828 2063 853 interioris
2081 828 2127 858 ΡΙ,
2145 831 2220 853 actus
2238 828 2284 852 Pa.

1036 907 1366 940 Commenta-ia
1388 906 1636 938 cardinalis
1658 905 1856 938 Caietani

394 998 415 1018 N
438 988 532 1018 titulo
559 987 689 1018 secundi
712 986 850 1023 articuli,
875 986 980 1017 statim
1004 986 1138 1016 dubium
1165 986 1316 1022 occurrit,
1340 995 1421 1026 quo-

366 1000 495 1062 Imodo
523 1038 597 1072 post
623 1030 916 1062 determinationem
942 1030 1030 1070 quod
1053 1030 1176 1061 bonitas
1204 1030 1309 1070 aliqua
1335 1029 1422 1069 prius

366 1075 514 1107 convenit
536 1075 619 1106 actui
646 1074 791 1105 exteriori
813 1084 911 1115 quam
932 1074 1101 1110 voluntati,
1126 1074 1260 1104 dubitari
1287 1074 1343 1104 rite
1365 1083 1422 1114 po-

365 1126 426 1151 test
455 1129 494 1150 an
517 1125 584 1149 tota
611 1119 679 1149 eius
706 1118 829 1148 bonitas
858 1119 993 1158 pendeat
1020 1127 1056 1148 ex
1078 1118 1250 1148 voluntate.
1276 1117 1308 1148 Si
1338 1117 1422 1148 enim

365 1163 454 1204 prius
476 1163 559 1194 actui
583 1162 730 1193 convenit
753 1171 851 1202 quam
873 1162 1029 1193 voluntati
1051 1162 1155 1202 aliqua
1174 1162 1307 1198 bonitas,
1323 1161 1423 1202 liquet

366 1207 457 1248 quod
477 1207 531 1237 illa
554 1216 620 1236 non
641 1206 756 1246 pendet
771 1216 790 1235 a
804 1206 980 1236 voluntate:
1004 1205 1090 1245 prius
1110 1205 1195 1235 enim
1218 1215 1284 1235 non
1308 1205 1422 1245 depen-

367 1252 420 1282 det
442 1261 460 1281 a
486 1250 663 1290 posteriori.
685 1251 733 1280 Ac
756 1258 812 1289 per
837 1249 900 1279 hoc
924 1256 1046 1279 constat
1072 1250 1162 1289 quod
1189 1259 1254 1279 non
1277 1256 1342 1279 tota
1365 1250 1423 1279 bo-

367 1295 448 1326 nitas
471 1301 558 1325 actus
581 1293 740 1323 exterioris
762 1292 878 1332 pendet
900 1302 937 1322 ex
959 1292 1132 1322 voluntate.
1161 1292 1257 1322 Nulla
1280 1301 1354 1332 ergo
1378 1299 1424 1323 est

367 1338 419 1368 hic
441 1336 634 1368 rationabilis
656 1335 809 1376 quaestio.

420 1381 472 1412 Ad
494 1379 693 1413 hoc‘dicitur
715 1378 820 1418 quod,
850 1378 925 1418 quia
952 1384 1040 1408 actus
1068 1378 1200 1408 exterior
1230 1378 1425 1408 voluntarius

363 1424 504 1461 claudit
511 1424 544 1453 in
576 1432 609 1452 se
639 1421 882 1461 dependentiam
905 1431 923 1451 a
944 1422 1126 1457 voluntate,
1149 1421 1221 1451 ideo
1250 1428 1310 1452 stat
1337 1423 1425 1462 quod

311 1468 315 1469 ⁷
367 1467 491 1498 bonitas
514 1466 601 1506 prius
624 1465 801 1496 secundum
831 1471 976 1495 naturam
998 1465 1072 1495 insit
1094 1465 1154 1505 ipsi
1177 1465 1260 1495 actui
1283 1465 1425 1496 humano

367 1510 511 1542 exteriori
532 1519 630 1550 quam
646 1509 816 1544 voluntati;
838 1509 941 1539 adhuc
955 1515 1050 1539 restat
1069 1509 1255 1548 ambiguum
1276 1519 1316 1539 an
1331 1509 1426 1540 etiam

366 1554 421 1584 illa
443 1553 569 1584 bonitas
592 1562 674 1602 quae
697 1552 783 1592 prius
807 1552 835 1582 ei
856 1552 1011 1588 convenit,
1029 1553 1205 1592 dependeat
1221 1563 1238 1582 a
1252 1553 1424 1584 voluntate.

366 1598 455 1629 Licet
477 1597 564 1628 enim
585 1596 673 1636 prius
696 1606 762 1626 non
782 1596 957 1636 dependeat
979 1607 998 1626 a
1020 1596 1198 1636 posteriori,
1215 1597 1304 1636 quod
1319 1604 1426 1627 tamen

366 1641 454 1682 prius
481 1641 562 1672 inest
591 1640 700 1676 alicui,
725 1646 830 1680 potest
857 1640 1033 1680 dependere
1061 1641 1099 1670 ab
1129 1650 1167 1671 eo
1196 1640 1246 1671 cui
1270 1641 1426 1680 posterius

365 1685 456 1716 inest.
480 1685 521 1716 Et
543 1690 590 1715 est
612 1683 714 1714 simile
738 1683 777 1720 si,
809 1684 960 1714 concluso
984 1684 1072 1724 quod
1101 1694 1213 1714 sanum
1237 1684 1324 1724 prius
1347 1685 1442 1715 inestv

367 1729 496 1760 animali
525 1738 623 1769 quam
651 1727 841 1764 medicinae,
870 1735 1039 1768 quaeratur
1068 1738 1107 1758 an
1141 1728 1256 1758 sanitas
1283 1728 1427 1758 animalis

368 1772 544 1813 dependeat
566 1782 585 1802 a
606 1771 772 1802 medicina.

422 1817 460 1847 11.
485 1815 576 1847 Circa
599 1815 775 1846 doctrinam
797 1815 831 1844 in
846 1825 979 1854 corpore
995 1815 1137 1846 eiusdem
1153 1815 1282 1846 secundi
1305 1816 1427 1847 articuli

368 1860 526 1896 traditam,
551 1859 686 1890 dubium
710 1858 845 1889 occurrit
867 1859 1072 1899 quadruplex.
1096 1860 1204 1890 Primo
1217 1883 1224 1896 ‚
1249 1859 1325 1900 quia
1347 1860 1428 1891 sicut

367 1903 493 1935 bonitas
515 1913 552 1934 ex
575 1903 704 1934 materia
728 1909 759 1933 et
781 1902 1021 1933 circumstantiis
1045 1910 1091 1934 est
1106 1913 1143 1934 ex
1158 1903 1288 1940 ratione,
1313 1904 1355 1934 ita
1371 1905 1428 1934 bo-

367 1947 448 1979 nitas
471 1947 558 1978 finis:
583 1956 687 1988 neque
711 1946 797 1977 enim
818 1945 899 1983 finis,
924 1957 1027 1987 neque
1047 1953 1133 1978 actus
1149 1947 1344 1988 quicumque
1359 1958 1428 1988 per-

366 1991 446 2022 tinet
460 1991 500 2022 ad
514 2001 614 2031 genus
636 1991 744 2027 moris,
769 1990 828 2020 nisi
844 1997 880 2021 ut
895 1997 955 2021 stat
971 1991 1029 2021 sub
1046 1990 1156 2021 ordine
1171 1991 1310 2022 rationis.
1335 1992 1428 2023 Ratio

369 2044 444 2075 ergo
467 2041 514 2066 est
536 2045 630 2066 causa
653 2035 758 2064 omnis
781 2034 941 2065 bonitatis.
966 2035 1106 2075 Utraque
1130 2045 1204 2074 ergo
1224 2035 1347 2066 bonitas
1373 2037 1428 2066 de-

368 2079 439 2110 buit
459 2078 493 2109 in
516 2078 672 2109 rationem
695 2078 817 2109 reduci:
843 2085 874 2108 et
896 2088 962 2108 non
985 2079 1080 2109 altera
1102 2078 1135 2108 in
1158 2079 1373 2116 voluntatem,
1398 2087 1428 2110 et

369 2123 465 2154 altera
486 2122 520 2152 in
543 2122 709 2157 rationem,
734 2129 769 2153 ut
791 2122 825 2151 in
847 2122 948 2152 littera
970 2121 1014 2153 fit.

424 2166 608 2198 Secundum
631 2165 764 2196 dubium
788 2171 844 2202 est,
868 2166 943 2206 quia
966 2173 1021 2196 aut
1042 2166 1094 2196 hic
1117 2176 1221 2196 sermo
1241 2173 1287 2197 est
1302 2167 1340 2197 de
1356 2174 1427 2198 actu

370 2210 514 2241 exteriori
542 2210 700 2246 absolute,
724 2216 779 2240 aut
801 2217 837 2240 ut
860 2216 907 2240 est
928 2209 960 2239 in
985 2210 1178 2241 executione.
1209 2210 1242 2241 si
1265 2211 1425 2247 absolute,

369 2264 444 2285 cum
466 2253 511 2284 sic
533 2253 712 2293 praeveniat
734 2254 932 2284 voluntatem
946 2260 982 2284 ut
996 2253 1167 2290 obiectum,
1183 2254 1263 2284 nihil
1281 2254 1367 2284 aliud
1383 2262 1429 2286 est

369 2298 471 2329 dicere
493 2297 583 2338 quod
605 2297 729 2327 bonitas
751 2304 839 2328 actus
862 2297 1020 2328 exterioris
1043 2307 1110 2327 non
1137 2304 1183 2328 est
1206 2307 1223 2327 a
1246 2298 1427 2335 voluntate,

369 2351 469 2382 quam
498 2341 600 2372 dicere
625 2341 715 2381 quod
745 2341 869 2371 bonitas
896 2341 1011 2371 obiecti
1039 2341 1212 2371 voluntatis
1240 2351 1306 2371 non
1336 2348 1382 2372 est
1411 2353 1428 2372 a

367 2386 541 2416 voluntate.
556 2385 598 2415 Et
611 2394 686 2415 cum
695 2385 758 2415 hoc
777 2394 949 2415 commune
964 2384 1004 2415 sit
1014 2384 1139 2425 utrique
1154 2385 1326 2415 voluntatis
1343 2386 1428 2416 obie-

369 2436 431 2466 cto,
455 2428 571 2459 scilicet
592 2428 648 2459 fini
667 2435 698 2459 et
716 2428 799 2459 actui
819 2427 1008 2464 extrinsec0;
1036 2429 1145 2459 debuit
1161 2429 1198 2459 de
1215 2436 1351 2470 utroque
1368 2430 1428 2460 dici

369 2473 459 2513 quod
486 2482 553 2502 non
581 2472 738 2513 dependet
759 2482 777 2502 a
799 2472 976 2508 voluntate;
1001 2478 1031 2502 et
1053 2482 1119 2502 non
1143 2473 1248 2512 dispar
1274 2473 1429 2504 iudicium

367 2516 511 2558 proferri,
529 2523 565 2547 ut
585 2516 619 2546 in
641 2516 743 2547 littera
765 2515 810 2547 fit.
826 2533 847 2539 -
862 2516 894 2547 Si
918 2523 1025 2547 autem
1041 2523 1077 2546 ut
1099 2523 1146 2546 est
1169 2517 1295 2547 effectus
1317 2518 1429 2548 volun-

369 2561 450 2597 tatis,
475 2570 550 2591 cum
573 2560 698 2590 bonitas
717 2567 849 2600 utraque
869 2570 906 2590 ex
925 2560 1054 2590 obiectis
1070 2560 1109 2590 ad
1125 2567 1231 2590 actum
1246 2561 1427 2598 voluntatis,

369 2611 401 2635 et
423 2614 460 2635 ex
483 2610 554 2634 actu
583 2603 755 2634 voluntatis
777 2603 810 2633 in
834 2610 940 2634 actum
964 2603 1149 2634 exteriorem
1178 2604 1369 2644 imperatum
1400 2613 1430 2636 et

369 2648 490 2678 factum
505 2647 676 2683 devenerit;
688 2657 744 2687 par
755 2656 886 2687 quoque
901 2647 1008 2677 debuit
1019 2646 1151 2686 proferri
1165 2648 1326 2684 sententia,
1339 2650 1428 2689 quod

370 2697 504 2731 utraque
527 2691 643 2722 scilicet
666 2697 712 2720 est
734 2700 752 2719 a
774 2690 937 2721 voluntate
953 2690 1149 2730 dependente
1172 2692 1210 2721 ab
1230 2691 1354 2722 obiecto
1370 2693 1428 2723 sub

370 2734 508 2770 ratione;
533 2741 563 2765 et
586 2744 662 2770 non,
679 2733 759 2764 sicut
774 2733 807 2763 in
825 2733 927 2764 littera
946 2733 989 2770 fit,
1005 2735 1101 2765 altera
1116 2741 1240 2765 tantum
1255 2736 1379 2766 bonitas
1395 2737 1428 2767 in

369 2778 568 2809 voluntatem
590 2777 711 2808 reduci.=

426 2821 573 2852 Tertium
595 2821 729 2851 dubium
753 2827 812 2857 est,
833 2821 917 2861 quia,
935 2831 1007 2852 cum
1031 2832 1095 2852 una
1123 2822 1429 2854 circumstantiarum

371 2865 458 2896 actus
481 2864 640 2896 exterioris
663 2864 702 2895 sit
725 2863 807 2903 finis,
828 2872 954 2905 oportet
977 2866 1065 2906 quod
1087 2865 1211 2896 bonitas
1234 2873 1321 2897 actus
1345 2875 1428 2899 exte-

370 2909 461 2940 rioris
492 2919 528 2939 ex
555 2918 667 2948 genere
691 2914 721 2939 et
744 2907 983 2939 circumstantiis
1012 2909 1186 2949 dependeat
1208 2920 1226 2940 a
1248 2911 1428 2943 voluntate:

371 2953 525 2994 quoniam
547 2953 586 2983 ab
611 2962 646 2982 ea
670 2952 826 2992 dependet
848 2952 971 2983 bonitas
995 2962 1031 2983 ex
1053 2952 1125 2989 fine,
1150 2960 1186 2984 ut
1208 2953 1240 2983 in
1262 2954 1363 2985 littera
1383 2956 1429 2985 di-

371 2997 460 3028 citur.
484 2997 542 3027 Est
563 3006 638 3036 ergo
665 2995 838 3036 implicatio
868 2996 969 3026 dicere
998 2997 1086 3036 quod
1109 2997 1233 3027 bonitas
1262 3005 1348 3028 actus
1379 3009 1428 3029 ex-

370 3040 492 3072 terioris
511 3050 548 3071 ex
569 3039 632 3070 fine
648 3040 804 3079 dependet
819 3050 836 3069 a
851 3040 1023 3076 voluntate,
1048 3048 1078 3071 et
1108 3041 1196 3080 quod
1222 3041 1346 3072 bonitas
1361 3042 1427 3073 eius

371 3095 408 3116 ex
430 3094 543 3124 genere
565 3091 596 3115 et
620 3083 859 3114 circumstantiis
885 3094 951 3114 non
975 3084 1130 3124 dependet
1149 3094 1186 3114 ex
1205 3093 1254 3114 ea:
1275 3085 1429 3116 clauditur

370 3128 456 3159 enim
478 3128 512 3158 in
534 3127 593 3158 hac
615 3127 739 3158 bonitas
763 3137 800 3157 ex
823 3126 895 3158 fine.
1158 3148 1160 3150 -

428 3173 586 3210 Quartum
605 3171 739 3202 dubium
762 3177 808 3201 est
831 3171 945 3201 directe
961 3177 1069 3201 contra
1084 3170 1258 3202 bonitatem
1273 3179 1360 3204 actus
1377 3183 1428 3204 ex-

370 3216 494 3247 terioris
517 3216 549 3245 in
573 3215 766 3246 executione.
787 3215 871 3252 Quia
895 3225 969 3245 cum
987 3222 1130 3255 respectu
1154 3215 1325 3247 voluntatis
1345 3217 1428 3247 obie-

370 3266 457 3291 ctum
474 3267 504 3291 et
519 3258 591 3289 finis
606 3258 792 3295 coincidant,
807 3266 843 3290 ut
854 3258 974 3289 dictum
989 3265 1035 3289 est
1048 3259 1078 3295 *,
1094 3266 1181 3289 actus
1197 3259 1330 3290 exterior
1343 3260 1428 3291 obie-

370 3311 439 3335 ctus
462 3303 628 3339 voluntati,
653 3309 778 3343 oportet
796 3303 886 3343 quod
901 3302 940 3333 sit
954 3303 1021 3333 eius
1043 3302 1132 3339 finis;
1157 3313 1192 3333 ac
1214 3313 1271 3343 per
1285 3304 1356 3340 hoc,
1372 3314 1427 3335 vo—

368 3348 473 3379 luntas
497 3347 536 3378 sit
558 3348 643 3378 bona
665 3357 702 3377 ex
725 3356 762 3376 eo
792 3347 872 3377 sicut
899 3357 936 3377 ex
964 3346 1037 3377 fine.
1060 3347 1101 3377 Et
1123 3353 1198 3377 tunc
1222 3347 1274 3378 sic.
1298 3348 1427 3379 Bonitas

370 3401 407 3422 ex
429 3391 492 3422 fine
514 3391 547 3421 in
571 3398 642 3421 actu
658 3390 800 3421 exteriori
815 3391 931 3431 pendet
946 3397 1012 3421 tota
1029 3400 1065 3420 ex
1081 3390 1251 3426 voluntate,
1268 3391 1341 3432 quia
1357 3391 1427 3422 finis

370 3442 417 3466 est
440 3435 600 3466 obiectum
623 3434 789 3475 proprium
812 3434 1002 3466 voluntatis:
1027 3435 1080 3464 sed
1104 3434 1226 3464 bonitas
1242 3442 1329 3466 actus
1346 3443 1427 3467 exte-

369 3479 460 3510 rioris
484 3486 530 3510 est
552 3479 675 3509 bonitas
700 3488 736 3509 ex
758 3477 830 3514 fine,
854 3478 929 3519 quia
951 3485 1038 3509 actus
1062 3478 1193 3509 exterior
1216 3479 1375 3510 obiectum
1398 3487 1428 3511 et

369 3522 441 3554 finis
457 3530 503 3554 est
518 3522 702 3554 voluntatis:
727 3532 800 3562 ergo
816 3528 883 3553 tota
897 3522 1022 3553 bonitas
1038 3529 1124 3553 actus
1140 3522 1296 3553 exterioris
1312 3524 1428 3563 pendet

371 3577 408 3598 ex
430 3567 611 3604 voluntate,
636 3573 667 3597 et
688 3566 774 3596 idem
797 3573 844 3597 est
865 3566 1018 3597 iudicium
1042 3567 1080 3596 de
1104 3573 1236 3607 utraque
1259 3567 1407 3599 bonitate.

1529 986 1582 1016 111.
1606 987 1658 1016 Ad
1680 987 1819 1027 primum
1841 987 1958 1018 horum
1981 988 2093 1019 dicitur
2121 987 2208 1028 quod
2231 986 2282 1018 hic
2309 997 2376 1018 non
2399 997 2526 1027 compa-

1473 1036 1559 1060 ratur
1581 1029 1651 1060 finis
1670 1031 1753 1061 actui
1769 1031 1920 1067 exteriori,
1938 1039 1973 1062 ut
1987 1038 2208 1071 argumentum
2231 1032 2341 1062 credit:
2366 1031 2420 1061 sed
2439 1041 2526 1062 com-

1474 1081 1600 1114 paratur
1618 1074 1741 1105 bonitas
1764 1075 1814 1104 vel
1837 1075 1955 1106 malitia
1970 1085 2007 1105 ex
2022 1075 2084 1106 fine
2098 1076 2130 1105 in
2146 1082 2216 1106 actu
2231 1075 2373 1111 exteriori
2389 1075 2525 1111 inventa,

1474 1117 1608 1148 bonitati
1622 1119 1673 1148 vel
1691 1118 1827 1149 malitiae
1851 1129 1887 1149 ex
1909 1129 2021 1158 genere
2044 1126 2074 1150 et
2098 1119 2336 1150 circumstantiis
2358 1119 2391 1149 in
2414 1119 2527 1149 eodem

1475 1161 1634 1192 existente.
1663 1163 1756 1193 Verbi
1780 1162 1891 1202 gratia,
1914 1162 1947 1192 in
1975 1163 2036 1193 hoc
2060 1170 2149 1199 actu,
2173 1163 2219 1193 uti
2248 1173 2280 1193 re
2304 1173 2374 1199 sua,
2398 1164 2526 1203 quando

1475 1212 1610 1245 oportet,
1628 1213 1696 1242 etc.,
1713 1213 1842 1246 propter
1863 1207 1985 1237 bonurn
2008 1207 2134 1246 patriae,
2154 1206 2310 1237 invenitur
2333 1207 2448 1246 duplex
2470 1207 2527 1237 bo-

1475 1249 1568 1280 nitas:
1594 1250 1708 1280 scilicet
1731 1260 1767 1280 ex
1790 1249 1865 1286 fine,
1890 1250 1964 1291 quia
1986 1257 2115 1290 propter
2137 1250 2259 1280 bonum
2282 1250 2415 1290 patriae;
2439 1257 2470 1280 et
2492 1260 2529 1280 ex

1475 1303 1587 1332 genere
1610 1300 1640 1324 et
1663 1293 1910 1330 circumstantiis,
1931 1294 2006 1334 quia
2027 1304 2060 1324 re
2083 1304 2149 1330 sua,
2168 1294 2296 1334 quando
2320 1300 2454 1334 oportet,
2471 1301 2527 1324 etc.

1476 1337 1517 1366 Et
1539 1336 1573 1366 fit
1595 1337 1646 1367 hic
1670 1338 1863 1377 comparatio
1887 1347 2005 1368 earum.
2025 1338 2065 1368 Et
2088 1338 2201 1369 dicitur
2223 1337 2336 1378 primo,
2361 1338 2449 1378 quod
2471 1338 2529 1368 bo-

1477 1380 1557 1409 nitas
1581 1390 1617 1410 ex
1639 1379 1701 1410 fine
1724 1381 1757 1411 in
1779 1381 1963 1412 huiusmodi
1982 1388 2053 1412 actu
2077 1382 2212 1418 inventa,
2229 1382 2345 1421 pendet
2367 1391 2423 1422 per
2445 1391 2477 1412 se
2494 1391 2530 1412 ex

1477 1423 1617 1453 interiori
1641 1430 1711 1454 actu
1730 1425 1915 1455 voluntatis:
1940 1425 2015 1465 quia
2037 1424 2118 1461 finis,
2134 1436 2171 1456 ex
2193 1426 2254 1456 hoc
2276 1425 2365 1466 quod
2388 1432 2434 1456 est
2456 1435 2530 1465 pro-

1478 1466 1584 1506 prium
1606 1467 1777 1498 voluntatis
1800 1468 1899 1498 solius
1922 1469 2091 1505 obiectum,
2117 1469 2237 1500 confert
2252 1469 2332 1500 inter
2347 1475 2433 1500 actus
2448 1469 2531 1500 actui

1478 1510 1649 1541 voluntatis
1665 1511 1768 1550 primo
1786 1511 1958 1542 bonitatem
1975 1522 2074 1542 suam.
2095 1513 2140 1543 Ita
2156 1514 2244 1553 quod
2258 1513 2428 1544 voluntatis
2444 1519 2531 1543 actus

1479 1560 1525 1584 est
1548 1554 1652 1594 primo
1676 1555 1779 1584 bonus
1803 1555 1857 1585 tali
1880 1555 2035 1591 bonitate,
2061 1562 2090 1586 et
2113 1566 2168 1596 per
2190 1557 2296 1596 ipsum
2319 1557 2388 1587 talis
2407 1556 2531 1587 bonitas

1480 1598 1627 1628 convenit
1650 1598 1838 1639 cuicumque
1869 1599 2030 1629 convenit:
2055 1606 2085 1629 et
2107 1607 2334 1640 consequenter
2361 1607 2448 1631 actus
2473 1600 2531 1631 hu-

1479 1651 1593 1672 manus
1617 1642 1749 1672 exterior
1776 1642 1933 1682 praefatus
1956 1643 2049 1673 habet
2071 1644 2159 1683 quod
2182 1643 2221 1673 sit
2243 1644 2297 1674 tali
2315 1644 2454 1674 bonitate
2475 1645 2531 1674 bo-

1480 1695 1555 1721 nus,
1580 1695 1616 1715 ex
1639 1692 1710 1716 actu
1734 1685 1874 1716 interiori
1897 1686 2076 1716 voluntatis.
2094 1703 2112 1708 -
2128 1687 2250 1717 Dicitur
2272 1688 2420 1723 secundo,
2445 1688 2533 1727 quod

1480 1729 1604 1759 bonitas
1624 1739 1660 1759 ex
1680 1739 1792 1769 genere
1816 1736 1846 1760 et
1870 1729 2108 1760 circumstantiis
2127 1730 2160 1760 in
2182 1731 2295 1760 eodem
2311 1738 2382 1761 actu
2398 1731 2533 1767 inventa,

1481 1783 1547 1803 non
1570 1773 1686 1813 pendet
1709 1783 1745 1804 ex
1767 1773 1948 1810 voluntate,
1973 1774 2048 1813 quia
2070 1784 2136 1804 non
2159 1774 2230 1804 ideo
2253 1774 2304 1805 hic
2327 1781 2414 1805 actus
2430 1781 2475 1805 est
2491 1775 2534 1805 sic

1479 1818 1594 1853 bonus,
1619 1817 1693 1858 quia
1716 1817 1796 1847 velle
1818 1817 1925 1857 ipsum
1948 1824 1994 1848 est
2015 1818 2148 1853 bonum,
2165 1818 2220 1848 sed
2244 1828 2260 1848 e
2284 1827 2455 1849 converso:
2481 1819 2535 1849 sed

1479 1861 1596 1901 pendet
1619 1871 1655 1891 ex
1676 1861 1807 1892 ratione.
1833 1862 1915 1892 Inter
1936 1861 2092 1902 potentias
2120 1862 2204 1892 enim
2228 1862 2360 1898 animae,
2384 1862 2535 1902 principia

1481 1905 1608 1935 moralis
1631 1905 1780 1935 bonitatis
1809 1905 1859 1935 vel
1884 1905 2020 1936 malitiae
2043 1912 2117 1936 sunt
2139 1906 2218 1936 ratio
2245 1906 2295 1936 vel
2317 1907 2472 1937 voluntas.
2502 1906 2534 1937 Si

1481 1958 1555 1988 ergo
1578 1949 1726 1979 voluntas
1749 1959 1815 1979 non
1832 1955 1878 1979 est
1895 1959 1951 1989 per
1967 1959 1999 1979 se
2014 1959 2107 1980 causa
2121 1949 2226 1986 huius,
2243 1950 2428 1990 relinquitur
2447 1951 2534 1991 quod

1480 1992 1559 2022 ratio
1583 1993 1632 2023 sit.
1655 1993 1696 2023 Et
1719 2002 1824 2022 revera
1847 1992 1925 2023 ratio
1948 1999 1993 2023 est
2012 1993 2203 2033 principium
2219 2003 2285 2023 non
2308 1994 2414 2024 solum
2430 1994 2534 2030 huius,

1481 2036 1535 2066 sed
1552 2036 1646 2066 etiam
1669 2036 1774 2066 omnis
1790 2036 1936 2067 bonitatis
1953 2043 1983 2067 et
1998 2037 2134 2067 malitiae
2149 2037 2286 2073 moralis,
2303 2037 2377 2078 quia
2392 2045 2437 2068 est
2452 2038 2535 2078 prin-

1481 2080 1600 2120 cipium
1631 2080 1728 2110 totius
1756 2090 1823 2110 esse
1850 2080 1996 2110 moralis:
2021 2081 2076 2111 sed
2098 2081 2173 2121 quia
2202 2081 2326 2111 bonitas
2354 2082 2479 2112 inventa
2502 2082 2533 2112 in

1480 2124 1623 2154 exteriori
1646 2130 1717 2154 actu
1745 2134 1782 2154 ex
1804 2123 1882 2160 fine,
1906 2125 2022 2164 pendet
2044 2135 2110 2154 non
2133 2125 2239 2156 solum
2262 2135 2299 2155 ex
2320 2125 2456 2162 ratione,
2481 2126 2535 2156 sed

1481 2168 1574 2198 etiam
1605 2177 1660 2207 per
1690 2177 1722 2198 se
1746 2178 1783 2198 ex
1805 2168 1966 2198 voluntate
1997 2168 2156 2204 interiori;
2182 2179 2218 2199 ex
2240 2179 2352 2208 genere
2375 2176 2482 2200 autern
2505 2176 2535 2200 et

1482 2211 1730 2247 circumstantiis,
1756 2221 1792 2241 ex
1815 2211 1935 2242 ratione
1954 2212 2078 2248 solum;
2103 2212 2174 2242 ideo
2197 2212 2251 2242 illa
2273 2213 2306 2243 in
2328 2213 2534 2249 voluntatem,

1481 2262 1517 2285 ut
1535 2255 1714 2294 proximam
1736 2265 1791 2294 per
1814 2265 1847 2284 se
1870 2265 2007 2290 causam,
2023 2255 2100 2285 haec
2115 2255 2148 2285 in
2163 2256 2316 2286 rationem
2333 2257 2466 2287 deducta
2480 2264 2535 2287 est.

1540 2299 1592 2329 IV.
1609 2299 1660 2328 Ad
1676 2299 1852 2328 secundum
1875 2298 1988 2329 dicitur
2002 2298 2020 2318 *
2034 2299 2132 2339 quod,
2149 2299 2221 2330 licet
2243 2300 2292 2330 hic
2312 2310 2415 2331 sermo
2435 2301 2485 2334 sit,
2496 2301 2534 2331 de

1482 2349 1553 2373 actu
1577 2342 1720 2372 exteriori
1743 2342 1934 2382 simpliciter,
1951 2349 1981 2373 et
1996 2352 2062 2372 non
2077 2343 2217 2373 restricto
2241 2344 2280 2373 ad
2304 2344 2536 2381 executionem;

1480 2393 1587 2417 tamen
1609 2386 1771 2426 iungendo
1793 2386 1900 2426 ipsum
1916 2396 1990 2416 cum
2007 2386 2094 2417 dictis
2109 2386 2141 2417 in
2157 2387 2287 2418 articulo
2303 2389 2499 2427 praecedenti
2510 2389 2535 2425 *‚

1482 2437 1586 2470 potest
1609 2430 1670 2460 dici
1697 2430 1786 2470 quod
1808 2430 1859 2460 hic
1882 2437 1928 2460 est
1950 2440 2054 2461 sermo
2078 2431 2116 2460 de
2140 2438 2210 2461 actu
2235 2432 2377 2462 exteriori
2401 2440 2536 2473 utroque

1482 2475 1596 2510 modo,
1620 2481 1656 2504 ut
1677 2474 1710 2503 in
1732 2474 1833 2504 littera
1856 2481 1950 2514 patet.
1982 2474 2022 2505 Et
2045 2484 2120 2504 cum
2142 2482 2249 2505 contra
2273 2475 2412 2515 primum
2437 2487 2536 2507 mern-

1483 2519 1576 2548 brum
1607 2518 1768 2554 obiicitur,
1793 2518 2001 2557 respondetur
2024 2518 2144 2563 primo,
2170 2519 2258 2559 quod
2285 2529 2350 2550 non
2379 2527 2425 2550 est
2451 2520 2537 2551 idem

1481 2562 1571 2611 loqui
1596 2562 1634 2592 de
1657 2568 1728 2592 actu
1752 2561 1896 2592 exteriori
1918 2562 2071 2597 absolute,
2089 2568 2119 2592 et
2133 2569 2168 2592 ut
2187 2563 2346 2593 obiectum
2362 2570 2408 2594 est
2422 2564 2536 2594 volun-

1482 2606 1564 2636 tatis.
1584 2606 1625 2636 Et
1647 2612 1876 2645 consequenter
1894 2615 1960 2635 non
1979 2611 2025 2636 est
2039 2605 2124 2635 idem
2141 2606 2258 2636 dicere.
2277 2608 2376 2638 Actus
2395 2609 2536 2638 exterior

1483 2654 1529 2679 est
1550 2649 1724 2679 secundum
1752 2658 1786 2679 se
1814 2649 1914 2679 bonus
1937 2649 1987 2679 vel
2009 2650 2131 2686 malus,
2153 2655 2183 2680 et
2205 2660 2267 2680 non
2291 2661 2333 2681 ex
2355 2652 2537 2689 voluntate;

1482 2699 1513 2723 et
1536 2693 1636 2722 dicere
1665 2693 1753 2732 quod
1775 2692 1927 2722 obiectum
1952 2693 2124 2723 voluntatis
2147 2699 2192 2724 est
2215 2694 2329 2725 bonum
2362 2696 2534 2726 secundum

1481 2746 1534 2773 se,
1559 2741 1588 2766 et
1611 2745 1674 2766 non
1699 2746 1740 2768 ex
1767 2736 1937 2766 voluntate.
1961 2739 2060 2767 Actus
2088 2737 2173 2767 enim
2202 2739 2334 2771 exterior
2362 2741 2536 2770 secundum

1482 2790 1514 2810 se
1547 2779 1695 2810 abstrahit
1717 2780 1755 2809 ab
1779 2779 1922 2816 obiecto,
1948 2790 2013 2810 non
2037 2780 2160 2811 obiecto
2183 2782 2362 2814 voluntatis.
2379 2800 2397 2806 -
2416 2783 2538 2814 Dicitur

1482 2824 1632 2859 secundo,
1653 2823 1743 2863 quod
1763 2823 1815 2854 hic
1838 2823 1932 2854 etiam
1955 2823 2064 2855 incidit
2095 2834 2180 2855 error
2203 2825 2284 2856 sicut
2308 2826 2340 2856 in
2360 2827 2456 2866 priori
2480 2828 2536 2858 du-

1482 2866 1579 2898 bio'*:
1604 2867 1679 2907 quia
1694 2877 1760 2897 non
1782 2866 1818 2897 fit
1841 2868 2034 2907 comparatio
2059 2868 2172 2899 obiecti
2200 2870 2239 2899 ad
2262 2870 2435 2907 obiectum,
2460 2878 2536 2911 puta

1482 2918 1569 2942 actus
1593 2911 1751 2942 exterioris
1775 2911 1815 2941 ad
1836 2911 1951 2948 finem;
1975 2912 2030 2942 sed
2053 2912 2201 2942 bonitatis
2224 2919 2311 2944 actus
2339 2924 2375 2944 ex
2397 2913 2473 2951 fine,
2498 2916 2536 2946 ad

1481 2955 1655 2985 bonitatem
1675 2955 1816 2985 eiusdem
1839 2965 1876 2985 ex
1897 2965 2009 2995 genere
2028 2962 2059 2986 et
2073 2955 2322 2988 circumstantiis.
2346 2958 2447 2995 Unde,
2463 2959 2536 2990 dato

1482 2999 1571 3039 quod
1597 2999 1683 3028 idem
1706 2998 1744 3029 sit
1766 2998 1918 3029 iudicium
1948 2999 1986 3029 de
2009 2999 2148 3030 bonitate
2176 3007 2263 3031 actus
2286 3008 2316 3032 et
2338 3001 2424 3038 finis,
2448 3003 2537 3043 quod

1481 3042 1597 3074 scilicet
1623 3049 1734 3075 neutra
1761 3042 1877 3081 pendet
1900 3052 1936 3073 ex
1958 3042 2135 3079 voluntate;
2159 3054 2225 3074 non
2249 3051 2354 3075 tamen
2378 3053 2424 3076 est
2452 3046 2537 3077 idem

1480 3085 1633 3116 iudicium
1649 3086 1686 3116 de
1706 3086 1845 3116 bonitate
1864 3096 1900 3116 ex
1922 3085 1985 3117 fine
2007 3087 2188 3127 participata
2203 3088 2236 3118 in
2251 3096 2332 3125 actu,
2353 3096 2384 3120 et
2398 3090 2536 3121 bonitate

1481 3129 1623 3160 eiusdem
1650 3130 1826 3160 secundum
1853 3139 1952 3169 genus
1980 3137 2011 3161 et
2039 3130 2300 3163 circumstantias:
2326 3133 2401 3173 quia
2423 3134 2477 3164 illa
2501 3145 2536 3164 ex

1480 3174 1652 3210 voluntate,
1676 3173 1752 3204 haec
1775 3183 1850 3210 non,
1870 3174 1995 3213 pendet.
2012 3174 2053 3205 Et
2074 3175 2135 3205 hoc
2154 3174 2189 3206 fit
2211 3176 2243 3206 in
2266 3177 2376 3208 littera.
2391 3195 2412 3201 -
2427 3178 2535 3209 Tertio

1481 3217 1593 3247 dicitur
1615 3217 1713 3257 quod,
1731 3217 1756 3247 si
1780 3225 1980 3257 comparetur
2003 3218 2163 3249 obiectum
2183 3220 2223 3249 ad
2245 3221 2413 3257 obiectum,
2433 3222 2535 3253 adhuc

1480 3261 1600 3301 aliquid
1628 3260 1783 3300 singulare
1810 3261 2019 3293 insinuaretur
2041 3262 2074 3292 in
2097 3270 2167 3294 actu
2196 3265 2284 3304 quod
2314 3275 2380 3295 non
2406 3265 2438 3295 in
2462 3265 2533 3302 fine,

1480 3305 1612 3335 dicendo
1642 3305 1731 3345 quod
1757 3305 1881 3336 bonitas
1904 3312 1990 3337 actus
2019 3306 2179 3337 extrinseci
2201 3308 2314 3338 obiecti
2341 3318 2407 3338 non
2431 3316 2476 3340 est
2499 3319 2535 3340 ex

1479 3349 1650 3379 voluntate.
1675 3348 1760 3386 Quia
1773 3349 1834 3379 hoc
1857 3349 2016 3381 obiectum
2034 3350 2133 3381 differt
2148 3362 2165 3381 a
2181 3350 2242 3381 fine
2266 3351 2447 3392 dupliciter:
2472 3353 2534 3393 pri-

1479 3402 1545 3428 mo,
1569 3392 1643 3433 quia
1666 3399 1712 3423 est
1734 3393 1815 3424 actio
1839 3394 2012 3434 qu;aedam
2037 3395 2186 3431 secundo,
2206 3395 2279 3435 quia
2295 3402 2340 3426 est
2355 3396 2534 3436 dependens

1480 3447 1498 3466 a
1520 3437 1692 3473 voluntate,
1717 3443 1762 3467 est
1785 3437 1870 3467 enim
1893 3444 1980 3468 actus
1998 3438 2175 3474 humanus;
2198 3438 2268 3469 finis
2288 3446 2393 3470 autern
2409 3449 2466 3471 nec
2482 3441 2533 3471 de·
2562 3449 2565 3453 '

1480 3480 1620 3520 pendens
1644 3480 1763 3521 aliquid
1785 3491 1804 3511 a
1826 3481 1998 3518 voluntate,
2022 3492 2079 3513 nec
2103 3483 2259 3513 actionem
2280 3483 2419 3524 aliquam
2435 3485 2533 3524 expri-

1480 3524 1548 3555 mit.
1573 3524 1664 3555 Unde
1688 3525 1789 3555 dicere
1812 3525 1850 3555 de
1869 3525 1991 3556 actione
2007 3536 2025 3556 a
2042 3526 2203 3557 voluntate
2226 3527 2430 3567 dependente,
2445 3529 2533 3568 quod

1480 3578 1537 3598 nec
1561 3568 1715 3608 dependet
1738 3569 1770 3599 in
1794 3569 1921 3610 propria
1944 3570 2081 3600 bonitate
2105 3571 2143 3600 ab
2166 3577 2236 3602 actu
2259 3571 2398 3602 interiori
2421 3573 2534 3603 volun-

2563 2305 2573 2315 *
2588 2304 2624 2325 Cf.
2638 2309 2704 2325 num.
2717 2310 2741 2325 n.

2563 2392 2574 2403 ⁸
2585 2391 2715 2413 Commeat.
2726 2396 2748 2412 n.
2756 2396 2774 2412 n

2564 2874 2573 2882 ·
2582 2871 2618 2893 cf.
2626 2878 2688 2893 num.
2697 2878 2775 2900 praec.
