2846 4146
96 710 204 737 ‘Ethic.,
220 710 259 731 lib.
274 709 306 736 Π,

158 742 190 758 VH

96 743 169 784 cap-h·
189 742 240 784 lect.
251 742 307 783 vni}

96 790 136 811 lib.
152 789 198 815 tv,
214 794 264 816 cap.
279 795 305 815 v,

98 821 122 837 n.
133 821 151 842 ις
167 821 187 836 s.
192 805 242 836 Th.
254 804 306 836 lect.

95 847 144 863 xm:
162 842 203 863 lib.
213 841 243 867 V.
254 847 306 868 cap.

93 873 108 895 ι,
127 874 154 894 [ις
169 874 189 889 5.
197 857 243 889 Th.
253 867 304 889 lect.

95 900 103 916 Ι
116 900 168 922 qu

94 1173 169 1201 Qu.
177 1179 223 1200 ux,
231 1176 272 1195 art.
281 1179 303 1199 4,

97 1200 125 1221 ad
142 1206 156 1221 ι.

93 2727 104 2738 “
115 2726 151 2749 Cf.
161 2732 224 2751 num.
235 2732 269 2754 m,
280 2732 302 2748 v.

338 200 412 236 388

335 279 449 315 ficant
465 283 482 300 α
500 278 708 326 passiones,
734 285 884 327 oportet
903 278 1009 326 quod
1029 278 1142 315 etiam
1170 291 1240 327 per
1263 290 1396 314 conse-

336 342 457 379 quens
490 330 696 367 rectificent
721 331 973 379 operationes.
1004 331 1175 367 Eaedem
1205 342 1295 378 ergo
1322 330 1396 366 vir-

336 390 432 420 tutes
460 383 625 420 morales
650 391 736 420 sunt
755 383 853 421 circa
871 383 1068 432 passiones
1089 391 1124 419 et
1144 382 1393 431 operationes.

390 436 424 472 3.
445 436 678 482 PRAETEREA,
699 436 748 473 ad
768 448 924 472 omnem
946 435 1209 484 operationem
1239 434 1396 471 exterio-

335 500 416 525 rem
445 496 624 527 movetur
651 488 838 537 appetitus
861 487 1063 525 sensitivus
1083 488 1180 524 bene
1199 487 1262 524 vel
1282 487 1393 524 male.

337 541 414 578 Sed
428 547 556 578 motus
570 541 758 589 appetitus
772 540 938 579 sensitivi
957 547 1043 576 sunt
1061 539 1270 587 passiones.
1292 539 1394 586 Ergo

336 593 495 630 eaedem
514 593 671 630 virtutes
696 605 793 641 quae
814 599 900 629 sunt
919 592 1016 628 circa
1035 591 1287 640 operationes,
1309 599 1396 628 sunt

336 645 434 683 eirca
460 646 669 694 passiones.

389 698 464 735 SED
484 710 629 735 CONTRA
647 709 713 734 EST
732 696 837 744 quod
857 695 1112 744 Philosophus
1129 697 1148 718 *
1167 695 1274 746 ponit
1293 695 1394 733 iusti-

334 750 425 789 tiam
453 751 552 788 circa
579 750 839 799 operationes3
873 749 1163 797 temperantiam
1201 757 1328 786 autem
1358 756 1395 786 et

335 803 592 840 fortitudinem
622 810 658 839 et
689 801 1041 848 mansuetudinem,
1071 801 1170 839 circa
1197 801 1394 851 passiones

335 856 532 904 quasdam.

387 909 611 945 Responzo
626 918 808 944 mcENDUM
828 906 933 957 quod
948 906 1117 956 operatio
1135 913 1172 945 et
1183 905 1309 956 passio
1326 907 1393 944 du-

333 960 477 1009 pliciter
495 967 619 1011 potest
638 959 851 1008 comparari
870 959 919 996 ad
936 959 1127 998 virtutem.
1152 959 1239 996 Uno
1260 959 1393 1006 modo,

335 1012 429 1053 sicut
448 1012 616 1051 effectus.
639 1012 688 1048 Et
710 1013 784 1051 hoc
805 1013 936 1059 modo,
958 1012 1081 1051 omnis
1101 1011 1255 1048 moralis
1274 1012 1394 1050 virtus

333 1066 447 1103 habet
467 1065 611 1114 aliquas
631 1064 874 1113 operationes
893 1066 1027 1111 bonas,
1047 1077 1211 1112 quarum
1232 1072 1288 1101 est
1305 1077 1393 1112 pro-

333 1118 506 1164 ductiva3
536 1125 572 1154 et
600 1117 891 1154 delectationem
919 1117 1085 1166 aliquam
1113 1117 1176 1154 vel
1195 1116 1391 1165 tristitiam,

334 1183 431 1221 quae
460 1178 547 1209 sunt
574 1170 783 1220 passiones,
812 1178 854 1207 ut
882 1182 995 1219 supra
1017 1170 1038 1191 ³¹·
1066 1169 1207 1207 dictum
1239 1178 1306 1207 est.

385 1223 470 1263 Alio
498 1223 616 1264 modo
645 1230 769 1272 potest
801 1222 1014 1273 comparari
1043 1222 1213 1271 operatio
1242 1222 1291 1260 ad
1317 1222 1392 1261 vir—

332 1283 451 1315 tutem
478 1277 676 1323 moralem,
707 1275 802 1316 sieut
824 1275 983 1315 materia
1002 1275 1100 1314 circa
1120 1287 1237 1323 quam
1257 1282 1322 1312 est.
1344 1276 1393 1313 Et

333 1329 545 1368 secundum
564 1330 650 1376 hoc,
671 1336 822 1378 oportet
839 1329 930 1366 alias
950 1340 1035 1365 esse·
1051 1328 1208 1365 virtutes
1229 1328 1393 1365 morales

334 1382 430 1418 circa
459 1381 712 1430 operationes,
743 1389 779 1418 et
807 1381 897 1418 alias
917 1381 1016 1418 circa
1034 1381 1243 1430 passiones.
1273 1381 1393 1418 Cuius

332 1434 425 1474 ratio
455 1442 530 1481 est,
561 1436 650 1482 quia
677 1436 824 1473 bonurn
858 1442 894 1471 et
921 1435 1066 1471 malum
1094 1434 1133 1472 in
1161 1434 1390 1483 quibusdam

332 1487 616 1536 operationibus
644 1488 846 1527 attenditur
874 1487 1090 1527 secundum
1114 1486 1269 1535 seipsas,
1300 1499 1392 1535 qua—

331 1539 579 1589 utercumque
606 1541 726 1582 homo
760 1539 946 1580 afficiatur
973 1539 1022 1580 ad
1051 1552 1136 1579 eas:
1165 1539 1394 1588 inquantum

332 1593 471 1630 scilicet
497 1594 645 1630 bonum
673 1594 711 1630 in
741 1593 796 1630 eis
823 1600 859 1630 et
885 1593 1031 1631 malum
1060 1592 1240 1641 accipitur
1258 1605 1393 1629 secun·

333 1645 425 1683 dum
446 1646 632 1683 rationem
653 1645 1033 1683 commensurationis
1053 1645 1102 1683 ad
1117 1644 1132 1675 β
1151 1646 1322 1682 alterum.
1343 1646 1393 1682 Et

330 1698 369 1735 in
397 1699 532 1737 talibus
561 1706 712 1748 oportet
739 1699 844 1748 quod
864 1698 910 1735 si‘t
928 1698 1052 1746 aliqua
1071 1698 1191 1735 virtus
1211 1698 1394 1735 directiva

331 1752 597 1801 operationum
617 1752 830 1790 secundum
850 1751 1010 1801 seipsas:
1031 1751 1130 1789 sicut
1146 1758 1234 1788 sunt
1249 1751 1389 1800 emptio

331 1811 367 1841 et
392 1804 573 1852 venditio,
600 1812 636 1842 et
664 1817 799 1843 omnes
818 1810 834 1833 Υ
853 1803 1072 1844 huiusmodi
1093 1803 1336 1852 operationes
1353 1803 1394 1843 in

382 1918 410 1953 α)
430 1919 586 1951 rectifioant.
597 1932 617 1938 -
633 1922 698 1943 sunt
714 1917 890 1950 ”edificantes
909 1917 960 1943 EF.

382 1953 408 1988 β)
428 1954 473 1981 ad.
485 1968 504 1974 -
521 1957 548 1979 et
565 1954 602 1979 ad
620 1953 891 1986 ABCDEFGIKLpI-l.

1042 200 1307 247 QUAESTlo
1337 202 1420 247 Lx,

1449 201 1744 238 ARTICULUS
1774 203 1805 238 11

1451 278 1590 325 quibus
1617 279 1821 316 attenditur
1848 279 1942 316 ratio
1964 280 2079 318 debiti
2098 282 2158 318 vel
2179 281 2333 318 indebiti
2354 282 2402 319 ad
2423 282 2510 318 alte-

1451 342 1548 367 rum.
1566 331 1615 367 Et
1628 339 1784 379 propter
1802 332 1888 378 hoc,
1905 331 2042 370 iustitia
2063 341 2099 370 et
2117 341 2240 382 partes
2261 334 2341 370 eius
2359 334 2511 384 proprie

1451 390 1538 419 sunt
1565 383 1662 419 circa
1691 383 1931 434 operationes
1951 384 2045 422 sicut
2065 386 2161 422 circa
2180 386 2374 436 propriam
2395 393 2511 424 mate-

1451 434 1558 473 riam.
1574 456 1597 462 -
1596 437 1662 473 In
1689 435 1920 484 quibusdam
1945 449 2040 474 vero
2059 438 2344 487 operationibus
2363 439 2510 477 bonum

1451 494 1487 525 et
1506 488 1651 527 malum
1671 488 1873 527 attenditur
1892 489 2018 527 solum
2036 492 2249 529 secundum
2270 502 2510 529 commensu-

1450 539 1636 576 rationem
1657 540 1706 577 ad
1721 548 1956 588 operantem.
1974 542 2023 578 Et
2041 542 2128 580 ideo
2148 551 2298 592 oportet
2317 543 2355 580 in
2369 543 2428 580 his
2442 543 2510 580 bo-

1450 596 1552 628 num'
1565 599 1600 628 et
1618 593 1763 629 malum
1779 592 2022 640 considerari,
2038 596 2250 632 secundum
2266 595 2371 644 quod
2389 596 2509 633 homo

1450 645 1546 683 bene
1574 645 1637 681 vel
1665 645 1765 683 male
1794 645 1955 683 afficitur
1982 646 2080 684 circa
2099 647 2334 688 huiusmodi.
2355 649 2405 685 Et
2421 660 2510 697 pro-

1448 703 1532 745 pter
1562 697 1654 743 hoc,
1689 705 1839 747 oportet
1868 698 1976 748 quod
2007 699 2164 738 virtutes
2197 700 2248 747 in!
2267 700 2404 738 talibus
2437 701 2510 738 sint

1449 748 1704 798 principaliter
1729 750 1828 788 circa
1855 750 2052 789 interiores
2079 752 2313 800 affectiones,
2333 765 2431 802 quae
2454 753 2509 791 di-

1449 810 1584 839 cuntur
1602 802 1753 840 animae
1771 803 1985 852 passiones:
2006 803 2101 840 sicut
2114 811 2216 852 patet
2232 805 2278 842 de
2293 813 2508 854 temperan-

1447 855 1514 902 tia,
1541 855 1757 892 fortitudine
1785 862 1823 892 et
1851 856 1931 893 aliis
1957 855 2219 894 huiusmodi.

1502 908 1694 957 Contingit
1726 916 1853 945 autem
1886 908 1992 957 quod
2024 908 2062 945 in
2095 908 2380 958 operationibus
2408 923 2508 959 quae

1448 968 1535 999 sunt
1563 961 1612 998 ad
1639 961 1812 1008 alterum,
1842 960 2160 1010 praetermittatur
2187 962 2336 1001 bonum
2361 961 2509 1022 virtutis

1446 1020 1602 1061 propter
1619 1013 1872 1052 inordinatam
1888 1013 2007 1052 animi
2025 1013 2255 1074 passionem.
2271 1015 2320 1052 Et
2337 1015 2508 1062 tunc,in·-

1447 1073 1631 1114 quantum
1668 1066 1923 1114 corrumpitur
1956 1066 2278 1104 commensuratio
2315 1067 2508 1105 exterioris

1448 1117 1690 1166 operationis,
1711 1126 1767 1155 est
1786 1118 1977 1168 corruptio
1997 1118 2179 1156 iustitiae:
2198 1119 2422 1179 inquantum
2443 1131 2509 1156 au-

1446 1177 1524 1208 tem
1550 1170 1804 1219 corrumpitur
1831 1172 2152 1208 commensuratio
2181 1171 2406 1211 interiorum
2422 1184 2508 1232 pas—

1447 1222 1621 1270 sionum,
1656 1231 1710 1261 est
1747 1223 1939 1275 corruptio
1972 1223 2128 1263 alicuius
2162 1224 2315 1263 alterius
2349 1224 2506 1265 virtmis

1448 1275 1552 1315 Sicut
1580 1268 1668 1314 cum
1696 1283 1852 1325 propter
1879 1276 1974 1315 iram
1994 1276 2126 1326 aliquis
2146 1277 2262 1315 alium
2280 1277 2450 1338 percutit,
2468 1277 2509 1315 in

1446 1328 1531 1378 ipsa
1554 1328 1800 1378 percussione
1823 1329 1992 1366 indebita
2012 1329 2268 1390 corrumpitur
2282 1330 2442 1368 iustitia.
2469 1330 2510 1369 in

1446 1381 1739 1419 immoderantia
1756 1394 1851 1419 vero
1870 1382 1948 1419 irae
1969 1382 2222 1433 corrumpitur
2239 1383 2505 1423 mansuetudo.

1447 1435 1496 1474 Et
1521 1435 1625 1474 idem
1653 1442 1757 1484 patet
1781 1435 1820 1471 in
1848 1435 1941 1472 aliis

1499 1488 1549 1524 Et
1575 1499 1645 1537 per
1670 1487 1746 1526 hoc
1772 1494 1878 1537 patet
1903 1487 2101 1536 responsio
2130 1487 2180 1525 ad
2208 1487 2368 1526 obiecta.
2402 1488 2509 1527 Nam

1446 1539 1570 1589 prima
1606 1540 1700 1579 ratio
1731 1540 1904 1589 procedit
1940 1540 1987 1579 de
2023 1540 2268 1589 operatione,
2296 1540 2508 1579 secundum

1447 1593 1550 1641 quod
1570 1600 1626 1630 est
1645 1593 1803 1629 effeetus
1821 1593 1979 1630 virtutis.
1998 1614 2022 1623 -
2035 1592 2141 1630 Aliae
2160 1605 2254 1630 vero
2279 1594 2379 1630 duae
2396 1593 2508 1630 ratio·

1447 1658 1515 1682 nes
1541 1645 1755 1693 procedunt
1782 1657 1828 1681 ex
1847 1646 1937 1692 hoc,
1959 1645 2066 1694 quod
2089 1645 2137 1682 ad
2155 1645 2257 1682 idem
2279 1653 2510 1684 concurrtmt

1447 1698 1617 1747 operatio
1647 1705 1684 1734 et
1709 1697 1852 1746 passio
1881 1698 1958 1735 Sed
1986 1697 2024 1734 in
2053 1697 2281 1746 quibusdam
2308 1698 2428 1737 virtus
2453 1705 2509 1737 est

1444 1750 1698 1801 principaliter
1713 1750 1811 1789 circa
1826 1750 2100 1800 operationem,
2103 1750 2149 1789 in
2164 1750 2394 1800 quibusdam
2409 1751 2508 1803 circa

1445 1803 1680 1852 passionem,
1706 1802 1851 1841 ratione
1878 1802 2071 1852 praedicta
2089 1802 2121 1840 ²¹⁵.

1459 1915 1538 1976 miii
1540 1923 1639 1941 omnes.
1651 1928 1672 1936 -—
1683 1916 1744 1941 Om.
1761 1916 1840 1942 Pa.-
1854 1916 1905 1942 Pro
1924 1916 1962 1941 ad
1979 1915 2104 1946 alteram,
2119 1917 2159 1942 νει
2177 1916 2214 1941 ad
2231 1917 2346 1943 alterum
2361 1916 2508 1943 ACEFGIL

1441 1959 1457 1984 P

1007 2030 1337 2065 Commentaria
1360 2028 1610 2063 cardinalis
1631 2029 1832 2065 Caietam

360 2124 380 2144 N
404 2113 496 2144 titulo
517 2111 638 2146 articuli
653 2110 783 2145 secundi
799 2109 941 2144 eiusdem
958 2109 1167 2151 sexagesimae
1183 2108 1388 2150 quaestionis,

333 2127 485 2191 {adverte
509 2156 611 2197 quod,
637 2155 718 2189 sicut
741 2153 906 2195 dispositio
934 2161 980 2187 est
1002 2153 1147 2194 superius
1171 2153 1210 2184 ad
1233 2153 1388 2189 habitum,

330 2208 360 2235 et
373 2209 480 2234 tamen
496 2200 661 2241 dispositio
679 2199 881 2239 distinguitur
896 2205 1007 2230 contra
1020 2197 1174 2234 habitum,
1188 2197 1391 2240 appropriato

331 2244 560 2281 communioris
584 2243 714 2276 nomine
738 2242 814 2279 sibi,
838 2242 882 2274 ita
905 2241 1047 2283 operatio
1064 2252 1164 2282 genus
1180 2248 1227 2272 est
1249 2241 1289 2272 ad
1304 2248 1392 2275 actus

331 2289 488 2340 appetitus
511 2287 664 2324 sensifivi,
690 2286 746 2328 qui
767 2292 922 2318 vocantur
944 2285 1118 2326 passiones,
1135 2292 1166 2316 et
1183 2285 1258 2316 alias
1283 2295 1392 2326 opera-

331 2334 444 2369 tiones,
469 2339 501 2364 et
521 2339 627 2365 tamen
649 2330 850 2371 operationes
873 2329 950 2363 aliae
975 2330 1012 2361 ab
1036 2329 1273 2370 operationibus
1297 2339 1392 2370 appe-

331 2377 406 2409 titus
429 2376 581 2413 sensitivi
603 2375 886 2415 appropriaverunt
908 2373 966 2404 sibi
990 2373 1184 2424 operationis
1205 2383 1338 2409 nomen,
1363 2379 1394 2404 et

332 2428 444 2453 contra
451 2420 613 2470 passiones
630 2418 866 2459 distinguuntur
881 2418 939 2449 sub
949 2417 1145 2468 operationis
1156 2417 1331 2455 vocabu103
1345 2427 1392 2453 ea,

331 2472 367 2496 ut
390 2472 480 2515 puto.
497 2465 628 2499 ratione,
647 2462 723 2504 quia
746 2469 833 2495 actus
853 2461 1010 2502 appetitus
1026 2460 1166 2493 sensitivi
1182 2460 1244 2494 hoc
1260 2460 1393 2500 speciale

333 2509 434 2540 sortiti
457 2514 540 2544 sunt,
565 2507 654 2548 quod
676 2506 858 2547 passionem
874 2505 1078 2555 corporalem
1090 2515 1245 2536 annexam
1260 2504 1393 2541 habent;

331 2552 383 2583 alii
404 2562 489 2589 vero,
505 2552 567 2586 hoc
586 2561 652 2582 non
676 2550 842 2591 exigentes.
858 2549 891 2581 in
915 2549 1080 2582 communi
1104 2555 1322 2582 remanserunt
1336 2558 1393 2579 vo-

332 2596 456 2630 cabulo.
485 2596 628 2629 Sumitur
650 2605 724 2635 ergo
748 2594 799 2627 hic
822 2594 964 2635 operatio
992 2603 1059 2624 non
1083 2592 1314 2629 communiter,
1338 2592 1392 2624 sed

331 2647 367 2671 ut
390 2647 498 2676 contra
521 2639 701 2680 passionem
726 2637 943 2678 distinguitur.
965 2643 994 2669 et
1018 2637 1160 2670 continet
1181 2637 1240 2668 sub
1257 2646 1290 2668 se
1306 2643 1393 2670 actus

331 2685 496 2718 exteriores
518 2683 725 2719 voluntarios,
749 2689 786 2713 ut
808 2681 923 2715 clarius
946 2680 1104 2722 patebit.
1077 2680 1095 2698 ³*

386 2729 422 2760 ΙΙ.
439 2729 474 2759 In
489 2737 621 2768 corpore
637 2727 758 2760 articuli
775 2733 851 2759 nota
867 2733 1014 2767 quatuor.
1030 2705 1148 2761 Primo,
1161 2724 1250 2766 quod
1262 2726 1393 2760 Auctor,

331 2772 525 2813 distinguens
553 2771 702 2802 bonitatis
725 2770 881 2801 rationem
905 2770 937 2800 in
961 2769 1161 2810 passionibus
1185 2775 1215 2799 et
1238 2767 1393 2808 operatio-

331 2816 424 2847 nibus
452 2826 547 2857 penes
571 2816 684 2846 habere
708 2814 883 2845 bonitatem
912 2814 1089 2844 secundum
1112 2812 1394 2843 commensuratio-

331 2871 405 2891 nem
429 2861 468 2890 ad
492 2859 638 2890 affectum
662 2858 830 2899 operantis,
851 2864 881 2888 et
897 2858 1010 2888 habere
1026 2857 1201 2887 bonitatem
1217 2856 1393 2886 secundum

331 2914 377 2941 se;
403 2904 540 2944 appellat
563 2903 667 2943 primo
692 2902 890 2953 operationes
913 2901 1088 2932 secundum
1112 2910 1149 2933 se
1169 2901 1278 2939 bonas,
1295 2906 1329 2930 et·
1341 2900 1393 2933 de-

331 2949 404 2979 inde
427 2948 601 2979 secundum
626 2947 965 2978 commensurationem
990 2945 1033 2976 ad
1049 2945 1187 2976 alterum
1204 2945 1312 2975 bonas.
1330 2943 1392 2975 Ubi

329 2993 453 3022 videtur
468 2992 526 3022 sibi
545 2991 604 3033 ipsi
628 2990 806 3032 oppositus,
831 2999 869 3021 eo
893 2990 981 3030 quod
997 2999 1014 3019 a
1030 2989 1137 3021 medio
1160 2989 1193 3020 in
1217 2995 1394 3020 extremum

332 3036 465 3067 alterum
489 3034 633 3066 declinat.
657 3034 808 3075 Operatio
832 3043 972 3074 namque
987 3033 1148 3074 tripliciter
1164 3038 1268 3074 potest
1292 3032 1393 3065 consi-

333 3080 447 3110 derari:
472 3079 586 3120 primo,
611 3079 787 3109 secundum
811 3077 1156 3108 commensurationem
1184 3076 1223 3107 ad
1247 3075 1393 3107 affectum

332 3123 505 3164 operantis;
530 3123 679 3159 secundo,
706 3123 881 3153 secundum
905 3130 950 3157 se;
976 3121 1077 3157 tertio,
1102 3121 1279 3151 secundum
1306 3130 1392 3151 com-

332 3166 602 3198 mensurationem
623 3167 661 3196 ad
678 3166 820 3196 alterurn.
835 3166 876 3196 Et
891 3165 999 3195 omnia
1014 3165 1072 3196 ista
1087 3164 1252 3195 membra'
1244 3174 1277 3194 ιιι
1292 3163 1393 3195 littera

332 3218 512 3252 tanguntur.
531 3211 571 3241 Et
585 3217 690 3241 tamen
702 3211 823 3240 Auctor
839 3210 1016 3240 secundum
1030 3209 1212 3239 membrum
1227 3207 1395 3239 confundit

335 3265 409 3286 cum
424 3254 525 3285 tertio.
551 3254 583 3285 Si
600 3253 685 3284 enim
704 3253 767 3284 hoc
785 3253 865 3290 licet,
883 3263 980 3294 quare
996 3263 1060 3284 non
1077 3253 1182 3284 licebit
1200 3251 1394 3284 confundere

332 3300 426 3330 etiam
448 3299 556 3339 ipsum
577 3298 757 3331 secundum
779 3307 853 3328 cum
876 3295 1006 3337 primo?

387 3343 449 3378 Sed
467 3343 611 3375 hoc-non
626 3349 660 3375 te
672 3348 814 3376 moveat:
835 3340 989 3382 quoniam
1004 3341 1091 3373 iuxta*
1108 3340 1281 3374 subiectam
1296 3346 1399 3374 mne·-

333 3387 414 3421 riam
436 3397 540 3422 sermo
563 3385 626 3420 fit
622 3385 848 3427 operationes
867 3395 1007 3427 namque
1021 3384 1184 3418 distinctae
1200 3390 1311 3419 contra
1323 3393 1398 3426 pas

333 3430 448 3467 siones,
465 3437 539 3461 sunt
557 3429 758 3472 operationes
771 3430 810 3463 ad
826 3429 970 3464 alterurn.
986 3428 1021 3462 In
1036 3428 1084 3458 his
1101 3436 1211 3461 autem
1223 3437 1304 3472 quae
1321 3434 1395 3461 sunt

334 3475 373 3508 ad
397 3475 540 3511 alterurn,
564 3474 650 3506 idem
673 3480 719 3504 est
742 3473 842 3507 dicere
866 3473 1039 3504 secundum
1063 3482 1107 3510 se,
1130 3479 1160 3503 et
1175 3473 1207 3502 in
1224 3468 1336 3503 o'rdfne
1351 3471 1395 3502 ad

334 3518 493 3549 aher-um:
514 3518 589 3559 quia
613 3518 789 3549 secundum
808 3527 840 3548 se
855 3523 929 3548 sunt
945 3517 983 3547 ad
1001 3516 1144 3547 atterum.
1168 3516 1210 3547 Et
1228 3522 1393 3557 propterea

1443 2108 1532 2140 licuit
1558 2109 1692 2142 Auctori
1719 2119 1786 2141 non
1816 2109 2027 2146 confundere,
2057 2109 2112 2141 sed
2139 2109 2304 2150 explanare
2332 2110 2510 2143 secundum

1444 2153 1625 2185 membrum
1648 2163 1703 2193 per
1725 2153 1870 2190 tertium;
1895 2160 1931 2184 ut
1954 2153 2067 2185 clarius
2089 2153 2122 2184 in
2146 2153 2289 2194 sequenti
2307 2153 2510 2189 articuloren-

1445 2197 1548 2239 plicat,
1566 2197 1672 2230 dicens
1695 2197 1786 2239 quod
1807 2197 1981 2229 secundum
1997 2198 2249 2229 convenientiam
2265 2199 2459 2238 operationis
2473 2198 2507 2230 in

1443 2242 1547 2282 seipsa
1571 2242 1727 2284 accipitur
1749 2243 1833 2273 ratio
1855 2241 1962 2280 debiti,
1982 2241 2071 2283 quod
2087 2248 2210 2273 constat
2225 2251 2292 2273 esse
2307 2242 2347 2273 ad
2362 2242 2513 2277 alterum.-

1444 2285 1536 2316 Unde
1555 2295 1621 2316 non
1645 2291 1691 2317 est
1713 2285 1799 2316 idem
1814 2285 1971 2316 iudicium
1984 2286 2025 2317 de
2039 2285 2248 2317 coincidentia
2261 2285 2392 2318 secundi
2407 2295 2512 2318 mem-

1443 2328 1492 2359 bri
1514 2339 1590 2361 curn
1610 2329 1726 2370 primo,
1751 2335 1787 2360 ut
1809 2335 1904 2369 patet.

1503 2372 1556 2403 111.
1581 2371 1728 2406 Secundo
1752 2379 1840 2409 nota
1857 2372 1891 2403 in
1911 2372 1993 2405 calce
2012 2372 2144 2409 articuli.
2161 2372 2194 2414 ly
2206 2373 2442 2424 principaliter.
2458 2373 2508 2405 In·

1445 2416 1570 2449 ductive
1593 2426 1731 2457 namque
1747 2416 1780 2448 in
1796 2416 2013 2457 temperantia,
2033 2415 2218 2449 fortitudine
2239 2423 2270 2447 et
2290 2417 2411 2449 iustitia
2423 2423 2511 2457 patet

1445 2460 1607 2500 passiones
1624 2460 1871 2500 operationibus,
1887 2466 1918 2490 et
1933 2470 1953 2491 e.
1966 2470 2129 2496 convers0,
2146 2459 2310 2501 coniungi..
2329 2460 2365 2492 In
2387 2467 2509 2502 tempe-

1445 2504 1544 2537 rantia
1567 2513 1716 2544 namque,
1741 2503 2004 2544 concupiscentiis
2026 2504 2203 2544 iunguntur
2225 2504 2389 2542 comestio,
2405 2504 2506 2545 potio,

1445 2547 1618 2588 generatim
1634 2547 1668 2579 in
1683 2547 1878 2584 fortitudine,
1891 2547 1999 2579 timori
2010 2553 2042 2578 et
2055 2547 2203 2579 audaciae
2215 2548 2372 2589 aggressio
2387 2548 2508 2588 pericu*

1445 2592 1566 2628 lorum,
1579 2591 1709 2632 praelia;
1725 2591 1758 2627 in
1772 2591 1900 2628 iustitia,
1916 2591 2177 2628 restitutionibus,
2193 2591 2419 2632 emptionibus,
2435 2599 2504 2629 etc..

1445 2635 1586 2679 iungitur
1608 2635 1720 2667 saltem
1743 2645 1844 2667 amor.
1868 2634 1953 2674 Quia
1975 2635 2069 2677 igitur
2092 2643 2129 2667 ut
2147 2635 2324 2676 plurimum
2345 2636 2512 2677 passiones

1446 2686 1476 2712 et
1499 2679 1699 2720 operationes
1723 2687 1848 2711 nostrae
1866 2679 2052 2720 iunguntur,
2071 2678 2242 2712 insinuavit
2262 2682 2385 2712 Auctor
2401 2689 2458 2720 per
2474 2680 2509 2722 ly

1440 2724 1667 2765 principaliter
1682 2724 1771 2765 quod
1788 2723 1917 2755 virtutes
1928 2723 2125 2756 avirtutibus
2141 2733 2208 2755 non
2216 2723 2261 2755 sic
2272 2723 2509 2764 distinguuntur

1446 2768 1535 2809 quod
1558 2767 1682 2808 aliquae
1707 2767 1785 2798 circa
1801 2767 1884 2798 solas
1900 2767 2076 2808 passiones,
2094 2767 2218 2808 aliquae
2235 2767 2314 2798 circa
2329 2768 2412 2798 solas
2431 2778 2507 2809 ope·

1445 2811 1598 2848 rationes;
1623 2812 1679 2842 sed
1702 2811 1776 2852 quia
1799 2811 2012 2852 principaliter
2030 2811 2110 2842 circa
2128 2811 2301 2852 passiones,
2324 2812 2374 2842 vel
2394 2811 2508 2852 princi-

1445 2855 1557 2895 paliter
1580 2855 1660 2886 circa
1683 2856 1897 2896 operationes,
1922 2862 1958 2886 ut
1981 2855 2144 2886 materiam
2167 2855 2339 2896 propriam,
2363 2862 2447 2887 sunt.

1503 2900 1556 2930 IV.
1581 2899 1690 2932 Tertio
1715 2906 1800 2936 nota,
1824 2910 1860 2930 ex
1877 2909 2009 2940 corpore
2033 2899 2164 2936 articuli,
2189 2899 2355 2940 quomodo
2380 2910 2417 2930 ex
2433 2909 2507 2930 con-

1446 2953 1538 2974 cursu
1567 2943 1722 2984 passionis
1751 2951 1781 2974 et
1808 2943 2000 2984 operationis
2024 2943 2103 2974 circa
2125 2943 2224 2980 idern,
2249 2943 2355 2984 plures
2378 2943 2508 2975 virtutes

1445 2987 1586 3028 pollutae
1608 2986 1704 3024 fiunt3
1728 2994 1764 3019 ut
1786 2987 2005 3028 postmodum,
2025 2997 2100 3018 cum
2119 2987 2157 3018 de
2179 2987 2262 3018 vitiis
2284 2987 2465 3019 tractabitur
2478 2986 2506 3025 ³,
2534 2988 2544 3000 '
2593 3002 2599 3010 ·

1445 3031 1612 3072 quomodo
1637 3030 1883 3072 specificationes
1914 3041 2026 3062 eorum
2056 3030 2148 3067 fiant,
2177 3031 2291 3062 melius
2314 3031 2381 3071 ipse
2408 3031 2508 3062 discu-

1445 3082 1509 3106 tere
1533 3075 1620 3106 scias.
1645 3075 1730 3106 Hinc
1753 3075 1838 3106 enirn
1861 3075 1956 3106 habes
1979 3075 2068 3116 quod
2087 3084 2254 3116 percussor
2272 3085 2308 3106 ex
2323 3075 2368 3106 ira
2384 3075 2507 3106 duabus

1446 3119 1652 3151 contrariatur
1675 3119 1852 3156 virtutibus,
1876 3119 2011 3150 iustitiae
2035 3126 2065 3150 et
2088 3119 2342 3150 mansuetudini:
2367 3119 2509 3150 similiter

1446 3164 1568 3194 adulter
1589 3163 1830 3204 temperantiam
1854 3170 1885 3194 et
1906 3162 2057 3194 iustitiam
2080 3163 2190 3199 violam
2215 3170 2245 3194 et
2268 3162 2311 3193 sic
2331 3163 2369 3193 de
2384 3162 2461 3194 aliis.

1502 3208 1542 3238 V.
1567 3208 1689 3244 Quarto
1713 3213 1789 3239 nota
1812 3207 1901 3248 quod
1924 3217 1961 3237 ex
1983 3206 2032 3237 his
2056 3217 2137 3250 quae
2160 3206 2334 3238 dicuntur*
2325 3217 2358 3237 m
2377 3207 2439 3243 11ος
2458 3215 2506 3242 at-

1445 3251 1553 3288 riculo,
1579 3252 1644 3282 duo
1668 3251 1831 3282 habentur.
1856 3250 1998 3281 Primum
2024 3257 2079 3287 est,
2099 3251 2188 3291 quod
2201 3252 2331 3282 bonum
2339 3246 2506 3290 §tw

1445 3295 1479 3326 in
1501 3295 1741 3335 operationibus
1763 3295 1808 3326 sic
1829 3295 2002 3326 attenditur
2022 3295 2198 3326 secundum
2220 3294 2349 3335 seipsa,
2368 3287 2507 3331 uxum

1446 3339 1557 3371 referat
1579 3339 1853 3380 qualitercumque
1874 3338 1976 3371 homo
1998 3348 2133 3379 operans
2156 3338 2307 3370 afficiatur
2322 3331 2480 3389 αἴῃ
2483 3354 2506 3361 -

1447 3383 1630 3416 Secundurn
1653 3390 1716 3420 est,
1739 3383 1831 3424 quod.
1858 3382 1989 3415 virtutes
2017 3383 2154 3415 morales
2184 3391 2302 3416 orum.
2313 3387 2407 3418 ,nint
2426 3381 2511 3415 cae:

1446 3433 1610 3468 utrasque.
1634 3427 1796 3468 passiones
1827 3426 1942 3460 scilicet
1965 3433 1995 3459 et
2019 3426 2235 3468 operationes:
2258 3425 2318 3459 sed
2336 3419 2508 3458 differentia

1447 3477 1493 3502 est
1522 3471 1595 3512 quia
1618 3471 1741 3513 aliquae
1764 3470 1976 3522 principaliter
2005 3469 2218 3513 operationes,
2247 3469 2370 3521 aliquae
2393 3469 2506 3510 princi-

1447 3514 1558 3556 paliter
1580 3514 1744 3556 passiones
1765 3513 1947 3545 bonificant.
