2852 4152
114 929 124 938 ·
137 927 205 949 νει-ι.
219 933 248 956 ¹3·

110 1089 125 1101 ⁴
136 1089 187 1111 Art.
201 1088 307 1117 praeced.

1023 267 1287 312 QUAESTIO
1316 267 1440 314 XXX,
1469 266 1764 303 ARTICULUS
1794 267 1844 303 lV

354 343 432 380 eius
465 343 570 392 quod
606 350 740 379 natura
775 343 947 392 requirit:
976 352 1110 381 natura
1136 357 1231 382 vero
1259 357 1412 393 semper

353 396 511 433 intendit
536 396 575 432 in
602 395 745 443 aliquid
772 396 920 433 finitum
946 405 982 434 et
1010 404 1165 434 certum.
1186 397 1297 434 Unde
1317 409 1412 434 nun-

353 460 470 496 quam
489 449 608 485 homo
634 448 865 497 concupiscit
884 449 1071 486 infinitum
1102 449 1241 497 cibum,
1261 451 1323 486 vel
1356 450 1410 487 in-

351 500 502 545 finitum
516 508 701 551 potum.—
677 501 795 537 —Sed
810 501 904 538 sicut
923 501 961 539 in
976 510 1110 539 natura
1130 502 1310 561 contingit
1329 515 1410 539 esse

351 553 542 591 infinitum
571 553 609 590 in
636 554 805 602 potentia
831 567 900 602 per
931 555 1230 602 successionem,
1260 555 1310 592 ita
1341 556 1411 592 hu-

352 605 518 643 iusmodi
538 606 881 665 concupiscentiam
898 608 1076 655 contingit
1095 606 1308 644 infinitamk‘
1328 620 1410 645 esse

351 670 421 706 per
436 658 734 703 successionem;
750 667 792 696 ut
806 660 956 707 scilicet,
973 668 1059 709 post
1073 661 1253 709 adeptum
1270 660 1409 707 cibum,

352 710 487 748 iterum
507 711 579 748 alia
591 710 676 748 vice
697 711 882 749 desideret
902 713 1042 760 cibum,
1058 714 1119 750 vel
1139 713 1410 762 quodcumque

352 763 453 801 aliud
472 763 576 812 quod
590 768 603 784 ⁸
631 771 764 801 natura
783 765 956 814 requirit:
985 765 1074 814 quia
1091 765 1310 802 huiusmodi
1330 778 1412 803 cor-

350 815 496 865 poralia
523 817 636 863 bona,
663 829 751 854 cum
779 818 996 866 adveniunt,
1017 831 1096 855 non
1122 826 1307 866 perpetuo
1330 831 1411 855 ma-

351 876 454 915 nent,
484 869 551 906 sed
581 869 772 907 deficiunt.
804 871 914 908 Unde
943 871 1032 908 dixit
1059 870 1249 907 Dominus
1277 871 1409 907 Sama-

351 919 506 968 titanae,
528 922 736 959 Ioan.1v*:
770 923 845 965 Qui
869 924 1002 960 biberit
1027 935 1077 959 ex
1094 924 1166 959 hac
1184 934 1297 971 aqua,
1316 923 1413 959 sitiet

352 973 497 1010 iterum.

405 1025 482 1063 Sed
511 1027 814 1076 concupiscentia
846 1040 924 1065 non
953 1010 1132 1064 naturalis
1159 1028 1317 1064 omnino
1356 1035 1410 1064 est

350 1078 507 1116 infinita.
530 1079 707 1128 Sequitur
736 1081 837 1118 enim
857 1081 1055 1127 rationem,
1076 1088 1117 1116 ut
1135 1080 1277 1118 dictum
1303 1088 1358 1117 est
1371 1080 1407 1117 *ε

351 1131 486 1168 rationi
514 1139 643 1169 autem
677 1133 854 1183 competit
890 1133 927 1169 in
965 1133 1153 1169 infinitum
1186 1133 1407 1182 procedere.

350 1184 462 1221 Unde
481 1184 546 1232 qui
574 1185 806 1234 concupiscit
825 1185 984 1232 divitias,
1004 1193 1128 1233 potest
1148 1198 1212 1222 eas
1232 1186 1409 1234 concupi-

350 1248 468 1284 scere,
488 1249 566 1274 non
585 1237 634 1275 ad
654 1237 818 1286 aliquem
836 1246 978 1275 certum
999 1238 1215 1284 terminum,
1236 1238 1304 1275 sed
1323 1238 1409 1274 sim-

351 1288 494 1338 pliciter
521 1301 561 1326 se
591 1289 747 1326 divitem
776 1302 871 1348 esse,
900 1297 1251 1338 quantumcumque
1270 1297 1405 1338 potest.

403 1342 534 1379 Potest
548 1349 586 1378 et
598 1342 671 1379 alia
685 1342 779 1378 ratio
799 1342 991 1388 assignari,
1007 1342 1219 1379 secundum
1239 1342 1410 1379 Philoso-

275 1413 282 1419 -
316 1413 324 1445 ζ
349 1394 474 1452 phum
497 1394 538 1431 in
548 1395 578 1430 Ι
582 1394 698 1430 Polit.
717 1393 749 1441 ⁸,
774 1406 893 1442 quare
921 1394 1110 1441 quaedam
1139 1394 1409 1453 concupiscen-

349 1445 400 1482 tia
427 1445 474 1490 sit
500 1445 625 1492 finita,
655 1452 692 1482 et
716 1445 906 1494 quaedam
931 1445 1087 1482 infinita.
1118 1447 1280 1494 Semper
1307 1446 1408 1482 enim

350 1497 661 1545 concupiscentia.
683 1497 768 1534 finis
806 1505 863 1534 est
893 1494 1055 1534 infinita.
1085 1498 1171 1534 finis
1208 1498 1309 1534 enim
1342 1510 1411 1557 per

350 1561 390 1587 se
420 1549 710 1599 concupiscitur,
738 1557 780 1586 ut
807 1550 967 1596 sanitas;
996 1550 1098 1587 unde
1126 1550 1248 1587 maior
1273 1551 1410 1587 sanitas

349 1602 471 1650 magis
499 1603 786 1652 concupiscitur,
816 1610 853 1639 et
880 1603 933 1640 sic
960 1602 998 1639 in
1026 1602 1236 1649 infinitum;
1266 1602 1361 1640 sicut
1385 1602 1409 1650 ῑ,

351 1654 383 1691 si
401 1655 530 1691 album
548 1667 618 1704 per
635 1667 678 1692 se
697 1655 892 1703 disgregat,
908 1655 1028 1703 magis
1047 1655 1178 1692 album
1197 1655 1319 1703 magis
1337 1655 1410 1692 dis-

350 1714 490 1755 gregat.
520 1707 836 1757 Concupiscentia
863 1720 958 1745 vero
987 1708 1067 1744 eius
1096 1707 1200 1757 quod
1225 1715 1281 1744 est
1299 1707 1348 1744 ad
1366 1708 1410 1745 fi-

349 1770 453 1808 nem,
472 1771 552 1797 non
573 1768 630 1797 est
647 1760 804 1808 infinita,
825 1760 892 1798 sed
911 1766 929 1788 η
950 1760 1162 1798 secundum
1181 1759 1283 1797 illam
1303 1772 1410 1797 men-

2444 270 2518 306 213

1463 357 1591 381 suram
1612 344 1799 393 appetitur
1821 357 1897 394 qua
1912 346 2090 382 convenit
2103 346 2180 383 fini.
2193 347 2302 384 Unde
2318 347 2382 396 qui
2398 348 2517 384 finem

1463 405 1611 445 ponunt
1637 397 1676 434 in
1705 397 1855 444 divitiis,
1883 398 2025 434 habent
2053 399 2396 447 concupiscentiam
2426 399 2520 436 divi-

1463 450 1600 487 tiarum
1628 450 1666 487 in
1693 449 1904 487 infinitum:
1934 450 1998 498 qui
2026 458 2151 487 autem
2172 451 2319 488 divitias
2339 459 2520 500 appetunt

1462 511 1618 551 propter
1645 503 1906 540 necessitatem
1934 502 2047 550 vitae,
2078 504 2350 551 concupiscunt
2373 503 2520 541 divitias

1463 555 1600 602 finitas,
1620 556 1848 592 sufficientes
1872 556 1920 593 ad
1948 555 2210 601 necessitatem
2237 556 2347 602 vitae,
2373 563 2414 592 ut
2433 556 2519 592 Phi·

1463 609 1645 657 losophus
1665 608 1752 644 dicit
1769 608 1924 645 ibidem.
1946 608 1994 644 Et
2014 608 2149 645 eadem
2171 615 2226 644 est
2245 608 2340 644 ratio
2361 608 2409 644 de
2429 620 2520 645 con-

1465 660 1692 708 cupiscentia
1720 672 2050 709 quarumcumque
2079 661 2236 698 aliarum
2265 672 2402 697 rerum.

1515 715 1574 749 AD
1609 725 1744 750 Palmum
1776 725 1874 750 ERGO
1907 724 2089 750 DICENDUM
2125 713 2230 762 quod
2265 725 2380 749 omne
2414 711 2519 761 quod

1464 765 1751 814 concupiscitur,
1773 766 1953 814 accipitur
1979 774 2020 802 ut
2039 766 2236 814 quoddam
2255 765 2427 802 finitum:
2455 765 2519 801 vel

1464 818 1552 865 quia
1589 825 1644 854 est
1676 818 1826 855 finitum
1863 819 2074 856 secundum
2111 830 2215 866 rem,
2250 825 2364 866 prout
2400 817 2517 854 semel

1464 870 1741 919 concupiscitur
1758 868 1772 891 θ
1800 871 1838 907 in
1865 878 1971 917 actu;
2000 872 2062 908 vel
2091 871 2180 920 quia
2208 878 2264 907 est
2281 870 2430 907 finitum
2461 881 2519 906 se-

1465 923 1631 959 cundum
1672 923 1775 971 quod
1819 923 1917 960 cadit
1957 925 2027 960 sub
2069 923 2382 972 apprehensione.
2425 923 2517 959 Non

1464 975 1565 1011 enim
1591 981 1716 1024 potest
1735 975 1805 1011 sub
1826 976 1968 1013 ratione
1988 976 2123 1012 infiniti
2150 975 2398 1024 apprehendi:
2429 974 2518 1022 quia

1462 1028 1646 1075 infinitum
1666 1033 1728 1073 est,
1749 1028 1854 1064 cuius
1872 1029 2113 1076 quantitatem
2133 1028 2406 1076 accipientibus,
2421 1039 2518 1064 sem-

1456 1092 1529 1128 per
1561 1086 1616 1117 est
1647 1080 1790 1128 aliquid
1819 1087 1927 1117 extra
1958 1093 2126 1126 sumere,
2160 1089 2201 1117 ut
2233 1081 2366 1118 dicitur
2399 1080 2439 1117 in
2467 1081 2516 1117 111

1461 1133 1609 1180 Physic.
1629 1132 1649 1154 ²¹⁶

1515 1188 1573 1221 An
1589 1196 1777 1221 SECUNDUM
1790 1196 1973 1222 DICENDUM
1989 1186 2092 1234 quod
2113 1186 2206 1222 ratio
2226 1184 2517 1233 quodammodo

1463 1244 1518 1274 est
1544 1237 1688 1274 virtutis
1721 1237 1898 1284 infinitae,
1928 1237 2153 1287 inquantum
2179 1245 2304 1286 potest
2330 1238 2369 1274 in
2397 1237 2519 1274 infini-

1461 1298 1543 1326 tum
1572 1289 1712 1338 aliquid
1740 1290 1991 1337 considerare,
2021 1298 2062 1327 ut
2090 1298 2247 1339 apparet
2268 1290 2308 1326 in
2326 1289 2517 1327 additione

1463 1354 1712 1379 numerorum
1741 1350 1778 1379 et
1804 1342 2002 1380 linearum.
2029 1343 2139 1380 Unde
2171 1342 2362 1380 infinitum
2390 1342 2518 1389 aliquo

1462 1395 1580 1431 modo
1599 1402 1806 1442 sumptum,
1829 1403 1883 1431 est
1897 1396 2227 1443 proportionatum
2247 1394 2393 1432 rationi.
2415 1395 2518 1431 Nam

1464 1453 1499 1482 et
1526 1445 1754 1492 universale,
1784 1447 1888 1494 quod
1921 1448 2014 1484 ratio
2044 1448 2311 1497 apprehendit,
2343 1454 2399 1483 est
2425 1459 2520 1495 quo-

1463 1498 1674 1535 dammodo
1702 1498 1903 1546 infinitum,
1933 1499 2156 1549 inquantum
2185 1500 2223 1537 in
2241 1499 2410 1549 potentia
2430 1511 2519 1536 con—

1463 1550 1554 1587 tinet
1580 1550 1725 1587 infinita
1753 1551 1962 1598 singularia.

1515 1604 1574 1639 AD
1593 1614 1752 1639 TERTIUM
1771 1601 1954 1640 DicENDUM
1974 1604 2078 1652 quod
2097 1604 2146 1641 ad
2165 1605 2239 1640 hoc
2258 1603 2362 1652 quod
2385 1603 2519 1652 aliquis

1465 1655 1680 1702 delectetur,
1710 1667 1788 1691 non
1817 1656 2016 1704 requiritur
2033 1656 2138 1703 quod
2163 1656 2291 1692 omnia
2312 1668 2520 1703 consequa-

1463 1714 1523 1744 tur
1550 1719 1647 1756 quae
1678 1708 1929 1756 concupiscit:
1958 1708 2026 1744 sed
2052 1709 2090 1744 in
2119 1708 2288 1756 quolibet
2317 1708 2517 1757 concupito

1465 1759 1570 1809 quod
1599 1759 1851 1808 consequitur,
1883 1760 2087 1798 delectatur
2105 1766 2125 1797 ¹.

401 1872 427 1905 δ)
446 1873 586 1906 infinitam.
602 1886 623 1892 -·
640 1873 667 1898 in
687 1873 819 1906 Infinitum
838 1873 1066 1899 ABCDFGHIKL.

402 1908 424 1940 ε)
444 1908 523 1940 quod.
540 1921 560 1927 -
578 1907 639 1932 Om.
658 1908 886 1933 ABCDEFGHIL.

399 1942 426 1975 ζ)
445 1942 521 1968 sicut.
538 1956 558 1962 -
574 1943 644 1967 sicut
661 1946 687 1967 et
705 1943 951 1967 ABCDFGHIKLa.
969 1957 988 1962 -
1005 1945 1028 1968 si
1046 1951 1099 1968 om.
1118 1943 1176 1968 GH.

401 1978 428 2010 η)
448 1978 503 2002 sed.
516 1991 535 1997 ·-
548 1977 572 2002 si
581 1978 627 2002 Pa.
640 1978 690 2002 Pro
699 1978 836 2010 appetitur
845 1986 905 2010 qua,
919 1979 1056 2011 appetitur
1066 1986 1134 2010 quae
1148 1979 1176 2007 F,
1190 1978 1293 2010 appetit
1303 1985 1370 2009 quae
1379 1978 1408 2002 P.

1516 1872 1542 1933 03
1559 1874 1639 1932 {emet
1666 1874 1870 1906 concupiscitur.
1887 1888 1907 1894 -
1927 1875 2026 1900 scilicet
2051 1875 2246 1907 concupiscitur
2270 1875 2304 1905 F,
2327 1875 2521 1907 concupiscitur

1461 1915 1531 1933 seme
1580 1916 1606 1932 a.

1516 1944 1534 1975 ι)
1554 1943 1601 1968 sed
1662 1944 1818 1969 delectatur.
1837 1958 1855 1962 -
1872 1945 1919 1969 sed
1938 1945 2008 1976 quod
2068 1945 2212 1970 delectetur
2230 1946 2260 1970 E.

1025 2044 1354 2077 Commentafia
1377 2043 1625 2076 Cardinalis
1647 2044 1845 2076 Caietani

380 2125 400 2154 u
428 2122 549 2154 articuli
578 2122 681 2163 quarti
710 2122 819 2158 titulo,
851 2123 975 2152 adverte
1000 2122 1087 2162 quod
1119 2121 1407 2161 concupiscentiam

353 2135 448 2198 Iesse
462 2166 627 2203 infinitam,
648 2172 754 2206 potest
770 2166 901 2205 intelligi
917 2166 1094 2206 dupliciter:
1111 2165 1227 2196 scilicet
1244 2165 1406 2201 obiective,

350 2217 382 2242 et
403 2211 588 2246 subiective;
615 2220 670 2241 seu
694 2220 731 2240 ex
753 2216 840 2250 parte
864 2210 995 2246 obiecti,
1016 2216 1047 2240 et
1070 2219 1106 2239 ex
1129 2216 1215 2249 parte
1238 2216 1336 2240 actus.
1360 2210 1408 2239 Ex

349 2261 438 2294 parte
461 2254 592 2295 quidem
615 2261 712 2291 actus,
728 2260 808 2284 esset
831 2253 953 2284 infinita
975 2253 1025 2283 vel
1043 2253 1205 2289 intensive,
1226 2253 1275 2283 vel
1298 2263 1407 2283 secun-

349 2298 430 2328 dum
453 2298 699 2328 successionem:
724 2304 755 2327 et
776 2304 890 2328 neutro
910 2298 1008 2327 modo
1031 2297 1082 2327 hic
1105 2297 1219 2327 directe
1238 2296 1406 2336 quaeritur,

351 2342 535 2372 communia
551 2350 690 2381 namque
712 2341 789 2371 haec
812 2347 886 2371 sunt
902 2340 1106 2371 naturalibus.
1122 2341 1169 2370 Ex
1191 2347 1278 2380 parte
1302 2347 1409 2370 autem

350 2385 466 2416 obiecti
487 2385 608 2416 infinita
627 2391 717 2421 esset,
737 2385 764 2414 si
786 2384 914 2414 haberet
936 2384 1098 2414 obiectum
1120 2383 1280 2414 infinitum
1294 2384 1345 2414 vel
1361 2394 1408 2414 se-

350 2429 494 2460 cundum
515 2428 751 2469 perfectionem,
768 2428 819 2458 vel
837 2427 1012 2458 secundum
1031 2437 1211 2463 numerum,
1227 2428 1276 2457 vel
1300 2438 1408 2458 secun-

350 2473 430 2504 dum
457 2473 665 2514 quantitatem
692 2471 877 2502 continuam
904 2478 1086 2502 manentem
1114 2471 1164 2501 vel
1191 2471 1407 2502 successivam.

350 2517 392 2548 Et
406 2516 439 2547 in
454 2516 516 2547 hoc
532 2526 625 2547 sensu
642 2516 692 2546 hic
708 2515 868 2556 quaeritur
890 2525 930 2545 an
951 2515 1205 2555 concupiscentia
1225 2515 1264 2545 sit
1277 2514 1408 2546 infinita.

408 2561 445 2590 11.
466 2561 502 2590 In
531 2569 663 2600 corpore
695 2559 817 2590 articuli
841 2559 1001 2594 eiusdem,
1027 2559 1151 2589 adverte
1174 2559 1262 2599 quod
1294 2559 1410 2599 duplex

350 2603 430 2634 ratio
453 2603 613 2634 infinitatis
636 2602 908 2642 concupiscentiae
931 2602 963 2632 in
986 2602 1087 2632 littera
1110 2602 1279 2641 assignata,
1306 2602 1410 2642 dupli·
1416 2635 1423 2637 ξ

352 2657 422 2677 cem
444 2657 510 2677 non
533 2647 640 2677 solum
663 2656 800 2681 causam,
818 2646 872 2675 sed
896 2646 1030 2675 modum
1046 2645 1217 2681 infinitatis,
1233 2645 1264 2674 in
1285 2645 1410 2676 obiecto

352 2690 606 2730 concupiscibilis
629 2689 776 2719 insinuat.
793 2689 850 2719 Est
871 2689 905 2718 in
919 2689 1028 2728 primis
1047 2689 1164 2728 duplex
1187 2697 1294 2719 causa:
1315 2689 1411 2719 altera

353 2743 387 2764 se
402 2740 511 2764 tenens
527 2743 564 2763 ex
586 2739 673 2772 parte
690 2732 951 2772 concupiscentis,
969 2732 1063 2762 altera
1079 2742 1115 2762 ex
1129 2738 1215 2772 parte
1238 2732 1409 2772 concupiti.

353 2777 401 2807 Ex
417 2784 504 2817 parte
518 2776 675 2817 siquidem
689 2775 947 2816 concupiscentis»,
961 2776 1077 2815 duplex
1088 2775 1243 2815 assignata
1255 2782 1301 2806 est
1316 2786 1410 2806 causa

353 2820 611 2861 concupiscendi:
633 2819 749 2850 scilicet
771 2819 936 2860 dispositio
955 2819 1112 2855 naturalis,
1133 2826 1163 2850 et
1186 2819 1354 2850 rationalis.
1370 2821 1411 2850 Et

353 2874 391 2894 ex
414 2863 585 2894 differentia
602 2863 682 2893 inter
700 2869 844 2893 naturam
865 2869 895 2893 et
909 2863 1073 2899 rationem,
1093 2863 1233 2894 redditur
1247 2863 1325 2894 ratio
1341 2863 1409 2893 infi-

353 2908 458 2939 nitatis
482 2906 753 2947 concupiscentiae
775 2907 950 2938 rationalis:
976 2906 1051 2947 quia
1073 2914 1184 2937 natura
1206 2907 1410 2938 determinata

353 2958 401 2982 est
423 2952 473 2981 ad·
487 2958 623 2987 certum3
648 2950 726 2981 ratio
749 2960 825 2980 vero
849 2960 924 2987 non,
942 2950 996 2980 sed
1019 2950 1052 2980 in
1074 2950 1235 2980 infinitum
1257 2951 1409 2990 procedit.

354 2996 396 3026 Et
414 2995 458 3027 sic
476 3005 513 3025 ex
536 3005 574 3025 eo
591 2995 680 3035 quod
696 2994 856 3024 obiectum
872 2994 1143 3034 concupiscentiae
1159 2994 1318 3024 rationalis
1335 3004 1409 3024 con-

354 3046 447 3070 sonat
464 3039 587 3075 rationi,
607 3037 794 3069 infinitatem
813 3037 1016 3078 compatitur:
1042 3037 1121 3067 sicut
1137 3037 1230 3067 etiam
1246 3038 1335 3074 ratio,
1356 3048 1409 3077 ap-

354 3083 550 3123 prehendens
573 3082 710 3112 infinitas
733 3081 864 3117 divitias,
881 3079 1041 3112 infinitum
1065 3081 1230 3117 honorem,
1250 3080 1410 3111 infinitum

353 3134 491 3166 tempuS,
509 3133 578 3163 etc„
591 3133 627 3156 ut
642 3126 798 3166 quaedam
814 3125 908 3156 bona.
920 3143 940 3148 —
953 3125 999 3155 Ex
1014 3131 1100 3164 parte
1116 3130 1222 3154 autem
1238 3124 1408 3164 concupiti,

354 3171 471 3210 duplex
492 3170 685 3209 assignatum
708 3176 754 3200 est
777 3169 949 3205 obiectum,
974 3168 1090 3199 scilicet
1110 3167 1191 3203 finis,
1214 3174 1245 3198 et
1266 3167 1304 3199 id,
1321 3168 1417 3208 quod.

354 3221 402 3245 est
424 3214 463 3244 ad
486 3213 596 3244 finem:
621 3219 651 3244 et
674 3223 710 3244 ex
737 3213 854 3243 horum
877 3212 1048 3243 differentia
1078 3211 1216 3242 redditur
1238 3211 1317 3242 ratio
1340 3211 1409 3242 infi-

354 3258 458 3289 nitatis
474 3257 746 3297 concupiscentiae
759 3256 928 3287 rationalis.
945 3257 992 3286 Ex
1012 3266 1050 3286 eo
1065 3255 1150 3285 enim
1169 3255 1257 3295 quod
1271 3255 1302 3284 id
1321 3256 1410 3295 quod

353 3308 401 3332 est
416 3302 456 3331 ad
474 3301 580 3337 finem,
599 3307 889 3331 commensuratum
912 3306 1038 3340 oportet
1051 3309 1117 3330 esse
1140 3298 1204 3334 fini,
1222 3309 1318 3329 omne
1333 3309 1409 3329 con-

355 3345 500 3385 cupitum
523 3351 651 3385 propter
671 3343 766 3374 finem
783 3351 829 3374 est
847 3343 981 3375 finitum.
998 3346 1045 3374 Ac
1067 3353 1123 3382 per
1145 3342 1215 3379 hoc,
1237 3352 1332 3372 omne
1355 3353 1409 3373 na-

354 3389 495 3419 turaliter
517 3388 724 3428 concupitum
740 3394 786 3418 est
807 3387 948 3418 finitum:
969 3387 1043 3428 quia
1061 3393 1189 3426 propter
1211 3392 1355 3416 naturam
1374 3393 1410 3417 ut

354 3432 461 3463 finem.
479 3433 526 3463 Ex
549 3442 587 3462 eo
612 3439 717 3462 autern
740 3431 829 3472 quod
847 3431 918 3461 finis
942 3432 1008 3461 sine
1024 3440 1170 3461 mensura
1193 3430 1363 3470 appetitur;
1381 3436 1411 3460 et

355 3476 434 3507 ratio
459 3477 497 3506 de
521 3486 559 3506 eo
583 3476 671 3516 quod
694 3475 869 3505 secundum
893 3485 925 3505 se
944 3482 990 3505 est
1013 3475 1052 3504 ad
1074 3474 1179 3510 finem,
1202 3473 1275 3504 facit
1297 3473 1408 3509 finem;

355 3530 552 3560 consequens
575 3527 621 3550 est
644 3526 679 3550 ut
702 3518 860 3549 rationalis
880 3518 1132 3558 concupiscentia
1156 3517 1194 3548 sit
1217 3517 1410 3557 quandoque

354 3563 477 3594 infiniti.
493 3582 514 3587 -
528 3564 602 3594 Non
625 3570 671 3593 est
689 3569 795 3593 autem
818 3562 986 3603 utrobique
1004 3562 1088 3592 idem
1111 3561 1270 3591 infinitatis
1285 3561 1410 3597 modus,

1460 2121 1576 2151 scilicet
1598 2121 1631 2151 in
1654 2121 1776 2151 honore
1799 2121 1921 2152 infinito
1946 2122 2126 2162 concupito,
2149 2129 2180 2153 et
2201 2122 2234 2152 in
2252 2123 2375 2153 honore
2398 2130 2434 2154 ut
2456 2123 2518 2154 fine

1461 2165 1642 2204 concupito.
1660 2165 1695 2194 In
1718 2165 1823 2205 primo
1847 2165 1942 2202 enim,
1966 2165 2102 2196 infinitas
2126 2172 2172 2196 est
2194 2166 2284 2206 quasi
2306 2177 2377 2207 pars
2400 2168 2444 2198 rei
2467 2178 2520 2208 ap-

1461 2209 1591 2248 petitae:
1615 2208 1648 2238 in
1671 2209 1811 2239 secundo
1831 2219 1916 2245 vero,
1934 2216 1979 2239 est
2001 2210 2118 2239 modus
2143 2220 2208 2250 quo
2229 2220 2276 2240 res
2300 2211 2437 2251 appetita
2459 2218 2519 2242 ter-

1461 2252 1562 2282 minat
1583 2252 1769 2291 appetitum.
1786 2253 1821 2282 In
1840 2253 1944 2292 primo
1968 2262 2117 2293 namque,
2133 2260 2297 2293 reputante
2319 2254 2426 2295 aliquo
2450 2255 2519 2285 fore

1462 2295 1519 2325 sibi
1542 2296 1665 2325 bonum
1681 2296 1794 2326 habere
1809 2295 1946 2326 infinitas
1962 2296 2092 2333 divitias,
2110 2297 2303 2336 concupiscit
2321 2297 2383 2328 hoc
2401 2304 2516 2335 totum,

1462 2339 1577 2369 scilicet
1600 2339 1721 2369 divitias
1745 2339 1891 2370 infinitas.
1910 2340 1944 2369 ln
1964 2341 2103 2371 secundo
2122 2351 2207 2377 vero,
2224 2348 2387 2380 reputante
2411 2342 2518 2382 aliquo

1462 2392 1627 2412 summum
1649 2384 1772 2413 bonum
1787 2383 1820 2413 in
1843 2384 2005 2423 voluptate
2025 2385 2075 2414 vel
2099 2384 2223 2420 divitiis,
2241 2391 2310 2421 etc„
2327 2386 2520 2425 concupiscit

1462 2426 1535 2456 talia
1557 2433 1594 2457 ut
1615 2425 1728 2457 finem:
1755 2427 1843 2467 quod
1866 2434 1912 2457 est
1935 2428 2156 2468 concupiscere
2184 2428 2303 2468 absque
2333 2429 2519 2459 determina-

1462 2470 1549 2500 tione
1572 2470 1703 2501 alicuius
1726 2471 1923 2521 quantitatis;
1948 2478 1979 2502 et
2002 2478 2047 2502 est
2065 2471 2138 2502 talia
2160 2473 2278 2512 absque
2301 2482 2448 2503 mensura
2464 2473 2519 2503 ali-

1462 2523 1526 2554 qua
1540 2514 1707 2544 terminare
1729 2515 1915 2554 appetitum.
1932 2515 1973 2545 Et
1988 2515 2063 2545 haec
2078 2514 2215 2545 infinitas
2231 2516 2402 2546 attenditur
2420 2526 2516 2555 penes

1463 2557 1663 2596 negationem
1685 2558 1810 2588 termini
1832 2558 1865 2587 in
1889 2558 2031 2588 obiecto:
2055 2553 2108 2588 illa
2131 2568 2206 2588 vero
2229 2559 2318 2599 quasi
2340 2569 2437 2599 penes
2460 2570 2519 2600 po—

1463 2600 1610 2631 sitionem
1633 2601 1793 2631 infinitatis
1816 2601 1849 2631 in
1873 2602 1996 2632 eodem.

1518 2644 1570 2674 111.
1592 2644 1682 2675 Circa
1713 2645 1884 2675 secundam
1914 2645 2067 2675 rationem
2099 2645 2231 2675 dubium
2262 2646 2412 2676 occurrit:
2444 2646 2518 2686 quia

1463 2688 1639 2718 secundum
1661 2688 1756 2724 illam,
1780 2688 2032 2728 concupiscentia
2054 2688 2203 2718 naturalis
2227 2695 2273 2718 est
2294 2689 2423 2720 infinita.
2441 2690 2517 2720 Pro-

1462 2731 1563 2761 batur.
1581 2730 1845 2771 Concupiscentia
1868 2731 2017 2762 naturalis
2039 2738 2094 2762 aut
2111 2732 2211 2762 tendit
2234 2732 2266 2762 in
2289 2732 2408 2773 aliquid
2432 2740 2467 2764 ut
2482 2733 2518 2763 fi·

1463 2784 1547 2811 nem,
1563 2781 1618 2805 aut
1640 2785 1717 2805 non.
1733 2775 1766 2805 Si
1789 2775 1888 2805 tendit
1910 2775 1942 2805 in
1965 2775 2084 2825 aliquid
2108 2782 2144 2805 ut
2165 2775 2271 2811 finem,
2288 2786 2361 2815 ergo
2385 2783 2431 2807 est
2448 2776 2517 2807 infi-

1463 2818 1546 2848 nita:
1571 2818 1645 2858 quia
1674 2818 1744 2848 finis
1772 2818 1892 2849 infinite
1915 2819 2083 2859 appetitur.
2100 2837 2120 2841 -
2137 2819 2169 2849 Si
2196 2819 2229 2849 in
2252 2819 2330 2849 nihil
2360 2821 2460 2851 tendit
2482 2827 2518 2851 ut

1464 2861 1569 2898 fine'm,
1586 2862 1727 2902 sequitur
1741 2862 1855 2902 primo,
1872 2863 1960 2902 quod
1984 2869 2029 2892 est
2047 2861 2182 2892 infinita:
2207 2862 2280 2902 quia
2304 2863 2408 2893 omnis
2429 2871 2516 2894 actus

1463 2906 1594 2935 tendens
1610 2906 1649 2936 ad
1666 2906 1783 2946 aliquid
1800 2906 1866 2936 sine
1881 2905 1952 2942 fine,
1974 2913 2019 2936 est
2033 2905 2183 2936 infinitus.
2201 2906 2348 2946 Sequitur
2367 2907 2515 2943 secundo,

1463 2949 1552 2989 quod
1575 2949 1699 2979 nullum
1716 2949 1895 2979 delectabile
1917 2949 2074 2989 appetitur
2092 2949 2222 2979 naturali
2247 2950 2516 2990 concupiscentia:

1463 2993 1537 3032 quia
1561 2993 1740 3023 delectabile
1763 3003 1819 3032 per
1841 3003 1873 3023 se
1896 2993 2061 3033 appetitur,
2084 2999 2119 3023 ut
2141 2999 2227 3033 patet
2249 2993 2282 3023 in
2305 2994 2334 3024 X
2355 2994 2457 3026 Ethic.
2481 2995 2515 3031 *,
2542 2998 2553 3009 ⁸

1463 3042 1494 3066 et
1516 3035 1586 3066 finis
1609 3036 1763 3076 rationem
1786 3037 1888 3066 habet.

1518 3079 1571 3110 IV.
1590 3080 1640 3109 Ad
1663 3079 1725 3109 hoc
1749 3079 1861 3110 dicitur
1880 3079 1969 3119 quod
1988 3079 2240 3119 concupiscentia
2255 3081 2404 3111 naturalis
2426 3087 2456 3111 et
2470 3091 2516 3111 ra-

1463 3123 1587 3153 tionalis
1611 3123 1803 3153 conveniunt
1827 3123 1860 3152 in
1882 3123 1960 3159 hoc,
1980 3123 2068 3163 quod
2091 3130 2224 3164 utraque
2253 3130 2300 3154 est
2321 3125 2426 3164 passio
2452 3125 2516 3154 ani-

1463 3167 1562 3202 malis,
1588 3173 1618 3196 et
1639 3166 1739 3196 tendit
1760 3166 1793 3196 in
1820 3167 1942 3196 bonum
1966 3167 2141 3197 secundum
2168 3174 2335 3208 utramque
2362 3168 2516 3198 rationem

1463 3210 1548 3246 boni,
1564 3210 1679 3240 scilicet
1694 3209 1765 3239 finis
1781 3216 1812 3240 et
1834 3217 1961 3250 propter
1980 3209 2086 3246 finem,
2106 3220 2160 3240 seu
2176 3221 2232 3250 per
2245 3221 2278 3240 se
2297 3218 2327 3242 et
2342 3221 2397 3251 per
2412 3212 2515 3241 aliud:

1463 3260 1498 3284 ut
1521 3260 1605 3293 patet
1626 3253 1658 3283 in
1679 3253 1826 3293 operibus
1849 3253 2043 3284 animalium.
2060 3253 2207 3284 Hirundo
2223 3254 2308 3284 enim
2331 3255 2449 3295 appetit
2463 3265 2516 3295 ap-

1463 3298 1649 3337 prehensam
1672 3297 1795 3336 paleam
1811 3303 1847 3327 ut
1869 3297 1991 3327 bonurn
2007 3297 2083 3327 utile
2103 3298 2143 3327 ad
2166 3298 2288 3334 nidum,
2305 3305 2379 3329 etc.:
2396 3298 2515 3337 appetit

1462 3351 1537 3371 vero
1560 3341 1792 3381 apprehensum
1817 3340 1996 3371 delectabile
2014 3341 2047 3371 in
2071 3341 2141 3371 cibo
2166 3348 2196 3371 et
2217 3342 2425 3381 generatione,
2443 3351 2516 3381 pro-

1463 3392 1531 3424 pter
1554 3395 1596 3415 se.
1616 3403 1635 3407 -
1651 3384 1806 3415 Differunt
1829 3391 1933 3415 autem
1950 3384 1983 3414 in
1998 3384 2069 3420 hoc,
2086 3385 2175 3425 quod
2197 3385 2249 3414 illa
2272 3395 2290 3414 a
2312 3392 2422 3415 natura
2445 3385 2516 3415 diri-

1462 3429 1558 3468 gitur,
1583 3428 1658 3458 haec
1682 3438 1699 3458 a
1722 3428 1852 3459 ratione.
1879 3428 2015 3458 Directio
2039 3435 2144 3458 autem
2167 3428 2324 3467 appetitus
2347 3438 2365 3458 a
2387 3435 2514 3465 natura,

1464 3472 1626 3502 manifeste
1649 3478 1734 3511 patet
1756 3472 1788 3501 in
1811 3472 1950 3512 appetitu
1970 3472 2112 3502 naturali.
2130 3472 2164 3501 In
2188 3481 2254 3512 quo
2269 3471 2368 3512 liquet
2390 3473 2430 3502 ad
2446 3472 2515 3502 nul-

1462 3516 1527 3546 lam
1549 3526 1616 3546 rem
1635 3525 1702 3545 esse
1717 3515 1962 3552 inclinationem,
1979 3515 2037 3545 nisi
2062 3522 2346 3545 commensuratam
2369 3522 2513 3546 naturae:

1464 3569 1529 3590 non
1560 3559 1645 3590 enim
1674 3559 1803 3590 materia
1833 3559 1952 3600 appetit
1974 3558 2126 3594 formam,
2155 3558 2213 3588 nisi
2243 3559 2514 3598 proportionatam

2632 1143 2700 1185 vl1e’cil’
2704 1137 2754 1185 31.-

2544 1137 2623 1185 §.⁶452

2543 3023 2568 3046 s.
2574 3004 2625 3046 τέ’.
2634 3004 2696 3046 1¹22?
2701 3005 2749 3047 „²”
